timestamp,ltp,bid_qty,ask_qty
2025-06-18 11:01:36.653466,790.75,514711.0,970687.0
2025-06-18 11:01:36.842642,790.75,514233.0,970612.0
2025-06-18 11:01:37.136874,790.6,514233.0,970612.0
2025-06-18 11:01:38.016004,790.6,514381.0,971558.0
2025-06-18 11:01:38.130676,790.6,514381.0,971558.0
2025-06-18 11:01:39.040179,790.8,514657.0,971381.0
2025-06-18 11:01:39.130826,790.8,514657.0,971381.0
2025-06-18 11:01:40.040058,790.6,516797.0,972169.0
2025-06-18 11:01:40.129989,790.6,516797.0,972169.0
2025-06-18 11:01:41.131224,790.6,516797.0,972169.0
2025-06-18 11:01:41.147048,790.6,516537.0,972610.0
2025-06-18 11:01:42.136096,790.65,516537.0,972610.0
2025-06-18 11:01:42.148383,790.65,516861.0,972683.0
2025-06-18 11:01:43.132490,790.65,516861.0,972683.0
2025-06-18 11:01:43.241951,790.65,516973.0,972596.0
2025-06-18 11:01:44.182441,790.65,516973.0,972596.0
2025-06-18 11:01:44.344910,790.75,515644.0,970541.0
2025-06-18 11:01:45.147178,790.6,515644.0,970541.0
2025-06-18 11:01:45.458327,790.6,519497.0,968672.0
2025-06-18 11:01:46.142602,790.75,519497.0,968672.0
2025-06-18 11:01:46.453670,790.75,519579.0,967762.0
2025-06-18 11:01:47.139759,790.9,519579.0,967762.0
2025-06-18 11:01:47.547890,790.75,518279.0,968126.0
2025-06-18 11:01:48.136540,790.9,518279.0,968126.0
2025-06-18 11:01:48.652857,790.9,518756.0,968074.0
2025-06-18 11:01:49.173243,790.75,518756.0,968074.0
2025-06-18 11:01:49.652172,790.65,518140.0,968434.0
2025-06-18 11:01:50.132598,790.9,518140.0,968434.0
2025-06-18 11:01:50.660517,790.9,518693.0,968797.0
2025-06-18 11:01:51.143445,790.65,518693.0,968797.0
2025-06-18 11:01:51.658689,790.75,518632.0,968493.0
2025-06-18 11:01:52.135059,790.75,518632.0,968493.0
2025-06-18 11:01:52.652827,790.75,520265.0,969557.0
2025-06-18 11:01:53.134655,790.65,520265.0,969557.0
2025-06-18 11:01:53.753975,790.75,520171.0,969515.0
2025-06-18 11:01:54.200176,790.9,520171.0,969515.0
2025-06-18 11:01:54.751288,790.9,520556.0,969169.0
2025-06-18 11:01:55.143389,790.65,520556.0,969169.0
2025-06-18 11:01:55.750787,790.65,520587.0,968646.0
2025-06-18 11:01:56.201104,790.65,520587.0,968646.0
2025-06-18 11:01:56.852447,790.9,522017.0,965460.0
2025-06-18 11:01:57.144379,790.65,522017.0,965460.0
2025-06-18 11:01:57.976444,790.65,521982.0,965980.0
2025-06-18 11:01:58.135082,790.7,521982.0,965980.0
2025-06-18 11:01:58.972912,790.7,521505.0,967057.0
2025-06-18 11:01:59.964841,790.9,521535.0,967688.0
2025-06-18 11:02:00.136866,790.9,521535.0,967688.0
2025-06-18 11:02:00.855393,790.9,522662.0,972064.0
2025-06-18 11:02:01.753849,790.9,523221.0,971701.0
2025-06-18 11:02:02.137081,790.9,523221.0,971701.0
2025-06-18 11:02:02.854346,790.8,523627.0,971963.0
2025-06-18 11:02:03.140386,790.95,523627.0,971963.0
2025-06-18 11:02:05.162913,790.95,523460.0,972122.0
2025-06-18 11:02:05.165099,790.8,523460.0,972122.0
2025-06-18 11:02:05.202221,790.95,524705.0,972357.0
2025-06-18 11:02:05.204921,790.95,524705.0,972357.0
2025-06-18 11:02:05.857741,791.0,526809.0,971280.0
2025-06-18 11:02:06.141262,791.0,526809.0,971280.0
2025-06-18 11:02:06.981969,790.95,527460.0,971659.0
2025-06-18 11:02:07.140762,790.95,527460.0,971659.0
2025-06-18 11:02:07.968751,790.95,527346.0,971021.0
2025-06-18 11:02:08.139116,790.95,527346.0,971021.0
2025-06-18 11:02:09.060575,791.0,527401.0,969736.0
2025-06-18 11:02:09.136377,790.95,527401.0,969736.0
2025-06-18 11:02:10.146051,791.0,527401.0,969736.0
2025-06-18 11:02:10.172508,791.0,527853.0,969652.0
2025-06-18 11:02:11.140903,791.0,527853.0,969652.0
2025-06-18 11:02:11.262397,791.0,527790.0,970273.0
2025-06-18 11:02:12.138996,791.0,527790.0,970273.0
2025-06-18 11:02:12.363005,791.0,527842.0,971125.0
2025-06-18 11:02:13.144663,791.0,527842.0,971125.0
2025-06-18 11:02:13.264092,791.0,528576.0,971009.0
2025-06-18 11:02:14.140126,790.95,528576.0,971009.0
2025-06-18 11:02:14.262893,790.95,528426.0,971250.0
2025-06-18 11:02:15.165616,790.95,528426.0,971250.0
2025-06-18 11:02:15.364745,790.95,526718.0,971312.0
2025-06-18 11:02:16.186606,790.9,526718.0,971312.0
2025-06-18 11:02:16.479887,790.95,524942.0,970824.0
2025-06-18 11:02:17.140475,790.9,524942.0,970824.0
2025-06-18 11:02:17.568383,791.0,525908.0,971179.0
2025-06-18 11:02:18.138052,791.0,525908.0,971179.0
2025-06-18 11:02:18.667194,791.0,526178.0,971195.0
2025-06-18 11:02:19.135699,790.9,526178.0,971195.0
2025-06-18 11:02:19.668705,790.95,525379.0,972179.0
2025-06-18 11:02:20.136889,790.9,525379.0,972179.0
2025-06-18 11:02:20.768874,790.9,525465.0,972427.0
2025-06-18 11:02:21.137277,790.75,525465.0,972427.0
2025-06-18 11:02:21.867918,790.9,522383.0,973114.0
2025-06-18 11:02:22.141913,790.8,522383.0,973114.0
2025-06-18 11:02:22.994730,790.75,522084.0,976231.0
2025-06-18 11:02:23.140571,790.75,522084.0,976231.0
2025-06-18 11:02:23.984786,790.85,522426.0,975465.0
2025-06-18 11:02:24.154836,790.85,522426.0,975465.0
2025-06-18 11:02:25.072579,790.75,522717.0,975484.0
2025-06-18 11:02:25.138929,790.75,522717.0,975484.0
2025-06-18 11:02:26.073903,790.9,522838.0,977387.0
2025-06-18 11:02:26.149504,790.75,522838.0,977387.0
2025-06-18 11:02:27.144759,790.9,522838.0,977387.0
2025-06-18 11:02:27.181279,790.9,520695.0,978909.0
2025-06-18 11:02:28.139773,790.75,520695.0,978909.0
2025-06-18 11:02:28.273836,790.85,518579.0,976387.0
2025-06-18 11:02:29.141941,790.9,518579.0,976387.0
2025-06-18 11:02:29.275218,790.9,521934.0,977898.0
2025-06-18 11:02:30.152789,790.9,521934.0,977898.0
2025-06-18 11:02:30.374706,790.8,522373.0,976527.0
2025-06-18 11:02:31.138177,790.9,522373.0,976527.0
2025-06-18 11:02:31.484860,790.9,524011.0,976531.0
2025-06-18 11:02:32.143441,790.9,524011.0,976531.0
2025-06-18 11:02:32.576520,790.95,524205.0,975574.0
2025-06-18 11:02:33.143503,790.85,524205.0,975574.0
2025-06-18 11:02:33.675710,790.85,523578.0,976203.0
2025-06-18 11:02:34.143070,790.8,523578.0,976203.0
2025-06-18 11:02:34.779770,790.85,523921.0,975825.0
2025-06-18 11:02:35.149058,790.8,523921.0,975825.0
2025-06-18 11:02:35.876350,790.8,523177.0,974314.0
2025-06-18 11:02:36.146672,790.9,523177.0,974314.0
2025-06-18 11:02:36.877148,790.9,522885.0,975525.0
2025-06-18 11:02:37.140589,790.9,522885.0,975525.0
2025-06-18 11:02:37.879156,790.95,522540.0,973908.0
2025-06-18 11:02:38.141973,790.9,522540.0,973908.0
2025-06-18 11:02:38.993465,790.95,521128.0,973831.0
2025-06-18 11:02:39.144207,790.9,521128.0,973831.0
2025-06-18 11:02:40.082744,790.95,523511.0,974481.0
2025-06-18 11:02:40.142393,790.9,523511.0,974481.0
2025-06-18 11:02:41.187635,790.9,523212.0,973343.0
2025-06-18 11:02:42.142285,790.95,523212.0,973343.0
2025-06-18 11:02:42.282458,790.95,523368.0,974066.0
2025-06-18 11:02:43.145589,790.9,523368.0,974066.0
2025-06-18 11:02:43.284123,790.9,524600.0,973543.0
2025-06-18 11:02:44.147426,790.95,524600.0,973543.0
2025-06-18 11:02:44.384752,790.95,524581.0,972388.0
2025-06-18 11:02:45.142760,790.95,524581.0,972388.0
2025-06-18 11:02:45.385364,790.95,524490.0,973433.0
2025-06-18 11:02:46.146665,790.95,524490.0,973433.0
2025-06-18 11:02:46.385363,790.95,524627.0,973303.0
2025-06-18 11:02:47.149294,790.95,524627.0,973303.0
2025-06-18 11:02:47.387140,790.9,524615.0,973366.0
2025-06-18 11:02:48.144069,791.0,524615.0,973366.0
2025-06-18 11:02:48.385708,791.0,525104.0,973145.0
2025-06-18 11:02:49.146107,791.0,525104.0,973145.0
2025-06-18 11:02:49.386397,791.0,525120.0,973220.0
2025-06-18 11:02:50.142452,790.9,525120.0,973220.0
2025-06-18 11:02:50.286487,790.9,524844.0,973630.0
2025-06-18 11:02:51.227953,791.0,524844.0,973630.0
2025-06-18 11:02:51.386332,791.0,524767.0,973497.0
2025-06-18 11:02:52.143615,791.0,524767.0,973497.0
2025-06-18 11:02:52.388419,791.0,524667.0,974082.0
2025-06-18 11:02:53.143321,791.0,524667.0,974082.0
2025-06-18 11:02:53.389058,791.0,524797.0,973457.0
2025-06-18 11:02:54.146353,791.0,524797.0,973457.0
2025-06-18 11:02:54.292803,791.0,524801.0,973833.0
2025-06-18 11:02:55.146453,790.9,524801.0,973833.0
2025-06-18 11:02:55.199634,790.9,524830.0,973879.0
2025-06-18 11:02:56.144864,790.9,524830.0,973879.0
2025-06-18 11:02:56.195683,790.9,524800.0,973779.0
2025-06-18 11:02:57.146912,791.0,524800.0,973779.0
2025-06-18 11:02:57.292061,791.0,524965.0,973653.0
2025-06-18 11:02:58.147191,790.95,524965.0,973653.0
2025-06-18 11:02:58.201151,790.95,524788.0,974113.0
2025-06-18 11:02:59.144405,790.9,524788.0,974113.0
2025-06-18 11:02:59.295437,790.9,524515.0,973956.0
2025-06-18 11:03:00.147967,790.9,524515.0,973956.0
2025-06-18 11:03:00.295748,791.0,517500.0,973543.0
2025-06-18 11:03:01.186767,791.0,517500.0,973543.0
2025-06-18 11:03:01.898042,791.0,525257.0,974258.0
2025-06-18 11:03:02.139414,790.95,525257.0,974258.0
2025-06-18 11:03:02.898443,790.95,524981.0,973768.0
2025-06-18 11:03:03.143051,790.9,524981.0,973768.0
2025-06-18 11:03:03.802185,791.1,525354.0,972256.0
2025-06-18 11:03:04.147886,790.9,525354.0,972256.0
2025-06-18 11:03:04.798721,790.9,524532.0,972946.0
2025-06-18 11:03:05.142522,790.9,524532.0,972946.0
2025-06-18 11:03:05.698764,790.9,524520.0,973838.0
2025-06-18 11:03:06.142782,790.9,524520.0,973838.0
2025-06-18 11:03:06.809025,790.85,524624.0,973488.0
2025-06-18 11:03:07.144847,790.85,524624.0,973488.0
2025-06-18 11:03:07.700540,790.85,524640.0,974442.0
2025-06-18 11:03:08.144964,790.85,524640.0,974442.0
2025-06-18 11:03:08.802708,790.85,524377.0,974084.0
2025-06-18 11:03:09.146578,790.95,524377.0,974084.0
2025-06-18 11:03:09.902606,790.95,524943.0,973566.0
2025-06-18 11:03:10.142437,790.8,524943.0,973566.0
2025-06-18 11:03:11.000884,790.95,524679.0,974963.0
2025-06-18 11:03:11.146543,790.8,524679.0,974963.0
2025-06-18 11:03:12.101885,790.8,524580.0,975056.0
2025-06-18 11:03:13.143069,790.95,524580.0,975056.0
2025-06-18 11:03:13.301388,791.0,525732.0,974048.0
2025-06-18 11:03:14.149269,790.9,525732.0,974048.0
2025-06-18 11:03:14.401431,790.9,525766.0,974377.0
2025-06-18 11:03:15.141617,790.9,525766.0,974377.0
2025-06-18 11:03:15.504896,790.8,525293.0,974115.0
2025-06-18 11:03:16.147078,791.0,525293.0,974115.0
2025-06-18 11:03:16.502154,791.0,526062.0,973580.0
2025-06-18 11:03:17.146061,791.0,526062.0,973580.0
2025-06-18 11:03:17.602496,791.0,525833.0,974211.0
2025-06-18 11:03:18.145723,791.0,525833.0,974211.0
2025-06-18 11:03:18.702727,790.8,525673.0,974149.0
2025-06-18 11:03:19.146382,791.0,525673.0,974149.0
2025-06-18 11:03:19.803955,791.0,525768.0,974564.0
2025-06-18 11:03:20.151564,790.8,525768.0,974564.0
2025-06-18 11:03:20.909586,791.0,525395.0,973735.0
2025-06-18 11:03:21.204084,791.0,525395.0,973735.0
2025-06-18 11:03:21.804349,791.0,524974.0,973461.0
2025-06-18 11:03:22.168045,790.95,524974.0,973461.0
2025-06-18 11:03:22.905640,790.95,525075.0,973139.0
2025-06-18 11:03:23.148866,790.8,525075.0,973139.0
2025-06-18 11:03:24.007105,790.8,524949.0,973133.0
2025-06-18 11:03:24.149778,790.8,524949.0,973133.0
2025-06-18 11:03:25.106743,790.9,525148.0,973659.0
2025-06-18 11:03:25.145430,790.9,525148.0,973659.0
2025-06-18 11:03:26.148108,790.8,525148.0,973659.0
2025-06-18 11:03:26.207586,790.8,523136.0,972679.0
2025-06-18 11:03:27.145810,791.0,523136.0,972679.0
2025-06-18 11:03:27.210291,791.0,523639.0,972600.0
2025-06-18 11:03:28.148210,790.9,523639.0,972600.0
2025-06-18 11:03:28.211848,790.9,523875.0,972321.0
2025-06-18 11:03:29.147883,790.9,523875.0,972321.0
2025-06-18 11:03:29.308782,790.9,523886.0,972522.0
2025-06-18 11:03:30.145303,790.85,523886.0,972522.0
2025-06-18 11:03:30.311724,790.85,522666.0,974534.0
2025-06-18 11:03:31.151507,790.65,522666.0,974534.0
2025-06-18 11:03:31.413306,790.65,521895.0,975829.0
2025-06-18 11:03:32.150368,790.85,521895.0,975829.0
2025-06-18 11:03:32.613073,790.85,521591.0,976333.0
2025-06-18 11:03:33.146317,790.65,521591.0,976333.0
2025-06-18 11:03:33.713209,790.85,522484.0,975611.0
2025-06-18 11:03:34.153707,790.8,522484.0,975611.0
2025-06-18 11:03:34.814192,790.85,522584.0,975161.0
2025-06-18 11:03:35.148841,790.8,522584.0,975161.0
2025-06-18 11:03:35.818143,790.85,522921.0,975155.0
2025-06-18 11:03:36.222135,790.85,522921.0,975155.0
2025-06-18 11:03:36.916049,790.7,522413.0,976388.0
2025-06-18 11:03:37.149777,790.65,522413.0,976388.0
2025-06-18 11:03:37.915560,790.65,522316.0,976900.0
2025-06-18 11:03:39.015623,790.65,522370.0,976726.0
2025-06-18 11:03:39.146225,790.65,522370.0,976726.0
2025-06-18 11:03:40.121272,790.85,523116.0,977157.0
2025-06-18 11:03:40.145043,790.7,523116.0,977157.0
2025-06-18 11:03:41.168474,790.7,523116.0,977157.0
2025-06-18 11:03:41.217546,790.7,523052.0,975807.0
2025-06-18 11:03:42.155138,790.9,523052.0,975807.0
2025-06-18 11:03:42.219103,790.9,523153.0,975535.0
2025-06-18 11:03:43.153649,790.65,523153.0,975535.0
2025-06-18 11:03:43.222945,790.65,522835.0,976106.0
2025-06-18 11:03:44.154038,790.65,522835.0,976106.0
2025-06-18 11:03:44.316971,790.65,522785.0,976281.0
2025-06-18 11:03:45.167081,790.9,522785.0,976281.0
2025-06-18 11:03:45.321544,790.9,522659.0,976319.0
2025-06-18 11:03:46.026542,790.9,522659.0,976319.0
2025-06-18 11:03:46.167702,790.9,522659.0,976319.0
2025-06-18 11:03:46.519477,790.9,522978.0,976130.0
2025-06-18 11:03:47.119643,790.9,522978.0,976130.0
2025-06-18 11:03:47.173067,790.8,522978.0,976130.0
2025-06-18 11:03:47.422189,790.8,523096.0,975856.0
2025-06-18 11:03:47.979778,790.8,523096.0,975856.0
2025-06-18 11:03:48.155291,790.9,523096.0,975856.0
2025-06-18 11:03:48.521601,790.9,522526.0,975770.0
2025-06-18 11:03:48.899525,790.9,522526.0,975770.0
2025-06-18 11:03:49.159680,790.95,522526.0,975770.0
2025-06-18 11:03:49.622702,790.95,523269.0,975761.0
2025-06-18 11:03:49.746226,790.95,523269.0,975761.0
2025-06-18 11:03:50.155161,790.8,523269.0,975761.0
2025-06-18 11:03:50.555109,790.8,523269.0,975761.0
2025-06-18 11:03:50.622767,790.95,523542.0,975677.0
2025-06-18 11:03:51.166821,790.8,523542.0,975677.0
2025-06-18 11:03:51.595342,790.8,523542.0,975677.0
2025-06-18 11:03:51.721638,790.8,523022.0,975163.0
2025-06-18 11:03:52.192788,790.9,523022.0,975163.0
2025-06-18 11:03:52.205506,790.9,523022.0,975163.0
2025-06-18 11:03:52.723251,790.9,524068.0,974300.0
2025-06-18 11:03:53.073154,790.9,524068.0,974300.0
2025-06-18 11:03:53.167080,790.9,524068.0,974300.0
2025-06-18 11:03:53.444074,790.9,524068.0,974300.0
2025-06-18 11:03:53.725536,790.9,524136.0,975457.0
2025-06-18 11:03:54.181880,790.8,524136.0,975457.0
2025-06-18 11:03:54.475379,790.8,524136.0,975457.0
2025-06-18 11:03:54.724947,790.8,523753.0,975687.0
2025-06-18 11:03:55.160679,790.8,523753.0,975687.0
2025-06-18 11:03:55.723669,790.8,523753.0,975687.0
2025-06-18 11:03:55.734831,790.8,526015.0,975953.0
2025-06-18 11:03:56.162195,790.8,526015.0,975953.0
2025-06-18 11:03:56.582071,790.8,526015.0,975953.0
2025-06-18 11:03:56.826830,790.8,523319.0,977513.0
2025-06-18 11:04:00.409809,790.65,523319.0,977513.0
2025-06-18 11:04:00.458789,790.8,522782.0,978077.0
2025-06-18 11:04:00.462218,790.65,522782.0,978077.0
2025-06-18 11:04:00.508368,790.65,522782.0,978077.0
2025-06-18 11:04:00.510335,790.65,523312.0,978269.0
2025-06-18 11:04:00.512439,790.65,523312.0,978269.0
2025-06-18 11:04:00.540640,790.65,523312.0,978269.0
2025-06-18 11:04:00.547406,790.65,523430.0,977761.0
2025-06-18 11:04:00.548585,790.75,523430.0,977761.0
2025-06-18 11:04:00.551753,790.75,523430.0,977761.0
2025-06-18 11:04:00.930164,790.8,526828.0,976412.0
2025-06-18 11:04:01.187373,790.75,526828.0,976412.0
2025-06-18 11:04:01.921228,790.75,526828.0,976412.0
2025-06-18 11:04:04.164904,790.65,526828.0,976412.0
2025-06-18 11:04:05.204300,790.65,526828.0,976412.0
2025-06-18 11:04:06.034302,790.6,525064.0,978070.0
2025-06-18 11:04:08.166092,790.65,525064.0,978070.0
2025-06-18 11:04:10.164628,790.75,525064.0,978070.0
2025-06-18 11:04:11.143920,790.75,525913.0,977935.0
2025-06-18 11:04:11.164182,790.6,525913.0,977935.0
2025-06-18 11:04:14.156758,790.75,525913.0,977935.0
2025-06-18 11:04:16.148295,790.65,522756.0,982279.0
2025-06-18 11:04:16.161513,790.65,522756.0,982279.0
2025-06-18 11:04:18.159065,790.6,522756.0,982279.0
2025-06-18 11:04:19.191262,790.6,522756.0,982279.0
2025-06-18 11:04:21.564258,790.65,523579.0,980613.0
2025-06-18 11:04:22.162276,790.6,523579.0,980613.0
2025-06-18 11:04:24.161239,790.65,523579.0,980613.0
2025-06-18 11:04:26.154086,790.6,523579.0,980613.0
2025-06-18 11:04:26.762390,790.7,523956.0,980739.0
2025-06-18 11:04:28.155918,790.6,523956.0,980739.0
2025-06-18 11:04:30.155227,790.7,523956.0,980739.0
2025-06-18 11:04:31.865480,790.7,524671.0,979391.0
2025-06-18 11:04:32.159857,790.7,524671.0,979391.0
2025-06-18 11:04:33.175437,790.7,524671.0,979391.0
2025-06-18 11:04:36.160407,790.75,524671.0,979391.0
2025-06-18 11:04:36.765312,790.75,527555.0,977623.0
2025-06-18 11:04:38.153241,790.75,527555.0,977623.0
2025-06-18 11:04:41.567676,790.8,532110.0,975283.0
2025-06-18 11:04:42.161703,790.7,532110.0,975283.0
2025-06-18 11:04:45.206590,790.85,532110.0,975283.0
2025-06-18 11:04:46.688599,790.75,537377.0,973350.0
2025-06-18 11:04:47.181450,790.75,537377.0,973350.0
2025-06-18 11:04:49.163198,790.75,537377.0,973350.0
2025-06-18 11:04:51.573503,790.85,538659.0,972721.0
2025-06-18 11:04:52.190657,790.75,538659.0,972721.0
2025-06-18 11:04:54.190075,790.85,538659.0,972721.0
2025-06-18 11:04:56.150238,790.8,538659.0,972721.0
2025-06-18 11:04:56.284749,790.8,538622.0,973324.0
2025-06-18 11:04:57.214973,790.8,538622.0,973324.0
2025-06-18 11:05:00.161625,790.85,538622.0,973324.0
2025-06-18 11:05:01.078592,790.75,539443.0,973564.0
2025-06-18 11:05:01.184987,790.75,539443.0,973564.0
2025-06-18 11:05:05.175048,790.75,539443.0,973564.0
2025-06-18 11:05:05.680623,790.75,539612.0,972447.0
2025-06-18 11:05:06.161909,790.85,539612.0,972447.0
2025-06-18 11:05:08.159368,790.85,539612.0,972447.0
2025-06-18 11:05:10.158443,790.8,539612.0,972447.0
2025-06-18 11:05:10.680751,790.8,542918.0,975947.0
2025-06-18 11:05:12.201345,790.75,542918.0,975947.0
2025-06-18 11:05:13.167229,790.75,542918.0,975947.0
2025-06-18 11:05:15.167843,790.8,542918.0,975947.0
2025-06-18 11:05:16.692145,790.8,543218.0,975296.0
2025-06-18 11:05:18.190801,790.8,543218.0,975296.0
2025-06-18 11:05:20.174052,790.8,543218.0,975296.0
2025-06-18 11:05:21.189755,790.85,543218.0,975296.0
2025-06-18 11:05:21.587017,790.85,542819.0,974235.0
2025-06-18 11:05:24.170158,790.8,542819.0,974235.0
2025-06-18 11:05:26.160959,790.85,542819.0,974235.0
2025-06-18 11:05:26.391496,790.85,544583.0,974101.0
2025-06-18 11:05:27.182677,790.8,544583.0,974101.0
2025-06-18 11:05:30.157837,790.8,544583.0,974101.0
2025-06-18 11:05:31.198594,790.6,542311.0,977420.0
2025-06-18 11:05:32.193241,790.6,542311.0,977420.0
2025-06-18 11:05:33.208339,790.6,542311.0,977420.0
2025-06-18 11:05:36.167639,790.6,542311.0,977420.0
2025-06-18 11:05:36.699616,790.8,544285.0,976617.0
2025-06-18 11:05:37.176778,790.6,544285.0,976617.0
2025-06-18 11:05:40.160294,790.6,544285.0,976617.0
2025-06-18 11:05:42.010227,790.6,543644.0,977389.0
2025-06-18 11:05:43.177886,790.6,543644.0,977389.0
2025-06-18 11:05:46.160227,790.8,543644.0,977389.0
2025-06-18 11:05:46.905915,790.8,544453.0,976795.0
2025-06-18 11:05:47.195374,790.8,544453.0,976795.0
2025-06-18 11:05:50.166697,790.8,544453.0,976795.0
2025-06-18 11:05:52.008193,790.75,542254.0,977134.0
2025-06-18 11:05:52.177685,790.6,542254.0,977134.0
2025-06-18 11:05:54.381203,790.8,542254.0,977134.0
2025-06-18 11:05:57.223650,790.8,542738.0,978618.0
2025-06-18 11:05:58.174120,790.65,542738.0,978618.0
2025-06-18 11:06:01.174739,790.75,542738.0,978618.0
2025-06-18 11:06:01.813643,790.6,542074.0,979210.0
2025-06-18 11:06:04.171990,790.6,542074.0,979210.0
2025-06-18 11:06:05.163878,790.8,542074.0,979210.0
2025-06-18 11:06:06.619668,790.8,543429.0,978770.0
2025-06-18 11:06:08.170365,790.6,543429.0,978770.0
2025-06-18 11:06:10.197976,790.8,543429.0,978770.0
2025-06-18 11:06:11.620791,790.8,545351.0,975975.0
2025-06-18 11:06:12.169757,790.8,545351.0,975975.0
2025-06-18 11:06:13.193206,790.9,545351.0,975975.0
2025-06-18 11:06:16.161278,790.75,545351.0,975975.0
2025-06-18 11:06:16.722081,790.8,548757.0,973318.0
2025-06-18 11:06:17.177593,790.75,548757.0,973318.0
2025-06-18 11:06:20.156994,790.75,548757.0,973318.0
2025-06-18 11:06:21.727303,790.75,548044.0,974576.0
2025-06-18 11:06:22.163077,790.8,548044.0,974576.0
2025-06-18 11:06:24.168258,790.75,548044.0,974576.0
2025-06-18 11:06:25.182445,790.75,548044.0,974576.0
2025-06-18 11:06:26.727388,790.8,549147.0,974428.0
2025-06-18 11:06:28.165674,790.8,549147.0,974428.0
2025-06-18 11:06:29.177520,790.7,549147.0,974428.0
2025-06-18 11:06:31.332854,790.7,547997.0,973568.0
2025-06-18 11:06:32.168776,790.65,547997.0,973568.0
2025-06-18 11:06:34.229394,790.6,547997.0,973568.0
2025-06-18 11:06:36.038014,790.7,547661.0,975967.0
2025-06-18 11:06:36.190756,790.6,547661.0,975967.0
2025-06-18 11:06:37.169226,790.6,547661.0,975967.0
2025-06-18 11:06:40.175486,790.7,547661.0,975967.0
2025-06-18 11:06:41.142621,790.7,546349.0,974579.0
2025-06-18 11:06:42.160724,790.6,546349.0,974579.0
2025-06-18 11:06:44.165019,790.8,546349.0,974579.0
2025-06-18 11:06:45.165270,790.6,546349.0,974579.0
2025-06-18 11:06:46.147855,790.8,547377.0,973781.0
2025-06-18 11:06:46.759851,790.8,547377.0,973781.0
2025-06-18 11:06:47.620393,790.8,547377.0,973781.0
2025-06-18 11:06:48.171421,790.75,547377.0,973781.0
2025-06-18 11:06:48.554187,790.75,547377.0,973781.0
2025-06-18 11:06:49.762380,790.75,547377.0,973781.0
2025-06-18 11:06:49.768254,790.75,547377.0,973781.0
2025-06-18 11:06:50.286612,790.75,547377.0,973781.0
2025-06-18 11:06:51.054483,790.75,547377.0,973781.0
2025-06-18 11:06:51.147184,790.75,547342.0,974344.0
2025-06-18 11:06:52.045653,790.75,547342.0,974344.0
2025-06-18 11:06:52.168800,790.7,547342.0,974344.0
2025-06-18 11:06:52.603581,790.7,547342.0,974344.0
2025-06-18 11:06:53.515428,790.7,547342.0,974344.0
2025-06-18 11:06:54.211265,790.7,547342.0,974344.0
2025-06-18 11:06:54.760869,790.7,547342.0,974344.0
2025-06-18 11:06:56.198095,790.7,546562.0,974769.0
2025-06-18 11:06:56.201957,790.7,546562.0,974769.0
2025-06-18 11:06:56.265793,790.7,546562.0,974769.0
2025-06-18 11:06:57.104367,790.7,546562.0,974769.0
2025-06-18 11:06:58.337812,790.65,546562.0,974769.0
2025-06-18 11:06:58.541259,790.65,546562.0,974769.0
2025-06-18 11:06:59.691663,790.65,546562.0,974769.0
2025-06-18 11:07:00.829564,790.65,546562.0,974769.0
2025-06-18 11:07:00.950179,790.65,545961.0,975731.0
2025-06-18 11:07:02.162848,790.65,545961.0,975731.0
2025-06-18 11:07:02.288486,790.65,545961.0,975731.0
2025-06-18 11:07:05.085753,790.6,545961.0,975731.0
2025-06-18 11:07:05.663161,790.6,546734.0,976614.0
2025-06-18 11:07:06.164659,790.6,546734.0,976614.0
2025-06-18 11:07:10.488390,790.6,546734.0,976614.0
2025-06-18 11:07:11.168283,790.4,546734.0,976614.0
2025-06-18 11:07:11.260795,790.4,542465.0,980791.0
2025-06-18 11:07:14.165815,790.6,542465.0,980791.0
2025-06-18 11:07:16.862215,790.6,543618.0,979149.0
2025-06-18 11:07:17.175870,790.45,543618.0,979149.0
2025-06-18 11:07:20.166240,790.6,543618.0,979149.0
2025-06-18 11:07:22.197273,790.45,543129.0,980600.0
2025-06-18 11:07:23.172227,790.45,543129.0,980600.0
2025-06-18 11:07:26.255407,790.65,543129.0,980600.0
2025-06-18 11:07:26.961652,790.65,538784.0,962218.0
2025-06-18 11:07:28.171413,790.6,538784.0,962218.0
2025-06-18 11:07:29.183011,790.45,538784.0,962218.0
2025-06-18 11:07:31.863623,790.6,540461.0,961806.0
2025-06-18 11:07:32.178724,790.6,540461.0,961806.0
2025-06-18 11:07:36.167291,790.7,540461.0,961806.0
2025-06-18 11:07:36.768788,790.7,540959.0,961400.0
2025-06-18 11:07:38.169761,790.7,540959.0,961400.0
2025-06-18 11:07:40.200243,790.7,540959.0,961400.0
2025-06-18 11:07:41.979108,790.6,538060.0,963883.0
2025-06-18 11:07:42.173535,790.45,538060.0,963883.0
2025-06-18 11:07:44.794102,790.6,538060.0,963883.0
2025-06-18 11:07:47.374884,790.6,539172.0,963925.0
2025-06-18 11:07:48.170619,790.55,539172.0,963925.0
2025-06-18 11:07:50.180379,790.6,539172.0,963925.0
2025-06-18 11:07:52.375154,790.6,539395.0,964964.0
2025-06-18 11:07:53.175890,790.5,539395.0,964964.0
2025-06-18 11:07:56.185117,790.5,539395.0,964964.0
2025-06-18 11:07:57.378573,790.5,537689.0,965116.0
2025-06-18 11:07:59.173564,790.45,537689.0,965116.0
2025-06-18 11:08:01.246660,790.7,537689.0,965116.0
2025-06-18 11:08:01.876609,790.55,539537.0,963341.0
2025-06-18 11:08:02.195536,790.55,539537.0,963341.0
2025-06-18 11:08:02.879238,790.55,539979.0,962844.0
2025-06-18 11:08:03.171108,790.6,539979.0,962844.0
2025-06-18 11:08:03.987035,790.3,539805.0,964692.0
2025-06-18 11:08:04.177002,790.3,539805.0,964692.0
2025-06-18 11:08:05.081400,790.6,540136.0,964811.0
2025-06-18 11:08:05.184808,790.3,540136.0,964811.0
2025-06-18 11:08:06.174805,790.5,540136.0,964811.0
2025-06-18 11:08:06.714228,790.45,539393.0,964507.0
2025-06-18 11:08:07.180368,790.65,539393.0,964507.0
2025-06-18 11:08:07.683353,790.65,539253.0,964413.0
2025-06-18 11:08:08.180733,790.3,539253.0,964413.0
2025-06-18 11:08:08.783901,790.6,538513.0,964710.0
2025-06-18 11:08:09.240005,790.5,538513.0,964710.0
2025-06-18 11:08:09.883455,790.5,539222.0,962499.0
2025-06-18 11:08:10.188695,790.45,539222.0,962499.0
2025-06-18 11:08:10.885777,790.5,539256.0,963712.0
2025-06-18 11:08:11.176241,790.45,539256.0,963712.0
2025-06-18 11:08:12.250031,790.65,541220.0,959914.0
2025-06-18 11:08:12.254103,790.7,541220.0,959914.0
2025-06-18 11:08:12.885957,790.7,541237.0,962318.0
2025-06-18 11:08:13.177112,790.5,541237.0,962318.0
2025-06-18 11:08:13.885932,790.5,541729.0,961858.0
2025-06-18 11:08:14.186443,790.6,541729.0,961858.0
2025-06-18 11:08:15.171427,790.5,543114.0,962504.0
2025-06-18 11:08:15.199139,790.7,543114.0,962504.0
2025-06-18 11:08:15.791170,790.5,543070.0,962201.0
2025-06-18 11:08:16.193771,790.7,543070.0,962201.0
2025-06-18 11:08:16.792395,790.7,543117.0,962318.0
2025-06-18 11:08:20.441285,790.65,543117.0,962318.0
2025-06-18 11:08:20.489804,790.65,542476.0,961692.0
2025-06-18 11:08:20.494574,790.65,542476.0,961692.0
2025-06-18 11:08:20.526940,790.7,542803.0,961532.0
2025-06-18 11:08:20.530374,790.65,542803.0,961532.0
2025-06-18 11:08:20.535502,790.7,542063.0,962492.0
2025-06-18 11:08:20.540676,790.5,542063.0,962492.0
2025-06-18 11:08:21.094566,790.5,542295.0,962742.0
2025-06-18 11:08:21.177985,790.65,542295.0,962742.0
2025-06-18 11:08:22.170992,790.7,542295.0,962742.0
2025-06-18 11:08:22.294804,790.7,543261.0,962104.0
2025-06-18 11:08:23.296268,790.7,543481.0,962327.0
2025-06-18 11:08:24.172224,790.7,543481.0,962327.0
2025-06-18 11:08:24.508472,790.7,543694.0,962381.0
2025-06-18 11:08:25.170745,790.7,543694.0,962381.0
2025-06-18 11:08:25.506833,790.7,542052.0,961294.0
2025-06-18 11:08:26.168458,790.7,542052.0,961294.0
2025-06-18 11:08:26.599725,790.7,540971.0,960482.0
2025-06-18 11:08:27.170083,790.65,540971.0,960482.0
2025-06-18 11:08:27.600878,790.65,541361.0,960456.0
2025-06-18 11:08:28.171049,790.65,541361.0,960456.0
2025-06-18 11:08:28.599734,790.65,541213.0,960429.0
2025-06-18 11:08:29.599690,790.65,541773.0,957161.0
2025-06-18 11:08:30.171038,790.7,541773.0,957161.0
2025-06-18 11:08:30.600752,790.7,542734.0,956342.0
2025-06-18 11:08:31.186570,790.8,542734.0,956342.0
2025-06-18 11:08:31.511266,790.8,544071.0,955596.0
2025-06-18 11:08:32.170601,790.65,544071.0,955596.0
2025-06-18 11:08:32.511607,790.65,544360.0,957065.0
2025-06-18 11:08:33.178484,790.65,544360.0,957065.0
2025-06-18 11:08:33.626175,790.65,543600.0,957337.0
2025-06-18 11:08:34.172401,790.8,543600.0,957337.0
2025-06-18 11:08:34.705304,790.8,542352.0,955996.0
2025-06-18 11:08:35.166420,790.65,542352.0,955996.0
2025-06-18 11:08:35.805221,790.8,542656.0,956676.0
2025-06-18 11:08:36.169852,790.65,542656.0,956676.0
2025-06-18 11:08:36.806389,790.65,543572.0,956931.0
2025-06-18 11:08:37.175184,790.8,543572.0,956931.0
2025-06-18 11:08:37.808922,790.65,543622.0,956400.0
2025-06-18 11:08:38.174013,790.7,543622.0,956400.0
2025-06-18 11:08:38.806432,790.7,543691.0,956492.0
2025-06-18 11:08:39.171501,790.7,543691.0,956492.0
2025-06-18 11:08:39.806793,790.8,543679.0,955401.0
2025-06-18 11:08:40.176849,790.8,543679.0,955401.0
2025-06-18 11:08:40.808147,790.8,542493.0,955887.0
2025-06-18 11:08:41.173683,790.8,542493.0,955887.0
2025-06-18 11:08:42.020973,790.8,542493.0,955960.0
2025-06-18 11:08:42.182401,790.75,542493.0,955960.0
2025-06-18 11:08:43.060996,790.7,542531.0,956419.0
2025-06-18 11:08:43.169735,790.7,542531.0,956419.0
2025-06-18 11:08:44.109698,790.7,542693.0,956586.0
2025-06-18 11:08:44.182396,790.7,542693.0,956586.0
2025-06-18 11:08:45.109327,790.7,542731.0,956544.0
2025-06-18 11:08:45.177366,790.7,542731.0,956544.0
2025-06-18 11:08:46.110638,790.8,543312.0,956446.0
2025-06-18 11:08:46.202053,790.7,543312.0,956446.0
2025-06-18 11:08:47.174307,790.8,543312.0,956446.0
2025-06-18 11:08:47.310346,790.8,543536.0,956902.0
2025-06-18 11:08:48.171718,790.7,543536.0,956902.0
2025-06-18 11:08:48.309606,790.7,543598.0,956380.0
2025-06-18 11:08:49.174664,790.8,543598.0,956380.0
2025-06-18 11:08:49.309279,790.8,543634.0,956378.0
2025-06-18 11:08:50.210319,790.8,543795.0,956219.0
2025-06-18 11:08:51.212956,790.8,543795.0,956219.0
2025-06-18 11:08:51.409869,790.8,544080.0,956442.0
2025-06-18 11:08:52.174781,790.8,544080.0,956442.0
2025-06-18 11:08:52.517605,790.8,544150.0,956539.0
2025-06-18 11:08:53.174275,790.7,544150.0,956539.0
2025-06-18 11:08:53.517221,790.7,544194.0,956485.0
2025-06-18 11:08:54.175744,790.7,544194.0,956485.0
2025-06-18 11:08:54.517267,790.7,543800.0,956345.0
2025-06-18 11:08:55.168752,790.7,543800.0,956345.0
2025-06-18 11:08:55.516494,790.8,543784.0,956226.0
2025-06-18 11:08:56.175942,790.8,543784.0,956226.0
2025-06-18 11:08:56.523214,790.8,543908.0,956308.0
2025-06-18 11:08:57.413907,790.8,544291.0,956317.0
2025-06-18 11:08:58.169563,790.7,544291.0,956317.0
2025-06-18 11:08:58.520143,790.8,544081.0,956209.0
2025-06-18 11:08:59.177724,790.7,544081.0,956209.0
2025-06-18 11:08:59.524546,790.8,543863.0,956402.0
2025-06-18 11:09:00.172033,790.8,543863.0,956402.0
2025-06-18 11:09:00.712647,790.8,543876.0,955959.0
2025-06-18 11:09:01.179113,790.8,543876.0,955959.0
2025-06-18 11:09:02.214238,790.7,543876.0,955959.0
2025-06-18 11:09:05.179481,790.7,543876.0,955959.0
2025-06-18 11:09:05.627038,790.7,546958.0,981759.0
2025-06-18 11:09:07.173361,790.7,546958.0,981759.0
2025-06-18 11:09:09.170695,790.9,546958.0,981759.0
2025-06-18 11:09:10.727159,791.0,552037.0,971294.0
2025-06-18 11:09:11.170681,791.0,552037.0,971294.0
2025-06-18 11:09:14.308329,791.05,552037.0,971294.0
2025-06-18 11:09:15.174518,791.05,552037.0,971294.0
2025-06-18 11:09:16.775755,791.05,553092.0,974977.0
2025-06-18 11:09:17.173733,791.05,553092.0,974977.0
2025-06-18 11:09:20.201295,791.05,553092.0,974977.0
2025-06-18 11:09:22.171994,791.2,553092.0,974977.0
2025-06-18 11:09:22.235073,791.2,552489.0,975252.0
2025-06-18 11:09:25.178346,791.05,552489.0,975252.0
2025-06-18 11:09:27.168981,791.05,552489.0,975252.0
2025-06-18 11:09:27.532768,791.05,553638.0,976963.0
2025-06-18 11:09:28.187232,791.2,553638.0,976963.0
2025-06-18 11:09:31.170317,791.3,553638.0,976963.0
2025-06-18 11:09:32.834668,791.15,556214.0,976433.0
2025-06-18 11:09:33.177476,791.15,556214.0,976433.0
2025-06-18 11:09:35.174066,791.3,556214.0,976433.0
2025-06-18 11:09:37.177064,791.15,556214.0,976433.0
2025-06-18 11:09:38.038854,791.4,560425.0,971666.0
2025-06-18 11:09:39.897243,791.15,560425.0,971666.0
2025-06-18 11:09:40.177866,791.4,560425.0,971666.0
2025-06-18 11:09:43.178694,791.15,560425.0,971666.0
2025-06-18 11:09:43.439086,791.15,561216.0,972573.0
2025-06-18 11:09:44.211479,791.35,561216.0,972573.0
2025-06-18 11:09:47.139016,791.35,561216.0,972573.0
2025-06-18 11:09:47.223335,791.3,561216.0,972573.0
2025-06-18 11:09:48.210993,791.3,561216.0,972573.0
2025-06-18 11:09:48.652219,791.15,561136.0,973286.0
2025-06-18 11:09:49.103281,791.15,561136.0,973286.0
2025-06-18 11:09:49.176881,791.15,561136.0,973286.0
2025-06-18 11:09:50.021699,791.15,561136.0,973286.0
2025-06-18 11:09:50.177352,791.15,561136.0,973286.0
2025-06-18 11:09:50.899631,791.15,561136.0,973286.0
2025-06-18 11:09:51.639057,791.15,561136.0,973286.0
2025-06-18 11:09:52.640299,791.15,561136.0,973286.0
2025-06-18 11:09:53.178894,791.15,561136.0,973286.0
2025-06-18 11:09:53.224565,791.15,561136.0,973286.0
2025-06-18 11:09:54.093493,791.15,561136.0,973286.0
2025-06-18 11:09:54.155776,791.15,560785.0,974190.0
2025-06-18 11:09:54.219134,791.15,560785.0,974190.0
2025-06-18 11:09:54.462666,791.15,560785.0,974190.0
2025-06-18 11:09:55.345190,791.15,560785.0,974190.0
2025-06-18 11:09:56.595655,791.15,560785.0,974190.0
2025-06-18 11:09:57.180725,791.35,560785.0,974190.0
2025-06-18 11:09:57.569334,791.35,560785.0,974190.0
2025-06-18 11:09:58.186860,791.3,560785.0,974190.0
2025-06-18 11:09:58.973308,791.3,560785.0,974190.0
2025-06-18 11:09:59.247298,791.3,559535.0,973461.0
2025-06-18 11:10:00.120416,791.3,559535.0,973461.0
2025-06-18 11:10:01.170543,791.3,559535.0,973461.0
2025-06-18 11:10:01.249745,791.3,559535.0,973461.0
2025-06-18 11:10:01.550138,791.35,563403.0,973485.0
2025-06-18 11:10:02.171321,791.15,563403.0,973485.0
2025-06-18 11:10:02.651447,791.3,564242.0,973420.0
2025-06-18 11:10:02.722254,791.3,564242.0,973420.0
2025-06-18 11:10:03.214255,791.3,564242.0,973420.0
2025-06-18 11:10:03.658764,791.3,564821.0,973418.0
2025-06-18 11:10:04.170294,791.35,564821.0,973418.0
2025-06-18 11:10:04.748418,791.35,564604.0,974361.0
2025-06-18 11:10:05.170625,791.15,564604.0,974361.0
2025-06-18 11:10:05.849404,791.3,564566.0,973249.0
2025-06-18 11:10:06.173946,791.2,564566.0,973249.0
2025-06-18 11:10:06.959195,791.2,564913.0,973063.0
2025-06-18 11:10:07.176908,791.2,564913.0,973063.0
2025-06-18 11:10:09.451105,791.2,565752.0,972851.0
2025-06-18 11:10:09.512699,791.2,565752.0,972851.0
2025-06-18 11:10:09.551987,791.2,563969.0,974565.0
2025-06-18 11:10:10.184324,791.35,563969.0,974565.0
2025-06-18 11:10:10.551641,791.35,564216.0,974069.0
2025-06-18 11:10:11.187041,791.15,564216.0,974069.0
2025-06-18 11:10:11.552113,791.15,564994.0,973051.0
2025-06-18 11:10:12.173384,791.15,564994.0,973051.0
2025-06-18 11:10:12.552802,791.15,565559.0,973518.0
2025-06-18 11:10:13.178002,791.15,565559.0,973518.0
2025-06-18 11:10:13.553150,791.15,565562.0,974698.0
2025-06-18 11:10:14.179765,791.15,565562.0,974698.0
2025-06-18 11:10:14.553246,791.15,565385.0,974691.0
2025-06-18 11:10:15.173536,791.15,565385.0,974691.0
2025-06-18 11:10:15.657088,791.15,565584.0,974530.0
2025-06-18 11:10:16.175763,791.25,565584.0,974530.0
2025-06-18 11:10:16.658884,791.25,565709.0,975499.0
2025-06-18 11:10:17.183288,791.15,565709.0,975499.0
2025-06-18 11:10:17.754270,791.15,565848.0,975494.0
2025-06-18 11:10:18.854220,791.15,567571.0,974298.0
2025-06-18 11:10:19.172923,791.15,567571.0,974298.0
2025-06-18 11:10:19.957943,791.35,566801.0,973913.0
2025-06-18 11:10:20.172380,791.15,566801.0,973913.0
2025-06-18 11:10:20.957549,791.15,566542.0,974007.0
2025-06-18 11:10:21.187347,791.15,566542.0,974007.0
2025-06-18 11:10:21.855888,791.35,566622.0,973562.0
2025-06-18 11:10:22.176788,791.15,566622.0,973562.0
2025-06-18 11:10:22.855298,791.15,564575.0,973885.0
2025-06-18 11:10:23.174983,791.15,564575.0,973885.0
2025-06-18 11:10:23.858046,791.35,565247.0,973672.0
2025-06-18 11:10:24.182434,791.15,565247.0,973672.0
2025-06-18 11:10:24.857138,791.15,565473.0,973077.0
2025-06-18 11:10:25.178313,791.15,565473.0,973077.0
2025-06-18 11:10:25.857604,791.35,565424.0,973219.0
2025-06-18 11:10:26.178408,791.15,565424.0,973219.0
2025-06-18 11:10:26.857295,791.15,565505.0,973712.0
2025-06-18 11:10:27.182393,791.15,565505.0,973712.0
2025-06-18 11:10:27.758739,791.35,565465.0,973482.0
2025-06-18 11:10:28.183725,791.35,565465.0,973482.0
2025-06-18 11:10:28.757775,791.35,567046.0,973365.0
2025-06-18 11:10:29.175867,791.35,567046.0,973365.0
2025-06-18 11:10:29.760763,791.35,567035.0,972782.0
2025-06-18 11:10:30.762373,791.3,567526.0,972986.0
2025-06-18 11:10:31.183773,791.2,567526.0,972986.0
2025-06-18 11:10:31.762358,791.2,567521.0,972701.0
2025-06-18 11:10:32.175982,791.2,567521.0,972701.0
2025-06-18 11:10:32.762897,791.2,566505.0,972881.0
2025-06-18 11:10:33.174626,791.35,566505.0,972881.0
2025-06-18 11:10:33.765373,791.3,565517.0,973664.0
2025-06-18 11:10:34.179340,791.3,565517.0,973664.0
2025-06-18 11:10:34.772625,791.3,565406.0,974188.0
2025-06-18 11:10:35.175314,791.15,565406.0,974188.0
2025-06-18 11:10:35.768297,791.15,566053.0,972116.0
2025-06-18 11:10:36.171342,791.35,566053.0,972116.0
2025-06-18 11:10:36.767483,791.35,566712.0,973148.0
2025-06-18 11:10:37.173663,791.3,566712.0,973148.0
2025-06-18 11:10:37.766437,791.3,565820.0,973389.0
2025-06-18 11:10:38.174336,791.3,565820.0,973389.0
2025-06-18 11:10:38.771241,791.35,565889.0,974140.0
2025-06-18 11:10:39.171506,791.3,565889.0,974140.0
2025-06-18 11:10:39.869210,791.3,565563.0,973424.0
2025-06-18 11:10:40.172718,791.2,565563.0,973424.0
2025-06-18 11:10:40.871755,791.2,564765.0,974353.0
2025-06-18 11:10:41.181539,791.15,564765.0,974353.0
2025-06-18 11:10:41.869241,791.15,564781.0,974600.0
2025-06-18 11:10:42.178581,791.2,564781.0,974600.0
2025-06-18 11:10:42.870525,791.2,565296.0,975367.0
2025-06-18 11:10:43.174528,791.15,565296.0,975367.0
2025-06-18 11:10:43.770267,791.15,565189.0,974989.0
2025-06-18 11:10:44.172795,791.35,565189.0,974989.0
2025-06-18 11:10:44.870833,791.15,565339.0,974479.0
2025-06-18 11:10:45.172310,791.15,565339.0,974479.0
2025-06-18 11:10:46.171806,791.3,565339.0,974479.0
2025-06-18 11:10:46.371969,791.3,564931.0,975214.0
2025-06-18 11:10:47.173097,791.35,564931.0,975214.0
2025-06-18 11:10:47.470969,791.35,564957.0,974820.0
2025-06-18 11:10:48.206124,791.15,564957.0,974820.0
2025-06-18 11:10:48.573702,791.15,564616.0,974715.0
2025-06-18 11:10:49.173802,791.05,564616.0,974715.0
2025-06-18 11:10:49.576693,791.05,562657.0,976327.0
2025-06-18 11:10:50.178560,791.05,562657.0,976327.0
2025-06-18 11:10:50.673362,791.25,554751.0,976489.0
2025-06-18 11:10:51.175073,791.2,554751.0,976489.0
2025-06-18 11:10:51.787533,791.25,562593.0,976587.0
2025-06-18 11:10:52.179213,791.05,562593.0,976587.0
2025-06-18 11:10:52.978466,791.15,563085.0,976062.0
2025-06-18 11:10:53.182241,791.05,563085.0,976062.0
2025-06-18 11:10:53.878981,791.05,563216.0,975656.0
2025-06-18 11:10:54.181796,791.1,563216.0,975656.0
2025-06-18 11:10:54.979043,791.25,563806.0,975748.0
2025-06-18 11:10:55.175964,791.05,563806.0,975748.0
2025-06-18 11:10:55.978585,791.05,563393.0,978025.0
2025-06-18 11:10:56.171649,791.05,563393.0,978025.0
2025-06-18 11:10:56.980574,791.05,563508.0,979012.0
2025-06-18 11:10:57.170526,791.05,563508.0,979012.0
2025-06-18 11:10:57.982842,791.05,563873.0,979170.0
2025-06-18 11:10:58.175632,791.2,563873.0,979170.0
2025-06-18 11:10:58.983005,791.2,563059.0,979804.0
2025-06-18 11:10:59.171347,791.05,563059.0,979804.0
2025-06-18 11:10:59.882810,791.05,563341.0,980141.0
2025-06-18 11:11:00.172317,791.2,563341.0,980141.0
2025-06-18 11:11:02.891964,791.05,564780.0,978853.0
2025-06-18 11:11:03.176994,791.2,564780.0,978853.0
2025-06-18 11:11:04.179936,791.05,564780.0,978853.0
2025-06-18 11:11:07.179502,791.1,564780.0,978853.0
2025-06-18 11:11:08.295936,791.1,565411.0,978827.0
2025-06-18 11:11:10.183242,791.15,565411.0,978827.0
2025-06-18 11:11:13.186776,791.15,565411.0,978827.0
2025-06-18 11:11:13.695857,791.25,568029.0,978563.0
2025-06-18 11:11:14.199319,791.15,568029.0,978563.0
2025-06-18 11:11:16.180551,791.2,568029.0,978563.0
2025-06-18 11:11:19.032504,791.15,568301.0,976848.0
2025-06-18 11:11:19.191505,791.15,568301.0,976848.0
2025-06-18 11:11:21.195796,791.15,568301.0,976848.0
2025-06-18 11:11:24.108031,791.15,567897.0,976805.0
2025-06-18 11:11:25.194920,791.15,567897.0,976805.0
2025-06-18 11:11:27.182609,791.25,567897.0,976805.0
2025-06-18 11:11:28.202372,791.15,567897.0,976805.0
2025-06-18 11:11:29.229802,791.25,568105.0,976930.0
2025-06-18 11:11:30.183145,791.15,568105.0,976930.0
2025-06-18 11:11:32.192685,791.3,568105.0,976930.0
2025-06-18 11:11:34.186700,791.25,568105.0,976930.0
2025-06-18 11:11:34.308590,791.25,567738.0,978461.0
2025-06-18 11:11:37.193598,791.25,567738.0,978461.0
2025-06-18 11:11:38.194199,791.3,567738.0,978461.0
2025-06-18 11:11:39.215954,791.35,570232.0,974377.0
2025-06-18 11:11:40.185006,791.35,570232.0,974377.0
2025-06-18 11:11:43.203036,791.35,570232.0,974377.0
2025-06-18 11:11:44.212108,791.35,570232.0,974377.0
2025-06-18 11:11:44.313442,791.35,571282.0,974942.0
2025-06-18 11:11:47.213326,791.35,571282.0,974942.0
2025-06-18 11:11:49.316146,791.15,571841.0,975748.0
2025-06-18 11:11:51.206289,791.35,571841.0,975748.0
2025-06-18 11:11:52.223598,791.35,571841.0,975748.0
2025-06-18 11:11:54.531332,791.35,574255.0,975506.0
2025-06-18 11:11:55.203319,791.15,574255.0,975506.0
2025-06-18 11:11:56.198990,791.3,574255.0,975506.0
2025-06-18 11:11:58.443311,791.15,574255.0,975506.0
2025-06-18 11:11:59.558188,791.15,573959.0,976511.0
2025-06-18 11:12:00.189136,791.2,573959.0,976511.0
2025-06-18 11:12:03.189138,791.3,573959.0,976511.0
2025-06-18 11:12:04.186893,791.35,573959.0,976511.0
2025-06-18 11:12:04.227374,791.35,572664.0,973369.0
2025-06-18 11:12:07.180003,791.35,572664.0,973369.0
2025-06-18 11:12:10.114100,791.3,570012.0,973873.0
2025-06-18 11:12:10.194920,791.3,570012.0,973873.0
2025-06-18 11:12:13.187784,791.3,570012.0,973873.0
2025-06-18 11:12:14.141854,791.35,569910.0,973230.0
2025-06-18 11:12:14.187414,791.3,569910.0,973230.0
2025-06-18 11:12:17.179778,791.35,569910.0,973230.0
2025-06-18 11:12:19.545824,791.35,570361.0,975259.0
2025-06-18 11:12:20.183333,791.25,570361.0,975259.0
2025-06-18 11:12:22.183220,791.35,570361.0,975259.0
2025-06-18 11:12:24.191804,791.35,570361.0,975259.0
2025-06-18 11:12:24.542881,791.35,569617.0,974348.0
2025-06-18 11:12:26.188156,791.35,569617.0,974348.0
2025-06-18 11:12:29.180229,791.3,569617.0,974348.0
2025-06-18 11:12:29.450781,791.35,569544.0,974371.0
2025-06-18 11:12:30.197460,791.35,569544.0,974371.0
2025-06-18 11:12:33.182211,791.3,569544.0,974371.0
2025-06-18 11:12:34.753143,791.35,565118.0,974721.0
2025-06-18 11:12:37.181288,791.35,565118.0,974721.0
2025-06-18 11:12:39.181967,791.4,565118.0,974721.0
2025-06-18 11:12:39.973578,791.35,565655.0,974007.0
2025-06-18 11:12:41.222676,791.35,565655.0,974007.0
2025-06-18 11:12:43.184814,791.4,565655.0,974007.0
2025-06-18 11:12:44.965548,791.4,566005.0,973867.0
2025-06-18 11:12:45.183271,791.35,566005.0,973867.0
2025-06-18 11:12:46.186596,791.35,566005.0,973867.0
2025-06-18 11:12:47.564243,791.35,566005.0,973867.0
2025-06-18 11:12:48.187853,791.35,566005.0,973867.0
2025-06-18 11:12:48.628761,791.35,566005.0,973867.0
2025-06-18 11:12:49.534494,791.35,566005.0,973867.0
2025-06-18 11:12:50.064603,791.4,568012.0,970815.0
2025-06-18 11:12:50.454848,791.4,568012.0,970815.0
2025-06-18 11:12:51.183404,791.5,568012.0,970815.0
2025-06-18 11:12:51.315772,791.5,568012.0,970815.0
2025-06-18 11:12:52.102694,791.5,568012.0,970815.0
2025-06-18 11:12:52.189675,791.5,568012.0,970815.0
2025-06-18 11:12:53.073147,791.5,568012.0,970815.0
2025-06-18 11:12:54.045715,791.5,568012.0,970815.0
2025-06-18 11:12:54.188621,791.4,568012.0,970815.0
2025-06-18 11:12:54.523355,791.4,568012.0,970815.0
2025-06-18 11:12:55.804414,791.4,568012.0,970815.0
2025-06-18 11:12:55.806698,791.4,568271.0,969504.0
2025-06-18 11:12:56.188438,791.5,568271.0,969504.0
2025-06-18 11:12:57.014394,791.5,568271.0,969504.0
2025-06-18 11:12:57.883963,791.5,568271.0,969504.0
2025-06-18 11:12:58.193783,791.5,568271.0,969504.0
2025-06-18 11:12:59.289486,791.5,568271.0,969504.0
2025-06-18 11:13:00.197812,791.5,568271.0,969504.0
2025-06-18 11:13:00.402765,791.5,568271.0,969504.0
2025-06-18 11:13:01.078319,791.5,571444.0,969100.0
2025-06-18 11:13:01.575724,791.5,571444.0,969100.0
2025-06-18 11:13:02.187978,791.4,571444.0,969100.0
2025-06-18 11:13:03.036667,791.4,571444.0,969100.0
2025-06-18 11:13:04.191432,791.4,571444.0,969100.0
2025-06-18 11:13:06.076297,791.5,571076.0,969615.0
2025-06-18 11:13:07.185110,791.4,571076.0,969615.0
2025-06-18 11:13:10.188504,791.4,571076.0,969615.0
2025-06-18 11:13:10.980000,791.5,570822.0,970120.0
2025-06-18 11:13:12.192229,791.4,570822.0,970120.0
2025-06-18 11:13:15.781978,791.5,570366.0,970599.0
2025-06-18 11:13:17.188417,791.5,570366.0,970599.0
2025-06-18 11:13:19.187246,791.3,570366.0,970599.0
2025-06-18 11:13:20.191085,791.35,570366.0,970599.0
2025-06-18 11:13:20.583092,791.35,569341.0,975372.0
2025-06-18 11:13:22.195826,791.35,569341.0,975372.0
2025-06-18 11:13:24.193264,791.4,569341.0,975372.0
2025-06-18 11:13:25.586724,791.4,569336.0,974440.0
2025-06-18 11:13:26.193424,791.3,569336.0,974440.0
2025-06-18 11:13:28.193023,791.35,569336.0,974440.0
2025-06-18 11:13:30.196409,791.3,569336.0,974440.0
2025-06-18 11:13:30.491217,791.35,569124.0,975038.0
2025-06-18 11:13:32.189512,791.2,569124.0,975038.0
2025-06-18 11:13:35.186500,791.25,569124.0,975038.0
2025-06-18 11:13:35.400694,791.35,571019.0,972727.0
2025-06-18 11:13:36.193301,791.3,571019.0,972727.0
2025-06-18 11:13:38.191514,791.35,571019.0,972727.0
2025-06-18 11:13:40.697114,791.25,569542.0,972335.0
2025-06-18 11:13:41.190014,791.15,569542.0,972335.0
2025-06-18 11:13:42.194706,791.15,569542.0,972335.0
2025-06-18 11:13:44.197581,791.25,569542.0,972335.0
2025-06-18 11:13:45.899737,791.45,569930.0,972783.0
2025-06-18 11:13:47.195234,791.25,569930.0,972783.0
2025-06-18 11:13:49.188157,791.25,569930.0,972783.0
2025-06-18 11:13:50.206301,791.15,569930.0,972783.0
2025-06-18 11:13:50.601050,791.4,568985.0,973816.0
2025-06-18 11:13:52.195960,791.15,568985.0,973816.0
2025-06-18 11:13:55.189246,791.4,568985.0,973816.0
2025-06-18 11:13:55.700790,791.4,568846.0,974327.0
2025-06-18 11:13:56.195344,791.15,568846.0,974327.0
2025-06-18 11:13:58.193448,791.15,568846.0,974327.0
2025-06-18 11:14:01.010040,791.15,568607.0,973278.0
2025-06-18 11:14:02.194465,791.2,568607.0,973278.0
2025-06-18 11:14:04.197639,791.2,568607.0,973278.0
2025-06-18 11:14:05.908156,791.2,569852.0,975111.0
2025-06-18 11:14:07.188656,791.15,569852.0,975111.0
2025-06-18 11:14:10.197348,791.35,569852.0,975111.0
2025-06-18 11:14:10.914173,791.35,571016.0,973504.0
2025-06-18 11:14:13.226176,791.1,571016.0,973504.0
2025-06-18 11:14:14.197943,791.2,571016.0,973504.0
2025-06-18 11:14:16.031626,791.25,570069.0,974416.0
2025-06-18 11:14:17.197929,791.35,570069.0,974416.0
2025-06-18 11:14:20.821124,791.3,570501.0,973308.0
2025-06-18 11:14:23.190190,791.45,570501.0,973308.0
2025-06-18 11:14:25.193398,791.45,570501.0,973308.0
2025-06-18 11:14:25.821404,791.45,578242.0,967511.0
2025-06-18 11:14:27.202192,791.5,578242.0,967511.0
2025-06-18 11:14:29.192277,791.65,578242.0,967511.0
2025-06-18 11:14:31.128706,791.65,574655.0,968228.0
2025-06-18 11:14:31.189813,791.4,574655.0,968228.0
2025-06-18 11:14:33.190042,791.8,574655.0,968228.0
2025-06-18 11:14:35.192430,791.65,574655.0,968228.0
2025-06-18 11:14:36.430265,791.65,575666.0,968403.0
2025-06-18 11:14:37.219779,791.55,575666.0,968403.0
2025-06-18 11:14:41.196406,791.55,575666.0,968403.0
2025-06-18 11:14:41.333201,791.55,577106.0,971098.0
2025-06-18 11:14:43.202632,791.45,577106.0,971098.0
2025-06-18 11:14:46.739090,791.4,576480.0,971691.0
2025-06-18 11:14:47.196409,791.6,576480.0,971691.0
2025-06-18 11:14:51.193486,791.55,576480.0,971691.0
2025-06-18 11:14:52.245778,791.4,575652.0,973333.0
2025-06-18 11:14:53.213235,791.6,575652.0,973333.0
2025-06-18 11:14:56.199920,791.6,575652.0,973333.0
2025-06-18 11:14:57.748624,791.5,573470.0,975224.0
2025-06-18 11:14:58.215880,791.3,573470.0,975224.0
2025-06-18 11:15:00.198315,791.45,573470.0,975224.0
2025-06-18 11:15:01.850204,791.4,572240.0,976329.0
2025-06-18 11:15:02.194966,791.35,572240.0,976329.0
2025-06-18 11:15:02.949220,791.35,572131.0,978589.0
2025-06-18 11:15:03.190552,791.3,572131.0,978589.0
2025-06-18 11:15:03.850815,791.4,572298.0,978463.0
2025-06-18 11:15:04.191797,791.3,572298.0,978463.0
2025-06-18 11:15:04.849495,791.3,572827.0,977338.0
2025-06-18 11:15:06.912439,791.4,572425.0,977168.0
2025-06-18 11:15:06.954863,791.35,572425.0,977168.0
2025-06-18 11:15:06.965176,791.4,572908.0,976904.0
2025-06-18 11:15:07.191181,791.35,572908.0,976904.0
2025-06-18 11:15:07.951738,791.35,573177.0,975471.0
2025-06-18 11:15:10.434030,791.15,571886.0,975876.0
2025-06-18 11:15:10.475143,791.2,571886.0,975876.0
2025-06-18 11:15:10.477523,791.45,572628.0,974819.0
2025-06-18 11:15:10.512513,791.5,572628.0,974819.0
2025-06-18 11:15:10.954385,791.5,573064.0,973351.0
2025-06-18 11:15:11.193994,791.3,573064.0,973351.0
2025-06-18 11:15:11.856166,791.2,572760.0,976197.0
2025-06-18 11:15:12.192871,791.2,572760.0,976197.0
2025-06-18 11:15:12.958224,791.45,573087.0,975269.0
2025-06-18 11:15:13.190021,791.2,573087.0,975269.0
2025-06-18 11:15:13.956900,791.2,573360.0,975020.0
2025-06-18 11:15:14.203866,791.5,573360.0,975020.0
2025-06-18 11:15:14.957497,791.6,575063.0,973116.0
2025-06-18 11:15:15.208914,791.6,575063.0,973116.0
2025-06-18 11:15:16.065699,791.6,575214.0,972924.0
2025-06-18 11:15:16.196621,791.5,575214.0,972924.0
2025-06-18 11:15:17.160203,791.5,576315.0,970434.0
2025-06-18 11:15:17.203416,791.5,576315.0,970434.0
2025-06-18 11:15:18.195976,791.3,576315.0,970434.0
2025-06-18 11:15:18.260881,791.3,575045.0,971387.0
2025-06-18 11:15:19.197799,791.35,575045.0,971387.0
2025-06-18 11:15:19.363772,791.6,574930.0,971648.0
2025-06-18 11:15:20.195046,791.35,574930.0,971648.0
2025-06-18 11:15:20.460387,791.35,575089.0,971676.0
2025-06-18 11:15:21.190570,791.6,575089.0,971676.0
2025-06-18 11:15:21.569344,791.25,575645.0,970023.0
2025-06-18 11:15:22.193925,791.6,575645.0,970023.0
2025-06-18 11:15:22.673321,791.65,576820.0,969214.0
2025-06-18 11:15:23.194584,791.65,576820.0,969214.0
2025-06-18 11:15:23.763292,791.65,573142.0,973116.0
2025-06-18 11:15:24.192199,791.35,573142.0,973116.0
2025-06-18 11:15:24.764370,791.35,573671.0,973923.0
2025-06-18 11:15:25.198382,791.4,573671.0,973923.0
2025-06-18 11:15:25.865359,791.4,574192.0,974436.0
2025-06-18 11:15:26.195479,791.35,574192.0,974436.0
2025-06-18 11:15:26.964575,791.5,574241.0,974885.0
2025-06-18 11:15:27.196396,791.4,574241.0,974885.0
2025-06-18 11:15:28.074245,791.4,575256.0,972700.0
2025-06-18 11:15:28.202178,791.5,575256.0,972700.0
2025-06-18 11:15:29.178057,791.55,575376.0,972143.0
2025-06-18 11:15:29.203371,791.55,575376.0,972143.0
2025-06-18 11:15:30.191268,791.5,575376.0,972143.0
2025-06-18 11:15:30.269676,791.5,573708.0,976362.0
2025-06-18 11:15:31.194914,791.5,573708.0,976362.0
2025-06-18 11:15:31.368648,791.5,573949.0,975490.0
2025-06-18 11:15:32.194205,791.5,573949.0,975490.0
2025-06-18 11:15:32.467546,791.5,574555.0,975365.0
2025-06-18 11:15:33.195402,791.5,574555.0,975365.0
2025-06-18 11:15:33.572590,791.5,574364.0,975374.0
2025-06-18 11:15:34.212631,791.35,574364.0,975374.0
2025-06-18 11:15:34.681391,791.5,574098.0,974985.0
2025-06-18 11:15:35.196409,791.5,574098.0,974985.0
2025-06-18 11:15:35.773989,791.5,574281.0,975238.0
2025-06-18 11:15:36.192427,791.5,574281.0,975238.0
2025-06-18 11:15:36.929061,791.5,574247.0,974329.0
2025-06-18 11:15:37.224156,791.55,574247.0,974329.0
2025-06-18 11:15:37.876287,791.6,574976.0,972793.0
2025-06-18 11:15:38.202046,791.45,574976.0,972793.0
2025-06-18 11:15:38.979278,791.6,574941.0,972337.0
2025-06-18 11:15:39.196652,791.6,574941.0,972337.0
2025-06-18 11:15:39.978253,791.6,575326.0,972330.0
2025-06-18 11:15:40.195204,791.6,575326.0,972330.0
2025-06-18 11:15:40.980382,791.6,575295.0,972141.0
2025-06-18 11:15:41.198533,791.5,575295.0,972141.0
2025-06-18 11:15:41.907919,791.5,575325.0,972135.0
2025-06-18 11:15:42.978672,791.65,575655.0,970409.0
2025-06-18 11:15:43.197627,791.5,575655.0,970409.0
2025-06-18 11:15:44.077831,791.5,575717.0,970048.0
2025-06-18 11:15:44.200854,791.7,575717.0,970048.0
2025-06-18 11:15:45.178201,791.7,575525.0,971898.0
2025-06-18 11:15:46.189302,791.55,576085.0,969833.0
2025-06-18 11:15:46.211414,791.55,576085.0,969833.0
2025-06-18 11:15:47.279575,791.55,576146.0,970121.0
2025-06-18 11:15:48.070239,791.55,576146.0,970121.0
2025-06-18 11:15:48.196200,791.75,576146.0,970121.0
2025-06-18 11:15:48.380699,791.8,580069.0,966561.0
2025-06-18 11:15:49.095891,791.8,580069.0,966561.0
2025-06-18 11:15:49.197383,791.75,580069.0,966561.0
2025-06-18 11:15:49.480799,791.75,579667.0,968249.0
2025-06-18 11:15:50.013604,791.75,579667.0,968249.0
2025-06-18 11:15:50.197655,791.75,579667.0,968249.0
2025-06-18 11:15:50.481804,791.75,577788.0,968293.0
2025-06-18 11:15:50.941078,791.75,577788.0,968293.0
2025-06-18 11:15:51.199570,791.8,577788.0,968293.0
2025-06-18 11:15:51.481855,791.8,577881.0,968709.0
2025-06-18 11:15:51.780547,791.8,577881.0,968709.0
2025-06-18 11:15:52.195349,791.8,577881.0,968709.0
2025-06-18 11:15:52.484986,791.8,577971.0,968703.0
2025-06-18 11:15:52.564939,791.8,577971.0,968703.0
2025-06-18 11:15:53.192851,791.8,577971.0,968703.0
2025-06-18 11:15:53.571959,791.8,577971.0,968703.0
2025-06-18 11:15:53.585797,791.8,578067.0,968941.0
2025-06-18 11:15:54.134473,791.8,578067.0,968941.0
2025-06-18 11:15:54.196853,791.75,578067.0,968941.0
2025-06-18 11:15:54.540350,791.75,578067.0,968941.0
2025-06-18 11:15:54.685698,791.75,578848.0,967690.0
2025-06-18 11:15:55.035901,791.75,578848.0,967690.0
2025-06-18 11:15:55.194912,791.8,578848.0,967690.0
2025-06-18 11:15:55.406078,791.8,578848.0,967690.0
2025-06-18 11:15:55.685840,791.8,579010.0,967507.0
2025-06-18 11:15:56.198275,791.85,579010.0,967507.0
2025-06-18 11:15:56.300243,791.85,579010.0,967507.0
2025-06-18 11:15:56.685063,791.75,580096.0,967257.0
2025-06-18 11:15:57.199294,791.75,580096.0,967257.0
2025-06-18 11:15:57.553789,791.75,580096.0,967257.0
2025-06-18 11:15:57.684797,791.75,580247.0,967425.0
2025-06-18 11:15:58.241670,791.75,580247.0,967425.0
2025-06-18 11:15:58.410952,791.75,580247.0,967425.0
2025-06-18 11:15:58.687708,791.85,580322.0,967258.0
2025-06-18 11:15:59.194049,791.75,580322.0,967258.0
2025-06-18 11:15:59.586188,791.75,580194.0,964076.0
2025-06-18 11:16:00.114949,791.75,580194.0,964076.0
2025-06-18 11:16:00.194256,791.85,580194.0,964076.0
2025-06-18 11:16:00.785517,791.6,580939.0,966952.0
2025-06-18 11:16:01.249821,791.6,580939.0,966952.0
2025-06-18 11:16:02.399469,791.6,580939.0,966952.0
2025-06-18 11:16:03.198771,791.6,580939.0,966952.0
2025-06-18 11:16:03.864927,791.6,580939.0,966952.0
2025-06-18 11:16:04.201797,791.75,580939.0,966952.0
2025-06-18 11:16:06.089384,791.95,580811.0,964725.0
2025-06-18 11:16:07.201073,791.7,580811.0,964725.0
2025-06-18 11:16:08.733488,791.9,580811.0,964725.0
2025-06-18 11:16:10.475912,791.75,580811.0,964725.0
2025-06-18 11:16:11.396954,791.85,575717.0,966177.0
2025-06-18 11:16:13.200610,791.85,575717.0,966177.0
2025-06-18 11:16:14.203654,791.75,575717.0,966177.0
2025-06-18 11:16:16.899603,791.75,581631.0,971621.0
2025-06-18 11:16:17.205503,791.7,581631.0,971621.0
2025-06-18 11:16:18.211371,791.7,581631.0,971621.0
2025-06-18 11:16:20.209418,791.7,581631.0,971621.0
2025-06-18 11:16:22.002052,791.75,581808.0,967940.0
2025-06-18 11:16:22.216545,791.7,581808.0,967940.0
2025-06-18 11:16:24.210374,791.8,581808.0,967940.0
2025-06-18 11:16:26.207574,791.8,581808.0,967940.0
2025-06-18 11:16:27.105509,791.75,582312.0,968776.0
2025-06-18 11:16:29.206095,791.7,582312.0,968776.0
2025-06-18 11:16:31.200992,791.75,582312.0,968776.0
2025-06-18 11:16:32.010536,791.75,580701.0,971105.0
2025-06-18 11:16:32.209008,791.75,580701.0,971105.0
2025-06-18 11:16:34.237354,791.8,580701.0,971105.0
2025-06-18 11:16:37.204752,791.65,580701.0,971105.0
2025-06-18 11:16:37.313600,791.65,580270.0,971846.0
2025-06-18 11:16:40.292805,791.5,580270.0,971846.0
2025-06-18 11:16:42.214650,791.5,580270.0,971846.0
2025-06-18 11:16:42.517073,791.5,579122.0,971332.0
2025-06-18 11:16:45.209072,791.75,579122.0,971332.0
2025-06-18 11:16:46.211212,791.7,579122.0,971332.0
2025-06-18 11:16:47.719309,791.8,580650.0,969378.0
2025-06-18 11:16:49.206930,791.7,580650.0,969378.0
2025-06-18 11:16:52.823936,791.7,580002.0,970415.0
2025-06-18 11:16:53.208726,791.7,580002.0,970415.0
2025-06-18 11:16:55.208927,791.65,580002.0,970415.0
2025-06-18 11:16:57.208693,791.7,580002.0,970415.0
2025-06-18 11:16:57.924556,791.7,574991.0,971208.0
2025-06-18 11:17:00.416203,791.5,574991.0,971208.0
2025-06-18 11:17:01.202537,791.55,574991.0,971208.0
2025-06-18 11:17:01.627225,791.55,574984.0,972588.0
2025-06-18 11:17:02.208322,791.55,574984.0,972588.0
2025-06-18 11:17:02.726164,791.55,575729.0,973038.0
2025-06-18 11:17:03.202201,791.5,575729.0,973038.0
2025-06-18 11:17:03.824395,791.5,575060.0,973485.0
2025-06-18 11:17:04.210755,791.5,575060.0,973485.0
2025-06-18 11:17:04.726635,791.5,574704.0,976542.0
2025-06-18 11:17:05.205657,791.45,574704.0,976542.0
2025-06-18 11:17:05.728560,791.3,575046.0,976737.0
2025-06-18 11:17:06.208216,791.45,575046.0,976737.0
2025-06-18 11:17:06.727861,791.45,574498.0,976566.0
2025-06-18 11:17:07.206020,791.45,574498.0,976566.0
2025-06-18 11:17:07.728890,791.35,573933.0,976316.0
2025-06-18 11:17:08.205653,791.35,573933.0,976316.0
2025-06-18 11:17:08.827347,791.35,571558.0,976254.0
2025-06-18 11:17:09.206064,791.35,571558.0,976254.0
2025-06-18 11:17:09.729142,791.3,571467.0,975927.0
2025-06-18 11:17:10.207915,791.3,571467.0,975927.0
2025-06-18 11:17:10.729814,791.35,570057.0,975926.0
2025-06-18 11:17:11.208288,791.3,570057.0,975926.0
2025-06-18 11:17:11.829922,791.3,571355.0,976035.0
2025-06-18 11:17:12.205025,791.3,571355.0,976035.0
2025-06-18 11:17:12.831023,791.3,571515.0,976461.0
2025-06-18 11:17:13.832682,791.35,571434.0,976422.0
2025-06-18 11:17:14.208092,791.35,571434.0,976422.0
2025-06-18 11:17:14.949297,791.3,571707.0,976475.0
2025-06-18 11:17:15.208367,791.3,571707.0,976475.0
2025-06-18 11:17:16.033257,791.65,571002.0,971282.0
2025-06-18 11:17:16.204985,791.6,571002.0,971282.0
2025-06-18 11:17:17.132079,791.6,574066.0,972755.0
2025-06-18 11:17:17.207006,791.35,574066.0,972755.0
2025-06-18 11:17:18.250532,791.35,574316.0,972352.0
2025-06-18 11:17:19.207031,791.4,574316.0,972352.0
2025-06-18 11:17:19.234652,791.4,576639.0,971516.0
2025-06-18 11:17:20.208644,791.6,576639.0,971516.0
2025-06-18 11:17:20.334875,791.6,576573.0,973145.0
2025-06-18 11:17:21.207857,791.6,576573.0,973145.0
2025-06-18 11:17:21.334977,791.6,576292.0,973614.0
2025-06-18 11:17:22.207553,791.55,576292.0,973614.0
2025-06-18 11:17:22.438212,791.55,576573.0,973874.0
2025-06-18 11:17:23.206399,791.55,576573.0,973874.0
2025-06-18 11:17:23.439578,791.55,576573.0,974024.0
2025-06-18 11:17:24.205769,791.4,576573.0,974024.0
2025-06-18 11:17:24.439471,791.6,576657.0,973349.0
2025-06-18 11:17:25.208617,791.4,576657.0,973349.0
2025-06-18 11:17:25.442908,791.4,577800.0,971619.0
2025-06-18 11:17:26.208633,791.6,577800.0,971619.0
2025-06-18 11:17:26.441240,791.6,578071.0,972833.0
2025-06-18 11:17:27.206808,791.4,578071.0,972833.0
2025-06-18 11:17:27.440353,791.6,577844.0,973402.0
2025-06-18 11:17:28.208118,791.45,577844.0,973402.0
2025-06-18 11:17:28.439365,791.45,577037.0,974033.0
2025-06-18 11:17:29.208468,791.45,577037.0,974033.0
2025-06-18 11:17:29.941844,791.45,577250.0,974420.0
2025-06-18 11:17:30.208210,791.35,577250.0,974420.0
2025-06-18 11:17:30.845162,791.35,576887.0,974738.0
2025-06-18 11:17:31.208259,791.45,576887.0,974738.0
2025-06-18 11:17:31.944751,791.5,576376.0,975057.0
2025-06-18 11:17:32.208495,791.5,576376.0,975057.0
2025-06-18 11:17:33.097131,791.45,576793.0,976551.0
2025-06-18 11:17:33.209741,791.3,576793.0,976551.0
2025-06-18 11:17:34.151938,791.45,576134.0,977180.0
2025-06-18 11:17:34.207765,791.45,576134.0,977180.0
2025-06-18 11:17:35.176137,791.5,576500.0,976176.0
2025-06-18 11:17:35.208805,791.3,576500.0,976176.0
2025-06-18 11:17:36.208535,791.35,576500.0,976176.0
2025-06-18 11:17:36.248408,791.35,578575.0,976490.0
2025-06-18 11:17:37.207267,791.6,578575.0,976490.0
2025-06-18 11:17:37.355572,791.6,579359.0,975447.0
2025-06-18 11:17:38.207709,791.5,579359.0,975447.0
2025-06-18 11:17:38.349230,791.5,578946.0,975160.0
2025-06-18 11:17:39.210049,791.6,578946.0,975160.0
2025-06-18 11:17:39.447516,791.6,578196.0,974995.0
2025-06-18 11:17:40.208048,791.5,578196.0,974995.0
2025-06-18 11:17:40.350840,791.5,579572.0,974874.0
2025-06-18 11:17:41.215448,791.55,579572.0,974874.0
2025-06-18 11:17:41.351646,791.5,577758.0,974238.0
2025-06-18 11:17:42.208904,791.35,577758.0,974238.0
2025-06-18 11:17:42.450768,791.35,577567.0,974882.0
2025-06-18 11:17:43.211772,791.6,577567.0,974882.0
2025-06-18 11:17:43.554947,791.6,577202.0,975419.0
2025-06-18 11:17:44.208993,791.6,577202.0,975419.0
2025-06-18 11:17:44.655339,791.6,577955.0,975456.0
2025-06-18 11:17:45.207214,791.6,577955.0,975456.0
2025-06-18 11:17:45.751415,791.6,578544.0,974956.0
2025-06-18 11:17:46.209118,791.5,578544.0,974956.0
2025-06-18 11:17:46.853304,791.5,568918.0,976636.0
2025-06-18 11:17:47.211125,791.35,568918.0,976636.0
2025-06-18 11:17:47.853196,791.35,577220.0,976846.0
2025-06-18 11:17:48.862451,791.35,577267.0,976579.0
2025-06-18 11:17:49.207173,791.35,577267.0,976579.0
2025-06-18 11:17:49.855021,791.35,577006.0,976318.0
2025-06-18 11:17:50.856647,791.55,577522.0,975192.0
2025-06-18 11:17:51.230379,791.5,577522.0,975192.0
2025-06-18 11:17:51.956590,791.5,577901.0,975927.0
2025-06-18 11:17:52.206574,791.5,577901.0,975927.0
2025-06-18 11:17:53.066127,791.55,578119.0,976128.0
2025-06-18 11:17:53.206813,791.5,578119.0,976128.0
2025-06-18 11:17:54.103051,791.5,578097.0,975875.0
2025-06-18 11:17:54.971771,791.5,578248.0,975844.0
2025-06-18 11:17:56.065256,791.6,579607.0,973267.0
2025-06-18 11:17:56.208033,791.6,579607.0,973267.0
2025-06-18 11:17:57.165327,791.6,579467.0,973233.0
2025-06-18 11:17:57.211531,791.6,579467.0,973233.0
2025-06-18 11:17:58.261018,791.6,579319.0,973100.0
2025-06-18 11:17:59.209490,791.6,579319.0,973100.0
2025-06-18 11:17:59.264904,791.6,579042.0,972957.0
2025-06-18 11:18:00.237392,791.65,579042.0,972957.0
2025-06-18 11:18:00.363337,791.65,579352.0,973427.0
2025-06-18 11:18:01.667149,791.65,579526.0,972420.0
2025-06-18 11:18:02.243991,791.6,579526.0,972420.0
2025-06-18 11:18:02.665201,791.6,579547.0,972613.0
2025-06-18 11:18:03.668478,791.65,579712.0,971452.0
2025-06-18 11:18:04.208167,791.6,579712.0,971452.0
2025-06-18 11:18:04.577268,791.6,581561.0,973033.0
2025-06-18 11:18:05.217336,791.6,581561.0,973033.0
2025-06-18 11:18:05.465601,791.65,581730.0,972508.0
2025-06-18 11:18:06.213415,791.55,581730.0,972508.0
2025-06-18 11:18:06.577754,791.55,581720.0,973696.0
2025-06-18 11:18:07.214866,791.55,581720.0,973696.0
2025-06-18 11:18:08.233647,791.65,581720.0,973696.0
2025-06-18 11:18:08.266618,791.65,581691.0,973420.0
2025-06-18 11:18:09.169144,791.65,581780.0,973700.0
2025-06-18 11:18:09.207781,791.55,581780.0,973700.0
2025-06-18 11:18:10.485208,791.35,570138.0,981509.0
2025-06-18 11:18:10.488606,791.35,570138.0,981509.0
2025-06-18 11:18:11.107223,791.15,549672.0,982845.0
2025-06-18 11:18:11.216128,791.1,549672.0,982845.0
2025-06-18 11:18:12.170379,791.2,565167.0,982727.0
2025-06-18 11:18:12.212060,791.1,565167.0,982727.0
2025-06-18 11:18:13.239632,791.1,565167.0,982727.0
2025-06-18 11:18:13.270414,791.1,562817.0,982641.0
2025-06-18 11:18:14.207159,791.1,562817.0,982641.0
2025-06-18 11:18:14.271241,791.1,558941.0,982785.0
2025-06-18 11:18:15.208597,791.05,558941.0,982785.0
2025-06-18 11:18:15.372035,791.0,550221.0,983088.0
2025-06-18 11:18:16.207358,791.05,550221.0,983088.0
2025-06-18 11:18:16.476817,791.0,560334.0,985023.0
2025-06-18 11:18:17.207285,791.05,560334.0,985023.0
2025-06-18 11:18:17.472771,791.0,561366.0,984149.0
2025-06-18 11:18:18.208984,791.05,561366.0,984149.0
2025-06-18 11:18:18.473697,791.1,565416.0,983913.0
2025-06-18 11:18:19.212097,791.0,565416.0,983913.0
2025-06-18 11:18:19.474643,791.3,566802.0,980268.0
2025-06-18 11:18:20.211965,791.0,566802.0,980268.0
2025-06-18 11:18:20.475086,791.1,566587.0,983604.0
2025-06-18 11:18:21.263524,791.1,566587.0,983604.0
2025-06-18 11:18:21.474099,791.1,566838.0,983434.0
2025-06-18 11:18:22.206279,791.1,566838.0,983434.0
2025-06-18 11:18:22.475458,791.1,566676.0,983556.0
2025-06-18 11:18:23.206631,791.0,566676.0,983556.0
2025-06-18 11:18:23.478156,791.0,566406.0,984006.0
2025-06-18 11:18:24.207620,791.0,566406.0,984006.0
2025-06-18 11:18:24.477599,791.0,564343.0,984697.0
2025-06-18 11:18:25.209899,791.0,564343.0,984697.0
2025-06-18 11:18:25.477635,791.0,564692.0,984599.0
2025-06-18 11:18:26.209641,791.0,564692.0,984599.0
2025-06-18 11:18:26.479612,791.0,564356.0,984607.0
2025-06-18 11:18:27.208872,791.0,564356.0,984607.0
2025-06-18 11:18:27.480350,791.0,564293.0,983457.0
2025-06-18 11:18:28.259122,791.0,564293.0,983457.0
2025-06-18 11:18:28.480729,791.0,564734.0,984556.0
2025-06-18 11:18:29.226127,791.1,564734.0,984556.0
2025-06-18 11:18:29.591346,791.0,564732.0,983949.0
2025-06-18 11:18:30.208545,791.1,564732.0,983949.0
2025-06-18 11:18:30.596124,791.1,564029.0,983787.0
2025-06-18 11:18:31.208188,791.2,564029.0,983787.0
2025-06-18 11:18:31.596156,791.2,564390.0,982717.0
2025-06-18 11:18:32.214610,791.1,564390.0,982717.0
2025-06-18 11:18:32.685115,791.1,564844.0,983156.0
2025-06-18 11:18:33.240160,791.3,564844.0,983156.0
2025-06-18 11:18:33.785462,791.1,565798.0,982268.0
2025-06-18 11:18:34.922994,791.1,565798.0,982268.0
2025-06-18 11:18:34.964538,791.3,565812.0,981746.0
2025-06-18 11:18:35.214016,791.1,565812.0,981746.0
2025-06-18 11:18:35.889020,791.3,565918.0,982047.0
2025-06-18 11:18:36.208415,791.25,565918.0,982047.0
2025-06-18 11:18:36.985109,791.25,567104.0,981429.0
2025-06-18 11:18:37.214419,791.25,567104.0,981429.0
2025-06-18 11:18:38.186704,791.3,566893.0,980484.0
2025-06-18 11:18:38.218630,791.4,566893.0,980484.0
2025-06-18 11:18:39.089896,791.4,564817.0,980615.0
2025-06-18 11:18:39.206237,791.25,564817.0,980615.0
2025-06-18 11:18:40.095203,791.25,564728.0,981281.0
2025-06-18 11:18:40.209437,791.25,564728.0,981281.0
2025-06-18 11:18:41.186093,791.25,564833.0,981903.0
2025-06-18 11:18:41.208333,791.25,564833.0,981903.0
2025-06-18 11:18:42.208064,791.25,564833.0,981903.0
2025-06-18 11:18:42.287405,791.25,564833.0,983690.0
2025-06-18 11:18:43.186657,791.1,564380.0,984133.0
2025-06-18 11:18:43.212714,791.1,564380.0,984133.0
2025-06-18 11:18:44.215600,791.25,564380.0,984133.0
2025-06-18 11:18:44.285818,791.25,564453.0,983973.0
2025-06-18 11:18:45.207136,791.1,564453.0,983973.0
2025-06-18 11:18:45.286397,791.35,563962.0,982520.0
2025-06-18 11:18:46.207278,791.25,563962.0,982520.0
2025-06-18 11:18:46.285915,791.25,563056.0,983756.0
2025-06-18 11:18:47.228578,791.1,563056.0,983756.0
2025-06-18 11:18:47.386773,791.1,562965.0,983950.0
2025-06-18 11:18:48.208854,791.1,562965.0,983950.0
2025-06-18 11:18:48.473522,791.1,562965.0,983950.0
2025-06-18 11:18:48.507601,791.1,562933.0,983940.0
2025-06-18 11:18:49.212275,791.1,562933.0,983940.0
2025-06-18 11:18:49.552314,791.1,562933.0,983940.0
2025-06-18 11:18:49.599603,791.1,563100.0,983268.0
2025-06-18 11:18:50.209225,791.15,563100.0,983268.0
2025-06-18 11:18:50.463966,791.15,563100.0,983268.0
2025-06-18 11:18:50.597508,791.15,565430.0,985276.0
2025-06-18 11:18:51.208589,791.1,565430.0,985276.0
2025-06-18 11:18:51.404662,791.1,565430.0,985276.0
2025-06-18 11:18:51.690361,791.1,565398.0,985195.0
2025-06-18 11:18:52.215933,791.1,565398.0,985195.0
2025-06-18 11:18:52.257050,791.1,565398.0,985195.0
2025-06-18 11:18:52.692861,791.15,566191.0,984444.0
2025-06-18 11:18:53.038529,791.15,566191.0,984444.0
2025-06-18 11:18:53.207342,791.1,566191.0,984444.0
2025-06-18 11:18:53.792566,791.1,566010.0,984534.0
2025-06-18 11:18:54.058046,791.1,566010.0,984534.0
2025-06-18 11:18:54.207554,791.25,566010.0,984534.0
2025-06-18 11:18:54.624588,791.25,566010.0,984534.0
2025-06-18 11:18:54.692326,791.25,566103.0,983623.0
2025-06-18 11:18:55.034444,791.25,566103.0,983623.0
2025-06-18 11:18:55.206929,791.1,566103.0,983623.0
2025-06-18 11:18:55.519379,791.1,566103.0,983623.0
2025-06-18 11:18:55.693852,791.3,564065.0,983906.0
2025-06-18 11:18:55.892064,791.3,564065.0,983906.0
2025-06-18 11:18:56.216715,791.1,564065.0,983906.0
2025-06-18 11:18:56.694699,791.1,565883.0,984277.0
2025-06-18 11:18:56.789890,791.1,565883.0,984277.0
2025-06-18 11:18:57.211173,791.25,565883.0,984277.0
2025-06-18 11:18:57.693711,791.25,565655.0,984573.0
2025-06-18 11:18:58.063352,791.25,565655.0,984573.0
2025-06-18 11:18:58.209736,791.1,565655.0,984573.0
2025-06-18 11:18:58.698005,791.1,565570.0,985631.0
2025-06-18 11:18:58.899284,791.1,565570.0,985631.0
2025-06-18 11:18:59.695665,791.15,565070.0,985187.0
2025-06-18 11:19:00.212579,791.15,565070.0,985187.0
2025-06-18 11:19:00.283218,791.15,565070.0,985187.0
2025-06-18 11:19:00.792528,791.15,565626.0,984216.0
2025-06-18 11:19:01.223184,791.0,565626.0,984216.0
2025-06-18 11:19:01.563491,791.0,565626.0,984216.0
2025-06-18 11:19:01.898128,791.0,561878.0,983485.0
2025-06-18 11:19:02.213199,791.1,561878.0,983485.0
2025-06-18 11:19:02.720671,791.1,561878.0,983485.0
2025-06-18 11:19:03.212604,791.1,561878.0,983485.0
2025-06-18 11:19:03.396017,791.1,565627.0,985002.0
2025-06-18 11:19:04.190466,791.1,565627.0,985002.0
2025-06-18 11:19:04.221439,791.1,565627.0,985002.0
2025-06-18 11:19:04.399446,791.1,566217.0,985030.0
2025-06-18 11:19:05.214196,791.1,566217.0,985030.0
2025-06-18 11:19:05.295534,791.1,566144.0,985040.0
2025-06-18 11:19:06.210527,791.15,566144.0,985040.0
2025-06-18 11:19:06.297501,791.15,566271.0,984711.0
2025-06-18 11:19:07.215479,791.15,566271.0,984711.0
2025-06-18 11:19:07.297948,791.15,566532.0,984950.0
2025-06-18 11:19:08.214692,791.0,566532.0,984950.0
2025-06-18 11:19:08.298339,791.0,566061.0,985204.0
2025-06-18 11:19:09.210848,791.15,566061.0,985204.0
2025-06-18 11:19:09.399490,791.15,566090.0,985097.0
2025-06-18 11:19:10.212673,791.0,566090.0,985097.0
2025-06-18 11:19:10.400895,791.0,569771.0,985060.0
2025-06-18 11:19:11.210648,791.15,569771.0,985060.0
2025-06-18 11:19:11.400242,791.0,569881.0,985060.0
2025-06-18 11:19:12.209644,791.15,569881.0,985060.0
2025-06-18 11:19:12.500093,791.15,570139.0,984842.0
2025-06-18 11:19:13.217107,791.0,570139.0,984842.0
2025-06-18 11:19:13.613158,791.0,572446.0,982922.0
2025-06-18 11:19:14.702797,791.0,572758.0,984115.0
2025-06-18 11:19:15.803237,791.15,573293.0,983099.0
2025-06-18 11:19:16.213795,791.1,573293.0,983099.0
2025-06-18 11:19:16.805969,791.15,573484.0,983210.0
2025-06-18 11:19:17.212698,791.1,573484.0,983210.0
2025-06-18 11:19:17.807180,791.1,573478.0,983283.0
2025-06-18 11:19:18.212785,791.15,573478.0,983283.0
2025-06-18 11:19:18.806720,791.15,573442.0,983261.0
2025-06-18 11:19:19.212035,791.1,573442.0,983261.0
2025-06-18 11:19:19.807653,791.1,573247.0,982126.0
2025-06-18 11:19:20.213240,791.15,573247.0,982126.0
2025-06-18 11:19:20.710620,791.15,570295.0,983770.0
2025-06-18 11:19:21.212149,791.15,570295.0,983770.0
2025-06-18 11:19:21.808243,791.15,572372.0,983767.0
2025-06-18 11:19:22.214999,791.1,572372.0,983767.0
2025-06-18 11:19:22.809450,791.15,572723.0,983787.0
2025-06-18 11:19:23.213501,791.1,572723.0,983787.0
2025-06-18 11:19:23.809763,791.1,571929.0,983461.0
2025-06-18 11:19:24.912411,791.15,571929.0,983521.0
2025-06-18 11:19:25.212377,791.15,571929.0,983521.0
2025-06-18 11:19:26.012916,791.15,572411.0,981828.0
2025-06-18 11:19:26.215872,791.1,572411.0,981828.0
2025-06-18 11:19:27.010442,791.1,570661.0,982740.0
2025-06-18 11:19:27.215684,791.0,570661.0,982740.0
2025-06-18 11:19:28.111232,791.1,570177.0,982280.0
2025-06-18 11:19:28.217775,791.0,570177.0,982280.0
2025-06-18 11:19:29.212590,791.0,570177.0,982280.0
2025-06-18 11:19:29.220746,791.0,570014.0,982609.0
2025-06-18 11:19:30.215939,791.0,570014.0,982609.0
2025-06-18 11:19:30.312610,791.0,571216.0,982679.0
2025-06-18 11:19:31.216184,791.05,571216.0,982679.0
2025-06-18 11:19:31.314446,791.05,571174.0,982890.0
2025-06-18 11:19:32.209444,791.15,571174.0,982890.0
2025-06-18 11:19:32.316331,791.15,571969.0,982804.0
2025-06-18 11:19:33.210566,791.0,571969.0,982804.0
2025-06-18 11:19:33.313855,791.0,571560.0,981817.0
2025-06-18 11:19:34.241139,791.0,571560.0,981817.0
2025-06-18 11:19:34.322417,791.0,571372.0,983039.0
2025-06-18 11:19:35.215943,791.0,571372.0,983039.0
2025-06-18 11:19:35.315351,791.35,551959.0,979300.0
2025-06-18 11:19:36.215901,791.35,551959.0,979300.0
2025-06-18 11:19:36.313677,791.35,573823.0,979817.0
2025-06-18 11:19:37.216142,791.25,573823.0,979817.0
2025-06-18 11:19:37.418311,791.25,574624.0,979026.0
2025-06-18 11:19:38.235115,791.25,574624.0,979026.0
2025-06-18 11:19:38.515065,791.25,573382.0,979233.0
2025-06-18 11:19:39.222936,791.35,573382.0,979233.0
2025-06-18 11:19:39.618150,791.35,571979.0,979045.0
2025-06-18 11:19:40.217409,791.25,571979.0,979045.0
2025-06-18 11:19:40.521035,791.25,572787.0,979375.0
2025-06-18 11:19:41.213555,791.25,572787.0,979375.0
2025-06-18 11:19:41.518521,791.25,574381.0,979415.0
2025-06-18 11:19:42.256851,791.25,574381.0,979415.0
2025-06-18 11:19:42.520322,791.25,569855.0,982198.0
2025-06-18 11:19:43.234198,791.25,569855.0,982198.0
2025-06-18 11:19:43.629641,791.25,570283.0,981948.0
2025-06-18 11:19:44.221888,791.35,570283.0,981948.0
2025-06-18 11:19:44.619511,791.35,568971.0,981126.0
2025-06-18 11:19:45.210101,791.05,568971.0,981126.0
2025-06-18 11:19:45.521335,791.05,569185.0,984136.0
2025-06-18 11:19:46.214645,791.25,569185.0,984136.0
2025-06-18 11:19:46.620873,791.0,568576.0,981609.0
2025-06-18 11:19:47.215457,791.25,568576.0,981609.0
2025-06-18 11:19:47.626285,791.25,568215.0,982472.0
2025-06-18 11:19:48.220435,791.1,568215.0,982472.0
2025-06-18 11:19:48.626795,791.1,569149.0,983445.0
2025-06-18 11:19:49.267570,791.1,569149.0,983445.0
2025-06-18 11:19:49.628315,791.1,569012.0,983072.0
2025-06-18 11:19:50.223272,791.1,569012.0,983072.0
2025-06-18 11:19:50.630968,791.1,568883.0,985155.0
2025-06-18 11:19:51.222524,791.3,568883.0,985155.0
2025-06-18 11:19:51.626097,791.3,567973.0,983935.0
2025-06-18 11:19:52.216276,791.1,567973.0,983935.0
2025-06-18 11:19:52.625821,791.3,569471.0,983121.0
2025-06-18 11:19:53.221149,791.3,569471.0,983121.0
2025-06-18 11:19:53.626354,791.3,569622.0,983037.0
2025-06-18 11:19:54.211854,791.3,569622.0,983037.0
2025-06-18 11:19:54.627621,791.3,569366.0,983202.0
2025-06-18 11:19:55.217026,791.25,569366.0,983202.0
2025-06-18 11:19:55.629230,791.25,567056.0,984645.0
2025-06-18 11:19:56.209666,791.25,567056.0,984645.0
2025-06-18 11:19:57.012789,791.2,570000.0,984933.0
2025-06-18 11:19:57.214161,791.2,570000.0,984933.0
2025-06-18 11:19:57.631599,791.2,570663.0,984670.0
2025-06-18 11:19:58.216499,791.2,570663.0,984670.0
2025-06-18 11:20:00.433240,791.25,571322.0,983503.0
2025-06-18 11:20:00.481943,791.2,571322.0,983503.0
2025-06-18 11:20:00.512248,791.25,571923.0,983404.0
2025-06-18 11:20:00.519189,791.25,571923.0,983404.0
2025-06-18 11:20:00.734654,791.3,573160.0,983470.0
2025-06-18 11:20:01.233162,791.1,573160.0,983470.0
2025-06-18 11:20:01.833620,791.3,573174.0,982696.0
2025-06-18 11:20:02.239221,791.3,573174.0,982696.0
2025-06-18 11:20:02.834292,791.3,572413.0,982335.0
2025-06-18 11:20:03.215590,791.2,572413.0,982335.0
2025-06-18 11:20:03.837407,791.2,572316.0,982449.0
2025-06-18 11:20:04.211020,791.2,572316.0,982449.0
2025-06-18 11:20:04.838984,791.2,572047.0,982626.0
2025-06-18 11:20:05.222552,791.2,572047.0,982626.0
2025-06-18 11:20:05.840703,791.2,571369.0,984709.0
2025-06-18 11:20:06.213252,791.1,571369.0,984709.0
2025-06-18 11:20:06.842962,791.1,571541.0,982871.0
2025-06-18 11:20:07.212494,791.1,571541.0,982871.0
2025-06-18 11:20:07.846174,791.1,573752.0,984320.0
2025-06-18 11:20:08.213418,791.25,573752.0,984320.0
2025-06-18 11:20:08.843355,791.25,573818.0,984238.0
2025-06-18 11:20:09.216617,791.25,573818.0,984238.0
2025-06-18 11:20:09.842664,791.25,573981.0,984280.0
2025-06-18 11:20:10.216347,791.3,573981.0,984280.0
2025-06-18 11:20:10.845808,791.3,572863.0,982848.0
2025-06-18 11:20:11.213628,791.3,572863.0,982848.0
2025-06-18 11:20:11.944426,791.1,573412.0,986574.0
2025-06-18 11:20:12.211188,791.05,573412.0,986574.0
2025-06-18 11:20:13.044292,791.1,573599.0,986786.0
2025-06-18 11:20:13.210623,791.05,573599.0,986786.0
2025-06-18 11:20:14.152772,791.05,572890.0,987472.0
2025-06-18 11:20:14.210902,791.0,572890.0,987472.0
2025-06-18 11:20:15.192496,791.25,572269.0,984407.0
2025-06-18 11:20:15.211124,791.05,572269.0,984407.0
2025-06-18 11:20:16.156303,791.1,572394.0,985420.0
2025-06-18 11:20:16.213886,791.05,572394.0,985420.0
2025-06-18 11:20:17.211265,791.1,572394.0,985420.0
2025-06-18 11:20:17.250065,791.1,572752.0,985832.0
2025-06-18 11:20:18.220042,791.05,572752.0,985832.0
2025-06-18 11:20:18.348804,791.05,572605.0,985805.0
2025-06-18 11:20:19.242221,791.1,572605.0,985805.0
2025-06-18 11:20:19.350864,791.1,572728.0,986330.0
2025-06-18 11:20:20.214649,791.1,572728.0,986330.0
2025-06-18 11:20:20.351846,791.1,572576.0,986395.0
2025-06-18 11:20:21.235097,791.1,572576.0,986395.0
2025-06-18 11:20:21.354896,791.05,573126.0,986071.0
2025-06-18 11:20:22.210641,791.1,573126.0,986071.0
2025-06-18 11:20:22.355274,791.1,573073.0,986060.0
2025-06-18 11:20:23.248009,791.35,573073.0,986060.0
2025-06-18 11:20:23.354617,791.35,571525.0,983455.0
2025-06-18 11:20:24.210251,791.05,571525.0,983455.0
2025-06-18 11:20:24.357299,791.05,571308.0,984389.0
2025-06-18 11:20:25.212445,791.05,571308.0,984389.0
2025-06-18 11:20:25.356517,791.05,571223.0,984421.0
2025-06-18 11:20:26.210082,791.05,571223.0,984421.0
2025-06-18 11:20:26.757293,791.1,573256.0,984022.0
2025-06-18 11:20:27.216721,791.1,573256.0,984022.0
2025-06-18 11:20:27.758567,791.1,572335.0,984610.0
2025-06-18 11:20:28.759216,791.1,572520.0,984569.0
2025-06-18 11:20:29.220803,791.1,572520.0,984569.0
2025-06-18 11:20:29.859868,791.3,572212.0,984586.0
2025-06-18 11:20:30.213773,791.1,572212.0,984586.0
2025-06-18 11:20:30.858728,791.3,572756.0,984573.0
2025-06-18 11:20:31.217126,791.25,572756.0,984573.0
2025-06-18 11:20:31.859128,791.25,572965.0,984532.0
2025-06-18 11:20:32.863181,791.3,573149.0,984015.0
2025-06-18 11:20:33.211882,791.25,573149.0,984015.0
2025-06-18 11:20:33.959871,791.25,570211.0,985210.0
2025-06-18 11:20:34.217484,791.05,570211.0,985210.0
2025-06-18 11:20:35.062256,791.25,571184.0,986156.0
2025-06-18 11:20:35.211076,791.05,571184.0,986156.0
2025-06-18 11:20:35.963620,791.25,572320.0,984710.0
2025-06-18 11:20:36.218485,791.2,572320.0,984710.0
2025-06-18 11:20:37.069359,791.2,572148.0,984161.0
2025-06-18 11:20:38.165772,791.35,571936.0,983739.0
2025-06-18 11:20:38.214445,791.2,571936.0,983739.0
2025-06-18 11:20:39.212640,791.35,571936.0,983739.0
2025-06-18 11:20:39.264259,791.35,572045.0,982873.0
2025-06-18 11:20:40.167217,791.25,574040.0,982717.0
2025-06-18 11:20:40.222721,791.35,574040.0,982717.0
2025-06-18 11:20:41.212724,791.35,574040.0,982717.0
2025-06-18 11:20:41.264108,791.35,573741.0,983263.0
2025-06-18 11:20:42.217016,791.25,573741.0,983263.0
2025-06-18 11:20:42.266385,791.25,573935.0,983373.0
2025-06-18 11:20:43.234772,791.25,573935.0,983373.0
2025-06-18 11:20:43.365958,791.25,573510.0,983373.0
2025-06-18 11:20:44.214992,791.35,573510.0,983373.0
2025-06-18 11:20:44.368178,791.35,573510.0,982913.0
2025-06-18 11:20:45.217900,791.35,573510.0,982913.0
2025-06-18 11:20:45.367573,791.25,573004.0,983396.0
2025-06-18 11:20:46.212535,791.1,573004.0,983396.0
2025-06-18 11:20:46.874091,791.1,573707.0,984430.0
2025-06-18 11:20:47.292557,791.1,573707.0,984430.0
2025-06-18 11:20:47.873096,791.1,574196.0,985333.0
2025-06-18 11:20:48.211948,791.1,574196.0,985333.0
2025-06-18 11:20:48.870666,791.1,574186.0,984636.0
2025-06-18 11:20:49.213126,791.05,574186.0,984636.0
2025-06-18 11:20:49.871766,791.05,573151.0,986074.0
2025-06-18 11:20:50.218886,791.1,573151.0,986074.0
2025-06-18 11:20:50.873761,791.2,572874.0,985729.0
2025-06-18 11:20:51.225424,791.1,572874.0,985729.0
2025-06-18 11:20:51.874369,791.1,572729.0,985821.0
2025-06-18 11:20:52.210662,791.1,572729.0,985821.0
2025-06-18 11:20:52.972529,791.1,572782.0,985068.0
2025-06-18 11:20:53.217667,791.2,572782.0,985068.0
2025-06-18 11:20:54.075659,791.2,574820.0,982915.0
2025-06-18 11:20:54.219255,791.2,574820.0,982915.0
2025-06-18 11:20:55.075385,791.2,574900.0,983060.0
2025-06-18 11:20:55.217693,791.2,574900.0,983060.0
2025-06-18 11:20:55.976147,791.2,574987.0,983884.0
2025-06-18 11:20:57.076022,791.4,581735.0,978821.0
2025-06-18 11:20:57.218955,791.4,581735.0,978821.0
2025-06-18 11:20:58.076472,791.4,580289.0,978819.0
2025-06-18 11:20:58.217517,791.4,580289.0,978819.0
2025-06-18 11:20:59.176810,791.4,580135.0,979346.0
2025-06-18 11:20:59.217859,791.4,580135.0,979346.0
2025-06-18 11:21:00.078992,791.45,579254.0,979497.0
2025-06-18 11:21:00.216967,791.4,579254.0,979497.0
2025-06-18 11:21:01.227226,791.4,579254.0,979497.0
2025-06-18 11:21:02.218474,791.4,579254.0,979497.0
2025-06-18 11:21:03.242209,791.4,579254.0,979497.0
2025-06-18 11:21:03.277283,791.4,580025.0,979512.0
2025-06-18 11:21:04.223079,791.45,580025.0,979512.0
2025-06-18 11:21:06.227003,791.45,580025.0,979512.0
2025-06-18 11:21:07.218942,791.4,580025.0,979512.0
2025-06-18 11:21:08.085936,791.4,579225.0,979034.0
2025-06-18 11:21:08.222091,791.4,579225.0,979034.0
2025-06-18 11:21:10.220326,791.4,579225.0,979034.0
2025-06-18 11:21:11.223663,791.3,579225.0,979034.0
2025-06-18 11:21:12.225209,791.4,579225.0,979034.0
2025-06-18 11:21:12.988844,791.4,575467.0,980713.0
2025-06-18 11:21:13.253105,791.4,575467.0,980713.0
2025-06-18 11:21:14.217127,791.4,575467.0,980713.0
2025-06-18 11:21:15.236553,791.2,575467.0,980713.0
2025-06-18 11:21:16.234366,791.4,575467.0,980713.0
2025-06-18 11:21:17.263912,791.4,575467.0,980713.0
2025-06-18 11:21:17.635749,791.4,577309.0,981652.0
2025-06-18 11:21:18.222598,791.4,577309.0,981652.0
2025-06-18 11:21:20.222017,791.4,577309.0,981652.0
2025-06-18 11:21:21.231404,791.2,577309.0,981652.0
2025-06-18 11:21:22.223104,791.45,577309.0,981652.0
2025-06-18 11:21:22.493197,791.35,578572.0,979484.0
2025-06-18 11:21:23.219904,791.35,578572.0,979484.0
2025-06-18 11:21:24.238420,791.5,578572.0,979484.0
2025-06-18 11:21:25.227581,791.5,578572.0,979484.0
2025-06-18 11:21:26.222897,791.35,578572.0,979484.0
2025-06-18 11:21:27.231407,791.35,578572.0,979484.0
2025-06-18 11:21:27.598507,791.35,577979.0,982212.0
2025-06-18 11:21:28.222878,791.2,577979.0,982212.0
2025-06-18 11:21:29.220966,791.2,577979.0,982212.0
2025-06-18 11:21:30.222149,791.2,577979.0,982212.0
2025-06-18 11:21:31.221504,791.2,577979.0,982212.0
2025-06-18 11:21:32.695264,791.2,576987.0,982241.0
2025-06-18 11:21:33.224269,791.25,576987.0,982241.0
2025-06-18 11:21:36.220050,791.2,576987.0,982241.0
2025-06-18 11:21:37.224922,791.25,576987.0,982241.0
2025-06-18 11:21:37.606787,791.25,577149.0,982703.0
2025-06-18 11:21:38.230772,791.2,577149.0,982703.0
2025-06-18 11:21:39.248269,791.2,577149.0,982703.0
2025-06-18 11:21:41.222284,791.3,577149.0,982703.0
2025-06-18 11:21:42.117279,791.3,575465.0,982241.0
2025-06-18 11:21:42.226967,791.2,575465.0,982241.0
2025-06-18 11:21:43.227689,791.2,575465.0,982241.0
2025-06-18 11:21:46.238070,791.3,575465.0,982241.0
2025-06-18 11:21:46.705244,791.3,574587.0,981914.0
2025-06-18 11:21:47.236839,791.25,574587.0,981914.0
2025-06-18 11:21:48.228846,791.2,574587.0,981914.0
2025-06-18 11:21:49.056242,791.2,574587.0,981914.0
2025-06-18 11:21:49.227658,791.25,574587.0,981914.0
2025-06-18 11:21:50.214128,791.25,574587.0,981914.0
2025-06-18 11:21:51.062595,791.25,574587.0,981914.0
2025-06-18 11:21:51.256131,791.25,574587.0,981914.0
2025-06-18 11:21:52.535292,791.2,568546.0,986601.0
2025-06-18 11:21:52.586227,791.2,568546.0,986601.0
2025-06-18 11:21:52.643698,791.25,568546.0,986601.0
2025-06-18 11:21:52.851498,791.25,568546.0,986601.0
2025-06-18 11:21:53.258082,791.05,568546.0,986601.0
2025-06-18 11:21:53.655990,791.05,568546.0,986601.0
2025-06-18 11:21:54.663976,791.05,568546.0,986601.0
2025-06-18 11:21:55.214501,791.05,568546.0,986601.0
2025-06-18 11:21:56.122666,791.05,568546.0,986601.0
2025-06-18 11:21:56.713793,791.05,570742.0,984960.0
2025-06-18 11:21:57.237717,791.05,570742.0,984960.0
2025-06-18 11:21:57.371014,791.05,570742.0,984960.0
2025-06-18 11:21:58.228377,791.4,570742.0,984960.0
2025-06-18 11:21:58.711802,791.4,570742.0,984960.0
2025-06-18 11:21:59.259928,791.1,570742.0,984960.0
2025-06-18 11:21:59.505780,791.1,570742.0,984960.0
2025-06-18 11:22:00.911573,791.1,570742.0,984960.0
2025-06-18 11:22:01.222889,791.3,570742.0,984960.0
2025-06-18 11:22:01.715322,791.3,571123.0,986436.0
2025-06-18 11:22:02.026540,791.3,571123.0,986436.0
2025-06-18 11:22:02.220581,791.05,571123.0,986436.0
2025-06-18 11:22:02.813410,791.3,568647.0,986203.0
2025-06-18 11:22:03.223546,791.05,568647.0,986203.0
2025-06-18 11:22:03.393924,791.05,568647.0,986203.0
2025-06-18 11:22:05.126651,791.05,568691.0,986571.0
2025-06-18 11:22:05.183424,791.3,568691.0,986571.0
2025-06-18 11:22:05.222392,791.3,568691.0,986571.0
2025-06-18 11:22:05.229999,791.25,568592.0,985423.0
2025-06-18 11:22:05.231427,791.05,568592.0,985423.0
2025-06-18 11:22:06.015521,791.25,570463.0,984016.0
2025-06-18 11:22:06.220974,791.1,570463.0,984016.0
2025-06-18 11:22:07.125326,791.1,571116.0,986209.0
2025-06-18 11:22:07.219776,791.05,571116.0,986209.0
2025-06-18 11:22:08.133211,791.05,569767.0,985389.0
2025-06-18 11:22:08.219626,791.05,569767.0,985389.0
2025-06-18 11:22:09.144229,791.25,569773.0,984931.0
2025-06-18 11:22:09.217640,791.05,569773.0,984931.0
2025-06-18 11:22:10.131230,791.05,571014.0,984933.0
2025-06-18 11:22:10.217538,791.05,571014.0,984933.0
2025-06-18 11:22:11.296508,791.05,570958.0,984944.0
2025-06-18 11:22:12.132102,791.2,570256.0,984809.0
2025-06-18 11:22:12.219059,791.0,570256.0,984809.0
2025-06-18 11:22:13.231833,791.0,570991.0,984867.0
2025-06-18 11:22:14.219285,791.05,570991.0,984867.0
2025-06-18 11:22:14.225812,791.05,572897.0,984075.0
2025-06-18 11:22:15.322438,791.05,572963.0,984498.0
2025-06-18 11:22:16.224151,791.15,572963.0,984498.0
2025-06-18 11:22:16.422843,791.15,572980.0,985073.0
2025-06-18 11:22:17.218482,791.05,572980.0,985073.0
2025-06-18 11:22:17.425306,791.05,572487.0,985042.0
2025-06-18 11:22:18.220311,791.2,572487.0,985042.0
2025-06-18 11:22:18.328088,791.2,572866.0,985011.0
2025-06-18 11:22:19.356131,791.2,572866.0,985011.0
2025-06-18 11:22:20.218381,791.05,572866.0,985011.0
2025-06-18 11:22:20.427603,791.05,574378.0,984961.0
2025-06-18 11:22:21.219895,791.15,574378.0,984961.0
2025-06-18 11:22:21.426765,791.15,573082.0,985777.0
2025-06-18 11:22:22.248604,791.2,573082.0,985777.0
2025-06-18 11:22:22.429331,791.2,572780.0,984860.0
2025-06-18 11:22:23.221200,791.2,572780.0,984860.0
2025-06-18 11:22:23.330719,791.2,572803.0,984887.0
2025-06-18 11:22:24.221983,791.2,572803.0,984887.0
2025-06-18 11:22:24.328501,791.2,572701.0,984886.0
2025-06-18 11:22:25.328486,791.2,572800.0,984249.0
2025-06-18 11:22:26.230247,791.2,572800.0,984249.0
2025-06-18 11:22:27.032401,791.2,572943.0,984877.0
2025-06-18 11:22:27.266891,791.05,572943.0,984877.0
2025-06-18 11:22:28.031764,791.2,572882.0,985136.0
2025-06-18 11:22:28.244389,791.05,572882.0,985136.0
2025-06-18 11:22:29.032078,791.2,573088.0,985088.0
2025-06-18 11:22:29.219519,791.2,573088.0,985088.0
2025-06-18 11:22:30.144555,791.2,573204.0,985066.0
2025-06-18 11:22:31.219916,791.2,573204.0,985066.0
2025-06-18 11:22:31.237115,791.2,573743.0,983558.0
2025-06-18 11:22:32.247346,791.2,573743.0,983558.0
2025-06-18 11:22:32.333646,791.2,573850.0,983500.0
2025-06-18 11:22:33.335127,791.2,573971.0,983500.0
2025-06-18 11:22:34.244813,791.05,573971.0,983500.0
2025-06-18 11:22:34.433178,791.2,574100.0,983858.0
2025-06-18 11:22:35.217725,791.2,574100.0,983858.0
2025-06-18 11:22:35.530644,791.2,574035.0,982883.0
2025-06-18 11:22:36.533835,791.2,574492.0,982981.0
2025-06-18 11:22:37.219169,791.2,574492.0,982981.0
2025-06-18 11:22:37.533989,791.2,573493.0,982921.0
2025-06-18 11:22:38.253281,791.15,573493.0,982921.0
2025-06-18 11:22:38.434563,791.15,573181.0,982980.0
2025-06-18 11:22:39.226883,791.2,573181.0,982980.0
2025-06-18 11:22:39.437209,791.2,573226.0,982972.0
2025-06-18 11:22:40.223210,791.15,573226.0,982972.0
2025-06-18 11:22:40.436301,791.15,573244.0,983077.0
2025-06-18 11:22:41.223654,791.15,573244.0,983077.0
2025-06-18 11:22:41.438011,791.2,573279.0,983154.0
2025-06-18 11:22:42.220206,791.15,573279.0,983154.0
2025-06-18 11:22:42.438246,791.25,574809.0,983151.0
2025-06-18 11:22:43.219853,791.25,574809.0,983151.0
2025-06-18 11:22:43.440242,791.25,574832.0,982856.0
2025-06-18 11:22:45.186485,791.25,574942.0,981841.0
2025-06-18 11:22:45.439662,791.25,574986.0,981649.0
2025-06-18 11:22:46.228485,791.35,574986.0,981649.0
2025-06-18 11:22:46.443048,791.35,579486.0,976792.0
2025-06-18 11:22:47.220687,791.35,579486.0,976792.0
2025-06-18 11:22:47.539765,791.35,579342.0,978108.0
2025-06-18 11:22:48.229327,791.05,579342.0,978108.0
2025-06-18 11:22:48.444673,791.05,575639.0,980205.0
2025-06-18 11:22:49.219334,791.1,575639.0,980205.0
2025-06-18 11:22:49.544605,791.1,576117.0,980605.0
2025-06-18 11:22:50.226875,791.1,576117.0,980605.0
2025-06-18 11:22:50.444112,791.1,576736.0,980711.0
2025-06-18 11:22:51.218760,791.1,576736.0,980711.0
2025-06-18 11:22:51.448891,791.35,577564.0,980435.0
2025-06-18 11:22:52.254848,791.05,577564.0,980435.0
2025-06-18 11:22:52.449951,791.05,576093.0,981668.0
2025-06-18 11:22:53.220289,791.25,576093.0,981668.0
2025-06-18 11:22:53.449921,791.15,576069.0,981796.0
2025-06-18 11:22:54.228144,791.25,576069.0,981796.0
2025-06-18 11:22:54.550672,791.25,576147.0,981905.0
2025-06-18 11:22:55.690414,791.15,576191.0,981804.0
2025-06-18 11:22:56.223613,791.15,576191.0,981804.0
2025-06-18 11:22:56.667950,791.15,575762.0,981368.0
2025-06-18 11:22:57.221024,791.2,575762.0,981368.0
2025-06-18 11:22:57.753247,791.2,575836.0,982388.0
2025-06-18 11:22:58.226717,791.15,575836.0,982388.0
2025-06-18 11:22:58.754061,791.15,576503.0,982271.0
2025-06-18 11:22:59.235796,791.2,576503.0,982271.0
2025-06-18 11:22:59.753190,791.15,576501.0,982307.0
2025-06-18 11:23:00.236030,791.15,576501.0,982307.0
2025-06-18 11:23:00.754185,791.2,576361.0,981923.0
2025-06-18 11:23:01.260874,791.2,576361.0,981923.0
2025-06-18 11:23:02.246338,791.15,576361.0,981923.0
2025-06-18 11:23:03.238094,791.15,576361.0,981923.0
2025-06-18 11:23:04.229908,791.35,576361.0,981923.0
2025-06-18 11:23:05.228566,791.35,576361.0,981923.0
2025-06-18 11:23:06.239464,791.35,576361.0,981923.0
2025-06-18 11:23:06.456332,791.35,573212.0,979199.0
2025-06-18 11:23:07.232561,791.3,573212.0,979199.0
2025-06-18 11:23:10.230473,791.15,573212.0,979199.0
2025-06-18 11:23:11.237555,791.3,573212.0,979199.0
2025-06-18 11:23:11.557580,791.3,570000.0,977712.0
2025-06-18 11:23:12.576363,791.3,570000.0,977712.0
2025-06-18 11:23:13.243802,791.15,570000.0,977712.0
2025-06-18 11:23:14.240391,791.15,570000.0,977712.0
2025-06-18 11:23:15.237987,791.15,570000.0,977712.0
2025-06-18 11:23:16.362142,791.15,567532.0,981636.0
2025-06-18 11:23:18.237192,791.15,567532.0,981636.0
2025-06-18 11:23:21.231983,791.0,567532.0,981636.0
2025-06-18 11:23:21.972192,790.95,560590.0,982992.0
2025-06-18 11:23:24.264251,790.8,560590.0,982992.0
2025-06-18 11:23:25.262586,790.95,560590.0,982992.0
2025-06-18 11:23:27.368096,790.95,561116.0,983585.0
2025-06-18 11:23:28.234618,790.75,561116.0,983585.0
2025-06-18 11:23:29.256361,791.05,561116.0,983585.0
2025-06-18 11:23:32.243080,790.9,561116.0,983585.0
2025-06-18 11:23:32.575751,790.9,563145.0,983367.0
2025-06-18 11:23:33.240302,790.75,563145.0,983367.0
2025-06-18 11:23:35.236081,790.75,563145.0,983367.0
2025-06-18 11:23:37.779184,790.7,563150.0,984470.0
2025-06-18 11:23:38.232006,790.75,563150.0,984470.0
2025-06-18 11:23:39.270801,790.75,563150.0,984470.0
2025-06-18 11:23:42.232980,790.7,563150.0,984470.0
2025-06-18 11:23:42.688296,790.7,563237.0,983972.0
2025-06-18 11:23:43.240062,790.7,563237.0,983972.0
2025-06-18 11:23:45.238597,791.0,563237.0,983972.0
2025-06-18 11:23:47.250792,791.05,563237.0,983972.0
2025-06-18 11:23:47.580428,791.05,569519.0,981742.0
2025-06-18 11:23:49.387914,791.0,569519.0,981742.0
2025-06-18 11:23:52.234218,791.0,569519.0,981742.0
2025-06-18 11:23:52.388631,791.0,570344.0,982145.0
2025-06-18 11:23:53.240723,791.0,570344.0,982145.0
2025-06-18 11:23:55.243006,791.0,570344.0,982145.0
2025-06-18 11:23:57.201259,790.95,568451.0,988442.0
2025-06-18 11:23:58.255357,790.7,568451.0,988442.0
2025-06-18 11:23:59.251127,791.0,568451.0,988442.0
2025-06-18 11:24:01.273181,790.95,568451.0,988442.0
2025-06-18 11:24:01.698040,790.95,566221.0,987225.0
2025-06-18 11:24:02.237085,790.9,566221.0,987225.0
2025-06-18 11:24:02.791250,790.75,566131.0,986647.0
2025-06-18 11:24:03.232892,790.75,566131.0,986647.0
2025-06-18 11:24:03.798284,790.75,566014.0,986647.0
2025-06-18 11:24:04.237939,790.75,566014.0,986647.0
2025-06-18 11:24:04.794568,790.8,566048.0,986658.0
2025-06-18 11:24:05.230763,790.8,566048.0,986658.0
2025-06-18 11:24:05.891940,790.85,566613.0,986772.0
2025-06-18 11:24:06.269574,790.85,566613.0,986772.0
2025-06-18 11:24:06.993759,790.8,566999.0,987188.0
2025-06-18 11:24:07.235343,790.8,566999.0,987188.0
2025-06-18 11:24:08.092720,791.0,568249.0,987270.0
2025-06-18 11:24:08.230393,790.8,568249.0,987270.0
2025-06-18 11:24:09.207050,790.8,567563.0,987644.0
2025-06-18 11:24:09.234898,790.8,567563.0,987644.0
2025-06-18 11:24:10.232993,790.8,567563.0,987644.0
2025-06-18 11:24:10.295007,790.8,567727.0,987511.0
2025-06-18 11:24:11.241477,790.8,567727.0,987511.0
2025-06-18 11:24:11.396009,790.8,567637.0,987674.0
2025-06-18 11:24:12.244359,790.8,567637.0,987674.0
2025-06-18 11:24:12.413880,791.0,568139.0,987439.0
2025-06-18 11:24:13.232069,790.8,568139.0,987439.0
2025-06-18 11:24:13.399768,790.8,568024.0,987596.0
2025-06-18 11:24:14.237670,790.8,568024.0,987596.0
2025-06-18 11:24:14.499879,790.8,568058.0,987716.0
2025-06-18 11:24:15.236480,790.75,568058.0,987716.0
2025-06-18 11:24:17.163476,790.8,566563.0,985888.0
2025-06-18 11:24:17.284555,790.75,566563.0,985888.0
2025-06-18 11:24:17.288920,790.8,566567.0,986329.0
2025-06-18 11:24:17.358023,790.8,566567.0,986329.0
2025-06-18 11:24:17.538849,790.8,567916.0,985418.0
2025-06-18 11:24:18.228614,790.8,567916.0,985418.0
2025-06-18 11:24:18.499655,791.0,567964.0,985774.0
2025-06-18 11:24:19.229219,790.8,567964.0,985774.0
2025-06-18 11:24:19.511670,790.8,567386.0,985866.0
2025-06-18 11:24:20.238743,791.0,567386.0,985866.0
2025-06-18 11:24:20.601661,791.0,567635.0,985916.0
2025-06-18 11:24:21.231844,791.0,567635.0,985916.0
2025-06-18 11:24:21.603001,790.8,567699.0,985267.0
2025-06-18 11:24:22.231970,791.0,567699.0,985267.0
2025-06-18 11:24:22.603132,790.95,554925.0,985429.0
2025-06-18 11:24:23.234455,790.95,554925.0,985429.0
2025-06-18 11:24:23.608160,791.0,566682.0,986079.0
2025-06-18 11:24:24.238282,790.7,566682.0,986079.0
2025-06-18 11:24:24.605082,790.7,566773.0,985862.0
2025-06-18 11:24:25.231750,790.8,566773.0,985862.0
2025-06-18 11:24:25.605093,790.8,566744.0,986068.0
2025-06-18 11:24:26.233925,791.0,566744.0,986068.0
2025-06-18 11:24:26.603552,791.0,567174.0,984532.0
2025-06-18 11:24:27.230790,791.05,567174.0,984532.0
2025-06-18 11:24:27.732749,791.05,567195.0,984470.0
2025-06-18 11:24:28.605650,791.05,567367.0,984673.0
2025-06-18 11:24:29.706336,791.05,566969.0,987001.0
2025-06-18 11:24:30.234424,790.85,566969.0,987001.0
2025-06-18 11:24:30.722854,790.8,567541.0,989058.0
2025-06-18 11:24:31.236537,790.85,567541.0,989058.0
2025-06-18 11:24:31.807292,790.7,563995.0,990371.0
2025-06-18 11:24:32.240954,790.7,563995.0,990371.0
2025-06-18 11:24:32.906050,790.7,565762.0,990337.0
2025-06-18 11:24:33.276024,790.7,565762.0,990337.0
2025-06-18 11:24:33.811170,790.7,566114.0,990391.0
2025-06-18 11:24:34.916254,790.7,566665.0,990102.0
2025-06-18 11:24:35.239364,790.8,566665.0,990102.0
2025-06-18 11:24:36.007769,790.8,566781.0,990419.0
2025-06-18 11:24:36.228667,790.75,566781.0,990419.0
2025-06-18 11:24:37.107392,790.8,567086.0,990272.0
2025-06-18 11:24:37.259845,790.75,567086.0,990272.0
2025-06-18 11:24:38.215070,790.75,567401.0,990972.0
2025-06-18 11:24:39.220354,790.75,568212.0,989828.0
2025-06-18 11:24:39.236460,790.75,568212.0,989828.0
2025-06-18 11:24:40.228025,790.8,568212.0,989828.0
2025-06-18 11:24:40.309818,790.8,566741.0,989918.0
2025-06-18 11:24:41.231527,790.75,566741.0,989918.0
2025-06-18 11:24:41.410405,790.75,568632.0,989147.0
2025-06-18 11:24:42.233900,790.8,568632.0,989147.0
2025-06-18 11:24:42.516798,790.8,568448.0,989177.0
2025-06-18 11:24:43.234410,790.75,568448.0,989177.0
2025-06-18 11:24:43.509338,790.75,568356.0,987868.0
2025-06-18 11:24:44.234341,790.75,568356.0,987868.0
2025-06-18 11:24:44.508744,790.8,568515.0,989206.0
2025-06-18 11:24:45.227598,790.75,568515.0,989206.0
2025-06-18 11:24:45.611098,790.75,567819.0,990148.0
2025-06-18 11:24:46.228912,790.75,567819.0,990148.0
2025-06-18 11:24:46.710683,790.75,567566.0,989939.0
2025-06-18 11:24:47.237924,790.75,567566.0,989939.0
2025-06-18 11:24:47.810876,790.75,567670.0,988569.0
2025-06-18 11:24:48.225895,790.75,567670.0,988569.0
2025-06-18 11:24:49.408678,790.75,567945.0,989319.0
2025-06-18 11:24:49.448482,790.75,567945.0,989319.0
2025-06-18 11:24:49.494448,790.75,567945.0,989319.0
2025-06-18 11:24:50.015538,790.75,568115.0,989068.0
2025-06-18 11:24:50.259199,790.75,568115.0,989068.0
2025-06-18 11:24:50.573052,790.75,568115.0,989068.0
2025-06-18 11:24:51.113914,790.75,567509.0,989253.0
2025-06-18 11:24:51.249530,790.7,567509.0,989253.0
2025-06-18 11:24:51.479789,790.7,567509.0,989253.0
2025-06-18 11:24:52.216961,790.75,567421.0,989309.0
2025-06-18 11:24:52.227671,790.75,567421.0,989309.0
2025-06-18 11:24:52.450717,790.75,567421.0,989309.0
2025-06-18 11:24:53.232523,790.75,567421.0,989309.0
2025-06-18 11:24:53.278578,790.75,567421.0,989309.0
2025-06-18 11:24:53.317066,790.75,567409.0,989136.0
2025-06-18 11:24:54.047632,790.75,567409.0,989136.0
2025-06-18 11:24:54.231933,790.7,567409.0,989136.0
2025-06-18 11:24:54.318586,790.7,567391.0,988202.0
2025-06-18 11:24:55.067288,790.7,567391.0,988202.0
2025-06-18 11:24:55.310607,790.7,567391.0,988202.0
2025-06-18 11:24:55.374141,790.7,567745.0,989336.0
2025-06-18 11:24:55.641000,790.7,567745.0,989336.0
2025-06-18 11:24:56.064060,790.7,567745.0,989336.0
2025-06-18 11:24:56.227808,790.7,567745.0,989336.0
2025-06-18 11:24:56.317955,790.7,567744.0,989462.0
2025-06-18 11:24:56.534352,790.7,567744.0,989462.0
2025-06-18 11:24:57.228205,790.7,567744.0,989462.0
2025-06-18 11:24:57.419713,790.7,567474.0,989375.0
2025-06-18 11:24:57.794689,790.7,567474.0,989375.0
2025-06-18 11:24:58.230104,790.7,567474.0,989375.0
2025-06-18 11:24:58.421395,790.75,566805.0,989425.0
2025-06-18 11:24:59.030652,790.75,566805.0,989425.0
2025-06-18 11:24:59.230267,790.7,566805.0,989425.0
2025-06-18 11:24:59.523308,790.75,566141.0,988940.0
2025-06-18 11:24:59.908338,790.75,566141.0,988940.0
2025-06-18 11:25:00.227571,790.75,566141.0,988940.0
2025-06-18 11:25:00.625845,790.75,566572.0,988878.0
