Timestamp,LTP,Volume,OI,LastQty,BidQty,AskQty
2025-06-16 09:25:25.000000,2494.5,71998,34423200,24,91,889
2025-06-16 09:25:26.000000,2496.3,71998,34423200,62,91,889
2025-06-16 09:25:26.000000,2496.3,72100,34423200,62,354,274
2025-06-16 09:25:27.000000,2496.3,72100,34423200,62,223,194
2025-06-16 09:25:28.000000,2495.6,72100,34423200,16,223,194
2025-06-16 09:25:28.000000,2495.6,72120,34423200,16,157,908
2025-06-16 09:25:29.000000,2495.6,72120,34423200,60,157,908
2025-06-16 09:25:29.000000,2495.6,72180,34423200,60,97,521
2025-06-16 09:25:30.000000,2495.6,72180,34423200,60,97,468
2025-06-16 09:25:31.000000,2496.6,72190,34423200,10,223,806
2025-06-16 09:25:31.000000,2496.6,72190,34423200,10,223,806
2025-06-16 09:25:32.000000,2496.8,72229,34423200,24,153,1144
2025-06-16 09:25:32.000000,2496.8,72229,34423200,24,153,1144
2025-06-16 09:25:33.000000,2496.8,72229,34423200,24,172,388
2025-06-16 09:25:33.000000,2496.3,72229,34423200,1,172,388
2025-06-16 09:25:34.000000,2495.6,72780,34423200,19,238,703
2025-06-16 09:25:34.000000,2495.6,72780,34423200,19,238,703
2025-06-16 09:25:35.000000,2497.1,72796,34423200,16,172,330
2025-06-16 09:25:35.000000,2497.1,72796,34423200,16,172,330
2025-06-16 09:25:36.000000,2497.1,72796,34423200,16,336,326
2025-06-16 09:25:36.000000,2496.1,72796,34423200,15,336,326
2025-06-16 09:25:37.000000,2497.2,72828,34423200,2,249,869
2025-06-16 09:25:37.000000,2497.2,72828,34423200,2,249,869
2025-06-16 09:25:38.000000,2496.5,72878,34423200,28,216,893
2025-06-16 09:25:38.000000,2496.6,72878,34423200,28,216,893
2025-06-16 09:25:39.000000,2496.7,72963,34423200,13,144,234
2025-06-16 09:25:39.000000,2496.7,72963,34423200,13,144,234
2025-06-16 09:25:40.000000,2499.4,73465,34423200,4,388,394
2025-06-16 09:25:40.000000,2499.4,73465,34423200,4,388,394
2025-06-16 09:25:41.000000,2498.2,73632,34423200,2,266,309
2025-06-16 09:25:41.000000,2498.2,73632,34423200,2,266,309
2025-06-16 09:25:42.000000,2498.2,73742,34423200,10,150,337
2025-06-16 09:25:42.000000,2498.2,73742,34423200,10,150,337
2025-06-16 09:25:43.000000,2498.4,73743,34423200,1,226,255
2025-06-16 09:25:43.000000,2498.4,73743,34423200,1,226,255
2025-06-16 09:25:44.000000,2497.4,73748,34423200,5,129,222
2025-06-16 09:25:44.000000,2497.4,73748,34423200,5,129,222
2025-06-16 09:25:45.000000,2497.3,73792,34423200,10,387,123
2025-06-16 09:25:45.000000,2497.3,73792,34423200,10,387,123
2025-06-16 09:25:46.000000,2497.7,73807,34423200,6,146,280
2025-06-16 09:25:46.000000,2497.7,73807,34423200,6,146,280
2025-06-16 09:25:47.000000,2495.9,73812,34423200,4,185,285
2025-06-16 09:25:47.000000,2495.9,73812,34423200,4,185,285
2025-06-16 09:25:48.000000,2496.8,73822,34423200,10,216,236
2025-06-16 09:25:48.000000,2496.8,73822,34423200,10,216,236
2025-06-16 09:25:49.000000,2497.2,74622,34423200,19,142,175
2025-06-16 09:25:49.000000,2497.2,74622,34423200,19,142,175
2025-06-16 09:25:50.000000,2496.1,74655,34423200,1,41,302
2025-06-16 09:25:50.000000,2496.1,74655,34423200,1,41,302
2025-06-16 09:25:51.000000,2494.5,74855,34423200,28,202,452
2025-06-16 09:25:51.000000,2494.5,74855,34423200,28,202,452
2025-06-16 09:25:52.000000,2494.5,74855,34423200,28,1160,450
2025-06-16 09:25:53.000000,2494.5,74855,34423200,28,123,810
2025-06-16 09:25:54.000000,2497.8,74935,34423200,13,137,830
2025-06-16 09:25:54.000000,2497.8,74935,34423200,13,137,830
2025-06-16 09:25:55.000000,2498.0,74940,34423200,5,56,944
2025-06-16 09:25:55.000000,2498.0,74940,34423200,5,56,944
2025-06-16 09:25:56.000000,2496.8,74941,34423200,1,269,848
2025-06-16 09:25:56.000000,2496.8,74941,34423200,1,269,848
2025-06-16 09:25:57.000000,2496.8,74941,34423200,1,427,466
2025-06-16 09:25:58.000000,2496.8,74941,34423200,1,1137,1149
2025-06-16 09:25:59.000000,2496.8,74941,34423200,1,1213,245
2025-06-16 09:26:00.000000,2496.7,74946,34423200,3,1087,139
2025-06-16 09:26:00.000000,2496.7,74946,34423200,3,1087,139
2025-06-16 09:26:01.000000,2495.0,75126,34423200,5,932,479
2025-06-16 09:26:01.000000,2495.8,75126,34423200,2,932,479
2025-06-16 09:26:02.000000,2495.7,75178,34423200,50,1039,448
2025-06-16 09:26:02.000000,2495.0,75178,34423200,30,1039,448
2025-06-16 09:26:03.000000,2495.0,75208,34423200,30,925,790
2025-06-16 09:26:03.000000,2495.6,75208,34423200,1,925,790
2025-06-16 09:26:04.000000,2495.0,75583,34423200,90,510,1165
2025-06-16 09:26:04.000000,2495.0,75583,34423200,90,510,1165
2025-06-16 09:26:05.000000,2495.0,75583,34423200,90,540,1138
2025-06-16 09:26:06.000000,2495.3,75584,34423200,1,537,796
2025-06-16 09:26:06.000000,2495.0,75584,34423200,1,537,796
2025-06-16 09:26:07.000000,2495.0,75585,34423200,1,534,1367
2025-06-16 09:26:07.000000,2494.0,75585,34423200,15,534,1367
2025-06-16 09:26:07.000000,2494.3,76275,34423200,15,261,813
2025-06-16 09:26:08.000000,2494.3,76275,34423200,15,261,813
2025-06-16 09:26:08.000000,2494.3,76275,34423200,15,161,477
2025-06-16 09:26:09.000000,2495.3,76276,34423200,1,269,894
2025-06-16 09:26:10.000000,2495.3,76276,34423200,1,269,894
2025-06-16 09:26:10.000000,2493.6,76379,34423200,6,362,129
2025-06-16 09:26:11.000000,2495.5,76379,34423200,14,362,129
2025-06-16 09:26:11.000000,2495.1,76419,34423200,1,197,167
2025-06-16 09:26:12.000000,2495.1,76419,34423200,1,197,167
2025-06-16 09:26:12.000000,2495.1,76419,34423200,1,294,106
2025-06-16 09:26:13.000000,2493.7,76419,34423200,7,294,106
2025-06-16 09:26:13.000000,2493.7,76564,34423200,7,280,209
2025-06-16 09:26:14.000000,2495.6,76564,34423200,5,280,209
2025-06-16 09:26:14.000000,2495.6,76574,34423200,5,335,479
2025-06-16 09:26:15.000000,2494.4,76574,34423200,12,335,479
2025-06-16 09:26:15.000000,2495.7,76598,34423200,10,344,456
2025-06-16 09:26:16.000000,2494.7,76598,34423200,28,344,456
2025-06-16 09:26:16.000000,2494.8,76662,34423200,1,271,385
2025-06-16 09:26:17.000000,2494.8,76662,34423200,1,271,385
2025-06-16 09:26:17.000000,2494.0,76663,34423200,1,288,662
2025-06-16 09:26:18.000000,2494.0,76663,34423200,1,288,662
2025-06-16 09:26:18.000000,2494.1,76689,34423200,11,337,456
2025-06-16 09:26:19.000000,2494.1,76689,34423200,7,337,456
2025-06-16 09:26:19.000000,2495.7,77095,34423200,340,238,394
2025-06-16 09:26:20.000000,2496.4,77095,34423200,1,238,394
2025-06-16 09:26:20.000000,2496.4,77096,34423200,1,462,874
2025-06-16 09:26:21.000000,2496.5,77273,34423200,17,198,566
2025-06-16 09:26:22.000000,2496.0,77273,34423200,1,198,566
2025-06-16 09:26:22.000000,2496.0,77284,34423200,1,268,277
2025-06-16 09:26:23.000000,2496.0,77284,34423200,1,342,629
2025-06-16 09:26:24.000000,2496.5,77284,34423200,2,342,629
2025-06-16 09:26:24.000000,2496.5,77334,34423200,2,299,354
2025-06-16 09:26:25.000000,2496.4,77341,34423200,7,450,104
2025-06-16 09:26:26.000000,2496.4,77341,34423200,7,450,104
2025-06-16 09:26:26.000000,2495.4,77381,34423200,9,232,634
2025-06-16 09:26:27.000000,2496.7,77381,34423200,5,232,634
2025-06-16 09:26:27.000000,2496.7,77400,34423200,5,248,260
2025-06-16 09:26:28.000000,2496.7,77400,34423200,5,214,388
2025-06-16 09:26:29.000000,2496.7,77400,34423200,5,218,238
2025-06-16 09:26:30.000000,2496.7,77400,34423200,5,135,587
2025-06-16 09:26:31.000000,2496.0,77400,34423200,29,135,587
2025-06-16 09:26:31.000000,2496.0,77986,34423200,29,94,727
2025-06-16 09:26:32.000000,2496.4,77986,34423200,22,94,727
2025-06-16 09:26:32.000000,2496.4,78008,34423200,22,398,657
2025-06-16 09:26:33.000000,2496.2,78008,34423200,4,398,657
2025-06-16 09:26:33.000000,2496.2,78033,34423200,4,112,362
2025-06-16 09:26:34.000000,2496.2,78033,34423200,4,209,330
2025-06-16 09:26:35.000000,2496.2,78033,34423200,4,253,298
2025-06-16 09:26:36.000000,2497.9,78038,34423200,1,400,814
2025-06-16 09:26:37.000000,2497.9,78038,34423200,1,400,814
2025-06-16 09:26:37.000000,2497.9,78038,34423200,1,214,1254
2025-06-16 09:26:38.000000,2497.4,78038,34423200,55,214,1254
2025-06-16 09:26:38.000000,2497.4,78094,34423200,55,269,817
2025-06-16 09:26:39.000000,2497.4,78094,34423200,55,175,475
2025-06-16 09:26:40.000000,2497.7,78094,34423200,1,175,475
2025-06-16 09:26:40.000000,2497.7,78145,34423200,1,239,1143
2025-06-16 09:26:41.000000,2497.7,78145,34423200,1,149,521
2025-06-16 09:26:42.000000,2496.0,78225,34423200,25,150,612
2025-06-16 09:26:43.000000,2495.5,78225,34423200,14,150,612
2025-06-16 09:26:43.000000,2495.5,78281,34423200,30,190,227
2025-06-16 09:26:44.000000,2495.5,78281,34423200,10,190,227
2025-06-16 09:26:44.000000,2495.5,78291,34423200,10,364,578
2025-06-16 09:26:45.000000,2496.2,78391,34423200,24,238,141
2025-06-16 09:26:46.000000,2496.2,78391,34423200,24,238,141
2025-06-16 09:26:46.000000,2496.2,78391,34423200,24,134,221
2025-06-16 09:26:47.000000,2495.9,78391,34423200,13,134,221
2025-06-16 09:26:47.000000,2495.9,78416,34423200,13,101,233
2025-06-16 09:26:48.000000,2496.0,78416,34423200,5,101,233
2025-06-16 09:26:48.000000,2496.0,78421,34423200,5,293,484
2025-06-16 09:26:49.000000,2496.0,78421,34423200,5,269,130
2025-06-16 09:26:50.000000,2496.0,78421,34423200,5,253,149
2025-06-16 09:26:51.000000,2496.0,78421,34423200,5,337,114
2025-06-16 09:26:52.000000,2496.0,78421,34423200,5,380,398
2025-06-16 09:26:53.000000,2496.0,78421,34423200,20,380,398
2025-06-16 09:26:53.000000,2496.0,78443,34423200,20,366,134
2025-06-16 09:26:54.000000,2495.4,78743,34423200,54,172,222
2025-06-16 09:26:55.000000,2495.4,78743,34423200,54,172,222
2025-06-16 09:26:55.000000,2495.4,78743,34423200,54,190,117
2025-06-16 09:26:56.000000,2495.4,78743,34423200,20,190,117
2025-06-16 09:26:56.000000,2495.4,78763,34423200,20,72,308
2025-06-16 09:26:57.000000,2495.4,78763,34423200,20,94,134
2025-06-16 09:26:58.000000,2495.4,78763,34423200,20,200,114
2025-06-16 09:26:59.000000,2496.0,78763,34423200,1,200,114
2025-06-16 09:26:59.000000,2496.0,78764,34423200,1,134,151
2025-06-16 09:27:00.000000,2495.2,78764,34423200,44,134,151
2025-06-16 09:27:00.000000,2495.2,78894,34423200,44,430,155
2025-06-16 09:27:01.000000,2495.2,78894,34423200,44,290,232
2025-06-16 09:27:03.000000,2495.2,78894,34423200,44,337,185
2025-06-16 09:27:04.000000,2495.0,79194,34423200,130,537,151
2025-06-16 09:27:04.000000,2495.0,79194,34423200,130,537,151
2025-06-16 09:27:05.000000,2495.0,79194,34423200,130,373,271
2025-06-16 09:27:06.000000,2495.0,79194,34423200,130,308,202
2025-06-16 09:27:07.000000,2494.9,79216,34423200,3,260,179
2025-06-16 09:27:07.000000,2494.9,79216,34423200,3,260,179
2025-06-16 09:27:08.000000,2495.1,79216,34423200,5,260,179
2025-06-16 09:27:08.000000,2495.1,79221,34423200,5,540,101
2025-06-16 09:27:09.000000,2496.2,79221,34423200,3,540,101
2025-06-16 09:27:09.000000,2496.2,79225,34423200,3,461,191
2025-06-16 09:27:10.000000,2496.2,79225,34423200,1,461,191
2025-06-16 09:27:10.000000,2496.2,79226,34423200,1,254,191
2025-06-16 09:27:11.000000,2496.2,79226,34423200,1,83,347
2025-06-16 09:27:12.000000,2495.2,79226,34423200,50,83,347
2025-06-16 09:27:12.000000,2495.2,79276,34423200,50,502,551
2025-06-16 09:27:13.000000,2495.2,79276,34423200,50,607,495
2025-06-16 09:27:15.000000,2495.2,79276,34423200,50,480,497
2025-06-16 09:27:16.000000,2495.2,79276,34423200,50,481,609
2025-06-16 09:27:17.000000,2495.2,79276,34423200,50,508,504
2025-06-16 09:27:17.000000,2496.2,79276,34423200,12,508,504
2025-06-16 09:27:18.000000,2496.7,79298,34423200,10,363,482
2025-06-16 09:27:18.000000,2496.7,79298,34423200,10,363,482
2025-06-16 09:27:19.000000,2496.7,79298,34423200,10,261,471
2025-06-16 09:27:20.000000,2496.7,79298,34423200,10,156,527
2025-06-16 09:27:21.000000,2495.2,79302,34423200,1,263,551
2025-06-16 09:27:21.000000,2495.2,79302,34423200,1,263,551
2025-06-16 09:27:22.000000,2496.6,79302,34423200,5,263,551
2025-06-16 09:27:22.000000,2496.6,79307,34423200,5,158,456
2025-06-16 09:27:23.000000,2496.6,79307,34423200,5,112,552
2025-06-16 09:27:23.000000,2496.6,79307,34423200,5,112,552
2025-06-16 09:27:24.000000,2496.6,79307,34423200,5,112,552
2025-06-16 09:27:24.000000,2496.6,79307,34423200,5,112,552
2025-06-16 09:27:24.000000,2496.6,79307,34423200,5,112,552
2025-06-16 09:27:24.000000,2496.6,79312,34423200,5,90,548
2025-06-16 09:27:24.000000,2496.6,79312,34423200,5,90,548
2025-06-16 09:27:25.000000,2496.6,79312,34423200,5,90,548
2025-06-16 09:27:25.000000,2496.6,79312,34423200,5,90,494
2025-06-16 09:27:25.000000,2496.6,79312,34423200,5,90,494
2025-06-16 09:27:26.000000,2496.6,79312,34423200,5,90,494
2025-06-16 09:27:26.000000,2496.6,79312,34423200,5,112,488
2025-06-16 09:27:27.000000,2496.6,79312,34423200,5,112,488
2025-06-16 09:27:27.000000,2496.2,79313,34423200,1,96,522
2025-06-16 09:27:28.000000,2495.3,79313,34423200,6,96,522
2025-06-16 09:27:28.000000,2495.3,79313,34423200,6,96,522
2025-06-16 09:27:29.000000,2495.7,79332,34423200,10,501,252
2025-06-16 09:27:29.000000,2495.0,79332,34423200,3,501,252
2025-06-16 09:27:29.000000,2495.0,79332,34423200,3,501,252
2025-06-16 09:27:30.000000,2495.0,79343,34423200,3,209,110
2025-06-16 09:27:30.000000,2495.0,79343,34423200,3,209,110
2025-06-16 09:27:31.000000,2495.0,79343,34423200,3,204,254
2025-06-16 09:27:31.000000,2495.0,79343,34423200,3,204,254
2025-06-16 09:27:32.000000,2494.6,79345,34423200,2,190,343
2025-06-16 09:27:32.000000,2494.6,79345,34423200,2,190,343
2025-06-16 09:27:32.000000,2494.6,79345,34404300,2,190,343
2025-06-16 09:27:33.000000,2493.7,79345,34404300,5,190,343
2025-06-16 09:27:33.000000,2493.7,79511,34404300,5,450,289
2025-06-16 09:27:33.000000,2493.7,79511,34404300,5,450,289
2025-06-16 09:27:34.000000,2493.7,79511,34404300,5,141,494
2025-06-16 09:27:34.000000,2493.7,79511,34404300,5,141,494
2025-06-16 09:27:35.000000,2494.0,79511,34404300,25,141,494
2025-06-16 09:27:35.000000,2494.0,79566,34404300,25,366,826
2025-06-16 09:27:36.000000,2494.4,79566,34404300,2,366,826
2025-06-16 09:27:36.000000,2494.4,79570,34404300,2,457,301
2025-06-16 09:27:37.000000,2494.6,79570,34404300,57,457,301
2025-06-16 09:27:37.000000,2494.6,79740,34404300,57,460,723
2025-06-16 09:27:38.000000,2493.5,79740,34404300,11,460,723
2025-06-16 09:27:38.000000,2493.5,79751,34404300,11,598,507
2025-06-16 09:27:39.000000,2493.5,79751,34404300,11,630,94
2025-06-16 09:27:40.000000,2492.9,79751,34404300,16,630,94
2025-06-16 09:27:40.000000,2493.0,80183,34404300,1,216,570
2025-06-16 09:27:41.000000,2493.2,80183,34404300,2,216,570
2025-06-16 09:27:42.000000,2493.2,80193,34404300,2,274,580
2025-06-16 09:27:42.000000,2492.5,80193,34404300,10,274,580
2025-06-16 09:27:43.000000,2492.5,80204,34404300,1,312,781
2025-06-16 09:27:43.000000,2492.5,80204,34404300,1,312,781
2025-06-16 09:27:44.000000,2492.5,80205,34404300,1,270,280
2025-06-16 09:27:44.000000,2492.5,80205,34404300,1,270,280
2025-06-16 09:27:45.000000,2492.5,80212,34404300,5,300,547
2025-06-16 09:27:45.000000,2492.5,80212,34404300,5,300,547
2025-06-16 09:27:46.000000,2493.4,80213,34404300,1,250,481
2025-06-16 09:27:46.000000,2493.4,80213,34404300,1,250,481
2025-06-16 09:27:47.000000,2493.4,80213,34404300,1,284,477
2025-06-16 09:27:48.000000,2492.5,80213,34404300,3,284,477
2025-06-16 09:27:48.000000,2492.5,80218,34404300,3,346,541
2025-06-16 09:27:49.000000,2493.4,80218,34404300,27,346,541
2025-06-16 09:27:49.000000,2493.3,80263,34404300,2,253,191
2025-06-16 09:27:50.000000,2493.3,80263,34404300,2,253,191
2025-06-16 09:27:50.000000,2493.2,80264,34404300,1,350,509
2025-06-16 09:27:51.000000,2493.6,80264,34404300,4,350,509
2025-06-16 09:27:51.000000,2493.6,80339,34404300,4,290,585
2025-06-16 09:27:52.000000,2492.2,80339,34404300,4,290,585
2025-06-16 09:27:52.000000,2492.2,80344,34404300,4,426,212
2025-06-16 09:27:54.000000,2492.2,80344,34404300,4,412,547
2025-06-16 09:27:55.000000,2492.2,80344,34404300,4,335,506
2025-06-16 09:27:56.000000,2492.5,80355,34404300,10,500,214
2025-06-16 09:27:56.000000,2492.2,80355,34404300,1,500,214
2025-06-16 09:27:57.000000,2492.2,80356,34404300,1,312,508
2025-06-16 09:27:57.000000,2491.5,80356,34404300,5,312,508
2025-06-16 09:27:58.000000,2491.5,80661,34404300,5,179,548
2025-06-16 09:27:59.000000,2491.0,80661,34404300,5,179,548
2025-06-16 09:27:59.000000,2491.0,80981,34404300,5,167,304
2025-06-16 09:28:00.000000,2492.2,80981,34404300,6,167,304
2025-06-16 09:28:00.000000,2492.2,80989,34404300,6,298,500
2025-06-16 09:28:01.000000,2491.5,80989,34404300,108,298,500
2025-06-16 09:28:01.000000,2491.0,81131,34404300,8,1232,425
2025-06-16 09:28:02.000000,2490.1,81131,34404300,20,1232,425
2025-06-16 09:28:02.000000,2490.3,82514,34404300,25,150,119
2025-06-16 09:28:03.000000,2489.1,82514,34404300,35,150,119
2025-06-16 09:28:03.000000,2489.1,82564,34404300,35,109,288
2025-06-16 09:28:04.000000,2490.0,82564,34404300,4,109,288
2025-06-16 09:28:04.000000,2490.0,82880,34404300,5,204,249
2025-06-16 09:28:05.000000,2489.0,82880,34404300,1,204,249
2025-06-16 09:28:06.000000,2488.5,82882,34404300,1,221,152
2025-06-16 09:28:06.000000,2488.5,82882,34404300,1,221,152
2025-06-16 09:28:07.000000,2488.5,82882,34404300,1,277,477
2025-06-16 09:28:07.000000,2490.2,82882,34404300,10,277,477
2025-06-16 09:28:08.000000,2489.8,82962,34404300,25,225,185
2025-06-16 09:28:08.000000,2489.8,82962,34404300,25,225,185
2025-06-16 09:28:09.000000,2489.8,82962,34404300,25,175,484
2025-06-16 09:28:10.000000,2490.1,82987,34404300,25,180,163
2025-06-16 09:28:10.000000,2490.1,82987,34404300,39,180,163
2025-06-16 09:28:11.000000,2490.0,83122,34404300,56,241,199
2025-06-16 09:28:11.000000,2490.0,83122,34404300,56,241,199
2025-06-16 09:28:12.000000,2490.0,83122,34404300,56,255,161
2025-06-16 09:28:13.000000,2490.0,83122,34404300,56,222,271
2025-06-16 09:28:14.000000,2490.0,83122,34404300,56,107,486
2025-06-16 09:28:15.000000,2490.0,83122,34404300,56,82,129
2025-06-16 09:28:16.000000,2490.5,83122,34404300,5,82,129
2025-06-16 09:28:16.000000,2490.5,83437,34404300,5,259,436
2025-06-16 09:28:17.000000,2490.5,83437,34404300,5,243,696
2025-06-16 09:28:18.000000,2490.2,83437,34404300,1,243,696
2025-06-16 09:28:18.000000,2488.7,83458,34404300,6,207,402
2025-06-16 09:28:19.000000,2488.7,83458,34404300,6,207,402
2025-06-16 09:28:19.000000,2488.7,83458,34404300,6,331,396
2025-06-16 09:28:21.000000,2489.2,83459,34404300,1,130,419
2025-06-16 09:28:21.000000,2489.2,83459,34404300,1,130,419
2025-06-16 09:28:22.000000,2488.9,83486,34404300,2,319,409
2025-06-16 09:28:22.000000,2488.9,83486,34404300,2,319,409
2025-06-16 09:28:23.000000,2488.9,83486,34404300,2,273,459
2025-06-16 09:28:23.000000,2489.9,83486,34404300,23,273,459
2025-06-16 09:28:24.000000,2489.9,83511,34404300,23,320,441
2025-06-16 09:28:25.000000,2488.6,83828,34404300,14,116,608
2025-06-16 09:28:25.000000,2488.6,83828,34404300,14,116,608
2025-06-16 09:28:26.000000,2488.6,83828,34404300,20,116,608
2025-06-16 09:28:26.000000,2488.6,83848,34404300,20,644,474
2025-06-16 09:28:27.000000,2489.6,83848,34404300,14,644,474
2025-06-16 09:28:27.000000,2489.6,83893,34404300,14,251,435
2025-06-16 09:28:28.000000,2489.6,83893,34404300,14,401,458
2025-06-16 09:28:29.000000,2489.6,83893,34404300,14,166,513
2025-06-16 09:28:30.000000,2489.8,83893,34404300,2,166,513
2025-06-16 09:28:30.000000,2489.8,83896,34404300,2,140,562
2025-06-16 09:28:31.000000,2488.9,83898,34404300,2,436,470
2025-06-16 09:28:32.000000,2488.9,83898,34404300,2,436,470
2025-06-16 09:28:32.000000,2488.9,83898,34404300,2,357,541
2025-06-16 09:28:33.000000,2488.9,83898,34404300,2,414,448
2025-06-16 09:28:34.000000,2489.4,83898,34404300,1,414,448
2025-06-16 09:28:35.000000,2489.4,83902,34404300,3,527,493
2025-06-16 09:28:35.000000,2489.4,83902,34404300,3,527,493
2025-06-16 09:28:36.000000,2489.1,84002,34404300,7,480,60
2025-06-16 09:28:36.000000,2489.1,84002,34404300,7,480,60
2025-06-16 09:28:37.000000,2489.1,84002,34404300,7,553,560
2025-06-16 09:28:38.000000,2489.1,84073,34404300,25,474,77
2025-06-16 09:28:38.000000,2489.1,84073,34404300,25,474,77
2025-06-16 09:28:39.000000,2488.9,84302,34404300,7,254,429
2025-06-16 09:28:39.000000,2488.9,84302,34404300,7,254,429
2025-06-16 09:28:40.000000,2488.7,84487,34404300,1,150,437
2025-06-16 09:28:40.000000,2488.7,84487,34404300,1,150,437
2025-06-16 09:28:41.000000,2488.9,84487,34404300,10,150,437
2025-06-16 09:28:41.000000,2488.9,84497,34404300,10,200,559
2025-06-16 09:28:42.000000,2489.5,84497,34404300,10,200,559
2025-06-16 09:28:42.000000,2489.5,84647,34404300,10,269,288
2025-06-16 09:28:43.000000,2488.0,84647,34404300,7,269,288
2025-06-16 09:28:43.000000,2488.0,84793,34404300,7,275,172
2025-06-16 09:28:44.000000,2488.0,84793,34404300,7,269,849
2025-06-16 09:28:45.000000,2488.0,84793,34404300,7,209,1446
2025-06-16 09:28:46.000000,2488.0,84793,34404300,8,209,1446
2025-06-16 09:28:46.000000,2487.4,84875,34404300,7,90,441
2025-06-16 09:28:47.000000,2487.4,84875,34404300,7,90,441
2025-06-16 09:28:48.000000,2487.4,84875,34404300,7,169,509
2025-06-16 09:28:48.000000,2487.4,84875,34404300,3,169,509
2025-06-16 09:28:49.000000,2487.4,84878,34404300,3,282,418
2025-06-16 09:28:49.000000,2487.7,84878,34404300,5,282,418
2025-06-16 09:28:50.000000,2488.0,84957,34404300,10,138,861
2025-06-16 09:28:50.000000,2487.3,84957,34404300,9,138,861
2025-06-16 09:28:51.000000,2488.4,84979,34404300,1,232,411
2025-06-16 09:28:51.000000,2488.4,84979,34404300,25,232,411
2025-06-16 09:28:52.000000,2488.4,85029,34404300,12,351,155
2025-06-16 09:28:52.000000,2488.4,85029,34404300,12,351,155
2025-06-16 09:28:53.000000,2488.2,85030,34404300,1,330,288
2025-06-16 09:28:53.000000,2488.2,85030,34404300,1,330,288
2025-06-16 09:28:54.000000,2487.4,85230,34404300,100,104,763
2025-06-16 09:28:54.000000,2487.4,85230,34404300,1,104,763
2025-06-16 09:28:55.000000,2487.4,85231,34404300,1,262,670
2025-06-16 09:28:56.000000,2486.7,85236,34404300,5,240,288
2025-06-16 09:28:56.000000,2486.7,85236,34404300,5,240,288
2025-06-16 09:28:57.000000,2486.7,85236,34404300,5,314,598
2025-06-16 09:28:58.000000,2486.6,85241,34404300,5,273,312
2025-06-16 09:28:58.000000,2486.6,85241,34404300,5,273,312
2025-06-16 09:28:59.000000,2487.4,85249,34404300,8,196,303
2025-06-16 09:29:00.000000,2487.4,85249,34404300,1,196,303
2025-06-16 09:29:01.000000,2487.4,85300,34404300,1,109,743
2025-06-16 09:29:02.000000,2487.4,85300,34404300,1,135,864
2025-06-16 09:29:02.000000,2487.0,85300,34404300,10,135,864
2025-06-16 09:29:03.000000,2487.2,85323,34404300,1,212,569
2025-06-16 09:29:03.000000,2487.2,85323,34404300,1,212,569
2025-06-16 09:29:04.000000,2487.2,85323,34404300,1,256,436
2025-06-16 09:29:05.000000,2487.2,85323,34404300,1,281,487
2025-06-16 09:29:06.000000,2487.0,85323,34404300,10,281,487
2025-06-16 09:29:06.000000,2487.0,85333,34404300,10,257,436
2025-06-16 09:29:07.000000,2487.0,85333,34404300,10,225,449
2025-06-16 09:29:08.000000,2486.0,85333,34404300,8,225,449
2025-06-16 09:29:08.000000,2486.0,86057,34404300,10,96,574
2025-06-16 09:29:09.000000,2486.0,86057,34404300,5,96,574
2025-06-16 09:29:09.000000,2486.0,86077,34404300,5,76,376
2025-06-16 09:29:10.000000,2485.1,86077,34404300,16,76,376
2025-06-16 09:29:10.000000,2485.1,86297,34404300,16,423,427
2025-06-16 09:29:11.000000,2485.2,86297,34404300,18,423,427
2025-06-16 09:29:11.000000,2485.2,86323,34404300,4,460,436
2025-06-16 09:29:12.000000,2485.1,86323,34404300,4,460,436
2025-06-16 09:29:12.000000,2486.6,86789,34404300,1,193,389
2025-06-16 09:29:13.000000,2486.6,86789,34404300,1,193,389
2025-06-16 09:29:13.000000,2486.9,86824,34404300,16,350,306
2025-06-16 09:29:14.000000,2486.9,86824,34404300,16,350,306
2025-06-16 09:29:15.000000,2486.9,86824,34404300,16,329,693
2025-06-16 09:29:16.000000,2487.3,86827,34404300,3,211,118
2025-06-16 09:29:16.000000,2487.3,86827,34404300,3,211,118
2025-06-16 09:29:17.000000,2487.1,86829,34404300,1,122,479
2025-06-16 09:29:17.000000,2485.9,86829,34404300,20,122,479
2025-06-16 09:29:18.000000,2485.9,86929,34404300,20,316,445
2025-06-16 09:29:19.000000,2485.7,87089,34404300,18,282,514
2025-06-16 09:29:20.000000,2485.7,87089,34404300,18,282,514
2025-06-16 09:29:20.000000,2485.7,87089,34404300,18,169,454
2025-06-16 09:29:21.000000,2485.7,87089,34404300,18,169,154
2025-06-16 09:29:22.000000,2486.6,87089,34404300,2,169,154
2025-06-16 09:29:22.000000,2486.6,87091,34404300,2,237,545
2025-06-16 09:29:23.000000,2486.7,87091,34404300,1,237,545
2025-06-16 09:29:23.000000,2486.7,87092,34404300,1,312,413
2025-06-16 09:29:24.000000,2486.7,87092,34404300,1,356,397
2025-06-16 09:29:26.000000,2486.7,87092,34404300,1,286,494
2025-06-16 09:29:27.000000,2485.4,87584,34404300,43,540,148
2025-06-16 09:29:27.000000,2485.4,87584,34404300,43,540,148
2025-06-16 09:29:28.000000,2485.4,87584,34404300,43,487,58
2025-06-16 09:29:28.000000,2485.1,87584,34404300,4,487,58
2025-06-16 09:29:29.000000,2485.7,87916,34404300,2,262,71
2025-06-16 09:29:29.000000,2485.7,87916,34404300,2,262,71
2025-06-16 09:29:30.000000,2486.5,87916,34404300,2,262,71
2025-06-16 09:29:30.000000,2486.5,87927,34404300,2,545,909
2025-06-16 09:29:31.000000,2486.5,87927,34404300,2,492,908
2025-06-16 09:29:32.000000,2486.5,87927,34404300,2,490,812
2025-06-16 09:29:33.000000,2486.3,87927,34404300,9,490,812
2025-06-16 09:29:33.000000,2486.3,87936,34404300,9,501,776
2025-06-16 09:29:34.000000,2486.3,87936,34404300,9,502,776
2025-06-16 09:29:35.000000,2486.0,87946,34404300,10,492,920
2025-06-16 09:29:36.000000,2486.0,87946,34404300,25,492,920
2025-06-16 09:29:37.000000,2486.0,87972,34404300,25,443,930
2025-06-16 09:29:38.000000,2486.0,87972,34404300,25,406,879
2025-06-16 09:29:39.000000,2484.0,88830,34404300,5,319,315
2025-06-16 09:29:39.000000,2484.0,88830,34404300,5,319,315
2025-06-16 09:29:40.000000,2484.0,88830,34404300,5,118,573
2025-06-16 09:29:40.000000,2484.7,88830,34404300,2,118,573
2025-06-16 09:29:41.000000,2484.5,88837,34404300,5,127,554
2025-06-16 09:29:41.000000,2484.5,88837,34404300,5,127,554
2025-06-16 09:29:42.000000,2484.0,88842,34404300,5,229,243
2025-06-16 09:29:42.000000,2484.0,88842,34404300,5,229,243
2025-06-16 09:29:43.000000,2484.1,88853,34404300,10,554,514
2025-06-16 09:29:43.000000,2484.1,88853,34404300,10,554,514
2025-06-16 09:29:44.000000,2483.7,88853,34404300,11,554,514
2025-06-16 09:29:44.000000,2483.7,88978,34404300,11,313,488
2025-06-16 09:29:45.000000,2483.7,88978,34404300,11,153,548
2025-06-16 09:29:46.000000,2484.2,88978,34404300,15,153,548
2025-06-16 09:29:46.000000,2484.2,88993,34404300,15,92,569
2025-06-16 09:29:47.000000,2484.0,88993,34404300,1,92,569
2025-06-16 09:29:47.000000,2484.0,89098,34404300,30,158,578
2025-06-16 09:29:48.000000,2483.9,89098,34404300,19,158,578
2025-06-16 09:29:48.000000,2483.7,89239,34404300,1,416,557
2025-06-16 09:29:49.000000,2484.3,89239,34404300,1,416,557
2025-06-16 09:29:49.000000,2484.3,89241,34404300,1,333,329
2025-06-16 09:29:50.000000,2482.4,89441,34404300,15,272,1039
2025-06-16 09:29:51.000000,2483.5,89441,34404300,4,272,1039
2025-06-16 09:29:52.000000,2483.5,89445,34404300,4,249,955
2025-06-16 09:29:53.000000,2483.5,89445,34404300,4,489,335
2025-06-16 09:29:54.000000,2483.5,89452,34404300,5,495,309
2025-06-16 09:29:54.000000,2483.5,89452,34404300,5,495,309
2025-06-16 09:29:55.000000,2483.5,89452,34404300,5,410,336
2025-06-16 09:29:56.000000,2482.2,89638,34404300,25,366,583
2025-06-16 09:29:56.000000,2482.2,89638,34404300,25,366,583
2025-06-16 09:29:57.000000,2483.7,89638,34404300,2,366,583
2025-06-16 09:29:57.000000,2483.7,89650,34404300,2,1367,932
2025-06-16 09:29:58.000000,2483.7,89650,34404300,10,1367,932
2025-06-16 09:29:58.000000,2483.7,89670,34404300,10,1290,739
2025-06-16 09:29:59.000000,2483.1,89670,34404300,2,1290,739
2025-06-16 09:29:59.000000,2483.1,89691,34404300,2,1180,1265
2025-06-16 09:30:01.000000,2484.0,89701,34404300,2,1358,980
2025-06-16 09:30:01.000000,2484.0,89701,34404300,2,1358,980
2025-06-16 09:30:02.000000,2483.0,90693,34404300,892,315,608
2025-06-16 09:30:02.000000,2483.0,90693,34404300,892,315,608
2025-06-16 09:30:03.000000,2480.9,91118,34404300,7,206,461
2025-06-16 09:30:03.000000,2481.0,91118,34404300,10,206,461
2025-06-16 09:30:04.000000,2482.7,91286,34404300,6,346,567
2025-06-16 09:30:04.000000,2482.7,91286,34404300,6,346,567
2025-06-16 09:30:05.000000,2481.9,91286,34404300,21,346,567
2025-06-16 09:30:05.000000,2481.9,91325,34404300,21,252,611
2025-06-16 09:30:06.000000,2481.7,91325,34404300,20,252,611
2025-06-16 09:30:06.000000,2481.7,91432,34404300,20,328,67
2025-06-16 09:30:07.000000,2482.0,91432,34404300,10,328,67
2025-06-16 09:30:07.000000,2482.6,91566,34404300,1,384,727
2025-06-16 09:30:08.000000,2481.3,91566,34404300,1,384,727
2025-06-16 09:30:08.000000,2481.3,91567,34404300,1,405,666
2025-06-16 09:30:09.000000,2480.8,91567,34404300,6,405,666
2025-06-16 09:30:09.000000,2480.3,91602,34404300,10,3644,844
2025-06-16 09:30:10.000000,2480.0,91602,34404300,6,3644,844
2025-06-16 09:30:10.000000,2480.9,91751,34404300,1,3839,696
2025-06-16 09:30:11.000000,2480.0,91751,34404300,50,3839,696
2025-06-16 09:30:12.000000,2480.1,92174,34404300,7,3520,574
2025-06-16 09:30:12.000000,2480.1,92174,34404300,7,3520,574
2025-06-16 09:30:13.000000,2481.2,92208,34404300,13,283,89
2025-06-16 09:30:13.000000,2481.6,92208,34404300,1,283,89
2025-06-16 09:30:14.000000,2482.1,92252,34404300,16,335,290
2025-06-16 09:30:14.000000,2482.1,92252,34404300,16,335,290
2025-06-16 09:30:15.000000,2482.1,92258,34404300,5,380,620
2025-06-16 09:30:15.000000,2482.1,92258,34404300,5,380,620
2025-06-16 09:30:16.000000,2481.6,92259,34404300,1,236,520
2025-06-16 09:30:16.000000,2481.6,92259,34404300,4,236,520
2025-06-16 09:30:17.000000,2481.6,92264,34404300,1,385,93
2025-06-16 09:30:17.000000,2481.6,92264,34404300,1,385,93
2025-06-16 09:30:18.000000,2480.3,92264,34404300,10,385,93
2025-06-16 09:30:18.000000,2480.3,92275,34404300,10,3570,166
2025-06-16 09:30:19.000000,2481.6,92275,34404300,9,3570,166
2025-06-16 09:30:19.000000,2481.6,92295,34404300,9,235,530
2025-06-16 09:30:20.000000,2480.4,92295,34404300,13,235,530
2025-06-16 09:30:20.000000,2480.4,92330,34404300,13,3541,874
2025-06-16 09:30:21.000000,2482.0,92330,34404300,200,3541,874
2025-06-16 09:30:21.000000,2482.3,92654,34404300,28,99,610
2025-06-16 09:30:22.000000,2482.9,92654,34404300,20,99,610
2025-06-16 09:30:22.000000,2482.0,92992,34404300,9,292,730
2025-06-16 09:30:23.000000,2482.0,92992,34404300,9,292,730
2025-06-16 09:30:24.000000,2482.0,92992,34404300,9,379,590
2025-06-16 09:30:24.000000,2482.0,92992,34404300,9,379,590
2025-06-16 09:30:25.000000,2482.0,92992,34404300,9,315,415
2025-06-16 09:30:25.000000,2482.0,92992,34404300,9,315,415
2025-06-16 09:30:26.000000,2482.7,92999,34404300,2,225,435
2025-06-16 09:30:26.000000,2482.7,92999,34404300,2,225,435
2025-06-16 09:30:26.000000,2482.7,92999,34404300,2,225,435
2025-06-16 09:30:26.000000,2482.7,92999,34404300,2,225,435
2025-06-16 09:30:27.000000,2482.7,92999,34404300,2,225,435
2025-06-16 09:30:27.000000,2482.5,93019,34404300,9,301,433
2025-06-16 09:30:27.000000,2481.9,93019,34404300,4,301,433
2025-06-16 09:30:27.000000,2481.9,93019,34404300,4,301,433
2025-06-16 09:30:28.000000,2481.9,93019,34404300,4,301,433
2025-06-16 09:30:28.000000,2481.5,93033,34404300,10,409,428
2025-06-16 09:30:28.000000,2481.5,93033,34404300,10,409,428
2025-06-16 09:30:29.000000,2481.5,93033,34404300,10,409,428
2025-06-16 09:30:29.000000,2482.1,93033,34404300,1,409,428
2025-06-16 09:30:29.000000,2482.1,93078,34404300,1,333,257
2025-06-16 09:30:30.000000,2482.1,93078,34404300,1,333,257
2025-06-16 09:30:30.000000,2482.1,93078,34404300,1,354,354
2025-06-16 09:30:30.000000,2482.1,93078,34404300,1,354,354
2025-06-16 09:30:31.000000,2483.4,93078,34404300,1,354,354
2025-06-16 09:30:31.000000,2483.4,93095,34404300,1,358,335
2025-06-16 09:30:32.000000,2483.4,93095,34404300,1,358,335
2025-06-16 09:30:32.000000,2483.5,93095,34404300,3,358,335
2025-06-16 09:30:32.000000,2483.5,93098,34404300,3,311,366
2025-06-16 09:30:33.000000,2483.5,93098,34369500,3,311,366
2025-06-16 09:30:33.000000,2484.2,93098,34369500,66,311,366
2025-06-16 09:30:33.000000,2484.2,93272,34369500,66,337,375
2025-06-16 09:30:34.000000,2484.2,93272,34369500,66,337,375
2025-06-16 09:30:34.000000,2483.7,93272,34369500,10,337,375
2025-06-16 09:30:34.000000,2482.3,93347,34369500,1,496,270
2025-06-16 09:30:35.000000,2482.3,93347,34369500,1,496,270
2025-06-16 09:30:35.000000,2483.5,93347,34369500,11,496,270
2025-06-16 09:30:36.000000,2483.5,93447,34369500,11,436,488
2025-06-16 09:30:36.000000,2482.9,93447,34369500,1,436,488
2025-06-16 09:30:37.000000,2483.1,93453,34369500,1,451,366
2025-06-16 09:30:37.000000,2483.1,93453,34369500,1,451,366
2025-06-16 09:30:38.000000,2483.1,93453,34369500,1,323,347
2025-06-16 09:30:39.000000,2483.1,93453,34369500,1,323,606
2025-06-16 09:30:40.000000,2481.6,93743,34369500,10,316,519
2025-06-16 09:30:40.000000,2481.6,93743,34369500,10,316,519
2025-06-16 09:30:41.000000,2481.8,93743,34369500,5,316,519
2025-06-16 09:30:41.000000,2481.8,93798,34369500,5,362,347
2025-06-16 09:30:42.000000,2480.5,93798,34369500,6,362,347
2025-06-16 09:30:42.000000,2480.5,93978,34369500,6,5479,463
2025-06-16 09:30:43.000000,2480.5,93978,34369500,6,5479,799
2025-06-16 09:30:44.000000,2480.4,93978,34369500,4,5479,799
2025-06-16 09:30:44.000000,2480.4,94014,34369500,4,5513,574
2025-06-16 09:30:45.000000,2480.6,94014,34369500,2,5513,574
2025-06-16 09:30:45.000000,2478.0,99810,34369500,7,304,311
2025-06-16 09:30:46.000000,2478.0,99810,34369500,7,304,311
2025-06-16 09:30:46.000000,2479.2,99935,34369500,1,185,364
2025-06-16 09:30:47.000000,2479.2,99935,34369500,1,185,364
2025-06-16 09:30:48.000000,2478.2,99937,34369500,2,196,296
2025-06-16 09:30:48.000000,2478.2,99937,34369500,2,196,296
2025-06-16 09:30:49.000000,2479.3,99938,34369500,1,245,409
2025-06-16 09:30:49.000000,2479.3,99938,34369500,1,245,409
2025-06-16 09:30:50.000000,2478.0,100033,34369500,11,267,144
2025-06-16 09:30:50.000000,2478.0,100033,34369500,11,267,144
2025-06-16 09:30:51.000000,2479.2,100035,34369500,2,413,345
2025-06-16 09:30:51.000000,2479.2,100035,34369500,2,413,345
2025-06-16 09:30:52.000000,2479.2,100035,34369500,2,377,301
2025-06-16 09:30:53.000000,2479.0,100035,34369500,1,377,301
2025-06-16 09:30:53.000000,2479.0,100036,34369500,1,415,341
2025-06-16 09:30:54.000000,2479.0,100036,34369500,1,377,278
2025-06-16 09:30:55.000000,2478.9,100036,34369500,32,377,278
2025-06-16 09:30:55.000000,2478.9,100068,34369500,32,413,395
2025-06-16 09:30:56.000000,2479.2,100068,34369500,5,413,395
2025-06-16 09:30:56.000000,2479.2,100073,34369500,5,428,504
2025-06-16 09:30:57.000000,2479.1,100073,34369500,1,428,504
2025-06-16 09:30:57.000000,2478.6,100265,34369500,2,216,620
2025-06-16 09:30:58.000000,2478.6,100265,34369500,2,216,620
2025-06-16 09:30:58.000000,2479.7,100270,34369500,4,134,602
2025-06-16 09:30:59.000000,2479.0,100270,34369500,1,134,602
2025-06-16 09:30:59.000000,2479.0,100272,34369500,1,404,607
2025-06-16 09:31:00.000000,2477.9,100272,34369500,7,404,607
2025-06-16 09:31:01.000000,2477.9,100644,34369500,14,185,644
2025-06-16 09:31:01.000000,2477.9,100644,34369500,14,185,644
2025-06-16 09:31:01.000000,2477.7,100646,34369500,2,643,738
2025-06-16 09:31:02.000000,2477.7,100646,34369500,2,643,738
2025-06-16 09:31:03.000000,2477.7,100646,34369500,2,581,707
2025-06-16 09:31:03.000000,2477.8,100646,34369500,1,581,707
2025-06-16 09:31:04.000000,2477.7,100782,34369500,1,510,732
2025-06-16 09:31:04.000000,2477.7,100782,34369500,1,510,732
2025-06-16 09:31:05.000000,2476.7,100792,34369500,7,651,638
2025-06-16 09:31:05.000000,2476.7,100792,34369500,7,651,638
2025-06-16 09:31:06.000000,2477.4,100815,34369500,1,635,772
2025-06-16 09:31:06.000000,2477.4,100815,34369500,1,635,772
2025-06-16 09:31:07.000000,2477.4,100815,34369500,66,635,772
2025-06-16 09:31:07.000000,2477.4,100915,34369500,66,699,616
2025-06-16 09:31:08.000000,2477.4,100915,34369500,66,716,618
2025-06-16 09:31:09.000000,2478.1,100915,34369500,22,716,618
2025-06-16 09:31:09.000000,2478.1,101316,34369500,22,229,863
2025-06-16 09:31:10.000000,2478.1,101316,34369500,5,229,863
2025-06-16 09:31:10.000000,2472.9,106595,34369500,5,249,270
2025-06-16 09:31:11.000000,2475.0,106595,34369500,30,249,270
2025-06-16 09:31:11.000000,2475.0,106707,34369500,1,291,205
2025-06-16 09:31:12.000000,2475.0,106707,34369500,1,291,205
2025-06-16 09:31:12.000000,2475.0,106908,34369500,1,261,247
2025-06-16 09:31:13.000000,2475.0,106908,34369500,13,261,247
2025-06-16 09:31:14.000000,2475.0,106922,34369500,13,144,276
2025-06-16 09:31:14.000000,2475.0,106922,34369500,1,144,276
2025-06-16 09:31:15.000000,2474.7,106955,34369500,25,364,308
2025-06-16 09:31:15.000000,2474.7,106955,34369500,25,364,308
2025-06-16 09:31:16.000000,2475.0,106977,34369500,21,363,217
2025-06-16 09:31:16.000000,2475.6,106977,34369500,1,363,217
2025-06-16 09:31:17.000000,2476.3,107017,34369500,32,428,466
2025-06-16 09:31:17.000000,2476.3,107017,34369500,32,428,466
2025-06-16 09:31:18.000000,2476.3,107017,34369500,32,256,345
2025-06-16 09:31:19.000000,2475.0,107199,34369500,139,205,350
2025-06-16 09:31:19.000000,2475.8,107199,34369500,1,205,350
2025-06-16 09:31:20.000000,2475.8,107199,34369500,1,205,350
2025-06-16 09:31:20.000000,2475.8,107201,34369500,1,230,393
2025-06-16 09:31:21.000000,2475.0,107201,34369500,20,230,393
2025-06-16 09:31:21.000000,2476.4,107266,34369500,1,278,384
2025-06-16 09:31:22.000000,2475.8,107266,34369500,37,278,384
2025-06-16 09:31:22.000000,2475.8,107366,34369500,37,164,352
2025-06-16 09:31:23.000000,2475.0,107366,34369500,2,164,352
2025-06-16 09:31:23.000000,2475.9,107392,34369500,1,199,358
2025-06-16 09:31:24.000000,2475.6,107392,34369500,1,199,358
2025-06-16 09:31:24.000000,2475.6,107396,34369500,1,147,305
2025-06-16 09:31:25.000000,2474.1,107396,34369500,7,147,305
2025-06-16 09:31:25.000000,2474.4,107538,34369500,7,134,319
2025-06-16 09:31:26.000000,2473.4,107538,34369500,20,134,319
2025-06-16 09:31:27.000000,2473.4,107568,34369500,20,139,298
2025-06-16 09:31:27.000000,2474.6,107568,34369500,10,139,298
2025-06-16 09:31:28.000000,2473.3,107678,34369500,13,150,314
2025-06-16 09:31:28.000000,2473.3,107678,34369500,13,150,314
2025-06-16 09:31:29.000000,2474.0,107681,34369500,3,195,413
2025-06-16 09:31:29.000000,2474.0,107681,34369500,3,195,413
2025-06-16 09:31:30.000000,2474.1,107733,34369500,18,158,392
2025-06-16 09:31:30.000000,2474.1,107733,34369500,18,158,392
2025-06-16 09:31:31.000000,2474.1,107733,34369500,18,134,285
2025-06-16 09:31:32.000000,2473.3,107733,34369500,3,134,285
2025-06-16 09:31:32.000000,2474.4,107811,34369500,6,64,369
2025-06-16 09:31:33.000000,2474.4,107811,34369500,1,64,369
2025-06-16 09:31:33.000000,2474.4,107897,34369500,1,356,464
2025-06-16 09:31:34.000000,2473.9,107897,34369500,23,356,464
2025-06-16 09:31:34.000000,2473.9,107927,34369500,23,187,407
2025-06-16 09:31:35.000000,2474.2,107927,34369500,3,187,407
2025-06-16 09:31:35.000000,2474.2,107934,34369500,3,161,369
2025-06-16 09:31:36.000000,2472.7,107944,34369500,10,202,423
2025-06-16 09:31:37.000000,2472.7,107944,34369500,10,202,423
2025-06-16 09:31:37.000000,2473.4,107964,34369500,20,343,400
2025-06-16 09:31:38.000000,2473.4,107964,34369500,20,343,400
2025-06-16 09:31:38.000000,2473.4,107964,34369500,20,299,186
2025-06-16 09:31:39.000000,2472.6,107964,34369500,5,299,186
2025-06-16 09:31:39.000000,2473.4,107975,34369500,5,457,273
2025-06-16 09:31:40.000000,2473.4,107975,34369500,7,457,273
2025-06-16 09:31:41.000000,2472.0,108655,34369500,2,132,321
2025-06-16 09:31:41.000000,2472.0,108655,34369500,2,132,321
2025-06-16 09:31:42.000000,2473.1,108855,34369500,93,220,263
2025-06-16 09:31:42.000000,2471.7,108855,34369500,7,220,263
2025-06-16 09:31:43.000000,2471.7,108890,34369500,6,192,357
2025-06-16 09:31:43.000000,2471.7,108890,34369500,6,192,357
2025-06-16 09:31:44.000000,2470.9,109130,34369500,3,641,469
2025-06-16 09:31:44.000000,2470.9,109130,34369500,3,641,469
2025-06-16 09:31:45.000000,2471.1,109346,34369500,1,270,210
2025-06-16 09:31:45.000000,2471.1,109346,34369500,1,270,210
2025-06-16 09:31:46.000000,2471.1,109346,34369500,5,270,210
2025-06-16 09:31:46.000000,2471.1,109356,34369500,5,224,325
2025-06-16 09:31:47.000000,2470.8,109356,34369500,9,224,325
2025-06-16 09:31:47.000000,2470.5,109896,34369500,17,127,424
2025-06-16 09:31:48.000000,2471.4,109896,34369500,1,127,424
2025-06-16 09:31:48.000000,2471.4,109902,34369500,1,782,321
2025-06-16 09:31:49.000000,2471.5,109902,34369500,5,782,321
2025-06-16 09:31:49.000000,2471.5,110322,34369500,5,880,434
2025-06-16 09:31:50.000000,2472.2,110322,34369500,31,880,434
2025-06-16 09:31:50.000000,2472.2,110455,34369500,31,134,257
2025-06-16 09:31:51.000000,2472.0,110455,34369500,1,134,257
2025-06-16 09:31:51.000000,2472.0,110456,34369500,1,154,256
2025-06-16 09:31:52.000000,2473.3,110476,34369500,20,97,279
2025-06-16 09:31:53.000000,2472.0,110476,34369500,1,97,279
2025-06-16 09:31:54.000000,2470.5,110531,34369500,2,269,78
2025-06-16 09:31:54.000000,2470.6,110531,34369500,2,269,78
2025-06-16 09:31:55.000000,2471.5,110534,34369500,1,133,573
2025-06-16 09:31:55.000000,2471.5,110534,34369500,1,133,573
2025-06-16 09:31:56.000000,2471.5,110534,34369500,1,111,525
2025-06-16 09:31:57.000000,2472.3,110544,34369500,6,191,696
2025-06-16 09:31:57.000000,2472.3,110544,34369500,6,191,696
2025-06-16 09:31:58.000000,2472.0,110544,34369500,10,191,696
2025-06-16 09:31:58.000000,2472.0,110554,34369500,10,234,606
2025-06-16 09:31:59.000000,2472.0,110554,34369500,10,256,524
2025-06-16 09:32:00.000000,2472.0,110554,34369500,2,256,524
2025-06-16 09:32:00.000000,2472.0,110556,34369500,2,178,395
2025-06-16 09:32:01.000000,2472.4,110556,34369500,5,178,395
2025-06-16 09:32:02.000000,2472.4,110642,34369500,5,245,513
2025-06-16 09:32:03.000000,2472.4,110642,34369500,5,226,525
2025-06-16 09:32:04.000000,2471.5,110799,34369500,6,120,322
2025-06-16 09:32:04.000000,2471.5,110799,34369500,6,120,322
2025-06-16 09:32:05.000000,2471.7,110802,34369500,3,124,375
2025-06-16 09:32:05.000000,2471.9,110802,34369500,10,124,375
2025-06-16 09:32:06.000000,2471.5,110868,34369500,1,154,365
2025-06-16 09:32:06.000000,2472.0,110868,34369500,5,154,365
2025-06-16 09:32:07.000000,2472.0,110884,34369500,1,123,716
2025-06-16 09:32:07.000000,2472.0,110884,34369500,1,123,716
2025-06-16 09:32:08.000000,2472.7,111370,34369500,6,185,461
2025-06-16 09:32:08.000000,2472.7,111370,34369500,6,185,461
2025-06-16 09:32:09.000000,2472.7,111370,34369500,6,173,597
2025-06-16 09:32:09.000000,2472.0,111370,34369500,4,173,597
2025-06-16 09:32:10.000000,2472.0,111395,34369500,4,217,515
2025-06-16 09:32:10.000000,2472.0,111395,34369500,13,217,515
2025-06-16 09:32:11.000000,2474.1,111910,34369500,211,245,716
2025-06-16 09:32:11.000000,2474.1,111910,34369500,211,245,716
2025-06-16 09:32:12.000000,2474.1,112010,34369500,100,210,644
2025-06-16 09:32:12.000000,2473.0,112010,34369500,6,210,644
2025-06-16 09:32:13.000000,2473.0,112300,34369500,5,279,685
2025-06-16 09:32:13.000000,2473.0,112300,34369500,5,279,685
2025-06-16 09:32:14.000000,2474.0,112355,34369500,30,337,665
2025-06-16 09:32:14.000000,2473.0,112355,34369500,18,337,665
2025-06-16 09:32:15.000000,2473.0,112380,34369500,18,306,645
2025-06-16 09:32:15.000000,2474.1,112380,34369500,100,306,645
2025-06-16 09:32:16.000000,2473.1,112690,34369500,44,275,498
2025-06-16 09:32:16.000000,2473.1,112690,34369500,44,275,498
2025-06-16 09:32:17.000000,2472.6,112890,34369500,29,160,547
2025-06-16 09:32:17.000000,2472.6,112890,34369500,29,160,547
2025-06-16 09:32:18.000000,2472.6,112890,34369500,29,71,605
2025-06-16 09:32:18.000000,2473.2,112890,34369500,10,71,605
2025-06-16 09:32:19.000000,2474.1,113127,34369500,200,50,355
2025-06-16 09:32:19.000000,2474.1,113127,34369500,200,50,355
2025-06-16 09:32:20.000000,2473.2,113182,34369500,5,133,383
2025-06-16 09:32:20.000000,2473.2,113182,34369500,5,133,383
2025-06-16 09:32:21.000000,2474.4,113359,34369500,11,246,271
2025-06-16 09:32:21.000000,2474.2,113359,34369500,13,246,271
2025-06-16 09:32:22.000000,2474.1,113492,34369500,100,147,311
2025-06-16 09:32:22.000000,2474.1,113492,34369500,100,147,311
2025-06-16 09:32:22.000000,2474.1,113517,34369500,2,230,350
2025-06-16 09:32:23.000000,2475.0,113517,34369500,14,230,350
2025-06-16 09:32:23.000000,2475.0,113557,34369500,14,288,304
2025-06-16 09:32:24.000000,2475.5,113567,34369500,10,428,373
2025-06-16 09:32:25.000000,2474.5,113567,34369500,9,428,373
2025-06-16 09:32:25.000000,2474.6,113577,34369500,1,342,370
2025-06-16 09:32:26.000000,2474.6,113577,34369500,1,342,370
2025-06-16 09:32:26.000000,2475.5,113600,34369500,23,278,372
2025-06-16 09:32:27.000000,2475.8,113600,34369500,30,278,372
2025-06-16 09:32:27.000000,2475.8,113630,34369500,30,257,286
2025-06-16 09:32:28.000000,2476.3,113774,34369500,10,363,264
2025-06-16 09:32:29.000000,2476.9,113774,34369500,20,363,264
2025-06-16 09:32:29.000000,2476.9,113833,34369500,20,74,353
2025-06-16 09:32:30.000000,2477.0,113833,34369500,15,74,353
2025-06-16 09:32:30.000000,2477.0,113898,34369500,15,125,349
2025-06-16 09:32:31.000000,2476.2,113898,34369500,13,125,349
2025-06-16 09:32:31.000000,2476.2,113928,34369500,13,130,284
2025-06-16 09:32:32.000000,2477.2,113928,34369500,10,130,284
2025-06-16 09:32:32.000000,2477.2,113938,34369500,10,254,367
2025-06-16 09:32:33.000000,2476.9,113938,34369500,24,254,367
2025-06-16 09:32:33.000000,2475.8,113992,34369500,14,272,531
2025-06-16 09:32:34.000000,2475.8,113992,34369500,14,272,531
2025-06-16 09:32:34.000000,2479.0,116420,34369500,10,207,195
2025-06-16 09:32:35.000000,2479.0,116420,34369500,10,207,195
2025-06-16 09:32:35.000000,2478.3,116484,34369500,38,281,103
2025-06-16 09:32:36.000000,2477.9,116484,34369500,1,281,103
2025-06-16 09:32:36.000000,2477.9,116515,34369500,1,313,269
2025-06-16 09:32:37.000000,2477.4,116515,34369500,1,313,269
2025-06-16 09:32:37.000000,2476.8,116536,34369500,6,304,174
2025-06-16 09:32:38.000000,2476.8,116536,34369500,6,304,174
2025-06-16 09:32:38.000000,2476.8,117086,34369500,11,209,187
2025-06-16 09:32:39.000000,2476.8,117086,34369500,11,209,187
2025-06-16 09:32:39.000000,2476.8,117086,34369500,11,247,201
2025-06-16 09:32:40.000000,2477.0,117086,34369500,2,247,201
2025-06-16 09:32:40.000000,2476.5,117136,34369500,2,275,192
2025-06-16 09:32:41.000000,2476.6,117136,34369500,8,275,192
2025-06-16 09:32:41.000000,2476.6,117186,34369500,8,301,156
2025-06-16 09:32:42.000000,2475.1,117186,34369500,7,301,156
2025-06-16 09:32:42.000000,2475.0,117926,34369500,26,368,269
2025-06-16 09:32:43.000000,2474.2,117926,34369500,14,368,269
2025-06-16 09:32:43.000000,2474.0,119312,34369500,2,263,158
2025-06-16 09:32:44.000000,2473.3,119312,34369500,40,263,158
2025-06-16 09:32:44.000000,2472.9,119364,34369500,1,308,193
2025-06-16 09:32:45.000000,2474.1,119364,34369500,6,308,193
2025-06-16 09:32:45.000000,2474.1,119395,34369500,6,282,168
2025-06-16 09:32:46.000000,2474.1,119395,34369500,6,275,249
2025-06-16 09:32:47.000000,2474.1,119395,34369500,6,471,168
2025-06-16 09:32:49.000000,2474.5,119395,34369500,6,471,168
2025-06-16 09:32:49.000000,2474.8,119435,34369500,10,541,261
2025-06-16 09:32:50.000000,2474.8,119435,34369500,1,541,261
2025-06-16 09:32:50.000000,2474.8,119438,34369500,1,349,375
2025-06-16 09:32:51.000000,2474.0,119438,34369500,1,349,375
2025-06-16 09:32:51.000000,2473.2,119443,34369500,2,243,379
2025-06-16 09:32:52.000000,2473.0,119443,34369500,5,243,379
2025-06-16 09:32:52.000000,2473.0,119456,34369500,5,206,347
2025-06-16 09:32:53.000000,2474.0,119456,34369500,1,206,347
2025-06-16 09:32:53.000000,2474.0,119477,34369500,1,272,381
2025-06-16 09:32:54.000000,2473.1,119477,34369500,9,272,381
2025-06-16 09:32:54.000000,2473.1,119486,34369500,9,218,292
2025-06-16 09:32:55.000000,2473.1,119486,34369500,9,125,384
2025-06-16 09:32:56.000000,2473.8,119490,34369500,4,108,428
2025-06-16 09:32:57.000000,2473.8,119490,34369500,4,108,428
2025-06-16 09:32:57.000000,2473.8,119490,34369500,4,190,312
2025-06-16 09:32:58.000000,2473.2,119490,34369500,11,190,312
2025-06-16 09:32:58.000000,2473.2,119518,34369500,11,203,304
2025-06-16 09:32:59.000000,2473.2,119518,34369500,11,188,338
2025-06-16 09:33:00.000000,2473.2,119518,34369500,11,475,403
2025-06-16 09:33:01.000000,2473.8,119518,34369500,2,475,403
2025-06-16 09:33:01.000000,2473.8,119530,34369500,2,300,385
2025-06-16 09:33:02.000000,2474.0,119530,34369500,4,300,385
2025-06-16 09:33:02.000000,2473.1,119550,34369500,10,412,266
2025-06-16 09:33:03.000000,2473.1,119550,34369500,10,412,266
2025-06-16 09:33:03.000000,2473.3,119560,34369500,8,272,286
2025-06-16 09:33:04.000000,2473.3,119560,34369500,8,272,286
2025-06-16 09:33:05.000000,2473.0,119880,34369500,1,258,286
2025-06-16 09:33:05.000000,2473.0,119880,34369500,1,258,286
2025-06-16 09:33:06.000000,2474.0,120074,34369500,194,307,284
2025-06-16 09:33:06.000000,2474.0,120074,34369500,194,307,284
2025-06-16 09:33:07.000000,2474.0,120074,34369500,194,268,249
2025-06-16 09:33:08.000000,2475.0,120079,34369500,5,595,281
2025-06-16 09:33:08.000000,2475.0,120079,34369500,5,595,281
2025-06-16 09:33:09.000000,2474.9,120273,34369500,24,117,391
2025-06-16 09:33:09.000000,2474.9,120273,34369500,24,117,391
2025-06-16 09:33:10.000000,2475.6,120274,34369500,1,224,199
2025-06-16 09:33:10.000000,2475.6,120274,34369500,1,224,199
2025-06-16 09:33:11.000000,2475.6,120274,34369500,1,259,169
2025-06-16 09:33:12.000000,2476.0,120274,34369500,2,259,169
2025-06-16 09:33:12.000000,2476.0,120276,34369500,2,285,199
2025-06-16 09:33:13.000000,2476.0,120276,34369500,2,277,161
2025-06-16 09:33:14.000000,2476.0,120276,34369500,20,277,161
2025-06-16 09:33:14.000000,2476.0,120296,34369500,20,494,340
2025-06-16 09:33:15.000000,2476.0,120296,34369500,20,557,384
2025-06-16 09:33:16.000000,2475.8,120296,34369500,3,557,384
2025-06-16 09:33:16.000000,2475.8,120316,34369500,3,189,333
2025-06-16 09:33:17.000000,2476.9,120316,34369500,3,189,333
2025-06-16 09:33:17.000000,2476.9,120321,34369500,3,242,247
2025-06-16 09:33:19.000000,2476.9,120321,34369500,3,254,302
2025-06-16 09:33:20.000000,2476.7,120331,34369500,10,233,281
2025-06-16 09:33:20.000000,2476.7,120331,34369500,1,233,281
2025-06-16 09:33:21.000000,2476.1,120345,34369500,1,184,242
2025-06-16 09:33:21.000000,2476.3,120345,34369500,7,184,242
2025-06-16 09:33:22.000000,2475.5,120432,34369500,21,339,168
2025-06-16 09:33:22.000000,2475.5,120432,34369500,21,339,168
2025-06-16 09:33:23.000000,2475.5,120432,34369500,9,339,168
2025-06-16 09:33:23.000000,2475.5,120441,34369500,9,354,77
2025-06-16 09:33:24.000000,2475.5,120441,34369500,25,354,77
2025-06-16 09:33:24.000000,2475.5,120466,34369500,25,164,314
2025-06-16 09:33:24.000000,2475.5,120466,34369500,25,164,314
2025-06-16 09:33:25.000000,2475.5,120466,34369500,25,164,314
2025-06-16 09:33:25.000000,2474.9,120466,34369500,25,164,314
2025-06-16 09:33:25.000000,2474.9,120526,34369500,25,70,148
2025-06-16 09:33:25.000000,2474.9,120526,34369500,25,70,148
2025-06-16 09:33:26.000000,2474.9,120526,34369500,25,70,148
2025-06-16 09:33:26.000000,2475.9,120527,34369500,1,420,186
2025-06-16 09:33:27.000000,2475.9,120527,34369500,1,420,186
2025-06-16 09:33:27.000000,2475.9,120527,34369500,1,420,186
2025-06-16 09:33:27.000000,2475.9,120527,34369500,1,420,186
2025-06-16 09:33:27.000000,2475.9,120527,34369500,1,145,102
2025-06-16 09:33:28.000000,2475.9,120527,34369500,1,145,102
2025-06-16 09:33:28.000000,2475.0,120555,34369500,5,130,262
2025-06-16 09:33:29.000000,2475.0,120555,34369500,5,130,262
2025-06-16 09:33:29.000000,2475.0,120555,34369500,5,130,262
2025-06-16 09:33:29.000000,2475.0,120555,34369500,5,257,156
2025-06-16 09:33:30.000000,2475.0,120555,34369500,5,257,156
2025-06-16 09:33:31.000000,2474.2,120557,34369500,2,211,314
2025-06-16 09:33:31.000000,2474.2,120557,34369500,2,211,314
2025-06-16 09:33:31.000000,2474.2,120557,34369500,2,211,314
2025-06-16 09:33:32.000000,2474.2,120557,34369500,2,218,313
2025-06-16 09:33:32.000000,2474.2,120557,34369500,2,218,313
2025-06-16 09:33:33.000000,2476.0,120857,34369500,12,547,125
2025-06-16 09:33:33.000000,2474.6,120857,34369500,10,547,125
2025-06-16 09:33:33.000000,2474.6,120857,34315800,10,547,125
2025-06-16 09:33:34.000000,2475.9,120869,34315800,2,275,102
2025-06-16 09:33:34.000000,2475.9,120869,34315800,2,275,102
2025-06-16 09:33:34.000000,2475.9,120869,34315800,2,275,102
2025-06-16 09:33:35.000000,2475.0,120869,34315800,10,275,102
2025-06-16 09:33:35.000000,2475.0,120879,34315800,10,164,364
2025-06-16 09:33:35.000000,2475.0,120879,34315800,10,164,364
2025-06-16 09:33:36.000000,2474.5,120879,34315800,7,164,364
2025-06-16 09:33:36.000000,2474.5,120946,34315800,7,112,414
2025-06-16 09:33:37.000000,2473.1,120946,34315800,11,112,414
2025-06-16 09:33:37.000000,2473.1,121046,34315800,11,205,238
2025-06-16 09:33:38.000000,2474.4,121046,34315800,3,205,238
2025-06-16 09:33:38.000000,2473.2,121052,34315800,1,219,235
2025-06-16 09:33:39.000000,2473.2,121052,34315800,1,219,235
2025-06-16 09:33:39.000000,2474.2,121062,34315800,10,205,126
2025-06-16 09:33:40.000000,2474.2,121062,34315800,10,205,126
2025-06-16 09:33:40.000000,2474.2,121062,34315800,10,423,299
2025-06-16 09:33:41.000000,2474.4,121062,34315800,1,423,299
2025-06-16 09:33:41.000000,2474.3,121201,34315800,10,459,204
2025-06-16 09:33:42.000000,2474.3,121201,34315800,2,459,204
2025-06-16 09:33:43.000000,2474.4,121306,34315800,23,487,282
2025-06-16 09:33:43.000000,2474.4,121306,34315800,23,487,282
2025-06-16 09:33:44.000000,2474.4,121306,34315800,23,527,152
2025-06-16 09:33:45.000000,2474.4,121306,34315800,23,527,124
2025-06-16 09:33:46.000000,2474.4,121306,34315800,23,281,72
2025-06-16 09:33:47.000000,2473.7,121344,34315800,36,259,179
2025-06-16 09:33:47.000000,2473.7,121344,34315800,36,259,179
2025-06-16 09:33:48.000000,2473.7,121344,34315800,36,263,239
2025-06-16 09:33:49.000000,2474.1,121344,34315800,1,263,239
2025-06-16 09:33:49.000000,2474.1,121345,34315800,1,296,161
2025-06-16 09:33:50.000000,2473.7,121345,34315800,1,296,161
2025-06-16 09:33:50.000000,2473.1,121695,34315800,29,132,467
2025-06-16 09:33:51.000000,2473.1,121695,34315800,9,132,467
2025-06-16 09:33:51.000000,2473.1,121705,34315800,9,123,351
2025-06-16 09:33:52.000000,2473.1,121705,34315800,9,613,147
2025-06-16 09:33:53.000000,2473.6,121705,34315800,4,613,147
2025-06-16 09:33:53.000000,2473.6,121709,34315800,4,577,122
2025-06-16 09:33:54.000000,2473.1,121729,34315800,20,540,294
2025-06-16 09:33:55.000000,2473.6,121729,34315800,7,540,294
2025-06-16 09:33:55.000000,2473.1,121859,34315800,2,604,457
2025-06-16 09:33:56.000000,2473.1,121859,34315800,2,604,457
2025-06-16 09:33:56.000000,2473.1,121859,34315800,2,638,194
2025-06-16 09:33:58.000000,2473.1,121859,34315800,2,764,228
2025-06-16 09:33:59.000000,2473.1,121859,34315800,2,766,258
2025-06-16 09:34:00.000000,2472.4,122250,34315800,1,220,388
2025-06-16 09:34:00.000000,2472.7,122250,34315800,14,220,388
2025-06-16 09:34:05.000000,2473.2,122288,34315800,1,341,191
2025-06-16 09:34:06.000000,2473.2,122288,34315800,1,341,191
2025-06-16 09:34:13.000000,2473.6,122585,34315800,17,484,477
2025-06-16 09:34:14.000000,2474.1,122585,34315800,2,484,477
2025-06-16 09:34:20.000000,2474.1,122687,34315800,4,282,299
2025-06-16 09:34:22.000000,2474.1,122687,34315800,86,282,299
2025-06-16 09:34:28.000000,2474.0,122849,34315800,7,395,375
2025-06-16 09:34:30.000000,2473.5,122849,34315800,20,395,375
2025-06-16 09:34:35.000000,2473.2,122943,34315800,5,398,241
2025-06-16 09:34:38.000000,2472.7,122943,34315800,1,398,241
2025-06-16 09:34:42.000000,2472.7,123420,34315800,86,264,335
2025-06-16 09:34:46.000000,2471.9,123420,34315800,4,264,335
2025-06-16 09:34:50.000000,2470.9,123844,34315800,18,369,56
2025-06-16 09:34:55.000000,2472.3,123844,34315800,1,369,56
2025-06-16 09:34:57.000000,2470.6,124083,34315800,5,224,194
2025-06-16 09:35:01.000000,2470.4,124083,34315800,27,224,194
2025-06-16 09:35:02.000000,2469.6,124083,34315800,1,224,194
2025-06-16 09:35:02.000000,2469.6,128040,34315800,1,1071,203
2025-06-16 09:35:03.000000,2469.4,128040,34315800,5,1071,203
2025-06-16 09:35:03.000000,2469.4,128045,34315800,5,889,86
2025-06-16 09:35:04.000000,2469.6,128045,34315800,12,889,86
2025-06-16 09:35:04.000000,2469.8,128195,34315800,9,332,254
2025-06-16 09:35:05.000000,2469.8,128195,34315800,9,332,254
2025-06-16 09:35:05.000000,2470.0,128197,34315800,2,275,265
2025-06-16 09:35:06.000000,2470.0,128197,34315800,5,275,265
2025-06-16 09:35:06.000000,2470.0,128204,34315800,5,392,143
2025-06-16 09:35:07.000000,2470.0,128204,34315800,100,392,143
2025-06-16 09:35:07.000000,2470.0,128379,34315800,100,405,114
2025-06-16 09:35:08.000000,2470.0,128379,34315800,17,405,114
2025-06-16 09:35:08.000000,2470.0,128429,34315800,17,151,274
2025-06-16 09:35:09.000000,2470.0,128429,34315800,20,151,274
2025-06-16 09:35:09.000000,2470.0,128449,34315800,20,131,119
2025-06-16 09:35:10.000000,2469.8,128449,34315800,1,131,119
2025-06-16 09:35:10.000000,2469.8,128450,34315800,1,246,204
2025-06-16 09:35:11.000000,2470.0,128450,34315800,6,246,204
2025-06-16 09:35:11.000000,2470.0,128598,34315800,6,248,168
2025-06-16 09:35:12.000000,2469.1,128598,34315800,1,248,168
2025-06-16 09:35:12.000000,2469.1,128602,34315800,3,270,220
2025-06-16 09:35:13.000000,2470.0,128609,34315800,5,121,314
2025-06-16 09:35:13.000000,2470.0,128609,34315800,5,121,314
2025-06-16 09:35:14.000000,2470.9,128964,34315800,16,335,165
2025-06-16 09:35:14.000000,2470.9,128964,34315800,16,335,165
2025-06-16 09:35:15.000000,2471.0,129065,34315800,1,181,325
2025-06-16 09:35:15.000000,2471.0,129065,34315800,1,181,325
2025-06-16 09:35:16.000000,2471.0,129065,34315800,1,313,213
2025-06-16 09:35:17.000000,2471.7,129095,34315800,20,267,433
2025-06-16 09:35:17.000000,2471.7,129095,34315800,20,267,433
2025-06-16 09:35:18.000000,2470.9,129105,34315800,10,331,279
2025-06-16 09:35:18.000000,2470.9,129105,34315800,10,331,279
2025-06-16 09:35:19.000000,2470.1,129114,34315800,4,290,319
2025-06-16 09:35:19.000000,2471.1,129114,34315800,10,290,319
2025-06-16 09:35:20.000000,2470.4,129284,34315800,1,179,407
2025-06-16 09:35:20.000000,2470.4,129284,34315800,1,179,407
2025-06-16 09:35:21.000000,2470.4,129284,34315800,1,214,438
2025-06-16 09:35:22.000000,2470.8,129289,34315800,5,416,161
2025-06-16 09:35:22.000000,2470.8,129289,34315800,5,416,161
2025-06-16 09:35:23.000000,2470.8,129289,34315800,5,327,265
2025-06-16 09:35:24.000000,2469.7,129314,34315800,8,193,320
2025-06-16 09:35:24.000000,2469.7,129314,34315800,8,193,320
2025-06-16 09:35:25.000000,2469.7,129315,34315800,1,213,249
2025-06-16 09:35:25.000000,2469.7,129315,34315800,1,213,249
2025-06-16 09:35:26.000000,2469.7,129478,34315800,10,1117,375
2025-06-16 09:35:26.000000,2469.7,129478,34315800,10,1117,375
2025-06-16 09:35:27.000000,2469.3,129682,34315800,4,981,227
2025-06-16 09:35:27.000000,2469.3,129682,34315800,4,981,227
2025-06-16 09:35:28.000000,2469.1,129808,34315800,1,836,208
2025-06-16 09:35:28.000000,2469.1,129808,34315800,1,836,208
2025-06-16 09:35:29.000000,2468.0,129916,34315800,4,822,163
2025-06-16 09:35:29.000000,2468.0,129916,34315800,4,822,163
2025-06-16 09:35:30.000000,2468.3,130676,34315800,3,489,530
2025-06-16 09:35:30.000000,2468.3,130676,34315800,3,489,530
2025-06-16 09:35:31.000000,2468.3,130676,34315800,3,243,108
2025-06-16 09:35:32.000000,2468.3,130676,34315800,3,453,440
2025-06-16 09:35:33.000000,2468.3,130676,34315800,3,485,410
2025-06-16 09:35:34.000000,2469.0,130778,34315800,100,291,396
2025-06-16 09:35:34.000000,2469.0,130778,34315800,100,291,396
2025-06-16 09:35:35.000000,2469.0,130778,34315800,100,112,461
2025-06-16 09:35:36.000000,2468.8,130780,34315800,2,105,323
2025-06-16 09:35:36.000000,2468.6,130780,34315800,5,105,323
2025-06-16 09:35:37.000000,2468.6,130785,34315800,5,75,360
2025-06-16 09:35:37.000000,2468.6,130785,34315800,1,75,360
2025-06-16 09:35:38.000000,2466.0,131071,34315800,1,322,268
2025-06-16 09:35:38.000000,2466.0,131071,34315800,1,322,268
2025-06-16 09:35:39.000000,2466.9,131104,34315800,3,353,442
2025-06-16 09:35:39.000000,2466.9,131104,34315800,3,353,442
2025-06-16 09:35:40.000000,2466.7,131735,34315800,61,149,296
2025-06-16 09:35:40.000000,2467.6,131735,34315800,1,149,296
2025-06-16 09:35:41.000000,2466.5,131888,34315800,2,346,166
2025-06-16 09:35:41.000000,2466.5,131888,34315800,2,346,166
2025-06-16 09:35:42.000000,2466.5,131888,34315800,2,136,267
2025-06-16 09:35:42.000000,2467.4,131888,34315800,1,136,267
2025-06-16 09:35:43.000000,2467.4,131889,34315800,1,283,295
2025-06-16 09:35:44.000000,2468.0,132089,34315800,85,215,248
2025-06-16 09:35:44.000000,2468.0,132089,34315800,85,215,248
2025-06-16 09:35:45.000000,2467.8,132094,34315800,5,117,325
2025-06-16 09:35:45.000000,2467.8,132094,34315800,5,117,325
2025-06-16 09:35:46.000000,2467.8,132094,34315800,5,53,392
2025-06-16 09:35:46.000000,2467.0,132094,34315800,1,53,392
2025-06-16 09:35:47.000000,2467.0,132095,34315800,1,262,310
2025-06-16 09:35:47.000000,2467.0,132095,34315800,2,262,310
2025-06-16 09:35:48.000000,2466.5,132095,34315800,5,262,310
2025-06-16 09:35:49.000000,2467.7,132159,34315800,1,446,365
2025-06-16 09:35:49.000000,2467.6,132159,34315800,10,446,365
2025-06-16 09:35:50.000000,2467.6,132315,34315800,29,399,436
2025-06-16 09:35:50.000000,2466.0,132315,34315800,13,399,436
2025-06-16 09:35:51.000000,2465.1,132315,34315800,2,399,436
2025-06-16 09:35:52.000000,2465.1,132534,34315800,2,1539,61
2025-06-16 09:35:53.000000,2465.9,132539,34315800,5,1525,132
2025-06-16 09:35:53.000000,2466.5,132539,34315800,29,1525,132
2025-06-16 09:35:54.000000,2466.5,133039,34315800,29,421,328
2025-06-16 09:35:54.000000,2465.6,133039,34315800,10,421,328
2025-06-16 09:35:55.000000,2465.7,133099,34315800,38,148,212
2025-06-16 09:35:55.000000,2465.7,133099,34315800,38,148,212
2025-06-16 09:35:56.000000,2465.5,133347,34315800,15,1716,251
2025-06-16 09:35:56.000000,2465.5,133347,34315800,15,1716,251
2025-06-16 09:35:57.000000,2465.5,133347,34315800,15,214,75
2025-06-16 09:35:57.000000,2465.4,133347,34315800,7,214,75
2025-06-16 09:35:58.000000,2465.5,133717,34315800,10,222,101
2025-06-16 09:35:58.000000,2466.7,133717,34315800,5,222,101
2025-06-16 09:35:59.000000,2466.6,133727,34315800,3,1749,127
2025-06-16 09:35:59.000000,2466.6,133727,34315800,3,1749,127
2025-06-16 09:36:00.000000,2465.1,133731,34315800,3,1722,145
2025-06-16 09:36:00.000000,2465.2,133731,34315800,10,1722,145
2025-06-16 09:36:01.000000,2465.2,133741,34315800,10,1634,323
2025-06-16 09:36:01.000000,2465.3,133741,34315800,13,1634,323
2025-06-16 09:36:02.000000,2466.6,133741,34315800,20,1634,323
2025-06-16 09:36:02.000000,2465.4,133821,34315800,36,1796,373
2025-06-16 09:36:03.000000,2465.4,133821,34315800,36,1796,373
2025-06-16 09:36:04.000000,2465.7,135647,34315800,60,279,199
2025-06-16 09:36:04.000000,2465.7,135647,34315800,60,279,199
2025-06-16 09:36:05.000000,2465.7,135647,34315800,60,157,212
2025-06-16 09:36:05.000000,2465.4,135647,34315800,2,157,212
2025-06-16 09:36:06.000000,2465.5,135709,34315800,9,186,354
2025-06-16 09:36:06.000000,2465.4,135709,34315800,17,186,354
2025-06-16 09:36:07.000000,2465.4,135803,34315800,9,148,706
2025-06-16 09:36:07.000000,2466.6,135803,34315800,27,148,706
2025-06-16 09:36:08.000000,2466.7,135905,34315800,2,243,278
2025-06-16 09:36:08.000000,2466.7,135905,34315800,2,243,278
2025-06-16 09:36:09.000000,2465.6,136005,34315800,2,194,247
2025-06-16 09:36:09.000000,2465.6,136005,34315800,8,194,247
2025-06-16 09:36:10.000000,2465.0,136005,34315800,1,194,247
2025-06-16 09:36:10.000000,2465.0,136049,34315800,1,391,73
2025-06-16 09:36:11.000000,2466.0,136049,34315800,4,391,73
2025-06-16 09:36:11.000000,2466.0,136053,34315800,4,216,279
2025-06-16 09:36:12.000000,2465.9,136053,34315800,15,216,279
2025-06-16 09:36:12.000000,2464.7,136399,34315800,7,368,145
2025-06-16 09:36:13.000000,2466.7,136399,34315800,5,368,145
2025-06-16 09:36:13.000000,2466.6,136509,34315800,5,103,355
2025-06-16 09:36:14.000000,2466.6,136509,34315800,5,103,355
2025-06-16 09:36:14.000000,2466.6,136509,34315800,5,153,221
2025-06-16 09:36:15.000000,2466.0,136509,34315800,2,153,221
2025-06-16 09:36:15.000000,2464.4,136512,34315800,1,508,160
2025-06-16 09:36:16.000000,2464.4,136512,34315800,1,508,160
2025-06-16 09:36:17.000000,2465.0,136713,34315800,1,149,285
2025-06-16 09:36:17.000000,2465.0,136713,34315800,1,149,285
2025-06-16 09:36:18.000000,2465.0,136713,34315800,1,184,260
2025-06-16 09:36:19.000000,2463.7,136867,34315800,2,82,180
2025-06-16 09:36:19.000000,2463.7,136867,34315800,2,82,180
2025-06-16 09:36:20.000000,2463.7,136919,34315800,16,107,428
2025-06-16 09:36:20.000000,2463.7,136919,34315800,16,107,428
2025-06-16 09:36:21.000000,2463.7,136919,34315800,16,209,382
2025-06-16 09:36:22.000000,2464.4,136919,34315800,5,209,382
2025-06-16 09:36:22.000000,2464.4,137021,34315800,5,106,263
2025-06-16 09:36:23.000000,2464.3,137021,34315800,5,106,263
2025-06-16 09:36:23.000000,2464.3,137036,34315800,5,56,171
2025-06-16 09:36:24.000000,2462.2,137036,34315800,8,56,171
2025-06-16 09:36:24.000000,2462.2,137120,34315800,8,242,245
2025-06-16 09:36:25.000000,2462.2,137120,34315800,8,242,245
2025-06-16 09:36:25.000000,2463.5,137120,34315800,10,242,245
2025-06-16 09:36:25.000000,2463.5,137237,34315800,10,344,80
2025-06-16 09:36:25.000000,2463.5,137237,34315800,10,344,80
2025-06-16 09:36:26.000000,2463.5,137237,34315800,10,344,80
2025-06-16 09:36:26.000000,2464.5,137287,34315800,36,234,347
2025-06-16 09:36:27.000000,2464.5,137287,34315800,36,234,347
2025-06-16 09:36:27.000000,2464.5,137287,34315800,36,234,347
2025-06-16 09:36:27.000000,2464.5,137287,34315800,36,234,347
2025-06-16 09:36:27.000000,2464.5,137287,34315800,36,185,52
2025-06-16 09:36:28.000000,2464.5,137287,34315800,36,185,52
2025-06-16 09:36:28.000000,2463.1,137287,34315800,11,185,52
2025-06-16 09:36:28.000000,2463.1,137287,34315800,11,185,52
2025-06-16 09:36:28.000000,2463.1,137402,34315800,3,216,238
2025-06-16 09:36:29.000000,2463.1,137402,34315800,3,216,238
2025-06-16 09:36:29.000000,2463.1,137402,34315800,3,216,238
2025-06-16 09:36:30.000000,2463.1,137402,34315800,3,216,238
2025-06-16 09:36:30.000000,2462.0,137451,34315800,14,277,294
2025-06-16 09:36:30.000000,2462.0,137451,34315800,14,277,294
2025-06-16 09:36:31.000000,2462.0,137451,34315800,14,277,294
2025-06-16 09:36:31.000000,2463.3,137551,34315800,27,221,275
2025-06-16 09:36:31.000000,2462.1,137551,34315800,2,221,275
2025-06-16 09:36:31.000000,2462.1,137551,34315800,2,221,275
2025-06-16 09:36:32.000000,2462.0,137655,34315800,4,243,327
2025-06-16 09:36:32.000000,2462.0,137655,34315800,4,243,327
2025-06-16 09:36:33.000000,2462.0,137655,34315800,4,243,327
2025-06-16 09:36:33.000000,2462.0,137655,34315800,4,377,631
2025-06-16 09:36:34.000000,2462.0,137655,34350300,4,377,631
2025-06-16 09:36:34.000000,2463.5,137655,34350300,4,377,631
2025-06-16 09:36:34.000000,2463.5,137659,34350300,4,470,676
2025-06-16 09:36:34.000000,2463.5,137659,34350300,4,470,676
2025-06-16 09:36:35.000000,2464.2,137659,34350300,5,470,676
2025-06-16 09:36:35.000000,2464.2,137684,34350300,5,436,751
2025-06-16 09:36:36.000000,2464.2,137684,34350300,5,436,751
2025-06-16 09:36:36.000000,2464.2,137684,34350300,5,415,801
2025-06-16 09:36:37.000000,2464.2,137684,34350300,5,384,827
2025-06-16 09:36:38.000000,2465.4,137684,34350300,40,384,827
2025-06-16 09:36:38.000000,2465.4,138773,34350300,40,306,435
2025-06-16 09:36:39.000000,2465.6,138773,34350300,2,306,435
2025-06-16 09:36:39.000000,2465.6,138875,34350300,2,157,298
2025-06-16 09:36:40.000000,2464.7,138935,34350300,30,239,327
2025-06-16 09:36:41.000000,2465.1,138935,34350300,10,239,327
2025-06-16 09:36:42.000000,2465.1,138945,34350300,10,320,433
2025-06-16 09:36:43.000000,2465.1,138945,34350300,10,319,320
2025-06-16 09:36:44.000000,2465.1,138945,34350300,10,92,399
2025-06-16 09:36:44.000000,2465.6,138945,34350300,5,92,399
2025-06-16 09:36:45.000000,2464.5,138965,34350300,1,224,341
2025-06-16 09:36:45.000000,2465.8,138965,34350300,5,224,341
2025-06-16 09:36:46.000000,2466.6,139004,34350300,10,264,388
2025-06-16 09:36:46.000000,2466.6,139004,34350300,10,264,388
2025-06-16 09:36:47.000000,2466.3,139004,34350300,1,264,388
2025-06-16 09:36:47.000000,2466.3,139005,34350300,1,237,204
2025-06-16 09:36:48.000000,2466.3,139005,34350300,4,237,204
2025-06-16 09:36:48.000000,2466.3,139009,34350300,4,154,288
2025-06-16 09:36:49.000000,2465.6,139009,34350300,4,154,288
2025-06-16 09:36:49.000000,2465.6,139065,34350300,4,228,272
2025-06-16 09:36:50.000000,2465.6,139065,34350300,10,228,272
2025-06-16 09:36:50.000000,2466.6,139175,34350300,26,472,452
2025-06-16 09:36:51.000000,2466.6,139175,34350300,5,472,452
2025-06-16 09:36:51.000000,2466.6,139227,34350300,5,266,455
2025-06-16 09:36:52.000000,2466.6,139227,34350300,5,76,367
2025-06-16 09:36:53.000000,2465.8,139227,34350300,24,76,367
2025-06-16 09:36:53.000000,2465.8,139262,34350300,24,103,223
2025-06-16 09:36:54.000000,2464.7,139262,34350300,3,103,223
2025-06-16 09:36:54.000000,2464.7,139280,34350300,3,97,280
2025-06-16 09:36:56.000000,2464.7,139280,34350300,3,167,186
2025-06-16 09:36:57.000000,2464.7,139280,34350300,3,243,314
2025-06-16 09:36:58.000000,2465.7,139380,34350300,14,188,90
2025-06-16 09:36:58.000000,2465.7,139380,34350300,14,188,90
2025-06-16 09:36:59.000000,2465.7,139380,34350300,14,111,173
2025-06-16 09:37:00.000000,2465.7,139380,34350300,14,163,172
2025-06-16 09:37:01.000000,2466.1,139480,34350300,5,160,4374
2025-06-16 09:37:02.000000,2465.0,139480,34350300,1,160,4374
2025-06-16 09:37:02.000000,2465.0,139481,34350300,1,299,4261
2025-06-16 09:37:03.000000,2465.1,139491,34350300,10,269,4246
2025-06-16 09:37:04.000000,2466.1,139491,34350300,1,269,4246
2025-06-16 09:37:05.000000,2465.7,139493,34350300,1,178,4123
2025-06-16 09:37:05.000000,2465.7,139493,34350300,1,178,4123
2025-06-16 09:37:06.000000,2466.3,143550,34350300,287,368,333
2025-06-16 09:37:06.000000,2466.3,143550,34350300,287,368,333
2025-06-16 09:37:07.000000,2467.0,143560,34350300,10,218,298
2025-06-16 09:37:07.000000,2467.0,143560,34350300,10,218,298
2025-06-16 09:37:08.000000,2467.0,143785,34350300,224,289,243
2025-06-16 09:37:08.000000,2467.0,143785,34350300,224,289,243
2025-06-16 09:37:09.000000,2467.0,143785,34350300,224,340,210
2025-06-16 09:37:10.000000,2467.8,143785,34350300,1,340,210
2025-06-16 09:37:10.000000,2467.8,143791,34350300,1,371,315
2025-06-16 09:37:11.000000,2467.0,143816,34350300,25,213,345
2025-06-16 09:37:12.000000,2467.3,143816,34350300,10,213,345
2025-06-16 09:37:12.000000,2467.3,143829,34350300,10,394,164
2025-06-16 09:37:13.000000,2467.3,143829,34350300,10,272,372
2025-06-16 09:37:14.000000,2467.3,143829,34350300,10,257,162
2025-06-16 09:37:16.000000,2467.3,143829,34350300,10,316,165
2025-06-16 09:37:16.000000,2467.9,143829,34350300,6,316,165
2025-06-16 09:37:17.000000,2467.9,143845,34350300,6,233,102
2025-06-16 09:37:17.000000,2466.9,143845,34350300,6,233,102
2025-06-16 09:37:18.000000,2466.9,143851,34350300,6,189,202
2025-06-16 09:37:18.000000,2467.4,143851,34350300,9,189,202
2025-06-16 09:37:19.000000,2465.0,144080,34350300,22,175,195
2025-06-16 09:37:19.000000,2467.0,144080,34350300,4,175,195
2025-06-16 09:37:20.000000,2467.0,144105,34350300,4,357,175
2025-06-16 09:37:20.000000,2467.0,144105,34350300,1,357,175
2025-06-16 09:37:21.000000,2467.0,144106,34350300,1,260,273
2025-06-16 09:37:22.000000,2467.3,144106,34350300,5,260,273
2025-06-16 09:37:22.000000,2467.3,144111,34350300,5,284,260
2025-06-16 09:37:23.000000,2467.4,144111,34350300,5,284,260
2025-06-16 09:37:23.000000,2467.4,144116,34350300,5,193,199
2025-06-16 09:37:24.000000,2468.6,144116,34350300,2,193,199
2025-06-16 09:37:24.000000,2467.3,144130,34350300,10,57,284
2025-06-16 09:37:25.000000,2467.3,144130,34350300,10,57,284
2025-06-16 09:37:25.000000,2467.3,144130,34350300,10,187,176
2025-06-16 09:37:26.000000,2466.9,144140,34350300,5,191,524
2025-06-16 09:37:27.000000,2466.9,144140,34350300,5,191,524
2025-06-16 09:37:27.000000,2466.9,144140,34350300,5,246,369
2025-06-16 09:37:28.000000,2468.3,144141,34350300,1,304,363
2025-06-16 09:37:29.000000,2468.3,144141,34350300,5,304,363
2025-06-16 09:37:30.000000,2468.3,144146,34350300,5,295,350
2025-06-16 09:37:30.000000,2468.3,144146,34350300,10,295,350
2025-06-16 09:37:31.000000,2468.2,144451,34350300,2,138,454
2025-06-16 09:37:31.000000,2467.8,144451,34350300,10,138,454
2025-06-16 09:37:32.000000,2467.6,145466,34350300,5,192,130
2025-06-16 09:37:32.000000,2467.6,145466,34350300,5,192,130
2025-06-16 09:37:33.000000,2467.3,145481,34350300,15,133,242
2025-06-16 09:37:33.000000,2467.3,145481,34350300,15,133,242
2025-06-16 09:37:34.000000,2468.2,145482,34350300,1,123,175
2025-06-16 09:37:34.000000,2468.2,145482,34350300,1,123,175
2025-06-16 09:37:35.000000,2468.8,145486,34350300,4,234,182
2025-06-16 09:37:35.000000,2468.8,145486,34350300,4,234,182
2025-06-16 09:37:36.000000,2467.5,145486,34350300,6,234,182
2025-06-16 09:37:36.000000,2467.5,145636,34350300,6,176,169
2025-06-16 09:37:37.000000,2467.6,145636,34350300,21,176,169
2025-06-16 09:37:37.000000,2467.6,145669,34350300,21,105,147
2025-06-16 09:37:38.000000,2468.2,145669,34350300,18,105,147
2025-06-16 09:37:38.000000,2468.2,145749,34350300,18,149,112
2025-06-16 09:37:39.000000,2467.6,145749,34350300,6,149,112
2025-06-16 09:37:39.000000,2468.9,145885,34350300,1,105,296
2025-06-16 09:37:40.000000,2467.6,145885,34350300,14,105,296
2025-06-16 09:37:40.000000,2467.6,145900,34350300,14,479,271
2025-06-16 09:37:41.000000,2467.6,145900,34350300,14,113,231
2025-06-16 09:37:42.000000,2468.7,145900,34350300,10,113,231
2025-06-16 09:37:42.000000,2468.7,145925,34350300,10,202,261
2025-06-16 09:37:43.000000,2468.0,145925,34350300,1,202,261
2025-06-16 09:37:43.000000,2467.0,145931,34350300,5,341,140
2025-06-16 09:37:44.000000,2468.6,145931,34350300,2,341,140
2025-06-16 09:37:45.000000,2468.6,145941,34350300,2,346,265
2025-06-16 09:37:45.000000,2468.5,145941,34350300,3,346,265
2025-06-16 09:37:46.000000,2467.4,145954,34350300,10,138,201
2025-06-16 09:37:46.000000,2467.4,145954,34350300,10,138,201
2025-06-16 09:37:47.000000,2468.1,146029,34350300,12,288,97
2025-06-16 09:37:47.000000,2468.1,146029,34350300,12,288,97
2025-06-16 09:37:48.000000,2467.1,146037,34350300,1,333,124
2025-06-16 09:37:48.000000,2468.2,146037,34350300,1,333,124
2025-06-16 09:37:49.000000,2468.2,146040,34350300,2,236,129
2025-06-16 09:37:49.000000,2467.2,146040,34350300,7,236,129
2025-06-16 09:37:50.000000,2467.2,146047,34350300,7,146,344
2025-06-16 09:37:51.000000,2467.0,146047,34350300,77,146,344
2025-06-16 09:37:51.000000,2467.0,146224,34350300,77,88,341
2025-06-16 09:37:52.000000,2467.0,146224,34350300,77,117,321
2025-06-16 09:37:53.000000,2467.7,146224,34350300,7,117,321
2025-06-16 09:37:53.000000,2467.8,146291,34350300,4,167,224
2025-06-16 09:37:54.000000,2467.8,146291,34350300,4,167,224
2025-06-16 09:37:54.000000,2467.8,146291,34350300,4,141,210
2025-06-16 09:37:55.000000,2467.8,146291,34350300,5,141,210
2025-06-16 09:37:55.000000,2467.8,146296,34350300,5,146,180
2025-06-16 09:37:56.000000,2468.2,146296,34350300,25,146,180
2025-06-16 09:37:56.000000,2468.2,146321,34350300,25,312,278
2025-06-16 09:37:57.000000,2468.2,146321,34350300,25,148,121
2025-06-16 09:37:58.000000,2467.6,146321,34350300,3,148,121
2025-06-16 09:37:58.000000,2467.6,146336,34350300,3,141,144
2025-06-16 09:37:59.000000,2466.3,146336,34350300,1,141,144
2025-06-16 09:38:00.000000,2467.6,146344,34350300,5,145,356
2025-06-16 09:38:00.000000,2467.6,146344,34350300,5,145,356
2025-06-16 09:38:01.000000,2467.6,146344,34350300,5,132,372
2025-06-16 09:38:02.000000,2467.5,146345,34350300,1,248,136
2025-06-16 09:38:02.000000,2467.5,146345,34350300,1,248,136
2025-06-16 09:38:03.000000,2467.5,146345,34350300,1,141,123
2025-06-16 09:38:04.000000,2467.5,146355,34350300,10,223,449
2025-06-16 09:38:04.000000,2467.5,146355,34350300,10,223,449
2025-06-16 09:38:05.000000,2467.5,146355,34350300,10,315,143
2025-06-16 09:38:06.000000,2467.6,146367,34350300,12,475,261
2025-06-16 09:38:07.000000,2468.8,146367,34350300,2,475,261
2025-06-16 09:38:07.000000,2468.8,146379,34350300,2,335,214
2025-06-16 09:38:08.000000,2468.8,146379,34350300,2,273,178
2025-06-16 09:38:09.000000,2468.8,146379,34350300,2,227,188
2025-06-16 09:38:11.000000,2468.8,146379,34350300,2,391,164
2025-06-16 09:38:12.000000,2468.8,146379,34350300,2,185,344
2025-06-16 09:38:13.000000,2470.0,146459,34350300,18,237,176
2025-06-16 09:38:13.000000,2470.0,146459,34350300,10,237,176
2025-06-16 09:38:14.000000,2470.0,146471,34350300,2,138,195
2025-06-16 09:38:14.000000,2470.0,146471,34350300,2,138,195
2025-06-16 09:38:15.000000,2470.0,146521,34350300,3,343,284
2025-06-16 09:38:15.000000,2470.0,146521,34350300,3,343,284
2025-06-16 09:38:16.000000,2470.0,146521,34350300,3,172,185
2025-06-16 09:38:17.000000,2470.0,146521,34350300,7,172,185
2025-06-16 09:38:17.000000,2470.0,146562,34350300,7,406,187
2025-06-16 09:38:18.000000,2470.0,146562,34350300,7,201,56
2025-06-16 09:38:19.000000,2470.2,146562,34350300,2,201,56
2025-06-16 09:38:19.000000,2470.2,146566,34350300,2,294,193
2025-06-16 09:38:20.000000,2471.4,146566,34350300,3,294,193
2025-06-16 09:38:20.000000,2471.4,146601,34350300,3,174,306
2025-06-16 09:38:21.000000,2471.4,146601,34350300,3,156,415
2025-06-16 09:38:22.000000,2472.7,146601,34350300,10,156,415
2025-06-16 09:38:22.000000,2471.0,146621,34350300,10,120,145
2025-06-16 09:38:23.000000,2471.0,146621,34350300,10,120,145
2025-06-16 09:38:24.000000,2471.6,146622,34350300,1,283,174
2025-06-16 09:38:24.000000,2471.6,146622,34350300,1,283,174
2025-06-16 09:38:25.000000,2471.9,146624,34350300,2,322,312
2025-06-16 09:38:25.000000,2472.3,146624,34350300,4,322,312
2025-06-16 09:38:26.000000,2472.3,146628,34350300,4,286,235
2025-06-16 09:38:27.000000,2472.4,146791,34350300,21,248,168
2025-06-16 09:38:27.000000,2472.4,146791,34350300,21,248,168
2025-06-16 09:38:28.000000,2470.2,146832,34350300,10,313,211
2025-06-16 09:38:28.000000,2470.2,146832,34350300,10,313,211
2025-06-16 09:38:29.000000,2470.2,146832,34350300,10,318,76
2025-06-16 09:38:30.000000,2470.8,146839,34350300,7,127,186
2025-06-16 09:38:30.000000,2470.8,146839,34350300,7,127,186
2025-06-16 09:38:31.000000,2470.8,146839,34350300,7,166,192
2025-06-16 09:38:32.000000,2470.4,146839,34350300,16,166,192
2025-06-16 09:38:32.000000,2471.0,147039,34350300,100,125,207
2025-06-16 09:38:33.000000,2471.1,147039,34350300,8,125,207
2025-06-16 09:38:33.000000,2471.1,147049,34350300,8,198,148
2025-06-16 09:38:34.000000,2469.5,147049,34350300,1,198,148
2025-06-16 09:38:34.000000,2470.0,147109,34350300,10,179,99
2025-06-16 09:38:35.000000,2470.0,147109,34350300,25,179,99
2025-06-16 09:38:35.000000,2470.0,147134,34350300,25,265,271
2025-06-16 09:38:36.000000,2470.0,147134,34350300,25,172,303
2025-06-16 09:38:38.000000,2470.5,147135,34350300,1,208,280
2025-06-16 09:38:38.000000,2470.5,147135,34350300,1,208,280
2025-06-16 09:38:39.000000,2470.5,147135,34350300,1,311,48
2025-06-16 09:38:40.000000,2470.8,147160,34350300,25,605,152
2025-06-16 09:38:40.000000,2470.9,147160,34350300,3,605,152
2025-06-16 09:38:41.000000,2470.9,147163,34350300,3,372,300
2025-06-16 09:38:42.000000,2470.8,147180,34350300,3,343,273
2025-06-16 09:38:42.000000,2470.8,147180,34350300,3,343,273
2025-06-16 09:38:43.000000,2468.8,147439,34350300,9,326,142
2025-06-16 09:38:43.000000,2468.8,147439,34350300,9,326,142
2025-06-16 09:38:44.000000,2469.7,147439,34350300,21,326,142
2025-06-16 09:38:44.000000,2469.7,147460,34350300,21,199,196
2025-06-16 09:38:45.000000,2469.7,147460,34350300,21,233,153
2025-06-16 09:38:46.000000,2467.7,149765,34350300,1,230,433
2025-06-16 09:38:47.000000,2467.7,149765,34350300,1,230,433
2025-06-16 09:38:47.000000,2467.7,149765,34350300,1,265,238
2025-06-16 09:38:48.000000,2469.0,149765,34350300,8,265,238
2025-06-16 09:38:48.000000,2469.0,149774,34350300,8,386,132
2025-06-16 09:38:49.000000,2470.2,149776,34350300,2,250,182
2025-06-16 09:38:50.000000,2470.2,149776,34350300,2,250,182
2025-06-16 09:38:50.000000,2470.2,149776,34350300,2,347,88
2025-06-16 09:38:51.000000,2470.9,149776,34350300,20,347,88
2025-06-16 09:38:52.000000,2470.9,149796,34350300,20,394,258
2025-06-16 09:38:52.000000,2470.3,149796,34350300,2,394,258
2025-06-16 09:38:53.000000,2471.0,149853,34350300,13,431,288
2025-06-16 09:38:53.000000,2472.0,149853,34350300,10,431,288
2025-06-16 09:38:54.000000,2471.8,149900,34350300,37,345,154
2025-06-16 09:38:54.000000,2471.8,149900,34350300,37,345,154
2025-06-16 09:38:55.000000,2471.8,149900,34350300,37,282,181
2025-06-16 09:38:56.000000,2471.9,149900,34350300,5,282,181
2025-06-16 09:38:56.000000,2471.9,149936,34350300,5,249,461
2025-06-16 09:38:57.000000,2471.9,149936,34350300,5,206,360
2025-06-16 09:38:58.000000,2472.4,149936,34350300,1,206,360
2025-06-16 09:38:58.000000,2472.4,149937,34350300,1,333,227
2025-06-16 09:38:59.000000,2472.4,149937,34350300,1,213,227
2025-06-16 09:39:00.000000,2471.3,149937,34350300,3,213,227
2025-06-16 09:39:01.000000,2471.3,149940,34350300,3,255,232
2025-06-16 09:39:02.000000,2471.3,150047,34350300,7,2124,459
2025-06-16 09:39:02.000000,2471.3,150047,34350300,7,2124,459
2025-06-16 09:39:03.000000,2471.3,150047,34350300,7,2130,77
2025-06-16 09:39:04.000000,2471.3,150047,34350300,7,2091,312
2025-06-16 09:39:05.000000,2471.0,150047,34350300,1,2091,312
2025-06-16 09:39:05.000000,2471.0,150048,34350300,1,2091,241
2025-06-16 09:39:06.000000,2471.0,150048,34350300,1,2110,190
2025-06-16 09:39:07.000000,2471.0,150048,34350300,1,2062,353
2025-06-16 09:39:08.000000,2471.9,150048,34350300,1,2062,353
2025-06-16 09:39:08.000000,2471.0,150060,34350300,6,2073,304
2025-06-16 09:39:09.000000,2470.4,150060,34350300,15,2073,304
2025-06-16 09:39:10.000000,2470.4,152075,34350300,15,156,501
2025-06-16 09:39:10.000000,2471.0,152075,34350300,1,156,501
2025-06-16 09:39:11.000000,2471.0,152076,34350300,1,142,281
2025-06-16 09:39:12.000000,2470.0,152097,34350300,5,162,270
2025-06-16 09:39:12.000000,2470.0,152097,34350300,5,162,270
2025-06-16 09:39:13.000000,2471.1,152217,34350300,7,225,205
2025-06-16 09:39:13.000000,2471.1,152217,34350300,7,225,205
2025-06-16 09:39:14.000000,2471.1,152217,34350300,7,96,204
2025-06-16 09:39:15.000000,2471.1,152217,34350300,7,225,155
2025-06-16 09:39:16.000000,2471.1,152217,34350300,7,130,295
2025-06-16 09:39:17.000000,2470.4,152217,34350300,2,130,295
2025-06-16 09:39:17.000000,2470.4,152219,34350300,2,368,305
2025-06-16 09:39:18.000000,2470.4,152219,34350300,2,147,216
2025-06-16 09:39:19.000000,2470.4,152219,34350300,2,188,61
2025-06-16 09:39:20.000000,2469.4,152220,34350300,1,161,152
2025-06-16 09:39:21.000000,2469.4,152220,34350300,1,161,152
2025-06-16 09:39:22.000000,2469.4,152220,34350300,1,111,250
2025-06-16 09:39:22.000000,2468.7,152220,34350300,4,111,250
2025-06-16 09:39:23.000000,2468.7,152339,34350300,4,122,275
2025-06-16 09:39:24.000000,2468.7,152339,34350300,4,96,192
2025-06-16 09:39:25.000000,2468.7,152339,34350300,4,156,187
2025-06-16 09:39:25.000000,2468.7,152339,34350300,4,156,187
2025-06-16 09:39:26.000000,2468.1,152349,34350300,10,112,194
2025-06-16 09:39:26.000000,2468.1,152349,34350300,10,112,194
2025-06-16 09:39:26.000000,2468.1,152349,34350300,10,112,194
2025-06-16 09:39:26.000000,2468.1,152349,34350300,10,112,194
2025-06-16 09:39:27.000000,2468.1,152349,34350300,10,112,194
2025-06-16 09:39:27.000000,2468.1,152349,34350300,10,97,299
2025-06-16 09:39:27.000000,2468.1,152349,34350300,10,97,299
2025-06-16 09:39:28.000000,2468.1,152349,34350300,10,97,299
2025-06-16 09:39:28.000000,2468.1,152349,34350300,10,93,275
2025-06-16 09:39:28.000000,2468.1,152349,34350300,10,93,275
2025-06-16 09:39:29.000000,2468.1,152349,34350300,10,93,275
2025-06-16 09:39:29.000000,2468.0,152349,34350300,1,93,275
2025-06-16 09:39:29.000000,2468.0,152416,34350300,1,104,366
2025-06-16 09:39:29.000000,2468.0,152416,34350300,1,104,366
2025-06-16 09:39:30.000000,2468.7,152416,34350300,1,104,366
2025-06-16 09:39:30.000000,2468.7,152416,34350300,1,104,366
2025-06-16 09:39:30.000000,2468.7,152417,34350300,1,123,186
2025-06-16 09:39:31.000000,2468.7,152417,34350300,1,123,186
2025-06-16 09:39:31.000000,2467.5,152442,34350300,22,189,178
2025-06-16 09:39:32.000000,2467.5,152442,34350300,22,189,178
2025-06-16 09:39:32.000000,2468.5,152442,34350300,1,189,178
2025-06-16 09:39:32.000000,2468.5,152443,34350300,1,239,114
2025-06-16 09:39:33.000000,2468.5,152443,34350300,7,239,114
2025-06-16 09:39:33.000000,2468.5,152443,34350300,7,239,114
2025-06-16 09:39:33.000000,2468.5,152451,34350300,7,158,238
2025-06-16 09:39:34.000000,2467.1,152451,34350300,3,158,238
2025-06-16 09:39:34.000000,2467.1,152451,34395600,3,158,238
2025-06-16 09:39:35.000000,2467.1,152454,34395600,3,166,142
2025-06-16 09:39:35.000000,2467.1,152454,34395600,3,166,142
2025-06-16 09:39:36.000000,2467.8,152474,34395600,3,91,181
2025-06-16 09:39:36.000000,2467.8,152474,34395600,3,91,181
2025-06-16 09:39:36.000000,2467.8,152474,34395600,3,91,181
2025-06-16 09:39:37.000000,2466.3,152524,34395600,35,71,262
2025-06-16 09:39:37.000000,2467.0,152524,34395600,1,71,262
2025-06-16 09:39:38.000000,2467.3,152561,34395600,1,125,448
2025-06-16 09:39:38.000000,2467.3,152561,34395600,1,125,448
2025-06-16 09:39:39.000000,2466.2,152586,34395600,25,80,244
2025-06-16 09:39:39.000000,2466.2,152586,34395600,25,80,244
2025-06-16 09:39:40.000000,2467.3,152586,34395600,1,80,244
2025-06-16 09:39:40.000000,2467.3,152587,34395600,1,162,238
2025-06-16 09:39:41.000000,2467.3,152587,34395600,1,167,137
2025-06-16 09:39:42.000000,2466.8,152587,34395600,2,167,137
2025-06-16 09:39:42.000000,2466.8,152589,34395600,2,99,219
2025-06-16 09:39:43.000000,2466.8,152589,34395600,2,177,385
2025-06-16 09:39:44.000000,2466.8,152589,34395600,2,169,275
2025-06-16 09:39:45.000000,2466.2,152589,34395600,1,169,275
2025-06-16 09:39:46.000000,2467.2,152603,34395600,7,290,215
2025-06-16 09:39:46.000000,2467.2,152603,34395600,7,290,215
2025-06-16 09:39:46.000000,2467.2,152623,34395600,2,232,240
2025-06-16 09:39:47.000000,2467.2,152623,34395600,1,232,240
2025-06-16 09:39:48.000000,2467.2,152624,34395600,1,230,246
2025-06-16 09:39:49.000000,2467.2,152624,34395600,1,225,246
2025-06-16 09:39:49.000000,2467.1,152624,34395600,17,225,246
2025-06-16 09:39:50.000000,2467.1,152649,34395600,17,144,242
2025-06-16 09:39:50.000000,2466.0,152649,34395600,1,144,242
2025-06-16 09:39:51.000000,2466.7,152874,34395600,23,84,370
2025-06-16 09:39:51.000000,2466.7,152874,34395600,23,84,370
2025-06-16 09:39:52.000000,2466.7,152874,34395600,23,174,250
2025-06-16 09:39:53.000000,2467.6,152879,34395600,5,126,120
2025-06-16 09:39:53.000000,2467.6,152879,34395600,5,126,120
2025-06-16 09:39:54.000000,2467.6,152879,34395600,5,236,183
2025-06-16 09:39:55.000000,2467.6,152879,34395600,5,228,317
2025-06-16 09:39:56.000000,2466.8,152879,34395600,5,228,317
2025-06-16 09:39:56.000000,2466.8,152884,34395600,5,217,156
2025-06-16 09:39:57.000000,2467.3,152884,34395600,7,217,156
2025-06-16 09:39:57.000000,2467.3,152894,34395600,7,239,502
2025-06-16 09:39:58.000000,2467.3,152894,34395600,2,239,502
2025-06-16 09:39:58.000000,2467.3,152907,34395600,2,427,324
2025-06-16 09:39:59.000000,2467.6,152907,34395600,6,427,324
2025-06-16 09:39:59.000000,2467.6,152913,34395600,6,356,323
2025-06-16 09:40:00.000000,2467.6,152913,34395600,21,356,323
2025-06-16 09:40:01.000000,2466.8,152973,34395600,8,147,195
2025-06-16 09:40:01.000000,2466.8,152973,34395600,8,147,195
2025-06-16 09:40:02.000000,2466.8,152973,34395600,8,108,228
2025-06-16 09:40:03.000000,2467.5,152984,34395600,1,465,202
2025-06-16 09:40:03.000000,2467.5,152984,34395600,1,465,202
2025-06-16 09:40:04.000000,2466.0,153084,34395600,48,320,350
2025-06-16 09:40:04.000000,2466.0,153084,34395600,48,320,350
2025-06-16 09:40:05.000000,2466.0,153084,34395600,48,289,383
2025-06-16 09:40:05.000000,2466.0,153084,34395600,66,289,383
2025-06-16 09:40:06.000000,2466.0,154677,34395600,44,594,372
2025-06-16 09:40:06.000000,2466.0,154677,34395600,44,594,372
2025-06-16 09:40:07.000000,2466.2,154681,34395600,4,611,160
2025-06-16 09:40:07.000000,2466.2,154681,34395600,4,611,160
2025-06-16 09:40:08.000000,2466.2,154686,34395600,5,176,373
2025-06-16 09:40:08.000000,2466.2,154686,34395600,5,176,373
2025-06-16 09:40:09.000000,2466.1,154702,34395600,8,94,316
2025-06-16 09:40:09.000000,2466.1,154702,34395600,8,94,316
2025-06-16 09:40:10.000000,2466.2,155022,34395600,20,675,208
2025-06-16 09:40:10.000000,2466.2,155022,34395600,20,675,208
2025-06-16 09:40:11.000000,2466.2,155022,34395600,20,659,130
2025-06-16 09:40:12.000000,2466.2,155022,34395600,20,762,119
2025-06-16 09:40:12.000000,2466.2,155022,34395600,10,762,119
2025-06-16 09:40:13.000000,2466.7,155182,34395600,102,286,301
2025-06-16 09:40:13.000000,2466.7,155182,34395600,102,286,301
2025-06-16 09:40:14.000000,2466.8,155187,34395600,1,239,294
2025-06-16 09:40:14.000000,2466.8,155187,34395600,1,239,294
2025-06-16 09:40:15.000000,2466.0,155188,34395600,1,660,389
2025-06-16 09:40:15.000000,2466.0,155188,34395600,1,660,389
2025-06-16 09:40:16.000000,2466.2,155198,34395600,10,664,499
2025-06-16 09:40:16.000000,2466.2,155198,34395600,10,664,499
2025-06-16 09:40:17.000000,2465.1,155203,34395600,5,805,121
2025-06-16 09:40:17.000000,2465.1,155203,34395600,5,805,121
2025-06-16 09:40:18.000000,2466.6,155204,34395600,1,851,275
2025-06-16 09:40:18.000000,2466.6,155204,34395600,1,851,275
2025-06-16 09:40:19.000000,2466.6,155204,34395600,1,203,103
2025-06-16 09:40:20.000000,2466.6,155204,34395600,1,205,999
2025-06-16 09:40:21.000000,2466.3,155207,34395600,2,188,328
2025-06-16 09:40:21.000000,2466.3,155207,34395600,2,188,328
2025-06-16 09:40:22.000000,2466.3,155207,34395600,2,80,456
2025-06-16 09:40:23.000000,2466.6,155218,34395600,1,112,325
2025-06-16 09:40:23.000000,2466.8,155218,34395600,5,112,325
2025-06-16 09:40:24.000000,2466.8,155223,34395600,5,141,150
2025-06-16 09:40:25.000000,2466.8,155223,34395600,5,217,107
2025-06-16 09:40:26.000000,2467.1,155723,34395600,70,486,329
2025-06-16 09:40:26.000000,2467.1,155723,34395600,70,486,329
2025-06-16 09:40:27.000000,2466.1,155726,34395600,1,356,869
2025-06-16 09:40:27.000000,2467.5,155726,34395600,2,356,869
2025-06-16 09:40:28.000000,2466.8,155827,34395600,12,226,846
2025-06-16 09:40:28.000000,2466.8,155827,34395600,12,226,846
2025-06-16 09:40:29.000000,2466.9,155916,34395600,50,430,829
2025-06-16 09:40:29.000000,2466.9,155916,34395600,50,430,829
2025-06-16 09:40:30.000000,2466.9,155916,34395600,50,187,876
2025-06-16 09:40:30.000000,2467.5,155916,34395600,10,187,876
2025-06-16 09:40:31.000000,2467.5,155926,34395600,10,135,802
2025-06-16 09:40:31.000000,2466.6,155926,34395600,1,135,802
2025-06-16 09:40:32.000000,2466.4,155977,34395600,6,154,934
2025-06-16 09:40:32.000000,2466.4,155977,34395600,6,154,934
2025-06-16 09:40:33.000000,2467.0,155979,34395600,2,196,891
2025-06-16 09:40:33.000000,2467.0,155979,34395600,2,196,891
2025-06-16 09:40:34.000000,2467.0,155979,34395600,2,200,943
2025-06-16 09:40:35.000000,2467.0,156087,34395600,98,346,782
2025-06-16 09:40:35.000000,2467.0,156087,34395600,98,346,782
2025-06-16 09:40:36.000000,2467.0,156087,34395600,98,176,782
2025-06-16 09:40:37.000000,2467.5,156115,34395600,8,222,764
2025-06-16 09:40:37.000000,2467.5,156115,34395600,8,222,764
2025-06-16 09:40:38.000000,2467.5,156115,34395600,8,248,758
2025-06-16 09:40:39.000000,2467.5,156115,34395600,8,245,766
2025-06-16 09:40:40.000000,2467.5,156115,34395600,8,305,754
2025-06-16 09:40:41.000000,2466.9,156155,34395600,1,258,754
2025-06-16 09:40:41.000000,2466.9,156155,34395600,1,258,754
2025-06-16 09:40:42.000000,2468.4,156904,34395600,11,142,234
2025-06-16 09:40:42.000000,2467.9,156904,34395600,14,142,234
2025-06-16 09:40:43.000000,2468.7,156974,34395600,1,323,115
2025-06-16 09:40:43.000000,2468.7,156974,34395600,1,323,115
2025-06-16 09:40:44.000000,2468.7,156976,34395600,1,316,178
2025-06-16 09:40:44.000000,2469.0,156976,34395600,9,316,178
2025-06-16 09:40:45.000000,2469.0,156986,34395600,9,356,334
2025-06-16 09:40:46.000000,2469.3,156991,34395600,5,95,376
2025-06-16 09:40:46.000000,2469.3,156991,34395600,5,95,376
2025-06-16 09:40:47.000000,2469.3,156991,34395600,5,261,122
2025-06-16 09:40:48.000000,2469.3,156991,34395600,5,366,285
2025-06-16 09:40:49.000000,2468.5,156996,34395600,5,162,353
2025-06-16 09:40:49.000000,2468.5,156996,34395600,5,162,353
2025-06-16 09:40:50.000000,2467.3,157001,34395600,5,148,175
2025-06-16 09:40:50.000000,2467.3,157001,34395600,5,148,175
2025-06-16 09:40:51.000000,2468.2,157002,34395600,1,138,194
2025-06-16 09:40:51.000000,2468.2,157002,34395600,1,138,194
2025-06-16 09:40:52.000000,2468.2,157003,34395600,1,160,206
2025-06-16 09:40:52.000000,2468.2,157003,34395600,1,160,206
2025-06-16 09:40:53.000000,2467.3,157009,34395600,5,254,379
2025-06-16 09:40:53.000000,2467.3,157009,34395600,5,254,379
2025-06-16 09:40:53.000000,2467.3,157009,34395600,5,276,309
2025-06-16 09:40:54.000000,2467.3,157009,34395600,5,341,145
2025-06-16 09:40:55.000000,2467.3,157009,34395600,5,193,243
2025-06-16 09:40:56.000000,2468.8,157009,34395600,25,193,243
2025-06-16 09:40:56.000000,2468.8,157034,34395600,25,405,235
2025-06-16 09:40:57.000000,2468.8,157034,34395600,25,283,268
2025-06-16 09:40:58.000000,2468.8,157034,34395600,25,192,233
2025-06-16 09:40:59.000000,2468.8,157034,34395600,25,149,186
2025-06-16 09:41:01.000000,2468.9,157035,34395600,1,260,247
2025-06-16 09:41:01.000000,2468.9,157035,34395600,1,260,247
2025-06-16 09:41:02.000000,2470.2,157201,34395600,3,171,170
2025-06-16 09:41:02.000000,2470.2,157201,34395600,3,171,170
2025-06-16 09:41:03.000000,2469.8,157204,34395600,1,198,432
2025-06-16 09:41:03.000000,2469.8,157204,34395600,1,198,432
2025-06-16 09:41:04.000000,2469.8,157204,34395600,1,129,118
2025-06-16 09:41:05.000000,2469.8,157204,34395600,6,129,118
2025-06-16 09:41:05.000000,2469.8,157216,34395600,6,168,213
2025-06-16 09:41:06.000000,2469.8,157216,34395600,6,131,98
2025-06-16 09:41:07.000000,2469.8,157216,34395600,6,197,130
2025-06-16 09:41:08.000000,2470.0,157226,34395600,8,86,320
2025-06-16 09:41:09.000000,2470.0,157226,34395600,8,86,320
2025-06-16 09:41:09.000000,2470.0,157226,34395600,8,122,89
2025-06-16 09:41:10.000000,2470.0,157226,34395600,8,85,215
2025-06-16 09:41:11.000000,2468.7,157226,34395600,2,85,215
2025-06-16 09:41:11.000000,2468.7,157228,34395600,2,175,142
2025-06-16 09:41:12.000000,2470.4,157228,34395600,6,175,142
2025-06-16 09:41:12.000000,2470.3,157344,34395600,1,322,174
2025-06-16 09:41:13.000000,2470.3,157344,34395600,1,322,174
2025-06-16 09:41:14.000000,2468.5,157346,34395600,2,123,437
2025-06-16 09:41:14.000000,2468.5,157346,34395600,2,123,437
2025-06-16 09:41:15.000000,2468.3,157380,34395600,34,24,332
2025-06-16 09:41:15.000000,2468.0,157380,34395600,1,24,332
2025-06-16 09:41:16.000000,2468.5,157392,34395600,7,140,225
2025-06-16 09:41:16.000000,2468.5,157392,34395600,7,140,225
2025-06-16 09:41:17.000000,2468.3,157393,34395600,1,168,164
2025-06-16 09:41:17.000000,2468.3,157393,34395600,1,168,164
2025-06-16 09:41:18.000000,2468.3,157393,34395600,1,173,156
2025-06-16 09:41:18.000000,2468.3,157393,34395600,16,173,156
2025-06-16 09:41:19.000000,2468.3,157418,34395600,16,179,162
2025-06-16 09:41:20.000000,2468.1,157418,34395600,1,179,162
2025-06-16 09:41:20.000000,2468.1,157419,34395600,1,136,164
2025-06-16 09:41:21.000000,2468.1,157419,34395600,1,169,146
2025-06-16 09:41:22.000000,2468.6,157419,34395600,1,169,146
2025-06-16 09:41:22.000000,2468.6,157425,34395600,1,146,221
2025-06-16 09:41:23.000000,2468.7,157425,34395600,13,146,221
2025-06-16 09:41:23.000000,2468.7,157445,34395600,13,134,118
2025-06-16 09:41:24.000000,2468.7,157445,34395600,13,128,287
2025-06-16 09:41:25.000000,2468.7,157445,34395600,13,165,250
2025-06-16 09:41:27.000000,2468.7,157445,34395600,13,177,236
2025-06-16 09:41:28.000000,2470.2,157460,34395600,1,101,321
2025-06-16 09:41:28.000000,2470.2,157460,34395600,1,101,321
2025-06-16 09:41:29.000000,2470.2,157460,34395600,1,138,291
2025-06-16 09:41:30.000000,2470.8,157461,34395600,1,161,320
2025-06-16 09:41:30.000000,2470.8,157461,34395600,1,161,320
2025-06-16 09:41:31.000000,2470.8,157461,34395600,1,189,320
2025-06-16 09:41:32.000000,2469.8,157461,34395600,6,189,320
2025-06-16 09:41:32.000000,2469.8,157467,34395600,6,179,304
2025-06-16 09:41:33.000000,2470.8,157467,34395600,1,179,304
2025-06-16 09:41:33.000000,2470.8,157468,34395600,1,312,141
2025-06-16 09:41:34.000000,2470.8,157558,34395600,23,187,199
2025-06-16 09:41:35.000000,2472.7,157558,34395600,3,187,199
2025-06-16 09:41:35.000000,2472.7,157671,34395600,1,151,383
2025-06-16 09:41:36.000000,2470.6,157671,34395600,47,151,383
2025-06-16 09:41:36.000000,2472.6,158099,34395600,2,285,289
2025-06-16 09:41:37.000000,2472.6,158099,34395600,2,285,289
2025-06-16 09:41:38.000000,2470.9,158103,34395600,4,156,402
2025-06-16 09:41:38.000000,2472.5,158103,34395600,10,156,402
2025-06-16 09:41:39.000000,2472.5,158113,34395600,10,171,237
2025-06-16 09:41:40.000000,2472.5,158113,34395600,10,158,309
2025-06-16 09:41:41.000000,2471.8,158113,34395600,2,158,309
2025-06-16 09:41:41.000000,2471.8,158117,34395600,2,99,298
2025-06-16 09:41:42.000000,2470.8,158117,34395600,11,99,298
2025-06-16 09:41:42.000000,2470.8,158128,34395600,11,286,331
2025-06-16 09:41:43.000000,2470.0,158128,34395600,10,286,331
2025-06-16 09:41:43.000000,2470.0,158138,34395600,10,227,244
2025-06-16 09:41:44.000000,2470.9,158243,34395600,18,227,181
2025-06-16 09:41:45.000000,2469.4,158243,34395600,1,227,181
2025-06-16 09:41:45.000000,2469.4,158293,34395600,1,208,176
2025-06-16 09:41:46.000000,2470.7,158293,34395600,4,208,176
2025-06-16 09:41:47.000000,2470.7,158343,34395600,4,243,213
2025-06-16 09:41:48.000000,2470.0,158348,34395600,4,171,297
2025-06-16 09:41:48.000000,2469.6,158348,34395600,1,171,297
2025-06-16 09:41:49.000000,2469.5,158350,34395600,1,276,230
2025-06-16 09:41:49.000000,2469.5,158350,34395600,1,276,230
2025-06-16 09:41:50.000000,2469.5,158351,34395600,1,209,197
2025-06-16 09:41:50.000000,2469.5,158351,34395600,1,209,197
2025-06-16 09:41:51.000000,2469.5,158351,34395600,1,191,163
2025-06-16 09:41:52.000000,2469.6,158351,34395600,1,191,163
2025-06-16 09:41:52.000000,2469.6,158353,34395600,1,190,114
2025-06-16 09:41:53.000000,2469.6,158353,34395600,1,191,148
2025-06-16 09:41:54.000000,2468.6,158353,34395600,10,191,148
2025-06-16 09:41:54.000000,2468.6,158463,34395600,10,1219,170
2025-06-16 09:41:55.000000,2468.3,158463,34395600,1,1219,170
2025-06-16 09:41:55.000000,2468.3,158514,34395600,1,1209,230
2025-06-16 09:41:56.000000,2467.3,158514,34395600,2,1209,230
2025-06-16 09:41:56.000000,2467.3,159718,34395600,2,209,77
2025-06-16 09:41:57.000000,2467.3,159718,34395600,2,225,200
2025-06-16 09:41:58.000000,2468.2,159718,34395600,1,225,200
2025-06-16 09:41:59.000000,2468.0,159746,34395600,4,251,185
2025-06-16 09:41:59.000000,2468.0,159746,34395600,6,251,185
2025-06-16 09:42:00.000000,2468.0,159776,34395600,6,222,168
2025-06-16 09:42:01.000000,2468.0,159776,34395600,6,318,189
2025-06-16 09:42:02.000000,2468.4,159798,34395600,11,253,268
2025-06-16 09:42:02.000000,2468.4,159798,34395600,11,253,268
2025-06-16 09:42:03.000000,2468.0,159798,34395600,6,253,268
2025-06-16 09:42:03.000000,2468.0,159898,34395600,6,143,197
2025-06-16 09:42:04.000000,2468.1,159898,34395600,10,143,197
2025-06-16 09:42:04.000000,2468.1,159908,34395600,10,299,295
