Timestamp,LTP,Volume,OI,LastQty,BidQty,AskQty
2025-06-16 09:25:22.000000,791.4,476364,221377500,21,6793,1402
2025-06-16 09:25:28.000000,791.65,478161,221377500,28,6617,2547
2025-06-16 09:25:30.000000,791.65,478161,221377500,1,6617,2547
2025-06-16 09:25:36.000000,791.9,479329,221377500,76,1912,5473
2025-06-16 09:25:37.000000,791.8,479329,221377500,8,1912,5473
2025-06-16 09:25:43.000000,791.9,480630,221377500,36,3298,6209
2025-06-16 09:25:44.000000,791.9,480630,221377500,10,3298,6209
2025-06-16 09:25:51.000000,791.55,481192,221377500,37,4430,4659
2025-06-16 09:25:51.000000,791.9,481192,221377500,271,4430,4659
2025-06-16 09:25:58.000000,791.55,481192,221377500,1,4430,4659
2025-06-16 09:25:58.000000,791.85,482760,221377500,1,4350,4964
2025-06-16 09:26:06.000000,791.35,484151,221377500,5,5735,3423
2025-06-16 09:26:06.000000,791.35,484151,221377500,121,5735,3423
2025-06-16 09:26:13.000000,791.2,484151,221377500,85,5735,3423
2025-06-16 09:26:13.000000,791.35,485308,221377500,1,8141,2430
2025-06-16 09:26:21.000000,791.25,486568,221377500,30,6993,2129
2025-06-16 09:26:22.000000,791.25,486568,221377500,11,6993,2129
2025-06-16 09:26:28.000000,791.25,488027,221377500,50,10266,1142
2025-06-16 09:26:30.000000,791.5,488027,221377500,10,10266,1142
2025-06-16 09:26:36.000000,791.3,489366,221377500,30,9935,1300
2025-06-16 09:26:37.000000,791.25,489366,221377500,36,9935,1300
2025-06-16 09:26:44.000000,791.25,492193,221377500,50,9611,1302
2025-06-16 09:26:44.000000,791.25,492193,221377500,50,9611,1302
2025-06-16 09:26:51.000000,791.5,492193,221377500,4,9611,1302
2025-06-16 09:26:51.000000,791.5,493433,221377500,5,5976,6684
2025-06-16 09:26:58.000000,791.25,493433,221377500,31,5976,6684
2025-06-16 09:26:59.000000,791.5,494989,221377500,5,8192,4261
2025-06-16 09:27:04.000000,791.25,494989,221377500,48,8192,4261
2025-06-16 09:27:06.000000,791.2,496470,221377500,54,15812,10404
2025-06-16 09:27:10.000000,791.2,496470,221377500,54,15812,10404
2025-06-16 09:27:14.000000,791.45,497924,221377500,2,15391,9833
2025-06-16 09:27:16.000000,791.25,497924,221377500,72,15391,9833
2025-06-16 09:27:22.000000,791.5,510396,221377500,10,5749,6323
2025-06-16 09:27:23.000000,791.65,510396,221377500,2,5749,6323
2025-06-16 09:27:23.000000,791.65,510396,221377500,2,5749,6323
2025-06-16 09:27:24.000000,791.65,510396,221377500,2,5749,6323
2025-06-16 09:27:25.000000,791.65,510396,221377500,2,5749,6323
2025-06-16 09:27:26.000000,791.65,510396,221377500,2,5749,6323
2025-06-16 09:27:27.000000,791.65,510396,221377500,2,5749,6323
2025-06-16 09:27:28.000000,791.65,510396,221499000,2,5749,6323
2025-06-16 09:27:29.000000,791.55,510396,221499000,1,5749,6323
2025-06-16 09:27:29.000000,791.55,512408,221499000,1,4813,2553
2025-06-16 09:27:29.000000,791.55,512408,221499000,1,4813,2553
2025-06-16 09:27:30.000000,791.55,512408,221499000,1,4813,2553
2025-06-16 09:27:31.000000,791.55,512408,221499000,1,4813,2553
2025-06-16 09:27:32.000000,791.55,512408,221499000,1,4813,2553
2025-06-16 09:27:33.000000,791.55,512408,221499000,1,4813,2553
2025-06-16 09:27:34.000000,791.55,512408,221499000,1,4813,2553
2025-06-16 09:27:36.000000,791.5,512408,221499000,9,4813,2553
2025-06-16 09:27:36.000000,791.5,512930,221499000,1,3136,4134
2025-06-16 09:27:43.000000,791.4,512930,221499000,50,3136,4134
2025-06-16 09:27:44.000000,791.5,514142,221499000,5,4103,4816
2025-06-16 09:27:49.000000,791.5,514142,221499000,36,4103,4816
2025-06-16 09:27:52.000000,791.5,514951,221499000,1,3436,5290
2025-06-16 09:27:57.000000,791.4,514951,221499000,66,3436,5290
2025-06-16 09:27:59.000000,791.2,515317,221499000,20,2278,3197
2025-06-16 09:28:05.000000,791.25,515317,221499000,20,2278,3197
2025-06-16 09:28:07.000000,791.1,517617,221499000,50,10938,4812
2025-06-16 09:28:13.000000,791.1,517617,221499000,1,10938,4812
2025-06-16 09:28:14.000000,791.1,519574,221499000,13,12228,1977
2025-06-16 09:28:21.000000,791.05,519574,221499000,39,12228,1977
2025-06-16 09:28:22.000000,791.25,520462,221499000,2,11293,2184
2025-06-16 09:28:29.000000,791.1,520462,221499000,48,11293,2184
2025-06-16 09:28:29.000000,791.25,521146,221499000,2,13093,3757
2025-06-16 09:28:36.000000,790.95,521146,221499000,4,13093,3757
2025-06-16 09:28:37.000000,790.95,534093,221499000,25,1296,4304
2025-06-16 09:28:43.000000,790.95,534093,221499000,20,1296,4304
2025-06-16 09:28:44.000000,790.75,534742,221499000,35,3867,2531
2025-06-16 09:28:50.000000,790.85,534742,221499000,25,3867,2531
2025-06-16 09:28:52.000000,790.95,536022,221499000,4,5151,3226
2025-06-16 09:28:57.000000,790.9,536022,221499000,27,5151,3226
2025-06-16 09:28:59.000000,790.9,538045,221499000,15,1903,1866
2025-06-16 09:29:04.000000,790.7,538045,221499000,50,1903,1866
2025-06-16 09:29:07.000000,790.9,538403,221499000,50,3795,3147
2025-06-16 09:29:13.000000,790.7,538403,221499000,3,3795,3147
2025-06-16 09:29:14.000000,790.75,538822,221499000,3,6985,3417
2025-06-16 09:29:20.000000,790.7,538822,221499000,1,6985,3417
2025-06-16 09:29:22.000000,790.7,539384,221499000,10,8998,3849
2025-06-16 09:29:27.000000,790.45,539384,221499000,50,8998,3849
2025-06-16 09:29:29.000000,790.45,541295,221499000,82,7682,3317
2025-06-16 09:29:34.000000,790.5,541295,221499000,60,7682,3317
2025-06-16 09:29:37.000000,790.45,543294,221499000,50,7597,2591
2025-06-16 09:29:42.000000,790.25,543294,221499000,2,7597,2591
2025-06-16 09:29:44.000000,790.3,550212,221499000,31,8155,3444
2025-06-16 09:29:49.000000,790.3,550212,221499000,150,8155,3444
2025-06-16 09:29:51.000000,790.3,553102,221499000,18,28862,5278
2025-06-16 09:29:58.000000,790.1,553102,221499000,100,28862,5278
2025-06-16 09:29:59.000000,790.1,558461,221499000,725,27052,2683
2025-06-16 09:30:07.000000,789.8,589932,221499000,17,2525,1665
2025-06-16 09:30:07.000000,790.05,589932,221499000,50,2525,1665
2025-06-16 09:30:14.000000,789.65,596172,221499000,2,1178,3217
2025-06-16 09:30:18.000000,789.4,596172,221499000,12,1178,3217
2025-06-16 09:30:22.000000,789.25,600258,221499000,27,2656,3533
2025-06-16 09:30:24.000000,789.25,600258,221499000,27,2656,3533
2025-06-16 09:30:25.000000,789.25,600258,221499000,27,2656,3533
2025-06-16 09:30:26.000000,789.25,600258,221499000,27,2656,3533
2025-06-16 09:30:27.000000,789.25,600258,221499000,27,2656,3533
2025-06-16 09:30:28.000000,789.25,600258,221499000,27,2656,3533
2025-06-16 09:30:28.000000,789.55,600258,221499000,1,2656,3533
2025-06-16 09:30:29.000000,789.55,600258,222138000,1,2656,3533
2025-06-16 09:30:29.000000,789.5,601818,222138000,1,2729,6901
2025-06-16 09:30:30.000000,789.5,601818,222138000,1,2729,6901
2025-06-16 09:30:32.000000,789.5,601818,222138000,1,2729,6901
2025-06-16 09:30:33.000000,789.5,601818,222138000,1,2729,6901
2025-06-16 09:30:34.000000,789.5,601818,222138000,1,2729,6901
2025-06-16 09:30:35.000000,789.5,601818,222138000,1,2729,6901
2025-06-16 09:30:37.000000,789.15,604805,222138000,8,11039,7413
2025-06-16 09:30:38.000000,789.1,604805,222138000,90,11039,7413
2025-06-16 09:30:45.000000,789.35,610594,222138000,20,9385,4577
2025-06-16 09:30:46.000000,789.3,610594,222138000,10,9385,4577
2025-06-16 09:30:52.000000,788.95,620675,222138000,1,4836,4102
2025-06-16 09:30:54.000000,788.9,620675,222138000,50,4836,4102
2025-06-16 09:31:00.000000,788.85,623507,222138000,12,1014,3505
2025-06-16 09:31:01.000000,788.8,623507,222138000,31,1014,3505
2025-06-16 09:31:01.000000,788.8,623548,222138000,31,1398,3979
2025-06-16 09:31:02.000000,788.75,623548,222138000,1,1398,3979
2025-06-16 09:31:02.000000,788.75,623820,222138000,1,920,2345
2025-06-16 09:31:03.000000,788.8,623820,222138000,73,920,2345
2025-06-16 09:31:03.000000,788.85,624494,222138000,1,3289,4084
2025-06-16 09:31:04.000000,788.75,624494,222138000,1,3289,4084
2025-06-16 09:31:04.000000,788.75,624508,222138000,1,1841,2907
2025-06-16 09:31:05.000000,788.6,624508,222138000,21,1841,2907
2025-06-16 09:31:05.000000,788.85,625689,222138000,6,2760,2026
2025-06-16 09:31:06.000000,788.55,625689,222138000,50,2760,2026
2025-06-16 09:31:06.000000,788.55,625749,222138000,50,3554,2265
2025-06-16 09:31:07.000000,788.9,625749,222138000,71,3554,2265
2025-06-16 09:31:08.000000,788.8,626177,222138000,2,2165,2333
2025-06-16 09:31:08.000000,788.8,626177,222138000,100,2165,2333
2025-06-16 09:31:09.000000,788.8,626327,222138000,1,1707,1650
2025-06-16 09:31:09.000000,788.8,626327,222138000,10,1707,1650
2025-06-16 09:31:10.000000,788.9,627015,222138000,62,681,2550
2025-06-16 09:31:10.000000,788.9,627015,222138000,62,681,2550
2025-06-16 09:31:11.000000,788.9,627053,222138000,1,1950,2368
2025-06-16 09:31:11.000000,788.9,627053,222138000,1,1950,2368
2025-06-16 09:31:12.000000,788.95,627675,222138000,1,2535,1359
2025-06-16 09:31:12.000000,788.95,627675,222138000,1,2535,1359
2025-06-16 09:31:13.000000,788.95,627675,222138000,10,2535,1359
2025-06-16 09:31:13.000000,788.95,627698,222138000,10,2316,1280
2025-06-16 09:31:14.000000,788.95,627698,222138000,21,2316,1280
2025-06-16 09:31:14.000000,788.95,627719,222138000,21,1851,1296
2025-06-16 09:31:15.000000,789.0,627719,222138000,1,1851,1296
2025-06-16 09:31:15.000000,789.0,627721,222138000,1,2358,1294
2025-06-16 09:31:16.000000,789.15,627721,222138000,1,2358,1294
2025-06-16 09:31:16.000000,789.2,628803,222138000,2,3056,1330
2025-06-16 09:31:17.000000,789.1,628803,222138000,2,3056,1330
2025-06-16 09:31:17.000000,789.1,628805,222138000,2,5341,1538
2025-06-16 09:31:18.000000,789.45,628805,222138000,23,5341,1538
2025-06-16 09:31:18.000000,789.15,629375,222138000,50,4732,5206
2025-06-16 09:31:19.000000,789.2,629375,222138000,1,4732,5206
2025-06-16 09:31:19.000000,789.1,629899,222138000,317,4777,5218
2025-06-16 09:31:20.000000,789.35,629899,222138000,1,4777,5218
2025-06-16 09:31:20.000000,789.35,629937,222138000,25,5277,5203
2025-06-16 09:31:21.000000,789.35,629937,222138000,25,5277,5203
2025-06-16 09:31:22.000000,789.1,629959,222138000,20,6608,4228
2025-06-16 09:31:22.000000,789.2,629959,222138000,27,6608,4228
2025-06-16 09:31:23.000000,789.1,630386,222138000,35,5524,5572
2025-06-16 09:31:23.000000,789.4,630386,222138000,1,5524,5572
2025-06-16 09:31:24.000000,789.45,631265,222138000,98,6057,6040
2025-06-16 09:31:24.000000,789.4,631265,222138000,15,6057,6040
2025-06-16 09:31:25.000000,789.25,631780,222138000,139,5491,2638
2025-06-16 09:31:25.000000,789.25,631780,222138000,1,5491,2638
2025-06-16 09:31:26.000000,789.2,631907,222138000,3,3226,1474
2025-06-16 09:31:26.000000,789.2,631907,222138000,3,3226,1474
2025-06-16 09:31:27.000000,789.2,631907,222138000,36,3226,1474
2025-06-16 09:31:27.000000,789.2,631993,222138000,36,4202,5752
2025-06-16 09:31:28.000000,789.45,631993,222138000,12,4202,5752
2025-06-16 09:31:28.000000,789.45,632524,222138000,12,526,7009
2025-06-16 09:31:29.000000,789.2,632524,222138000,47,526,7009
2025-06-16 09:31:29.000000,789.2,632662,222138000,47,3695,6615
2025-06-16 09:31:30.000000,789.3,632662,222138000,5,3695,6615
2025-06-16 09:31:30.000000,789.3,632972,222138000,5,4402,4880
2025-06-16 09:31:31.000000,789.3,632972,222138000,1,4402,4880
2025-06-16 09:31:31.000000,789.35,633088,222138000,45,4376,5672
2025-06-16 09:31:32.000000,789.1,633088,222138000,15,4376,5672
2025-06-16 09:31:32.000000,789.1,634089,222138000,750,3603,6866
2025-06-16 09:31:33.000000,789.0,634089,222138000,100,3603,6866
2025-06-16 09:31:33.000000,789.15,634488,222138000,7,3952,3857
2025-06-16 09:31:34.000000,789.15,634488,222138000,1,3952,3857
2025-06-16 09:31:35.000000,789.15,634503,222138000,1,4827,3493
2025-06-16 09:31:35.000000,789.2,634503,222138000,23,4827,3493
2025-06-16 09:31:36.000000,789.1,635633,222138000,100,2588,3748
2025-06-16 09:31:36.000000,789.2,635633,222138000,3,2588,3748
2025-06-16 09:31:37.000000,789.0,637104,222138000,116,2985,5048
2025-06-16 09:31:37.000000,789.0,637104,222138000,116,2985,5048
2025-06-16 09:31:38.000000,788.8,638731,222138000,5,2019,4067
2025-06-16 09:31:38.000000,788.8,638731,222138000,5,2019,4067
2025-06-16 09:31:39.000000,788.8,638743,222138000,11,2350,2525
2025-06-16 09:31:39.000000,788.95,638743,222138000,112,2350,2525
2025-06-16 09:31:40.000000,789.1,639330,222138000,1,2415,2764
2025-06-16 09:31:40.000000,789.1,639330,222138000,1,2415,2764
2025-06-16 09:31:41.000000,788.8,639330,222138000,25,2415,2764
2025-06-16 09:31:41.000000,788.8,639457,222138000,25,2566,3792
2025-06-16 09:31:42.000000,789.0,639457,222138000,5,2566,3792
2025-06-16 09:31:42.000000,789.0,639840,222138000,3,2150,3100
2025-06-16 09:31:43.000000,789.0,639840,222138000,438,2150,3100
2025-06-16 09:31:43.000000,789.0,642049,222138000,438,2002,2569
2025-06-16 09:31:44.000000,789.0,642049,222138000,20,2002,2569
2025-06-16 09:31:44.000000,789.0,642079,222138000,20,1910,2327
2025-06-16 09:31:45.000000,788.8,642079,222138000,173,1910,2327
2025-06-16 09:31:45.000000,788.9,642349,222138000,25,2371,26370
2025-06-16 09:31:46.000000,789.0,642349,222138000,8,2371,26370
2025-06-16 09:31:46.000000,789.0,642418,222138000,3,2775,27774
2025-06-16 09:31:47.000000,789.0,642418,222138000,5,2775,27774
2025-06-16 09:31:47.000000,789.0,642572,222138000,1,2658,28450
2025-06-16 09:31:48.000000,788.8,642572,222138000,1,2658,28450
2025-06-16 09:31:49.000000,788.5,644451,222138000,62,1537,4396
2025-06-16 09:31:49.000000,788.5,644451,222138000,91,1537,4396
2025-06-16 09:31:50.000000,788.7,644697,222138000,2,1219,4352
2025-06-16 09:31:50.000000,788.8,644697,222138000,16,1219,4352
2025-06-16 09:31:51.000000,788.5,644851,222138000,28,2814,25827
2025-06-16 09:31:51.000000,788.5,644851,222138000,28,2814,25827
2025-06-16 09:31:52.000000,788.8,644867,222138000,6,2189,26260
2025-06-16 09:31:52.000000,788.8,644867,222138000,6,2189,26260
2025-06-16 09:31:53.000000,788.6,645140,222138000,11,1775,27002
2025-06-16 09:31:53.000000,788.6,645140,222138000,40,1775,27002
2025-06-16 09:31:54.000000,788.55,645140,222138000,57,1775,27002
2025-06-16 09:31:54.000000,788.55,645247,222138000,57,3673,27624
2025-06-16 09:31:55.000000,789.0,645247,222138000,488,3673,27624
2025-06-16 09:31:55.000000,788.6,646652,222138000,18,3297,26140
2025-06-16 09:31:56.000000,788.6,646652,222138000,20,3297,26140
2025-06-16 09:31:56.000000,788.6,646684,222138000,20,2313,25855
2025-06-16 09:31:57.000000,788.85,646684,222138000,20,2313,25855
2025-06-16 09:31:57.000000,788.85,646757,222138000,3,1459,28151
2025-06-16 09:31:58.000000,788.9,646757,222138000,143,1459,28151
2025-06-16 09:31:58.000000,788.9,647157,222138000,143,1890,29168
2025-06-16 09:31:59.000000,788.7,647157,222138000,22,1890,29168
2025-06-16 09:31:59.000000,788.9,647330,222138000,38,1892,29284
2025-06-16 09:32:00.000000,788.9,647330,222138000,38,1892,29284
2025-06-16 09:32:05.000000,788.95,658020,222138000,1,2518,25942
2025-06-16 09:32:08.000000,788.95,658020,222138000,11,2518,25942
2025-06-16 09:32:13.000000,789.0,685857,222138000,2,3128,1124
2025-06-16 09:32:18.000000,789.4,685857,222138000,15,3128,1124
2025-06-16 09:32:20.000000,789.1,688196,222138000,40,3232,4915
2025-06-16 09:32:27.000000,789.5,688196,222138000,50,3232,4915
2025-06-16 09:32:28.000000,789.5,692698,222138000,50,2488,2972
2025-06-16 09:32:35.000000,789.3,695646,222138000,15,2192,2111
2025-06-16 09:32:37.000000,789.5,695646,222138000,178,2192,2111
2025-06-16 09:32:43.000000,789.4,697596,222138000,25,3287,3061
2025-06-16 09:32:45.000000,789.2,697596,222138000,109,3287,3061
2025-06-16 09:32:50.000000,789.35,711977,222138000,30,3034,2471
2025-06-16 09:32:53.000000,789.4,711977,222138000,1,3034,2471
2025-06-16 09:32:58.000000,789.4,716259,222138000,2,1657,2310
2025-06-16 09:33:02.000000,789.4,716259,222138000,1,1657,2310
2025-06-16 09:33:05.000000,789.4,717501,222138000,3,3236,3447
2025-06-16 09:33:11.000000,789.5,717501,222138000,50,3236,3447
2025-06-16 09:33:13.000000,789.7,722220,222138000,100,2824,1127
2025-06-16 09:33:20.000000,789.55,722220,222138000,10,2824,1127
2025-06-16 09:33:20.000000,789.8,723605,222138000,162,1034,3964
2025-06-16 09:33:24.000000,789.8,723605,222138000,162,1034,3964
2025-06-16 09:33:25.000000,789.8,723605,222138000,162,1034,3964
2025-06-16 09:33:26.000000,789.8,723605,222138000,162,1034,3964
2025-06-16 09:33:27.000000,789.8,723605,222138000,162,1034,3964
2025-06-16 09:33:27.000000,789.5,723605,222138000,90,1034,3964
2025-06-16 09:33:27.000000,789.5,723605,222138000,90,1034,3964
2025-06-16 09:33:28.000000,789.5,723605,222138000,90,1034,3964
2025-06-16 09:33:28.000000,789.6,725936,222138000,4,4317,3005
2025-06-16 09:33:28.000000,789.6,725936,222138000,4,4317,3005
2025-06-16 09:33:29.000000,789.6,725936,221997750,4,4317,3005
2025-06-16 09:33:30.000000,789.6,725936,221997750,4,4317,3005
2025-06-16 09:33:31.000000,789.6,725936,221997750,4,4317,3005
2025-06-16 09:33:32.000000,789.6,725936,221997750,4,4317,3005
2025-06-16 09:33:33.000000,789.6,725936,221997750,4,4317,3005
2025-06-16 09:33:34.000000,789.4,725936,221997750,3,4317,3005
2025-06-16 09:33:34.000000,789.4,725936,221997750,3,4317,3005
2025-06-16 09:33:35.000000,789.55,726617,221997750,1,1051,3597
2025-06-16 09:33:35.000000,789.55,726617,221997750,1,1051,3597
2025-06-16 09:33:42.000000,789.45,726617,221997750,1,1051,3597
2025-06-16 09:33:42.000000,789.45,727368,221997750,10,3297,2535
2025-06-16 09:33:49.000000,789.45,727368,221997750,1,3297,2535
2025-06-16 09:33:50.000000,789.15,727843,221997750,37,3794,3594
2025-06-16 09:33:56.000000,789.05,727843,221997750,93,3794,3594
2025-06-16 09:33:57.000000,789.2,728613,221997750,1,1828,3770
2025-06-16 09:34:05.000000,789.15,729044,221997750,6,1689,2957
2025-06-16 09:34:05.000000,789.0,729044,221997750,36,1689,2957
2025-06-16 09:34:12.000000,789.15,730126,221997750,2,3780,2203
2025-06-16 09:34:14.000000,789.2,730126,221997750,4,3780,2203
2025-06-16 09:34:20.000000,789.2,730888,221997750,3,3378,2955
2025-06-16 09:34:21.000000,789.2,730888,221997750,3,3378,2955
2025-06-16 09:34:27.000000,789.05,731220,221997750,2,3180,2260
2025-06-16 09:34:29.000000,789.15,731220,221997750,1,3180,2260
2025-06-16 09:34:34.000000,789.2,731985,221997750,2,2611,5263
2025-06-16 09:34:38.000000,789.2,731985,221997750,39,2611,5263
2025-06-16 09:34:42.000000,788.9,735083,221997750,8,3300,4275
2025-06-16 09:34:46.000000,788.95,735083,221997750,1,3300,4275
2025-06-16 09:34:49.000000,789.0,735792,221997750,15,5980,3419
2025-06-16 09:34:54.000000,789.0,735792,221997750,50,5980,3419
2025-06-16 09:34:57.000000,789.15,737014,221997750,25,1202,5247
2025-06-16 09:35:01.000000,788.85,737014,221997750,1,1202,5247
2025-06-16 09:35:04.000000,788.95,740167,221997750,1,2033,2672
2025-06-16 09:35:10.000000,789.0,740167,221997750,4,2033,2672
2025-06-16 09:35:11.000000,788.95,741669,221997750,4,6182,2372
2025-06-16 09:35:19.000000,789.0,743819,221997750,10,1380,2434
2025-06-16 09:35:19.000000,789.0,743819,221997750,10,1380,2434
2025-06-16 09:35:26.000000,789.0,743991,221997750,20,966,4010
2025-06-16 09:35:28.000000,789.0,743991,221997750,10,966,4010
2025-06-16 09:35:34.000000,788.85,745767,221997750,26,4883,3195
2025-06-16 09:35:35.000000,788.85,745767,221997750,153,4883,3195
2025-06-16 09:35:41.000000,789.25,748210,221997750,1,4113,2014
2025-06-16 09:35:43.000000,788.9,748210,221997750,60,4113,2014
2025-06-16 09:35:49.000000,789.0,748362,221997750,7,2808,2862
2025-06-16 09:35:51.000000,788.6,748362,221997750,30,2808,2862
2025-06-16 09:35:56.000000,788.85,750283,221997750,255,8080,2616
2025-06-16 09:36:00.000000,788.6,750283,221997750,48,8080,2616
2025-06-16 09:36:03.000000,788.6,753731,221997750,79,6342,3770
2025-06-16 09:36:08.000000,788.5,753731,221997750,25,6342,3770
2025-06-16 09:36:11.000000,788.65,757727,221997750,1,4619,2852
2025-06-16 09:36:16.000000,788.5,757727,221997750,60,4619,2852
2025-06-16 09:36:18.000000,788.5,758818,221997750,27,2845,4323
2025-06-16 09:36:23.000000,788.3,758818,221997750,10,2845,4323
2025-06-16 09:36:25.000000,788.3,758818,221997750,10,2845,4323
2025-06-16 09:36:25.000000,788.4,761087,221997750,20,2236,5353
2025-06-16 09:36:26.000000,788.4,761087,221997750,20,2236,5353
2025-06-16 09:36:27.000000,788.4,761087,221997750,20,2236,5353
2025-06-16 09:36:28.000000,788.4,761087,221997750,20,2236,5353
2025-06-16 09:36:29.000000,788.4,761087,221997750,20,2236,5353
2025-06-16 09:36:30.000000,788.4,761087,222032250,20,2236,5353
2025-06-16 09:36:30.000000,788.05,761087,222032250,5,2236,5353
2025-06-16 09:36:31.000000,788.05,761087,222032250,5,2236,5353
2025-06-16 09:36:33.000000,788.05,761087,222032250,5,2236,5353
2025-06-16 09:36:33.000000,788.05,764617,222032250,20,22885,3912
2025-06-16 09:36:34.000000,788.05,764617,222032250,20,22885,3912
2025-06-16 09:36:36.000000,788.05,764617,222032250,20,22885,3912
2025-06-16 09:36:36.000000,788.2,764617,222032250,34,22885,3912
2025-06-16 09:36:40.000000,788.15,765373,222032250,5,22128,6392
2025-06-16 09:36:44.000000,788.2,765373,222032250,12,22128,6392
2025-06-16 09:36:47.000000,788.2,769698,222032250,2,21921,5735
2025-06-16 09:36:52.000000,788.1,769698,222032250,12,21921,5735
2025-06-16 09:36:55.000000,787.85,797127,222032250,1,3251,4298
2025-06-16 09:37:00.000000,787.7,797127,222032250,1,3251,4298
2025-06-16 09:37:01.000000,787.85,797127,222032250,1,3251,4298
2025-06-16 09:37:01.000000,787.85,800065,222032250,1,2771,2601
2025-06-16 09:37:02.000000,787.7,800065,222032250,6,2771,2601
2025-06-16 09:37:02.000000,787.85,800286,222032250,10,4868,3146
2025-06-16 09:37:03.000000,788.0,800286,222032250,36,4868,3146
2025-06-16 09:37:03.000000,788.05,800493,222032250,1,1439,3477
2025-06-16 09:37:04.000000,788.1,800493,222032250,1,1439,3477
2025-06-16 09:37:04.000000,788.1,800504,222032250,2,903,4004
2025-06-16 09:37:05.000000,788.0,800504,222032250,39,903,4004
2025-06-16 09:37:05.000000,788.0,800543,222032250,39,724,2826
2025-06-16 09:37:06.000000,788.2,801543,222032250,24,993,2704
2025-06-16 09:37:07.000000,788.1,801543,222032250,3,993,2704
2025-06-16 09:37:08.000000,788.1,801574,222032250,7,1403,2548
2025-06-16 09:37:08.000000,788.1,801574,222032250,100,1403,2548
2025-06-16 09:37:09.000000,788.1,801679,222032250,5,1262,2504
2025-06-16 09:37:09.000000,788.1,801679,222032250,41,1262,2504
2025-06-16 09:37:10.000000,788.3,802288,222032250,1,1292,2316
2025-06-16 09:37:10.000000,788.1,802288,222032250,30,1292,2316
2025-06-16 09:37:11.000000,788.15,802288,222032250,3,1292,2316
2025-06-16 09:37:11.000000,788.15,803469,222032250,3,2516,2261
2025-06-16 09:37:12.000000,788.35,803469,222032250,1,2516,2261
2025-06-16 09:37:12.000000,788.35,803605,222032250,1,2144,3051
2025-06-16 09:37:13.000000,788.05,803605,222032250,181,2144,3051
2025-06-16 09:37:13.000000,788.35,804427,222032250,8,1955,3669
2025-06-16 09:37:14.000000,788.35,804427,222032250,8,1955,3669
2025-06-16 09:37:14.000000,788.35,804427,222032250,8,1990,4189
2025-06-16 09:37:15.000000,788.0,804427,222032250,47,1990,4189
2025-06-16 09:37:15.000000,788.05,804552,222032250,25,1235,3528
2025-06-16 09:37:16.000000,788.2,804552,222032250,37,1235,3528
2025-06-16 09:37:16.000000,788.35,804731,222032250,3,1736,2400
2025-06-16 09:37:17.000000,788.4,804731,222032250,7,1736,2400
2025-06-16 09:37:18.000000,788.2,804742,222032250,4,1851,1817
2025-06-16 09:37:18.000000,788.2,804742,222032250,10,1851,1817
2025-06-16 09:37:19.000000,788.2,804772,222032250,10,957,3331
2025-06-16 09:37:19.000000,788.2,804772,222032250,1,957,3331
2025-06-16 09:37:20.000000,788.35,805162,222032250,33,932,4028
2025-06-16 09:37:20.000000,788.1,805162,222032250,362,932,4028
2025-06-16 09:37:21.000000,788.35,806175,222032250,1,1011,4734
2025-06-16 09:37:21.000000,788.35,806175,222032250,1,1011,4734
2025-06-16 09:37:22.000000,788.2,806689,222032250,1,2129,2254
2025-06-16 09:37:22.000000,788.2,806689,222032250,1,2129,2254
2025-06-16 09:37:23.000000,788.1,806841,222032250,1,1918,2810
2025-06-16 09:37:23.000000,788.1,806841,222032250,1,1918,2810
2025-06-16 09:37:24.000000,788.1,806841,222032250,1,1918,2810
2025-06-16 09:37:24.000000,788.1,806953,222032250,1,1765,3849
2025-06-16 09:37:25.000000,788.1,806953,222032250,1,1765,3849
2025-06-16 09:37:25.000000,788.1,807114,222032250,1,1271,5672
2025-06-16 09:37:26.000000,788.2,807114,222032250,1,1271,5672
2025-06-16 09:37:26.000000,788.2,807167,222032250,1,1255,3971
2025-06-16 09:37:27.000000,788.2,807167,222032250,1,1255,3971
2025-06-16 09:37:27.000000,788.35,807290,222032250,1,725,4072
2025-06-16 09:37:28.000000,788.4,807290,222032250,5,725,4072
2025-06-16 09:37:28.000000,788.4,807479,222032250,97,1802,3198
2025-06-16 09:37:29.000000,788.2,807479,222032250,18,1802,3198
2025-06-16 09:37:29.000000,788.2,807499,222032250,18,2455,3791
2025-06-16 09:37:30.000000,788.45,807499,222032250,151,2455,3791
2025-06-16 09:37:30.000000,788.6,808497,222032250,2,2725,2048
2025-06-16 09:37:31.000000,788.5,808497,222032250,100,2725,2048
2025-06-16 09:37:32.000000,788.35,809603,222032250,27,3486,3345
2025-06-16 09:37:32.000000,788.35,809603,222032250,27,3486,3345
2025-06-16 09:37:33.000000,788.45,810075,222032250,1,3083,4078
2025-06-16 09:37:33.000000,788.65,810075,222032250,2,3083,4078
2025-06-16 09:37:34.000000,788.85,811329,222032250,495,1592,2028
2025-06-16 09:37:34.000000,788.65,811329,222032250,7,1592,2028
2025-06-16 09:37:35.000000,788.65,811631,222032250,7,2932,2651
2025-06-16 09:37:35.000000,788.65,811631,222032250,36,2932,2651
2025-06-16 09:37:36.000000,788.9,811893,222032250,114,2539,2774
2025-06-16 09:37:36.000000,788.9,811893,222032250,13,2539,2774
2025-06-16 09:37:37.000000,788.8,812078,222032250,3,1903,4807
2025-06-16 09:37:37.000000,788.8,812078,222032250,3,1903,4807
2025-06-16 09:37:38.000000,788.5,812078,222032250,100,1903,4807
2025-06-16 09:37:38.000000,788.5,812178,222032250,100,1627,5565
2025-06-16 09:37:39.000000,788.8,812178,222032250,1,1627,5565
2025-06-16 09:37:39.000000,788.75,812304,222032250,25,1362,5212
2025-06-16 09:37:40.000000,788.6,812304,222032250,48,1362,5212
2025-06-16 09:37:40.000000,788.6,812952,222032250,48,1222,4734
2025-06-16 09:37:41.000000,788.8,812952,222032250,10,1222,4734
2025-06-16 09:37:41.000000,788.8,812966,222032250,10,1395,5532
2025-06-16 09:37:42.000000,788.6,812966,222032250,4,1395,5532
2025-06-16 09:37:42.000000,788.6,813018,222032250,4,1709,3137
2025-06-16 09:37:43.000000,788.6,813018,222032250,25,1709,3137
2025-06-16 09:37:43.000000,788.6,813043,222032250,25,1734,2598
2025-06-16 09:37:44.000000,788.6,813043,222032250,38,1734,2598
2025-06-16 09:37:44.000000,788.6,813236,222032250,38,3162,2440
2025-06-16 09:37:45.000000,788.6,813236,222032250,1,3162,2440
2025-06-16 09:37:45.000000,788.85,813241,222032250,1,1643,4195
2025-06-16 09:37:46.000000,788.95,813241,222032250,2,1643,4195
2025-06-16 09:37:46.000000,788.95,813926,222032250,2,782,3654
2025-06-16 09:37:47.000000,788.9,813926,222032250,2,782,3654
2025-06-16 09:37:48.000000,788.95,814036,222032250,2,969,2929
2025-06-16 09:37:48.000000,788.9,814036,222032250,2,969,2929
2025-06-16 09:37:49.000000,788.9,814039,222032250,2,839,3939
2025-06-16 09:37:49.000000,788.95,814039,222032250,50,839,3939
2025-06-16 09:37:50.000000,788.95,814089,222032250,50,1223,3067
2025-06-16 09:37:51.000000,788.95,814114,222032250,25,1079,4410
2025-06-16 09:37:51.000000,788.95,814114,222032250,50,1079,4410
2025-06-16 09:37:52.000000,788.85,814385,222032250,24,660,4758
2025-06-16 09:37:52.000000,788.85,814385,222032250,24,660,4758
2025-06-16 09:37:53.000000,788.9,814389,222032250,1,1094,3989
2025-06-16 09:37:53.000000,788.9,814389,222032250,1,1094,3989
2025-06-16 09:37:54.000000,788.9,814389,222032250,10,1094,3989
2025-06-16 09:37:54.000000,788.8,814439,222032250,1,1706,3206
2025-06-16 09:37:55.000000,788.8,814439,222032250,1,1706,3206
2025-06-16 09:37:55.000000,788.8,814463,222032250,1,2003,3110
2025-06-16 09:37:56.000000,788.8,814463,222032250,9,2003,3110
2025-06-16 09:37:56.000000,788.8,814608,222032250,9,2404,3070
2025-06-16 09:37:57.000000,788.9,814608,222032250,4,2404,3070
2025-06-16 09:37:57.000000,788.9,814612,222032250,4,1132,3266
2025-06-16 09:37:58.000000,788.95,814612,222032250,250,1132,3266
2025-06-16 09:37:58.000000,789.0,816093,222032250,76,1259,1921
2025-06-16 09:37:59.000000,789.2,816093,222032250,10,1259,1921
2025-06-16 09:37:59.000000,789.2,817109,222032250,10,2849,3154
2025-06-16 09:38:00.000000,789.2,817109,222032250,1,2849,3154
2025-06-16 09:38:01.000000,789.2,817116,222032250,5,3567,2203
2025-06-16 09:38:03.000000,789.2,817116,222032250,6,3567,2203
2025-06-16 09:38:09.000000,789.4,818548,222032250,3,1873,4110
2025-06-16 09:38:12.000000,789.4,818548,222032250,3,1873,4110
2025-06-16 09:38:16.000000,789.45,820942,222032250,16,3037,2430
2025-06-16 09:38:19.000000,789.8,820942,222032250,100,3037,2430
2025-06-16 09:38:23.000000,789.6,822739,222032250,300,423,5177
2025-06-16 09:38:27.000000,789.45,822739,222032250,12,423,5177
2025-06-16 09:38:31.000000,789.25,823889,222032250,13,1708,5482
2025-06-16 09:38:35.000000,789.3,823889,222032250,1,1708,5482
2025-06-16 09:38:38.000000,789.45,824325,222032250,1,485,4716
2025-06-16 09:38:41.000000,789.45,824325,222032250,100,485,4716
2025-06-16 09:38:45.000000,789.6,824997,222032250,12,1622,6467
2025-06-16 09:38:49.000000,789.45,824997,222032250,5,1622,6467
2025-06-16 09:38:52.000000,789.6,828012,222032250,10,3860,4600
2025-06-16 09:38:56.000000,789.6,828012,222032250,100,3860,4600
2025-06-16 09:39:00.000000,789.5,831397,222032250,10,2889,6710
2025-06-16 09:39:04.000000,789.75,831397,222032250,15,2889,6710
2025-06-16 09:39:07.000000,789.75,832718,222032250,14,2150,7254
2025-06-16 09:39:11.000000,789.5,832718,222032250,1,2150,7254
2025-06-16 09:39:14.000000,789.7,833345,222032250,4,1158,9564
2025-06-16 09:39:18.000000,789.55,833345,222032250,195,1158,9564
2025-06-16 09:39:22.000000,789.55,834574,222032250,20,833,11444
2025-06-16 09:39:25.000000,789.45,834574,222032250,3,833,11444
2025-06-16 09:39:25.000000,789.45,834574,222032250,3,833,11444
2025-06-16 09:39:26.000000,789.45,834574,222032250,3,833,11444
2025-06-16 09:39:27.000000,789.45,834574,222032250,3,833,11444
2025-06-16 09:39:28.000000,789.45,834574,222032250,3,833,11444
2025-06-16 09:39:29.000000,789.45,834574,222032250,3,833,11444
2025-06-16 09:39:29.000000,789.5,835747,222032250,10,1330,4962
2025-06-16 09:39:29.000000,789.5,835747,222032250,10,1330,4962
2025-06-16 09:39:30.000000,789.5,835747,221950500,10,1330,4962
2025-06-16 09:39:31.000000,789.5,835747,221950500,10,1330,4962
2025-06-16 09:39:32.000000,789.5,835747,221950500,10,1330,4962
2025-06-16 09:39:33.000000,789.4,835747,221950500,7,1330,4962
2025-06-16 09:39:33.000000,789.4,835747,221950500,7,1330,4962
2025-06-16 09:39:34.000000,789.4,835747,221950500,7,1330,4962
2025-06-16 09:39:35.000000,789.4,835747,221950500,7,1330,4962
2025-06-16 09:39:36.000000,789.4,835747,221950500,7,1330,4962
2025-06-16 09:39:37.000000,789.35,836846,221950500,1,3480,9144
2025-06-16 09:39:40.000000,789.1,836846,221950500,3,3480,9144
2025-06-16 09:39:44.000000,789.4,838148,221950500,1,3925,10117
2025-06-16 09:39:49.000000,789.05,838148,221950500,316,3925,10117
2025-06-16 09:39:52.000000,789.25,841062,221950500,1,1830,9446
2025-06-16 09:39:56.000000,789.3,841062,221950500,1,1830,9446
2025-06-16 09:39:59.000000,789.25,843340,221950500,1,3659,9708
2025-06-16 09:40:05.000000,789.0,843340,221950500,50,3659,9708
2025-06-16 09:40:06.000000,789.0,844913,221950500,60,1141,6748
2025-06-16 09:40:14.000000,788.9,846809,221950500,46,3264,5719
2025-06-16 09:40:14.000000,788.9,846809,221950500,46,3264,5719
2025-06-16 09:40:22.000000,789.0,850035,221950500,14,5742,4219
2025-06-16 09:40:22.000000,789.0,850035,221950500,13,5742,4219
2025-06-16 09:40:29.000000,789.25,852472,221950500,2,2009,2277
2025-06-16 09:40:30.000000,789.0,852472,221950500,4,2009,2277
2025-06-16 09:40:36.000000,789.0,852472,221950500,14,2009,2277
2025-06-16 09:40:37.000000,789.0,853674,221950500,14,5498,2243
2025-06-16 09:40:42.000000,789.05,853674,221950500,18,5498,2243
2025-06-16 09:40:44.000000,789.25,856322,221950500,4,3009,3529
2025-06-16 09:40:49.000000,789.4,856322,221950500,81,3009,3529
2025-06-16 09:40:52.000000,789.25,856852,221950500,1,3646,4014
2025-06-16 09:40:56.000000,789.15,856852,221950500,5,3646,4014
2025-06-16 09:40:59.000000,789.3,857189,221950500,1,2848,1544
2025-06-16 09:41:03.000000,789.45,857189,221950500,197,2848,1544
2025-06-16 09:41:07.000000,789.45,857525,221950500,1,2392,1660
2025-06-16 09:41:10.000000,789.25,857525,221950500,2,2392,1660
2025-06-16 09:41:14.000000,789.45,857680,221950500,2,4278,3012
2025-06-16 09:41:16.000000,789.45,857680,221950500,3,4278,3012
2025-06-16 09:41:22.000000,789.45,858002,221950500,25,4599,1271
2025-06-16 09:41:22.000000,789.3,858002,221950500,41,4599,1271
2025-06-16 09:41:28.000000,789.5,858002,221950500,3,4599,1271
2025-06-16 09:41:29.000000,789.5,859333,221950500,3,2716,6884
2025-06-16 09:41:36.000000,789.65,859333,221950500,18,2716,6884
2025-06-16 09:41:36.000000,789.65,861370,221950500,18,3111,5240
2025-06-16 09:41:44.000000,789.65,862201,221950500,1,2290,2056
2025-06-16 09:41:44.000000,789.45,862201,221950500,79,2290,2056
2025-06-16 09:41:51.000000,789.6,862201,221950500,2,2290,2056
2025-06-16 09:41:51.000000,789.6,862476,221950500,2,1543,2779
2025-06-16 09:41:58.000000,789.65,862476,221950500,200,1543,2779
2025-06-16 09:41:59.000000,789.65,863492,221950500,200,3423,2717
2025-06-16 09:42:06.000000,789.3,863492,221950500,35,3423,2717
2025-06-16 09:42:06.000000,789.5,864487,221950500,1,1179,4041
2025-06-16 09:42:13.000000,789.45,864487,221950500,15,1179,4041
2025-06-16 09:42:14.000000,789.45,865127,221950500,7,5271,2845
2025-06-16 09:42:21.000000,789.5,865127,221950500,75,5271,2845
2025-06-16 09:42:21.000000,789.45,865829,221950500,10,2760,1491
2025-06-16 09:42:26.000000,789.45,865829,221950500,10,2760,1491
2025-06-16 09:42:27.000000,789.45,865829,221950500,10,2760,1491
2025-06-16 09:42:27.000000,789.6,865829,221950500,2,2760,1491
2025-06-16 09:42:27.000000,789.6,865829,221950500,2,2760,1491
2025-06-16 09:42:28.000000,789.6,865829,221950500,2,2760,1491
2025-06-16 09:42:29.000000,789.6,865829,221950500,2,2760,1491
2025-06-16 09:42:29.000000,789.6,868574,221950500,51,3638,449
2025-06-16 09:42:29.000000,789.6,868574,221950500,51,3638,449
2025-06-16 09:42:30.000000,789.6,868574,221950500,51,3638,449
2025-06-16 09:42:31.000000,789.6,868574,222016500,51,3638,449
2025-06-16 09:42:32.000000,789.6,868574,222016500,51,3638,449
2025-06-16 09:42:33.000000,789.65,868574,222016500,1,3638,449
2025-06-16 09:42:34.000000,789.65,868574,222016500,1,3638,449
2025-06-16 09:42:35.000000,789.65,868574,222016500,1,3638,449
2025-06-16 09:42:36.000000,789.65,868574,222016500,1,3638,449
2025-06-16 09:42:36.000000,789.5,869646,222016500,50,1375,2765
2025-06-16 09:42:37.000000,789.5,869646,222016500,50,1375,2765
2025-06-16 09:42:39.000000,789.6,869646,222016500,1,1375,2765
2025-06-16 09:42:44.000000,789.45,869974,222016500,26,4713,1305
2025-06-16 09:42:45.000000,789.65,869974,222016500,25,4713,1305
2025-06-16 09:42:51.000000,789.5,869974,222016500,62,4713,1305
2025-06-16 09:42:52.000000,789.55,870359,222016500,1,1822,1789
2025-06-16 09:42:57.000000,789.45,870359,222016500,2,1822,1789
2025-06-16 09:43:00.000000,789.45,870662,222016500,1,11133,1323
2025-06-16 09:43:04.000000,789.2,870662,222016500,49,11133,1323
2025-06-16 09:43:07.000000,789.4,871404,222016500,2,11775,1132
2025-06-16 09:43:10.000000,789.15,871404,222016500,13,11775,1132
2025-06-16 09:43:14.000000,789.2,871404,222016500,7,11775,1132
2025-06-16 09:43:14.000000,789.2,872715,222016500,2,11271,1224
2025-06-16 09:43:20.000000,789.5,872715,222016500,1,11271,1224
2025-06-16 09:43:22.000000,789.5,874684,222016500,1,2722,1988
2025-06-16 09:43:26.000000,789.05,874684,222016500,46,2722,1988
2025-06-16 09:43:29.000000,789.2,884594,222016500,23,3429,1884
2025-06-16 09:43:33.000000,789.55,884594,222016500,3,3429,1884
2025-06-16 09:43:36.000000,789.55,886865,222016500,1,2197,1629
2025-06-16 09:43:39.000000,789.6,886865,222016500,55,2197,1629
2025-06-16 09:43:43.000000,789.65,888013,222016500,50,850,3171
2025-06-16 09:43:45.000000,789.65,888013,222016500,164,850,3171
2025-06-16 09:43:50.000000,789.35,889747,222016500,100,4674,2706
2025-06-16 09:43:52.000000,789.55,889747,222016500,37,4674,2706
2025-06-16 09:43:58.000000,789.6,890622,222016500,6,3037,552
2025-06-16 09:43:58.000000,789.5,890622,222016500,84,3037,552
2025-06-16 09:44:05.000000,789.65,890622,222016500,72,3037,552
2025-06-16 09:44:05.000000,789.65,891361,222016500,2,1806,4171
2025-06-16 09:44:12.000000,789.6,891361,222016500,100,1806,4171
2025-06-16 09:44:13.000000,789.6,892790,222016500,32,2686,3151
2025-06-16 09:44:20.000000,789.4,892790,222016500,38,2686,3151
2025-06-16 09:44:20.000000,789.4,894907,222016500,38,7864,3186
2025-06-16 09:44:26.000000,789.55,894907,222016500,4,7864,3186
2025-06-16 09:44:27.000000,789.5,897495,222016500,19,752,3976
2025-06-16 09:44:32.000000,789.4,897495,222016500,8,752,3976
2025-06-16 09:44:35.000000,789.4,899684,222016500,47,5069,4358
2025-06-16 09:44:38.000000,789.35,899684,222016500,10,5069,4358
2025-06-16 09:44:42.000000,789.0,900528,222016500,5,5351,2709
2025-06-16 09:44:45.000000,789.25,900528,222016500,7,5351,2709
2025-06-16 09:44:50.000000,789.25,901371,222016500,3,7139,3732
2025-06-16 09:44:51.000000,789.0,901371,222016500,5,7139,3732
2025-06-16 09:44:57.000000,789.3,901371,222016500,9,7139,3732
2025-06-16 09:44:57.000000,789.3,902378,222016500,9,6891,1685
2025-06-16 09:45:03.000000,789.0,902378,222016500,3,6891,1685
2025-06-16 09:45:05.000000,789.0,903917,222016500,47,6224,4063
2025-06-16 09:45:10.000000,789.15,903917,222016500,10,6224,4063
2025-06-16 09:45:12.000000,789.15,905200,222016500,1,1617,3677
2025-06-16 09:45:16.000000,789.0,905200,222016500,5,1617,3677
2025-06-16 09:45:20.000000,789.15,905612,222016500,1,3695,3939
2025-06-16 09:45:23.000000,789.05,905612,222016500,63,3695,3939
2025-06-16 09:45:26.000000,789.05,905612,222016500,63,3695,3939
2025-06-16 09:45:27.000000,789.05,905612,222016500,63,3695,3939
2025-06-16 09:45:27.000000,789.25,905785,222016500,2,3130,1319
2025-06-16 09:45:27.000000,789.25,905785,222016500,2,3130,1319
2025-06-16 09:45:28.000000,789.25,905785,222016500,2,3130,1319
2025-06-16 09:45:28.000000,789.25,905785,222016500,1,3130,1319
2025-06-16 09:45:28.000000,789.25,905785,222016500,1,3130,1319
2025-06-16 09:45:29.000000,789.25,905785,222016500,1,3130,1319
2025-06-16 09:45:30.000000,789.25,905785,222016500,1,3130,1319
2025-06-16 09:45:31.000000,789.25,905785,222054000,1,3130,1319
2025-06-16 09:45:32.000000,789.25,905785,222054000,1,3130,1319
2025-06-16 09:45:33.000000,789.25,905785,222054000,1,3130,1319
2025-06-16 09:45:33.000000,789.2,905785,222054000,1,3130,1319
2025-06-16 09:45:34.000000,789.2,905785,222054000,1,3130,1319
2025-06-16 09:45:34.000000,789.0,907120,222054000,5,1879,2218
2025-06-16 09:45:35.000000,789.0,907120,222054000,5,1879,2218
2025-06-16 09:45:36.000000,789.0,907120,222054000,5,1879,2218
2025-06-16 09:45:37.000000,789.0,907120,222054000,5,1879,2218
2025-06-16 09:45:39.000000,789.0,907120,222054000,14,1879,2218
2025-06-16 09:45:41.000000,789.15,907881,222054000,2,2752,4770
2025-06-16 09:45:45.000000,788.85,907881,222054000,10,2752,4770
2025-06-16 09:45:49.000000,789.0,911496,222054000,1,4300,3336
2025-06-16 09:45:52.000000,789.0,911496,222054000,1,4300,3336
2025-06-16 09:45:56.000000,789.0,911846,222054000,13,3485,4150
2025-06-16 09:45:58.000000,788.8,911846,222054000,160,3485,4150
2025-06-16 09:46:03.000000,788.95,912470,222054000,1,1181,5698
2025-06-16 09:46:04.000000,788.5,912470,222054000,45,1181,5698
2025-06-16 09:46:10.000000,788.4,912470,222054000,100,1181,5698
2025-06-16 09:46:10.000000,788.4,926529,222054000,100,771,2251
2025-06-16 09:46:17.000000,788.05,926529,222054000,67,771,2251
2025-06-16 09:46:17.000000,788.3,931935,222054000,1,13119,4113
2025-06-16 09:46:23.000000,788.3,931935,222054000,10,13119,4113
2025-06-16 09:46:24.000000,788.35,933365,222054000,3,13270,3738
2025-06-16 09:46:30.000000,788.05,933365,222054000,100,13270,3738
2025-06-16 09:46:31.000000,788.05,936645,222054000,100,14494,3233
2025-06-16 09:46:35.000000,788.1,936645,222054000,1,14494,3233
2025-06-16 09:46:38.000000,788.25,938570,222054000,2,12409,13394
2025-06-16 09:46:42.000000,788.25,938570,222054000,1,12409,13394
2025-06-16 09:46:46.000000,788.0,940588,222054000,147,15654,13099
2025-06-16 09:46:50.000000,788.25,940588,222054000,50,15654,13099
2025-06-16 09:46:53.000000,788.05,941667,222054000,20,13756,4933
2025-06-16 09:46:56.000000,788.1,941667,222054000,94,13756,4933
2025-06-16 09:47:00.000000,788.05,942405,222054000,4,13397,5048
2025-06-16 09:47:01.000000,788.0,942405,222054000,101,13397,5048
2025-06-16 09:47:01.000000,788.0,942577,222054000,5,15857,5329
2025-06-16 09:47:02.000000,787.95,942577,222054000,7,15857,5329
2025-06-16 09:47:02.000000,787.95,953965,222054000,7,2659,4134
2025-06-16 09:47:03.000000,787.85,953965,222054000,1,2659,4134
2025-06-16 09:47:03.000000,787.85,956124,222054000,1,8525,4652
2025-06-16 09:47:04.000000,787.7,956124,222054000,1,8525,4652
2025-06-16 09:47:04.000000,787.85,956129,222054000,2,9212,1370
2025-06-16 09:47:05.000000,788.0,956129,222054000,799,9212,1370
2025-06-16 09:47:06.000000,788.0,956129,222054000,2,9212,1370
2025-06-16 09:47:07.000000,788.0,956129,222054000,500,9212,1370
2025-06-16 09:47:09.000000,788.0,956129,222054000,35,9212,1370
2025-06-16 09:47:10.000000,787.85,956129,222054000,17,9212,1370
2025-06-16 09:47:11.000000,787.75,956129,222054000,2,9212,1370
2025-06-16 09:47:12.000000,787.95,956129,222054000,10,9212,1370
2025-06-16 09:47:13.000000,787.95,956129,222054000,36,9212,1370
2025-06-16 09:47:13.000000,788.0,961508,222054000,1000,3266,5180
2025-06-16 09:47:14.000000,788.0,961508,222054000,375,3266,5180
2025-06-16 09:47:14.000000,788.0,963008,222054000,375,4670,3157
2025-06-16 09:47:15.000000,788.0,963008,222054000,375,5426,4018
2025-06-16 09:47:16.000000,788.0,963008,222054000,375,2602,3331
2025-06-16 09:47:17.000000,788.0,963008,222054000,8,2602,3331
2025-06-16 09:47:17.000000,788.0,963275,222054000,8,3358,5780
2025-06-16 09:47:18.000000,788.0,963275,222054000,5,3358,5780
2025-06-16 09:47:18.000000,788.0,963300,222054000,5,9326,5925
2025-06-16 09:47:19.000000,788.0,965093,222054000,552,9875,4981
2025-06-16 09:47:19.000000,788.0,965093,222054000,552,9875,4981
2025-06-16 09:47:20.000000,787.95,965156,222054000,4,6135,4875
2025-06-16 09:47:20.000000,787.95,965156,222054000,4,6135,4875
2025-06-16 09:47:21.000000,787.85,965187,222054000,5,6143,2365
2025-06-16 09:47:21.000000,787.85,965187,222054000,3,6143,2365
2025-06-16 09:47:22.000000,787.85,965205,222054000,1,6054,4392
2025-06-16 09:47:22.000000,787.85,965205,222054000,1,6054,4392
2025-06-16 09:47:23.000000,787.85,965265,222054000,10,6496,3100
2025-06-16 09:47:23.000000,787.85,965265,222054000,10,6496,3100
2025-06-16 09:47:24.000000,787.95,966018,222054000,150,6240,7974
2025-06-16 09:47:24.000000,788.0,966018,222054000,267,6240,7974
2025-06-16 09:47:25.000000,787.7,966018,222054000,1,6240,7974
2025-06-16 09:47:26.000000,787.85,967390,222054000,4,6155,6374
2025-06-16 09:47:26.000000,787.85,967390,222054000,4,6155,6374
2025-06-16 09:47:27.000000,787.65,967898,222054000,150,6444,5066
2025-06-16 09:47:27.000000,787.85,967898,222054000,1,6444,5066
2025-06-16 09:47:28.000000,787.6,967914,222054000,4,6452,4833
2025-06-16 09:47:28.000000,787.8,967914,222054000,2,6452,4833
2025-06-16 09:47:29.000000,787.8,968103,222054000,1,6350,4837
2025-06-16 09:47:29.000000,787.6,968103,222054000,10,6350,4837
2025-06-16 09:47:30.000000,787.8,968133,222054000,1,6261,4633
2025-06-16 09:47:30.000000,787.8,968133,222054000,7,6261,4633
2025-06-16 09:47:31.000000,787.65,968133,222054000,10,6261,4633
2025-06-16 09:47:32.000000,787.75,968133,222054000,91,6261,4633
2025-06-16 09:47:33.000000,787.8,968133,222054000,94,6261,4633
2025-06-16 09:47:34.000000,787.8,969364,222054000,13,5817,4482
2025-06-16 09:47:34.000000,787.8,969364,222054000,13,5817,4482
2025-06-16 09:47:35.000000,787.8,969390,222054000,1,5691,4865
2025-06-16 09:47:35.000000,787.8,969390,222054000,1,5691,4865
2025-06-16 09:47:36.000000,787.8,969390,222054000,1,5670,6008
2025-06-16 09:47:37.000000,787.75,969762,222054000,26,5256,3540
2025-06-16 09:47:37.000000,787.75,969762,222054000,26,5256,3540
2025-06-16 09:47:38.000000,787.75,969762,222054000,5,5256,3540
2025-06-16 09:47:39.000000,787.75,969773,222054000,5,5227,5746
2025-06-16 09:47:40.000000,787.75,969773,222054000,1,5227,5746
2025-06-16 09:47:41.000000,787.75,969774,222054000,1,5159,5927
2025-06-16 09:47:41.000000,787.75,969774,222054000,1,5159,5927
2025-06-16 09:47:41.000000,787.75,969777,222054000,1,5056,6049
2025-06-16 09:47:42.000000,787.6,969777,222054000,1,5056,6049
2025-06-16 09:47:43.000000,787.55,969777,222054000,278,5056,6049
2025-06-16 09:47:43.000000,787.55,970347,222054000,278,5055,5708
2025-06-16 09:47:44.000000,787.6,970347,222054000,158,5055,5708
2025-06-16 09:47:44.000000,787.6,970508,222054000,2,4716,6147
2025-06-16 09:47:45.000000,787.55,970508,222054000,54,4716,6147
2025-06-16 09:47:45.000000,787.55,970902,222054000,54,4536,5033
2025-06-16 09:47:46.000000,787.7,970902,222054000,2,4536,5033
2025-06-16 09:47:46.000000,787.7,970909,222054000,2,5171,4410
2025-06-16 09:47:47.000000,787.6,970909,222054000,50,5171,4410
2025-06-16 09:47:47.000000,787.55,971120,222054000,130,5056,4862
2025-06-16 09:47:48.000000,787.55,971120,222054000,130,5056,4862
2025-06-16 09:47:49.000000,787.7,971120,222054000,10,5056,4862
2025-06-16 09:47:49.000000,787.7,971326,222054000,40,4629,4484
2025-06-16 09:47:50.000000,787.7,971326,222054000,40,4629,4484
2025-06-16 09:47:50.000000,787.55,972076,222054000,191,4425,5047
2025-06-16 09:47:51.000000,787.7,972076,222054000,2,4425,5047
2025-06-16 09:47:51.000000,787.7,972322,222054000,2,6638,5160
2025-06-16 09:47:52.000000,787.5,972322,222054000,5,6638,5160
2025-06-16 09:47:52.000000,787.5,972343,222054000,5,6863,4582
2025-06-16 09:47:54.000000,787.65,972343,222054000,1,6863,4582
2025-06-16 09:47:54.000000,787.65,972400,222054000,6,7411,4134
2025-06-16 09:47:55.000000,787.65,972400,222054000,6,7411,4134
2025-06-16 09:47:55.000000,787.55,972480,222054000,80,4578,4592
2025-06-16 09:47:56.000000,787.65,972480,222054000,1,4578,4592
2025-06-16 09:47:56.000000,787.5,974480,222054000,14,4796,2312
2025-06-16 09:47:57.000000,787.5,974480,222054000,158,4796,2312
2025-06-16 09:47:57.000000,787.5,974688,222054000,158,4566,1944
2025-06-16 09:47:58.000000,787.6,975118,222054000,91,4378,4206
2025-06-16 09:47:58.000000,787.6,975118,222054000,91,4378,4206
2025-06-16 09:47:59.000000,787.5,975118,222054000,8,4378,4206
2025-06-16 09:48:00.000000,787.5,975118,222054000,23,4378,4206
2025-06-16 09:48:00.000000,787.5,975233,222054000,23,4008,2514
2025-06-16 09:48:02.000000,787.55,975233,222054000,10,4008,2514
2025-06-16 09:48:03.000000,787.75,1005479,222054000,9,3183,3124
2025-06-16 09:48:09.000000,787.85,1005479,222054000,10,3183,3124
2025-06-16 09:48:10.000000,787.85,1009011,222054000,10,6352,2967
2025-06-16 09:48:15.000000,787.75,1009011,222054000,1,6352,2967
2025-06-16 09:48:18.000000,787.9,1012470,222054000,1,5696,1948
2025-06-16 09:48:23.000000,787.9,1012470,222054000,946,5696,1948
2025-06-16 09:48:25.000000,787.9,1015959,222054000,15,2993,2762
2025-06-16 09:48:26.000000,787.9,1015959,222054000,15,2993,2762
2025-06-16 09:48:27.000000,787.9,1015959,222054000,15,2993,2762
2025-06-16 09:48:28.000000,787.9,1015959,222054000,15,2993,2762
2025-06-16 09:48:29.000000,787.9,1015959,222054000,15,2993,2762
2025-06-16 09:48:30.000000,787.9,1015959,222054000,15,2993,2762
2025-06-16 09:48:31.000000,787.9,1015959,222054000,15,2993,2762
2025-06-16 09:48:31.000000,787.95,1015959,222054000,1,2993,2762
2025-06-16 09:48:32.000000,787.95,1015959,222152250,1,2993,2762
2025-06-16 09:48:32.000000,787.95,1017923,222152250,2,4909,4763
2025-06-16 09:48:33.000000,787.95,1017923,222152250,2,4909,4763
2025-06-16 09:48:35.000000,787.95,1017923,222152250,2,4909,4763
2025-06-16 09:48:36.000000,787.95,1017923,222152250,2,4909,4763
2025-06-16 09:48:37.000000,787.95,1017923,222152250,2,4909,4763
2025-06-16 09:48:37.000000,787.9,1017923,222152250,8,4909,4763
2025-06-16 09:48:38.000000,787.9,1017923,222152250,8,4909,4763
2025-06-16 09:48:39.000000,787.9,1019285,222152250,11,4021,5730
2025-06-16 09:48:43.000000,787.8,1019285,222152250,20,4021,5730
2025-06-16 09:48:46.000000,787.9,1019638,222152250,2,5122,2764
2025-06-16 09:48:50.000000,787.95,1019638,222152250,1,5122,2764
2025-06-16 09:48:53.000000,787.8,1020761,222152250,1,5089,4822
2025-06-16 09:48:56.000000,787.9,1020761,222152250,4,5089,4822
2025-06-16 09:49:00.000000,787.65,1021922,222152250,100,4007,3678
2025-06-16 09:49:04.000000,787.6,1021922,222152250,100,4007,3678
2025-06-16 09:49:07.000000,787.65,1023708,222152250,5,2913,2883
2025-06-16 09:49:11.000000,787.65,1023708,222152250,1,2913,2883
2025-06-16 09:49:14.000000,787.7,1024985,222152250,1,2911,3019
2025-06-16 09:49:18.000000,787.6,1024985,222152250,3,2911,3019
2025-06-16 09:49:21.000000,787.6,1025493,222152250,1,3315,2839
2025-06-16 09:49:24.000000,787.65,1025493,222152250,30,3315,2839
2025-06-16 09:49:28.000000,787.7,1026762,222152250,2,2507,5251
2025-06-16 09:49:30.000000,787.65,1026762,222152250,5,2507,5251
2025-06-16 09:49:35.000000,787.45,1030105,222152250,1,4067,3641
2025-06-16 09:49:36.000000,787.45,1030105,222152250,60,4067,3641
2025-06-16 09:49:42.000000,787.15,1033553,222152250,2,21495,5129
2025-06-16 09:49:42.000000,787.15,1033553,222152250,2,21495,5129
2025-06-16 09:49:49.000000,787.1,1033553,222152250,462,21495,5129
2025-06-16 09:49:49.000000,787.35,1035766,222152250,20,19279,6546
2025-06-16 09:49:56.000000,787.65,1040171,222152250,40,898,4115
2025-06-16 09:49:56.000000,787.65,1040171,222152250,40,898,4115
2025-06-16 09:50:01.000000,787.2,1040171,222152250,28,898,4115
2025-06-16 09:50:01.000000,787.2,1042455,222152250,28,2434,7677
2025-06-16 09:50:02.000000,787.45,1042455,222152250,4,2434,7677
2025-06-16 09:50:02.000000,787.45,1042773,222152250,4,19555,7179
2025-06-16 09:50:03.000000,787.45,1042773,222152250,4,19555,7179
2025-06-16 09:50:03.000000,787.45,1043767,222152250,4,20937,4596
2025-06-16 09:50:04.000000,787.15,1043767,222152250,19,20937,4596
2025-06-16 09:50:04.000000,787.15,1044476,222152250,19,20725,3190
2025-06-16 09:50:05.000000,787.15,1044669,222152250,7,20376,4648
2025-06-16 09:50:05.000000,787.15,1044669,222152250,7,20376,4648
2025-06-16 09:50:06.000000,787.3,1044813,222152250,1,19577,3940
2025-06-16 09:50:06.000000,787.3,1044813,222152250,1,19577,3940
2025-06-16 09:50:07.000000,787.15,1045086,222152250,1,18570,2022
2025-06-16 09:50:07.000000,787.15,1045086,222152250,1,18570,2022
2025-06-16 09:50:08.000000,787.2,1045095,222152250,1,18619,3040
2025-06-16 09:50:08.000000,787.2,1045095,222152250,1,18619,3040
2025-06-16 09:50:09.000000,787.2,1048884,222152250,10,17525,6300
2025-06-16 09:50:09.000000,787.0,1048884,222152250,52,17525,6300
2025-06-16 09:50:09.882000,787.0,1048884,222152250,52,17525,6300
2025-06-16 09:50:10.000000,787.0,1050193,222152250,192,11533,5718
2025-06-16 09:50:10.000000,787.0,1050193,222152250,192,11533,5718
2025-06-16 09:50:11.000000,787.0,1050662,222152250,1,11319,5502
2025-06-16 09:50:11.000000,787.0,1050662,222152250,1,11319,5502
2025-06-16 09:50:12.000000,787.1,1050872,222152250,15,11028,4629
2025-06-16 09:50:12.000000,787.1,1050872,222152250,15,11028,4629
2025-06-16 09:50:13.000000,786.8,1060001,222152250,1,3466,2683
2025-06-16 09:50:13.000000,786.8,1060001,222152250,1,3466,2683
2025-06-16 09:50:14.000000,786.95,1061939,222152250,1,2643,5219
2025-06-16 09:50:14.000000,787.0,1061939,222152250,1,2643,5219
2025-06-16 09:50:15.000000,786.8,1062029,222152250,1,1368,4220
2025-06-16 09:50:15.000000,786.8,1062029,222152250,1,1368,4220
2025-06-16 09:50:16.000000,787.05,1062602,222152250,37,1555,6358
2025-06-16 09:50:16.000000,787.05,1062602,222152250,37,1555,6358
2025-06-16 09:50:17.000000,787.15,1062602,222152250,157,1555,6358
2025-06-16 09:50:18.000000,787.15,1063100,222152250,19,896,3800
2025-06-16 09:50:18.000000,787.05,1063100,222152250,1,896,3800
2025-06-16 09:50:19.000000,787.05,1063542,222152250,1,1907,4227
2025-06-16 09:50:19.000000,787.0,1063542,222152250,1,1907,4227
2025-06-16 09:50:20.000000,787.05,1063542,222152250,225,1907,4227
2025-06-16 09:50:21.000000,787.2,1063542,222152250,802,1907,4227
2025-06-16 09:50:22.000000,787.15,1065678,222152250,75,1198,9248
2025-06-16 09:50:22.000000,787.3,1065678,222152250,1,1198,9248
2025-06-16 09:50:23.000000,787.15,1065682,222152250,3,2451,2106
2025-06-16 09:50:23.000000,787.15,1065682,222152250,10,2451,2106
2025-06-16 09:50:24.000000,787.15,1065693,222152250,10,1978,2039
2025-06-16 09:50:24.000000,787.3,1065693,222152250,1,1978,2039
2025-06-16 09:50:25.000000,787.3,1065794,222152250,1,1482,2818
2025-06-16 09:50:26.000000,787.05,1066628,222152250,50,1962,3721
2025-06-16 09:50:26.000000,787.05,1066628,222152250,50,1962,3721
2025-06-16 09:50:27.000000,787.15,1066648,222152250,10,887,2959
2025-06-16 09:50:27.000000,787.05,1066648,222152250,9,887,2959
2025-06-16 09:50:28.000000,787.15,1066677,222152250,1,2093,1837
2025-06-16 09:50:28.000000,787.1,1066677,222152250,1,2093,1837
2025-06-16 09:50:29.000000,787.05,1066821,222152250,2,1636,3924
2025-06-16 09:50:29.000000,787.15,1066821,222152250,161,1636,3924
2025-06-16 09:50:30.000000,787.45,1068359,222152250,134,3585,7281
2025-06-16 09:50:30.000000,787.45,1068359,222152250,134,3585,7281
2025-06-16 09:50:31.000000,787.35,1068374,222152250,1,3431,3763
2025-06-16 09:50:31.000000,787.15,1068374,222152250,5,3431,3763
2025-06-16 09:50:32.000000,787.35,1068735,222152250,45,2991,3564
2025-06-16 09:50:32.000000,787.35,1068735,222152250,45,2991,3564
2025-06-16 09:50:33.000000,787.35,1068735,222152250,45,2237,3164
2025-06-16 09:50:34.000000,787.35,1069051,222152250,66,1579,4687
2025-06-16 09:50:34.000000,787.35,1069051,222152250,2,1579,4687
2025-06-16 09:50:35.000000,787.3,1069174,222152250,65,2584,3804
2025-06-16 09:50:35.000000,787.35,1069174,222152250,5,2584,3804
2025-06-16 09:50:36.000000,787.3,1069312,222152250,100,2059,4888
2025-06-16 09:50:36.000000,787.35,1069312,222152250,100,2059,4888
2025-06-16 09:50:37.000000,787.35,1069624,222152250,10,2521,5586
2025-06-16 09:50:37.000000,787.15,1069624,222152250,12,2521,5586
2025-06-16 09:50:38.000000,787.15,1069736,222152250,12,2942,3259
2025-06-16 09:50:38.000000,787.35,1069736,222152250,208,2942,3259
2025-06-16 09:50:39.000000,787.2,1069966,222152250,1,2873,1636
2025-06-16 09:50:39.000000,787.2,1069966,222152250,1,2873,1636
2025-06-16 09:50:40.000000,787.2,1069966,222152250,1,2854,1328
2025-06-16 09:50:40.000000,787.2,1069966,222152250,15,2854,1328
2025-06-16 09:50:40.000000,787.2,1070081,222152250,100,3024,1370
2025-06-16 09:50:41.000000,787.2,1070081,222152250,1,3024,1370
2025-06-16 09:50:42.000000,787.35,1070081,222152250,601,3024,1370
2025-06-16 09:50:42.000000,787.35,1071315,222152250,1,2302,3045
2025-06-16 09:50:43.000000,787.35,1071315,222152250,49,2302,3045
2025-06-16 09:50:43.000000,787.2,1071621,222152250,59,3371,3369
2025-06-16 09:50:44.000000,787.35,1071621,222152250,15,3371,3369
2025-06-16 09:50:44.000000,787.35,1071636,222152250,15,1354,3259
2025-06-16 09:50:45.000000,787.35,1071636,222152250,10,1354,3259
2025-06-16 09:50:45.000000,787.35,1071747,222152250,10,1730,5628
2025-06-16 09:50:46.000000,787.35,1071747,222152250,36,1730,5628
2025-06-16 09:50:46.000000,787.35,1072038,222152250,2,1537,4421
2025-06-16 09:50:47.000000,787.35,1072038,222152250,100,1537,4421
2025-06-16 09:50:47.000000,787.35,1072165,222152250,100,2865,4559
2025-06-16 09:50:48.000000,787.35,1072165,222152250,10,2865,4559
2025-06-16 09:50:48.000000,787.35,1072195,222152250,10,2702,5288
2025-06-16 09:50:49.000000,787.45,1072195,222152250,146,2702,5288
2025-06-16 09:50:49.000000,787.45,1073224,222152250,146,2438,5201
2025-06-16 09:50:50.000000,787.2,1073224,222152250,9,2438,5201
2025-06-16 09:50:50.000000,787.4,1073479,222152250,20,4353,4663
2025-06-16 09:50:51.000000,787.3,1073479,222152250,1,4353,4663
2025-06-16 09:50:52.000000,787.4,1073479,222152250,19,4353,4663
2025-06-16 09:50:52.000000,787.3,1073848,222152250,2,5078,2872
2025-06-16 09:50:53.000000,787.15,1073848,222152250,84,5078,2872
2025-06-16 09:50:53.000000,787.15,1074108,222152250,84,5147,2395
2025-06-16 09:50:54.000000,787.35,1074108,222152250,1,5147,2395
2025-06-16 09:50:54.000000,787.35,1074244,222152250,45,4705,2658
2025-06-16 09:50:55.000000,787.2,1074244,222152250,12,4705,2658
2025-06-16 09:50:55.000000,787.2,1074256,222152250,12,5038,1730
2025-06-16 09:50:56.000000,787.2,1074256,222152250,12,5507,1891
2025-06-16 09:50:57.000000,787.35,1074256,222152250,3,5507,1891
2025-06-16 09:50:57.000000,787.2,1074359,222152250,2,3884,2792
2025-06-16 09:50:58.000000,787.2,1074359,222152250,28,3884,2792
2025-06-16 09:50:58.000000,787.2,1074558,222152250,28,3908,5293
2025-06-16 09:50:59.000000,787.35,1074558,222152250,20,3908,5293
2025-06-16 09:50:59.000000,787.35,1074610,222152250,20,3356,4962
2025-06-16 09:51:00.000000,787.4,1074610,222152250,12,3356,4962
2025-06-16 09:51:00.000000,787.4,1074630,222152250,12,2150,5407
2025-06-16 09:51:01.000000,787.35,1074630,222152250,14,2150,5407
2025-06-16 09:51:02.000000,787.3,1074900,222152250,14,5900,4664
2025-06-16 09:51:02.000000,787.3,1074900,222152250,14,5900,4664
2025-06-16 09:51:03.000000,787.3,1075390,222152250,10,4239,3257
2025-06-16 09:51:03.000000,787.3,1075390,222152250,10,4239,3257
2025-06-16 09:51:04.000000,787.4,1075922,222152250,231,4667,4906
2025-06-16 09:51:04.000000,787.4,1075922,222152250,231,4667,4906
2025-06-16 09:51:05.000000,787.4,1076263,222152250,168,6630,4591
2025-06-16 09:51:05.000000,787.4,1076263,222152250,168,6630,4591
2025-06-16 09:51:06.000000,787.2,1076343,222152250,80,4184,1185
2025-06-16 09:51:06.000000,787.35,1076343,222152250,1,4184,1185
2025-06-16 09:51:07.000000,787.15,1077817,222152250,1,3597,3897
2025-06-16 09:51:07.000000,787.15,1077817,222152250,1,3597,3897
2025-06-16 09:51:08.000000,787.1,1078537,222152250,60,4078,3532
2025-06-16 09:51:08.000000,787.35,1078537,222152250,13,4078,3532
2025-06-16 09:51:09.000000,787.1,1078959,222152250,1,4350,3111
2025-06-16 09:51:09.000000,787.1,1078959,222152250,1,4350,3111
2025-06-16 09:51:10.000000,787.1,1078960,222152250,1,3982,5281
2025-06-16 09:51:10.000000,787.3,1078960,222152250,2,3982,5281
2025-06-16 09:51:11.000000,787.2,1078964,222152250,1,4408,2609
2025-06-16 09:51:11.000000,787.2,1078964,222152250,1,4408,2609
2025-06-16 09:51:12.000000,787.2,1078964,222152250,1,3814,2288
2025-06-16 09:51:12.000000,787.2,1078964,222152250,4,3814,2288
2025-06-16 09:51:13.000000,787.2,1079159,222152250,153,5006,2023
2025-06-16 09:51:13.000000,787.2,1079159,222152250,153,5006,2023
2025-06-16 09:51:14.000000,787.25,1079501,222152250,104,4748,903
2025-06-16 09:51:14.000000,787.25,1079501,222152250,104,4748,903
2025-06-16 09:51:15.000000,787.35,1079767,222152250,260,4053,4240
2025-06-16 09:51:15.000000,787.35,1079767,222152250,260,4053,4240
2025-06-16 09:51:16.000000,787.4,1080067,222152250,168,2450,2098
2025-06-16 09:51:16.000000,787.4,1080067,222152250,168,2450,2098
2025-06-16 09:51:17.000000,787.35,1080183,222152250,1,2766,1610
2025-06-16 09:51:17.000000,787.35,1080183,222152250,1,2766,1610
2025-06-16 09:51:18.000000,787.35,1080183,222152250,1,4893,2494
2025-06-16 09:51:19.000000,787.35,1080192,222152250,2,1755,2527
2025-06-16 09:51:19.000000,787.35,1080192,222152250,2,1755,2527
2025-06-16 09:51:20.000000,787.35,1080434,222152250,1,5456,2170
2025-06-16 09:51:20.000000,787.15,1080434,222152250,11,5456,2170
2025-06-16 09:51:21.000000,787.15,1080445,222152250,11,5131,3332
2025-06-16 09:51:21.000000,787.5,1080445,222152250,72,5131,3332
2025-06-16 09:51:22.000000,787.5,1085170,222152250,209,2583,11000
2025-06-16 09:51:22.000000,787.5,1085170,222152250,209,2583,11000
2025-06-16 09:51:23.000000,787.55,1085170,222152250,1,2583,11000
2025-06-16 09:51:24.000000,787.8,1086658,222152250,1,3950,12260
2025-06-16 09:51:24.000000,787.55,1086658,222152250,1,3950,12260
2025-06-16 09:51:25.000000,787.8,1086969,222152250,1,2239,11518
2025-06-16 09:51:25.000000,787.8,1086969,222152250,234,2239,11518
2025-06-16 09:51:26.000000,788.0,1090453,222152250,9,3261,5533
2025-06-16 09:51:26.000000,788.0,1090453,222152250,9,3261,5533
2025-06-16 09:51:27.000000,787.85,1090480,222152250,1,3292,4984
2025-06-16 09:51:27.000000,787.85,1090480,222152250,1,3292,4984
2025-06-16 09:51:27.000000,787.85,1090480,222152250,1,3292,4984
2025-06-16 09:51:28.000000,788.0,1090516,222152250,4,3253,5616
2025-06-16 09:51:28.000000,788.0,1090516,222152250,4,3253,5616
2025-06-16 09:51:28.000000,788.0,1090516,222152250,15,3253,5616
2025-06-16 09:51:28.000000,788.0,1090516,222152250,15,3253,5616
2025-06-16 09:51:29.000000,788.0,1090620,222152250,1,3253,5736
2025-06-16 09:51:29.000000,788.0,1090620,222152250,1,3253,5736
2025-06-16 09:51:29.000000,788.0,1090620,222152250,2,3253,5736
2025-06-16 09:51:29.000000,788.0,1090620,222152250,2,3253,5736
2025-06-16 09:51:30.000000,787.9,1091528,222152250,1,2417,14599
2025-06-16 09:51:30.000000,787.9,1091528,222152250,1,2417,14599
2025-06-16 09:51:30.000000,787.9,1091528,222152250,1,2417,14599
2025-06-16 09:51:30.000000,787.9,1091528,222152250,1,2417,14599
2025-06-16 09:51:31.000000,787.85,1091728,222152250,9,2412,15455
2025-06-16 09:51:31.000000,787.85,1091728,222152250,9,2412,15455
2025-06-16 09:51:31.000000,788.0,1091728,222152250,5,2412,15455
2025-06-16 09:51:31.000000,788.0,1091728,222152250,5,2412,15455
2025-06-16 09:51:32.000000,788.0,1091728,222152250,5,2412,15455
2025-06-16 09:51:32.000000,787.85,1091887,222152250,40,3148,16717
2025-06-16 09:51:32.000000,787.8,1091887,222152250,1,3148,16717
2025-06-16 09:51:32.000000,787.8,1091887,222394500,1,3148,16717
2025-06-16 09:51:33.000000,787.8,1091888,222394500,1,1757,5014
2025-06-16 09:51:33.000000,787.8,1091888,222394500,1,1757,5014
2025-06-16 09:51:34.000000,787.8,1091889,222394500,1,1692,4345
2025-06-16 09:51:34.000000,787.95,1091889,222394500,5,1692,4345
2025-06-16 09:51:34.000000,787.95,1091889,222394500,5,1692,4345
2025-06-16 09:51:35.000000,787.85,1091935,222394500,6,1252,2873
2025-06-16 09:51:35.000000,787.8,1091935,222394500,24,1252,2873
2025-06-16 09:51:36.000000,787.8,1091935,222394500,24,1252,2873
2025-06-16 09:51:36.000000,787.8,1091985,222394500,24,1202,4032
2025-06-16 09:51:36.000000,787.7,1091985,222394500,33,1202,4032
2025-06-16 09:51:37.000000,787.7,1092096,222394500,1,2172,10682
2025-06-16 09:51:37.000000,787.7,1092096,222394500,1,2172,10682
2025-06-16 09:51:37.000000,787.7,1092096,222394500,1,2172,10682
2025-06-16 09:51:38.000000,787.7,1092096,222394500,1,2172,10682
2025-06-16 09:51:38.000000,787.7,1092096,222394500,1,2516,11512
2025-06-16 09:51:39.000000,787.7,1092096,222394500,1,2457,8781
2025-06-16 09:51:39.000000,787.7,1092096,222394500,1,2457,8781
2025-06-16 09:51:39.000000,787.8,1092096,222394500,9,2457,8781
2025-06-16 09:51:40.000000,787.85,1092207,222394500,1,2786,10445
2025-06-16 09:51:40.000000,787.85,1092207,222394500,1,2786,10445
2025-06-16 09:51:41.000000,787.85,1092208,222394500,1,2735,5651
2025-06-16 09:51:41.000000,787.95,1092208,222394500,10,2735,5651
2025-06-16 09:51:42.000000,787.95,1092219,222394500,10,1749,6918
2025-06-16 09:51:42.000000,787.95,1092219,222394500,3,1749,6918
2025-06-16 09:51:43.000000,787.95,1092285,222394500,1,1363,6593
2025-06-16 09:51:43.000000,787.85,1092285,222394500,1,1363,6593
2025-06-16 09:51:44.000000,787.95,1092306,222394500,10,1272,5609
2025-06-16 09:51:44.000000,788.0,1092306,222394500,200,1272,5609
2025-06-16 09:51:45.000000,788.0,1094283,222394500,100,1566,14183
2025-06-16 09:51:45.000000,788.0,1094283,222394500,3,1566,14183
2025-06-16 09:51:46.000000,788.15,1094310,222394500,2,1280,14760
2025-06-16 09:51:46.000000,788.1,1094310,222394500,1,1280,14760
2025-06-16 09:51:47.000000,788.0,1094504,222394500,75,1299,15212
2025-06-16 09:51:47.000000,788.0,1094504,222394500,1,1299,15212
2025-06-16 09:51:48.000000,787.65,1095651,222394500,115,4417,16270
2025-06-16 09:51:48.000000,788.1,1095651,222394500,1,4417,16270
2025-06-16 09:51:49.000000,788.1,1095658,222394500,4,3790,13863
2025-06-16 09:51:49.000000,788.1,1095658,222394500,2,3790,13863
2025-06-16 09:51:50.000000,788.1,1096418,222394500,195,1906,12517
2025-06-16 09:51:50.000000,787.85,1096418,222394500,3,1906,12517
2025-06-16 09:51:51.000000,787.85,1096569,222394500,3,1553,4767
2025-06-16 09:51:51.000000,788.0,1096569,222394500,1,1553,4767
2025-06-16 09:51:51.000000,787.95,1096572,222394500,2,1439,4906
2025-06-16 09:51:52.000000,787.95,1096572,222394500,2,1439,4906
2025-06-16 09:51:52.000000,788.0,1096624,222394500,50,1544,3187
2025-06-16 09:51:53.000000,788.0,1096624,222394500,50,1544,3187
2025-06-16 09:51:53.000000,788.0,1096624,222394500,50,1524,14579
2025-06-16 09:51:54.000000,787.8,1096624,222394500,2,1524,14579
2025-06-16 09:51:54.000000,787.8,1097195,222394500,110,2273,961
2025-06-16 09:51:55.000000,787.8,1097195,222394500,110,2273,961
2025-06-16 09:51:55.000000,787.8,1097245,222394500,8,2428,941
2025-06-16 09:51:56.000000,787.95,1097245,222394500,1,2428,941
2025-06-16 09:51:56.000000,787.95,1097248,222394500,2,5164,891
2025-06-16 09:51:57.000000,787.95,1097248,222394500,1,5164,891
2025-06-16 09:51:57.000000,787.95,1097361,222394500,6,3631,924
2025-06-16 09:51:58.000000,787.95,1097361,222394500,10,3631,924
2025-06-16 09:51:58.000000,787.95,1097473,222394500,1,3497,2674
2025-06-16 09:51:59.000000,787.95,1097473,222394500,1,3497,2674
2025-06-16 09:51:59.000000,787.95,1097544,222394500,1,4544,993
2025-06-16 09:52:00.000000,787.95,1097544,222394500,4,4544,993
2025-06-16 09:52:01.000000,787.8,1098246,222394500,41,3293,964
2025-06-16 09:52:01.000000,787.8,1098246,222394500,41,3293,964
2025-06-16 09:52:02.000000,787.8,1098363,222394500,1,2938,1533
2025-06-16 09:52:02.000000,787.95,1098363,222394500,1,2938,1533
2025-06-16 09:52:03.000000,787.85,1098376,222394500,1,2156,1258
2025-06-16 09:52:03.000000,787.85,1098376,222394500,1,2156,1258
2025-06-16 09:52:04.000000,788.15,1098376,222394500,1,2156,1258
2025-06-16 09:52:04.000000,788.15,1099009,222394500,1,2322,12317
2025-06-16 09:52:05.000000,788.15,1099009,222394500,69,2322,12317
2025-06-16 09:52:05.000000,788.15,1099192,222394500,69,775,10593
2025-06-16 09:52:06.000000,787.95,1099192,222394500,1,775,10593
2025-06-16 09:52:06.000000,787.95,1099249,222394500,1,450,16019
2025-06-16 09:52:07.000000,788.15,1099249,222394500,50,450,16019
2025-06-16 09:52:07.000000,788.0,1099309,222394500,5,2462,12529
2025-06-16 09:52:08.000000,788.15,1099309,222394500,29,2462,12529
2025-06-16 09:52:08.000000,788.15,1099369,222394500,29,2311,14303
2025-06-16 09:52:09.000000,788.1,1099369,222394500,1,2311,14303
2025-06-16 09:52:10.000000,788.1,1099376,222394500,1,2766,13337
2025-06-16 09:52:10.000000,787.85,1099376,222394500,23,2766,13337
2025-06-16 09:52:11.000000,787.85,1100621,222394500,23,3137,14246
2025-06-16 09:52:11.000000,788.1,1100621,222394500,9,3137,14246
2025-06-16 09:52:12.000000,788.1,1100670,222394500,9,2180,13751
2025-06-16 09:52:12.000000,788.2,1100670,222394500,1,2180,13751
2025-06-16 09:52:13.000000,787.95,1100897,222394500,1,2405,14288
2025-06-16 09:52:13.000000,787.95,1100897,222394500,1,2405,14288
2025-06-16 09:52:14.000000,788.1,1101723,222394500,12,1620,14284
2025-06-16 09:52:14.000000,788.1,1101723,222394500,1,1620,14284
2025-06-16 09:52:15.000000,788.25,1102072,222394500,20,495,13293
2025-06-16 09:52:15.000000,788.25,1102072,222394500,20,495,13293
2025-06-16 09:52:16.000000,788.25,1102072,222394500,247,495,13293
2025-06-16 09:52:16.000000,788.25,1102320,222394500,247,1250,14659
2025-06-16 09:52:17.000000,788.3,1102320,222394500,10,1250,14659
2025-06-16 09:52:17.000000,788.25,1102497,222394500,4,1188,14923
2025-06-16 09:52:18.000000,788.05,1102497,222394500,1,1188,14923
2025-06-16 09:52:18.000000,788.3,1103303,222394500,5,2427,15104
2025-06-16 09:52:19.000000,788.05,1103303,222394500,2,2427,15104
2025-06-16 09:52:19.000000,788.05,1103316,222394500,10,1754,14742
2025-06-16 09:52:20.000000,788.05,1103316,222394500,6,1754,14742
2025-06-16 09:52:20.000000,788.05,1103490,222394500,6,2601,5906
2025-06-16 09:52:22.000000,788.3,1103738,222394500,50,3266,4181
2025-06-16 09:52:22.000000,788.35,1103738,222394500,174,3266,4181
2025-06-16 09:52:23.000000,788.4,1105647,222394500,1,1850,10700
2025-06-16 09:52:23.000000,788.4,1105647,222394500,1,1850,10700
2025-06-16 09:52:24.000000,788.45,1105886,222394500,1,2978,11520
2025-06-16 09:52:24.000000,788.4,1105886,222394500,1,2978,11520
2025-06-16 09:52:25.000000,788.45,1106105,222394500,1,2804,11347
2025-06-16 09:52:25.000000,788.45,1106105,222394500,6,2804,11347
2025-06-16 09:52:26.000000,788.45,1106585,222394500,1,1631,10680
2025-06-16 09:52:26.000000,788.45,1106585,222394500,1,1631,10680
2025-06-16 09:52:27.000000,788.3,1106610,222394500,9,2919,10892
2025-06-16 09:52:27.000000,788.4,1106610,222394500,10,2919,10892
2025-06-16 09:52:28.000000,788.3,1106633,222394500,1,1923,13256
2025-06-16 09:52:28.000000,788.45,1106633,222394500,2,1923,13256
2025-06-16 09:52:29.000000,788.15,1106785,222394500,6,3019,10904
2025-06-16 09:52:29.000000,788.4,1106785,222394500,10,3019,10904
2025-06-16 09:52:30.000000,788.45,1106840,222394500,10,1985,10743
2025-06-16 09:52:30.000000,788.45,1106840,222394500,10,1985,10743
2025-06-16 09:52:31.000000,788.45,1106843,222394500,1,3039,9499
2025-06-16 09:52:31.000000,788.45,1106843,222394500,1,3039,9499
2025-06-16 09:52:32.000000,788.45,1107021,222394500,2,2740,10221
2025-06-16 09:52:32.000000,788.3,1107021,222394500,20,2740,10221
2025-06-16 09:52:33.000000,788.45,1107021,222394500,1,2740,10221
2025-06-16 09:52:33.000000,788.45,1107047,222394500,1,2900,5988
2025-06-16 09:52:34.000000,788.45,1107047,222394500,1,2131,6226
2025-06-16 09:52:35.000000,788.0,1107047,222394500,49,2131,6226
2025-06-16 09:52:35.000000,788.0,1107457,222394500,49,1319,4257
2025-06-16 09:52:36.000000,788.2,1107457,222394500,3,1319,4257
2025-06-16 09:52:36.000000,788.2,1107641,222394500,90,2163,4747
2025-06-16 09:52:37.000000,788.25,1107641,222394500,200,2163,4747
2025-06-16 09:52:37.000000,788.05,1108247,222394500,1,2621,4323
2025-06-16 09:52:38.000000,788.25,1108247,222394500,1,2621,4323
2025-06-16 09:52:39.000000,788.25,1108293,222394500,20,2557,4148
2025-06-16 09:52:39.000000,788.05,1108293,222394500,2,2557,4148
2025-06-16 09:52:39.000000,788.05,1108295,222394500,2,2002,3391
2025-06-16 09:52:40.000000,788.25,1108295,222394500,126,2002,3391
2025-06-16 09:52:41.000000,788.0,1109355,222394500,64,1931,4348
2025-06-16 09:52:41.000000,788.0,1109355,222394500,64,1931,4348
2025-06-16 09:52:42.000000,788.0,1109355,222394500,64,2104,4651
2025-06-16 09:52:42.000000,788.15,1109355,222394500,5,2104,4651
2025-06-16 09:52:43.000000,788.2,1109585,222394500,25,1453,7614
2025-06-16 09:52:43.000000,788.2,1109585,222394500,1,1453,7614
2025-06-16 09:52:44.000000,788.2,1109588,222394500,1,1346,7839
2025-06-16 09:52:44.000000,788.2,1109588,222394500,1,1346,7839
2025-06-16 09:52:45.000000,788.3,1109893,222394500,268,2331,1983
2025-06-16 09:52:45.000000,788.4,1109893,222394500,24,2331,1983
2025-06-16 09:52:46.000000,788.1,1109893,222394500,2,2331,1983
2025-06-16 09:52:46.000000,788.1,1110124,222394500,2,2821,1963
2025-06-16 09:52:47.000000,788.05,1110431,222394500,75,3056,3558
2025-06-16 09:52:47.000000,788.05,1110431,222394500,75,3056,3558
2025-06-16 09:52:48.000000,788.35,1110431,222394500,40,3056,3558
2025-06-16 09:52:48.000000,788.35,1110982,222394500,40,1765,8026
2025-06-16 09:52:49.000000,788.2,1110982,222394500,3,1765,8026
2025-06-16 09:52:49.000000,788.2,1111087,222394500,3,2734,3046
2025-06-16 09:52:50.000000,788.0,1111087,222394500,24,2734,3046
2025-06-16 09:52:50.000000,788.0,1111852,222394500,24,2435,1325
2025-06-16 09:52:51.000000,788.0,1111852,222394500,1,2435,1325
2025-06-16 09:52:51.000000,788.2,1111878,222394500,2,2340,4498
2025-06-16 09:52:52.000000,788.35,1111878,222394500,50,2340,4498
2025-06-16 09:52:52.000000,788.35,1111931,222394500,50,2193,7911
2025-06-16 09:52:53.000000,788.0,1111931,222394500,51,2193,7911
2025-06-16 09:52:53.000000,788.0,1112331,222394500,51,1810,8765
2025-06-16 09:52:54.000000,788.35,1112331,222394500,10,1810,8765
2025-06-16 09:52:54.000000,788.35,1112394,222394500,3,2563,9366
2025-06-16 09:52:55.000000,788.25,1112394,222394500,15,2563,9366
2025-06-16 09:52:55.000000,788.25,1112409,222394500,15,2812,6754
2025-06-16 09:52:56.000000,788.3,1112409,222394500,25,2812,6754
2025-06-16 09:52:57.000000,788.3,1113125,222394500,25,1303,7680
2025-06-16 09:52:57.000000,788.15,1113125,222394500,1,1303,7680
2025-06-16 09:52:58.000000,788.3,1113131,222394500,5,2274,8131
2025-06-16 09:52:58.000000,788.35,1113131,222394500,1,2274,8131
2025-06-16 09:52:59.000000,788.35,1113204,222394500,1,1197,7842
2025-06-16 09:52:59.000000,787.9,1113204,222394500,117,1197,7842
2025-06-16 09:53:00.000000,788.25,1116315,222394500,10,1860,5002
2025-06-16 09:53:00.000000,788.1,1116315,222394500,2,1860,5002
2025-06-16 09:53:01.000000,788.1,1116352,222394500,13,1285,11186
2025-06-16 09:53:01.000000,788.1,1116352,222394500,13,1285,11186
2025-06-16 09:53:02.000000,788.1,1116465,222394500,30,1419,5767
2025-06-16 09:53:02.000000,788.1,1116465,222394500,30,1419,5767
2025-06-16 09:53:03.000000,788.1,1116515,222394500,50,1801,6056
2025-06-16 09:53:03.000000,788.1,1116515,222394500,121,1801,6056
2025-06-16 09:53:04.000000,788.2,1116837,222394500,6,2591,5737
2025-06-16 09:53:04.000000,788.2,1116837,222394500,6,2591,5737
2025-06-16 09:53:05.000000,788.25,1116857,222394500,14,2728,7003
2025-06-16 09:53:05.000000,788.25,1116857,222394500,14,2728,7003
2025-06-16 09:53:06.000000,787.95,1121754,222394500,15,1886,4347
2025-06-16 09:53:06.000000,787.95,1121754,222394500,25,1886,4347
2025-06-16 09:53:07.000000,787.95,1122702,222394500,3,2090,3417
2025-06-16 09:53:07.000000,787.95,1122702,222394500,7,2090,3417
2025-06-16 09:53:08.000000,787.95,1122834,222394500,14,2577,1362
2025-06-16 09:53:08.000000,787.95,1122834,222394500,3,2577,1362
2025-06-16 09:53:09.000000,787.95,1122840,222394500,3,2502,2978
2025-06-16 09:53:09.000000,787.95,1122840,222394500,4,2502,2978
2025-06-16 09:53:10.000000,787.7,1122849,222394500,5,2599,3707
2025-06-16 09:53:10.000000,787.7,1122849,222394500,5,2599,3707
2025-06-16 09:53:11.000000,787.7,1122867,222394500,1,2598,3693
2025-06-16 09:53:11.000000,787.95,1122867,222394500,1,2598,3693
2025-06-16 09:53:12.000000,787.7,1122869,222394500,1,1983,4663
2025-06-16 09:53:12.000000,787.7,1122869,222394500,1,1983,4663
2025-06-16 09:53:13.000000,787.95,1122920,222394500,50,2025,4225
2025-06-16 09:53:13.000000,787.55,1122920,222394500,32,2025,4225
2025-06-16 09:53:14.000000,787.95,1124126,222394500,2,1788,4702
2025-06-16 09:53:14.000000,787.95,1124126,222394500,1,1788,4702
2025-06-16 09:53:15.000000,787.7,1124150,222394500,10,2112,4823
2025-06-16 09:53:15.000000,787.7,1124150,222394500,10,2112,4823
2025-06-16 09:53:16.000000,787.7,1124150,222394500,10,1348,5178
2025-06-16 09:53:17.000000,787.9,1124264,222394500,89,1074,4555
2025-06-16 09:53:17.000000,787.9,1124264,222394500,3,1074,4555
2025-06-16 09:53:18.000000,787.9,1125286,222394500,5,1328,4114
2025-06-16 09:53:18.000000,787.9,1125286,222394500,5,1328,4114
2025-06-16 09:53:19.000000,787.75,1125302,222394500,16,1149,4875
2025-06-16 09:53:19.000000,787.95,1125302,222394500,1,1149,4875
2025-06-16 09:53:20.000000,787.95,1125304,222394500,1,1396,3292
2025-06-16 09:53:20.000000,787.95,1125304,222394500,1,1396,3292
2025-06-16 09:53:21.000000,787.95,1125304,222394500,1,1501,4360
2025-06-16 09:53:21.000000,787.75,1125304,222394500,1,1501,4360
2025-06-16 09:53:22.000000,787.75,1125305,222394500,1,1697,5407
2025-06-16 09:53:22.000000,787.75,1125305,222394500,1,1697,5407
2025-06-16 09:53:23.000000,787.75,1125334,222394500,1,1757,4169
2025-06-16 09:53:23.000000,787.75,1125334,222394500,1,1757,4169
2025-06-16 09:53:24.000000,787.75,1125401,222394500,1,1750,3895
2025-06-16 09:53:24.000000,787.75,1125401,222394500,1,1750,3895
2025-06-16 09:53:25.000000,787.95,1125480,222394500,50,1764,3936
2025-06-16 09:53:25.000000,787.55,1125480,222394500,75,1764,3936
2025-06-16 09:53:26.000000,787.55,1129881,222394500,670,3755,4177
2025-06-16 09:53:26.000000,787.75,1129881,222394500,99,3755,4177
2025-06-16 09:53:27.000000,787.75,1130006,222394500,25,4156,3701
2025-06-16 09:53:27.000000,787.55,1130006,222394500,1,4156,3701
2025-06-16 09:53:28.000000,787.55,1130019,222394500,1,3544,4954
2025-06-16 09:53:29.000000,787.75,1130145,222394500,1,3180,4403
2025-06-16 09:53:29.000000,787.75,1130145,222394500,1,3180,4403
2025-06-16 09:53:30.000000,787.75,1130255,222394500,60,1891,2226
2025-06-16 09:53:30.000000,787.95,1130255,222394500,181,1891,2226
2025-06-16 09:53:31.000000,787.9,1131271,222394500,1,698,5363
2025-06-16 09:53:31.000000,787.9,1131271,222394500,10,698,5363
2025-06-16 09:53:32.000000,787.95,1131399,222394500,114,685,5756
2025-06-16 09:53:32.000000,787.95,1131399,222394500,1,685,5756
2025-06-16 09:53:33.000000,787.95,1131405,222394500,1,685,6127
2025-06-16 09:53:33.000000,787.95,1131405,222394500,61,685,6127
2025-06-16 09:53:34.000000,787.6,1132197,222394500,26,2410,7466
2025-06-16 09:53:34.000000,787.95,1132197,222394500,2,2410,7466
2025-06-16 09:53:35.000000,787.95,1132214,222394500,2,3128,8720
2025-06-16 09:53:36.000000,787.9,1132266,222394500,1,3140,7875
2025-06-16 09:53:36.000000,787.9,1132266,222394500,3,3140,7875
2025-06-16 09:53:36.000000,787.9,1132330,222394500,3,3104,7912
2025-06-16 09:53:37.000000,787.5,1132330,222394500,91,3104,7912
2025-06-16 09:53:37.000000,787.7,1133085,222394500,5,2686,5788
2025-06-16 09:53:38.000000,787.5,1133085,222394500,22,2686,5788
2025-06-16 09:53:38.000000,787.5,1134600,222394500,22,3210,6010
2025-06-16 09:53:39.000000,787.5,1134600,222394500,40,3210,6010
2025-06-16 09:53:39.000000,787.5,1134640,222394500,40,3333,2301
2025-06-16 09:53:40.000000,787.75,1134690,222394500,24,2955,5859
2025-06-16 09:53:41.000000,787.75,1134690,222394500,24,2955,5859
2025-06-16 09:53:41.000000,787.75,1135131,222394500,9,3226,6976
2025-06-16 09:53:42.000000,787.5,1135131,222394500,1,3226,6976
2025-06-16 09:53:42.000000,787.5,1135157,222394500,1,2499,8214
2025-06-16 09:53:43.000000,787.7,1135157,222394500,1,2499,8214
2025-06-16 09:53:43.000000,787.6,1135165,222394500,2,2656,6155
2025-06-16 09:53:44.000000,787.75,1135165,222394500,10,2656,6155
2025-06-16 09:53:44.000000,787.5,1135212,222394500,19,3342,4852
2025-06-16 09:53:45.000000,787.5,1135212,222394500,19,3342,4852
2025-06-16 09:53:45.000000,787.7,1135216,222394500,1,1052,5307
2025-06-16 09:53:46.000000,787.9,1135216,222394500,38,1052,5307
2025-06-16 09:53:46.000000,787.85,1137081,222394500,115,2484,8348
2025-06-16 09:53:47.000000,787.65,1137081,222394500,1,2484,8348
2025-06-16 09:53:47.000000,787.5,1137832,222394500,137,2876,8400
2025-06-16 09:53:48.000000,787.75,1137832,222394500,1,2876,8400
2025-06-16 09:53:48.000000,787.75,1138228,222394500,1,2376,7817
2025-06-16 09:53:49.000000,787.75,1138228,222394500,12,2376,7817
2025-06-16 09:53:49.000000,787.55,1139208,222394500,1,3446,9479
2025-06-16 09:53:50.000000,787.55,1139208,222394500,30,3446,9479
2025-06-16 09:53:50.000000,787.55,1139238,222394500,30,3534,7524
2025-06-16 09:53:51.000000,787.45,1139238,222394500,56,3534,7524
2025-06-16 09:53:51.000000,787.3,1140057,222394500,8,3455,7126
2025-06-16 09:53:52.000000,787.5,1140057,222394500,13,3455,7126
2025-06-16 09:53:52.000000,787.5,1140168,222394500,10,3455,4969
2025-06-16 09:53:53.000000,787.5,1140168,222394500,53,3455,4969
2025-06-16 09:53:53.000000,787.5,1140369,222394500,53,3634,6915
2025-06-16 09:53:54.000000,787.5,1140369,222394500,1,3634,6915
2025-06-16 09:53:54.000000,787.5,1140376,222394500,1,3679,7122
2025-06-16 09:53:55.000000,787.5,1140376,222394500,10,3679,7122
2025-06-16 09:53:55.000000,787.5,1140692,222394500,10,3688,6915
2025-06-16 09:53:56.000000,787.3,1140692,222394500,564,3688,6915
2025-06-16 09:53:56.000000,787.5,1141947,222394500,77,1793,5457
2025-06-16 09:53:57.000000,787.3,1141947,222394500,49,1793,5457
2025-06-16 09:53:57.000000,787.3,1142747,222394500,49,1988,7218
2025-06-16 09:53:58.000000,787.15,1142747,222394500,388,1988,7218
2025-06-16 09:53:58.000000,787.15,1143784,222394500,388,9846,4073
2025-06-16 09:53:59.000000,787.25,1143784,222394500,350,9846,4073
2025-06-16 09:53:59.000000,787.25,1144134,222394500,350,9642,3794
2025-06-16 09:54:00.000000,787.15,1144134,222394500,31,9642,3794
2025-06-16 09:54:01.000000,787.25,1144261,222394500,20,9102,819
2025-06-16 09:54:01.000000,787.25,1144261,222394500,20,9102,819
2025-06-16 09:54:02.000000,787.25,1144261,222394500,69,9102,819
2025-06-16 09:54:03.000000,787.25,1146322,222394500,69,9696,2944
2025-06-16 09:54:03.000000,787.25,1146322,222394500,5,9696,2944
2025-06-16 09:54:04.000000,787.3,1146945,222394500,1,8996,3921
2025-06-16 09:54:04.000000,787.0,1146945,222394500,390,8996,3921
2025-06-16 09:54:05.000000,787.2,1148055,222394500,3,9300,3456
2025-06-16 09:54:05.000000,787.2,1148055,222394500,10,9300,3456
2025-06-16 09:54:06.000000,787.2,1148369,222394500,130,10203,1563
2025-06-16 09:54:06.000000,787.2,1148369,222394500,130,10203,1563
2025-06-16 09:54:07.000000,787.2,1148369,222394500,130,10873,3481
2025-06-16 09:54:08.000000,787.05,1148369,222394500,3,10873,3481
2025-06-16 09:54:08.000000,787.05,1148372,222394500,3,10600,4430
2025-06-16 09:54:09.000000,786.6,1148372,222394500,10,10600,4430
2025-06-16 09:54:09.000000,786.9,1158772,222394500,20,7180,5613
2025-06-16 09:54:10.000000,786.85,1158772,222394500,25,7180,5613
2025-06-16 09:54:10.000000,786.6,1159940,222394500,132,5803,3125
2025-06-16 09:54:11.000000,786.8,1159940,222394500,5,5803,3125
2025-06-16 09:54:11.000000,786.75,1160344,222394500,9,5294,4038
2025-06-16 09:54:12.000000,786.7,1160344,222394500,2,5294,4038
2025-06-16 09:54:12.000000,786.8,1162167,222394500,405,4634,3181
2025-06-16 09:54:13.000000,786.6,1162167,222394500,1,4634,3181
2025-06-16 09:54:14.000000,786.7,1162660,222394500,1,5305,2638
2025-06-16 09:54:14.000000,786.85,1162660,222394500,1,5305,2638
2025-06-16 09:54:15.000000,786.6,1163457,222394500,1,4489,4614
2025-06-16 09:54:15.000000,786.6,1163457,222394500,656,4489,4614
2025-06-16 09:54:16.000000,786.5,1165432,222394500,10,3984,4882
2025-06-16 09:54:16.000000,786.6,1165432,222394500,123,3984,4882
2025-06-16 09:54:17.000000,786.6,1166048,222394500,20,4742,4499
2025-06-16 09:54:17.000000,786.6,1166048,222394500,50,4742,4499
2025-06-16 09:54:18.000000,786.6,1166383,222394500,5,4718,4434
2025-06-16 09:54:18.000000,786.6,1166383,222394500,2,4718,4434
2025-06-16 09:54:19.000000,786.6,1166399,222394500,1,4857,3553
2025-06-16 09:54:19.000000,786.6,1166399,222394500,6,4857,3553
2025-06-16 09:54:20.000000,786.75,1167112,222394500,8,4800,3553
2025-06-16 09:54:20.000000,786.75,1167112,222394500,8,4800,3553
2025-06-16 09:54:21.000000,786.55,1167265,222394500,143,6238,2247
2025-06-16 09:54:21.000000,786.55,1167265,222394500,143,6238,2247
2025-06-16 09:54:22.000000,786.6,1167265,222394500,20,6238,2247
2025-06-16 09:54:22.000000,786.9,1167467,222394500,86,5774,2078
2025-06-16 09:54:23.000000,786.7,1167467,222394500,71,5774,2078
2025-06-16 09:54:23.000000,786.7,1167826,222394500,71,4662,4612
2025-06-16 09:54:24.000000,786.7,1168152,222394500,186,6117,4005
2025-06-16 09:54:25.000000,786.95,1168152,222394500,10,6117,4005
2025-06-16 09:54:25.000000,786.7,1169200,222394500,38,4410,5422
2025-06-16 09:54:26.000000,786.6,1169200,222394500,12,4410,5422
2025-06-16 09:54:26.000000,786.95,1169263,222394500,1,5964,4991
2025-06-16 09:54:27.000000,786.95,1169263,222394500,10,5964,4991
2025-06-16 09:54:27.000000,786.95,1169263,222394500,10,5964,4991
2025-06-16 09:54:28.000000,786.95,1169293,222394500,10,7656,1422
2025-06-16 09:54:28.000000,786.95,1169293,222394500,10,7656,1422
2025-06-16 09:54:28.000000,786.95,1169293,222394500,192,7656,1422
2025-06-16 09:54:28.000000,786.95,1169293,222394500,192,7656,1422
2025-06-16 09:54:29.000000,786.9,1169830,222394500,42,2923,2146
2025-06-16 09:54:29.000000,786.9,1169830,222394500,42,2923,2146
2025-06-16 09:54:29.000000,786.9,1169830,222394500,42,2923,2146
2025-06-16 09:54:29.000000,786.9,1169830,222394500,42,2923,2146
2025-06-16 09:54:30.000000,786.9,1169830,222394500,42,2720,2398
2025-06-16 09:54:30.000000,786.95,1169861,222394500,1,2720,2398
2025-06-16 09:54:30.000000,786.95,1169861,222394500,1,2720,2398
2025-06-16 09:54:30.000000,786.95,1169861,222394500,1,2720,2398
2025-06-16 09:54:31.000000,786.95,1169861,222394500,1,2720,2398
2025-06-16 09:54:31.000000,786.95,1169861,222394500,1,2930,2603
2025-06-16 09:54:31.000000,786.95,1169861,222394500,1,2930,2603
2025-06-16 09:54:32.000000,786.95,1169861,222394500,1,2930,2603
2025-06-16 09:54:32.000000,787.2,1170489,222394500,61,3053,4294
2025-06-16 09:54:32.000000,787.2,1170489,222394500,61,3053,4294
2025-06-16 09:54:33.000000,787.2,1170489,222576000,61,3053,4294
2025-06-16 09:54:33.000000,787.2,1170497,222576000,5,2303,7888
2025-06-16 09:54:33.000000,787.2,1170497,222576000,5,2303,7888
2025-06-16 09:54:34.000000,787.2,1170497,222576000,5,2303,7888
2025-06-16 09:54:34.000000,787.3,1170497,222576000,1,2303,7888
2025-06-16 09:54:34.000000,787.3,1170528,222576000,30,2512,6092
2025-06-16 09:54:34.000000,787.3,1170528,222576000,30,2512,6092
2025-06-16 09:54:35.000000,787.2,1170528,222576000,38,2512,6092
2025-06-16 09:54:35.000000,787.2,1170816,222576000,50,1538,8358
2025-06-16 09:54:36.000000,787.2,1170816,222576000,50,1538,8358
2025-06-16 09:54:36.000000,787.2,1170816,222576000,1,1538,8358
2025-06-16 09:54:36.000000,786.85,1171452,222576000,35,1766,6534
2025-06-16 09:54:37.000000,786.85,1171452,222576000,35,1766,6534
2025-06-16 09:54:37.000000,787.15,1171452,222576000,20,1766,6534
2025-06-16 09:54:37.000000,786.95,1171480,222576000,8,2150,5842
2025-06-16 09:54:38.000000,786.95,1171480,222576000,8,2150,5842
2025-06-16 09:54:38.000000,786.95,1171480,222576000,8,2150,5842
2025-06-16 09:54:38.000000,786.95,1171480,222576000,8,954,8147
2025-06-16 09:54:39.000000,786.95,1171480,222576000,8,954,8147
2025-06-16 09:54:39.000000,786.9,1171480,222576000,2,954,8147
2025-06-16 09:54:39.000000,786.9,1171482,222576000,2,730,5868
2025-06-16 09:54:40.000000,787.0,1171482,222576000,89,730,5868
2025-06-16 09:54:40.000000,787.0,1171623,222576000,50,729,6727
2025-06-16 09:54:41.000000,787.0,1171623,222576000,1,729,6727
2025-06-16 09:54:41.000000,786.9,1171636,222576000,2,947,8201
2025-06-16 09:54:42.000000,786.9,1171636,222576000,2,947,8201
2025-06-16 09:54:43.000000,787.05,1171737,222576000,50,731,7519
2025-06-16 09:54:43.000000,787.05,1171737,222576000,58,731,7519
2025-06-16 09:54:44.000000,787.05,1171809,222576000,10,716,7646
2025-06-16 09:54:44.000000,787.0,1171809,222576000,2,716,7646
2025-06-16 09:54:45.000000,787.0,1171964,222576000,153,561,6066
2025-06-16 09:54:45.000000,787.0,1171964,222576000,153,561,6066
2025-06-16 09:54:46.000000,787.05,1171965,222576000,1,586,3348
2025-06-16 09:54:46.000000,787.05,1171965,222576000,1,586,3348
2025-06-16 09:54:47.000000,787.1,1172133,222576000,5,818,5301
2025-06-16 09:54:47.000000,786.95,1172133,222576000,46,818,5301
2025-06-16 09:54:48.000000,786.95,1173133,222576000,46,864,3581
2025-06-16 09:54:48.000000,787.1,1173133,222576000,2,864,3581
2025-06-16 09:54:49.000000,787.15,1173565,222576000,1,1786,4611
2025-06-16 09:54:49.000000,787.15,1173565,222576000,1,1786,4611
2025-06-16 09:54:50.000000,787.0,1173980,222576000,90,2361,4453
2025-06-16 09:54:50.000000,787.0,1173980,222576000,90,2361,4453
2025-06-16 09:54:51.000000,787.0,1173980,222576000,50,2361,4453
2025-06-16 09:54:51.000000,787.0,1174868,222576000,50,4641,1422
2025-06-16 09:54:52.000000,787.05,1174868,222576000,1,4641,1422
2025-06-16 09:54:52.000000,787.05,1174871,222576000,2,3180,2698
2025-06-16 09:54:53.000000,787.0,1174871,222576000,3,3180,2698
2025-06-16 09:54:53.000000,787.0,1174876,222576000,3,3226,492
2025-06-16 09:54:54.000000,787.05,1174876,222576000,40,3226,492
2025-06-16 09:54:54.000000,787.05,1175785,222576000,40,4471,1584
2025-06-16 09:54:55.000000,787.05,1175785,222576000,2,4471,1584
2025-06-16 09:54:56.000000,787.05,1175788,222576000,2,4715,1774
2025-06-16 09:54:56.000000,787.1,1175788,222576000,1,4715,1774
2025-06-16 09:54:57.000000,787.15,1176176,222576000,100,4516,1265
2025-06-16 09:54:57.000000,787.05,1176176,222576000,1,4516,1265
2025-06-16 09:54:58.000000,787.15,1176187,222576000,7,4884,1258
2025-06-16 09:54:58.000000,787.15,1176187,222576000,7,4884,1258
2025-06-16 09:54:59.000000,787.2,1176239,222576000,9,6032,961
2025-06-16 09:54:59.000000,787.2,1176239,222576000,8,6032,961
2025-06-16 09:55:00.000000,787.2,1176508,222576000,79,4876,1133
2025-06-16 09:55:00.000000,787.2,1176508,222576000,79,4876,1133
2025-06-16 09:55:01.000000,787.0,1176608,222576000,9,5397,1321
2025-06-16 09:55:01.000000,787.2,1176608,222576000,5,5397,1321
2025-06-16 09:55:02.000000,787.05,1176752,222576000,10,4810,3557
2025-06-16 09:55:02.000000,787.05,1176752,222576000,10,4810,3557
2025-06-16 09:55:03.000000,787.3,1176762,222576000,10,5310,4483
2025-06-16 09:55:03.000000,787.3,1176762,222576000,10,5310,4483
2025-06-16 09:55:04.000000,787.3,1176782,222576000,20,5623,4836
2025-06-16 09:55:04.000000,787.3,1176782,222576000,20,5623,4836
2025-06-16 09:55:05.000000,787.3,1176853,222576000,10,2965,8544
2025-06-16 09:55:05.000000,787.3,1176853,222576000,10,2965,8544
2025-06-16 09:55:06.000000,787.3,1176853,222576000,10,3036,8558
2025-06-16 09:55:07.000000,787.3,1176853,222576000,10,3356,7659
2025-06-16 09:55:08.000000,787.3,1176853,222576000,10,3356,7659
2025-06-16 09:55:08.000000,787.05,1176898,222576000,5,5417,4900
2025-06-16 09:55:09.000000,787.05,1176898,222576000,22,5417,4900
2025-06-16 09:55:09.000000,787.05,1177069,222576000,22,5690,5695
2025-06-16 09:55:10.000000,787.3,1177069,222576000,12,5690,5695
2025-06-16 09:55:10.000000,787.3,1177110,222576000,12,5262,4717
2025-06-16 09:55:11.000000,787.0,1177110,222576000,74,5262,4717
2025-06-16 09:55:11.000000,787.0,1177629,222576000,74,4712,5844
2025-06-16 09:55:12.000000,787.15,1177629,222576000,249,4712,5844
2025-06-16 09:55:13.000000,787.15,1177886,222576000,5,4786,4231
2025-06-16 09:55:13.000000,787.15,1177886,222576000,2,4786,4231
2025-06-16 09:55:14.000000,787.05,1177927,222576000,39,4702,6326
2025-06-16 09:55:14.000000,787.05,1177927,222576000,39,4702,6326
2025-06-16 09:55:15.000000,787.15,1178202,222576000,50,5426,5163
2025-06-16 09:55:15.000000,787.05,1178202,222576000,2,5426,5163
2025-06-16 09:55:16.000000,787.0,1179305,222576000,50,6518,6662
2025-06-16 09:55:16.000000,787.3,1179305,222576000,30,6518,6662
2025-06-16 09:55:17.000000,787.3,1179507,222576000,74,4414,8795
2025-06-16 09:55:17.000000,787.3,1179507,222576000,74,4414,8795
2025-06-16 09:55:18.000000,787.0,1180612,222576000,20,5072,8423
2025-06-16 09:55:18.000000,787.0,1180612,222576000,20,5072,8423
2025-06-16 09:55:19.000000,787.25,1180612,222576000,5,5072,8423
2025-06-16 09:55:19.000000,787.25,1180618,222576000,5,3382,8166
2025-06-16 09:55:20.000000,787.25,1180618,222576000,220,3382,8166
2025-06-16 09:55:20.000000,787.25,1181518,222576000,220,2660,6188
2025-06-16 09:55:21.000000,787.3,1181518,222576000,92,2660,6188
2025-06-16 09:55:21.000000,787.3,1181774,222576000,92,2337,8301
2025-06-16 09:55:22.000000,787.05,1181774,222576000,117,2337,8301
2025-06-16 09:55:22.000000,787.05,1181916,222576000,117,5093,7636
2025-06-16 09:55:23.000000,787.2,1181916,222576000,11,5093,7636
2025-06-16 09:55:23.000000,787.2,1182677,222576000,11,4343,8253
2025-06-16 09:55:24.000000,787.2,1182677,222576000,3,4343,8253
2025-06-16 09:55:24.000000,787.2,1183048,222576000,217,5114,7080
2025-06-16 09:55:25.000000,787.2,1183048,222576000,25,5114,7080
2025-06-16 09:55:25.000000,787.2,1183174,222576000,25,5114,7038
2025-06-16 09:55:26.000000,787.2,1183174,222576000,10,5114,7038
2025-06-16 09:55:26.000000,787.2,1183184,222576000,10,5145,7605
2025-06-16 09:55:27.000000,787.2,1183184,222576000,14,5145,7605
2025-06-16 09:55:27.000000,787.05,1183349,222576000,150,4459,7335
2025-06-16 09:55:28.000000,787.15,1183349,222576000,5,4459,7335
2025-06-16 09:55:28.000000,787.15,1183704,222576000,5,4286,7695
2025-06-16 09:55:30.000000,787.15,1183754,222576000,50,4961,8698
2025-06-16 09:55:30.000000,787.0,1183754,222576000,7,4961,8698
2025-06-16 09:55:31.000000,787.15,1184056,222576000,4,4351,6275
2025-06-16 09:55:31.000000,787.15,1184056,222576000,4,4351,6275
2025-06-16 09:55:32.000000,787.15,1184169,222576000,113,4665,4218
2025-06-16 09:55:32.000000,787.15,1184169,222576000,113,4665,4218
2025-06-16 09:55:33.000000,787.0,1184216,222576000,10,4273,7947
2025-06-16 09:55:33.000000,787.0,1184216,222576000,10,4273,7947
2025-06-16 09:55:34.000000,787.15,1184218,222576000,2,4535,6088
2025-06-16 09:55:34.000000,787.15,1184218,222576000,2,4535,6088
2025-06-16 09:55:35.000000,787.0,1184218,222576000,255,4535,6088
2025-06-16 09:55:35.000000,787.0,1184473,222576000,255,4396,6072
2025-06-16 09:55:36.000000,787.1,1184473,222576000,201,4396,6072
2025-06-16 09:55:36.000000,787.1,1186017,222576000,201,4598,8646
2025-06-16 09:55:37.000000,787.1,1186017,222576000,1,4598,8646
2025-06-16 09:55:37.000000,787.1,1186558,222576000,1,3177,7895
2025-06-16 09:55:38.000000,787.1,1186558,222576000,2,3177,7895
2025-06-16 09:55:38.000000,787.1,1186564,222576000,1,2521,5263
2025-06-16 09:55:39.000000,787.1,1186564,222576000,34,2521,5263
2025-06-16 09:55:39.000000,787.15,1187078,222576000,321,2678,3569
2025-06-16 09:55:40.000000,787.1,1187078,222576000,1,2678,3569
2025-06-16 09:55:41.000000,787.1,1187080,222576000,1,2746,5863
2025-06-16 09:55:41.000000,787.15,1187080,222576000,1,2746,5863
2025-06-16 09:55:42.000000,787.1,1187308,222576000,1,3756,6386
2025-06-16 09:55:42.000000,787.15,1187308,222576000,1,3756,6386
2025-06-16 09:55:43.000000,787.0,1187371,222576000,6,3623,5794
2025-06-16 09:55:43.000000,787.15,1187371,222576000,10,3623,5794
2025-06-16 09:55:44.000000,787.15,1187392,222576000,1,2730,4901
2025-06-16 09:55:44.000000,787.15,1187392,222576000,1,2730,4901
2025-06-16 09:55:45.000000,787.15,1187392,222576000,1,2775,5855
2025-06-16 09:55:45.000000,787.0,1187392,222576000,90,2775,5855
2025-06-16 09:55:46.000000,786.9,1188020,222576000,31,6732,5632
2025-06-16 09:55:46.000000,786.9,1188020,222576000,31,6732,5632
2025-06-16 09:55:47.000000,787.15,1188187,222576000,2,6266,5154
2025-06-16 09:55:47.000000,787.15,1188187,222576000,1,6266,5154
2025-06-16 09:55:48.000000,787.15,1188391,222576000,98,2156,6390
2025-06-16 09:55:48.000000,787.15,1188391,222576000,98,2156,6390
2025-06-16 09:55:49.000000,787.15,1188391,222576000,98,3108,6995
2025-06-16 09:55:49.000000,787.15,1188391,222576000,12,3108,6995
2025-06-16 09:55:50.000000,787.15,1188634,222576000,2,3016,6943
2025-06-16 09:55:50.000000,787.15,1188634,222576000,2,3016,6943
2025-06-16 09:55:51.000000,787.15,1188634,222576000,2,3016,6943
2025-06-16 09:55:51.000000,787.15,1188639,222576000,2,2794,3449
2025-06-16 09:55:52.000000,787.0,1188639,222576000,79,2794,3449
2025-06-16 09:55:52.000000,787.0,1189039,222576000,79,4009,3399
2025-06-16 09:55:53.000000,787.15,1189039,222576000,1,4009,3399
2025-06-16 09:55:53.000000,787.15,1189040,222576000,1,4402,2632
2025-06-16 09:55:54.000000,787.05,1189040,222576000,1,4402,2632
2025-06-16 09:55:54.000000,787.15,1189044,222576000,1,4437,1826
2025-06-16 09:55:55.000000,787.15,1189044,222576000,25,4437,1826
2025-06-16 09:55:55.000000,787.2,1190272,222576000,14,4353,1837
2025-06-16 09:55:56.000000,787.2,1190272,222576000,14,4353,1837
2025-06-16 09:55:57.000000,787.2,1190272,222576000,14,5425,1194
2025-06-16 09:55:58.000000,787.2,1190374,222576000,1,5613,2522
2025-06-16 09:55:58.000000,787.2,1190374,222576000,1,5613,2522
2025-06-16 09:55:59.000000,787.2,1190375,222576000,1,4341,3646
2025-06-16 09:55:59.000000,787.2,1190375,222576000,350,4341,3646
2025-06-16 09:56:00.000000,787.2,1190725,222576000,350,4394,3636
2025-06-16 09:56:04.000000,787.15,1190725,222576000,5,4394,3636
2025-06-16 09:56:05.000000,787.15,1192303,222576000,91,3253,4766
2025-06-16 09:56:07.000000,787.2,1192303,222576000,30,3253,4766
2025-06-16 09:56:11.000000,787.3,1192303,222576000,24,3253,4766
2025-06-16 09:56:12.000000,787.45,1192840,222576000,1,4374,3184
2025-06-16 09:56:16.000000,787.45,1192840,222576000,1,4374,3184
2025-06-16 09:56:19.000000,787.45,1193865,222576000,100,3344,1915
2025-06-16 09:56:21.000000,787.55,1193865,222576000,21,3344,1915
2025-06-16 09:56:26.000000,787.45,1194184,222576000,50,1026,4258
2025-06-16 09:56:26.000000,787.45,1194184,222576000,50,1026,4258
2025-06-16 09:56:30.000000,787.7,1194184,222576000,1,1026,4258
2025-06-16 09:56:33.000000,787.45,1195769,222576000,83,1984,6008
2025-06-16 09:56:35.000000,787.5,1195769,222576000,50,1984,6008
2025-06-16 09:56:39.000000,787.5,1195769,222576000,1,1984,6008
2025-06-16 09:56:40.000000,787.45,1196658,222576000,1,2700,6852
2025-06-16 09:56:43.000000,787.4,1196658,222576000,139,2700,6852
2025-06-16 09:56:47.000000,787.7,1197541,222576000,16,2739,6051
2025-06-16 09:56:48.000000,787.7,1197541,222576000,11,2739,6051
2025-06-16 09:56:51.000000,787.7,1197541,222576000,17,2739,6051
2025-06-16 09:56:53.000000,787.5,1197644,222576000,10,2553,4945
2025-06-16 09:56:56.000000,787.7,1197644,222576000,6,2553,4945
2025-06-16 09:56:59.000000,787.7,1197644,222576000,8,2553,4945
2025-06-16 09:57:00.000000,787.7,1197994,222576000,1,4366,698
2025-06-16 09:57:03.000000,787.75,1197994,222576000,1,4366,698
2025-06-16 09:57:06.000000,787.75,1198552,222576000,11,3777,5626
2025-06-16 09:57:07.000000,787.8,1198552,222576000,15,3777,5626
2025-06-16 09:57:11.000000,787.9,1198552,222576000,52,3777,5626
2025-06-16 09:57:13.000000,787.95,1199407,222576000,20,1687,7452
2025-06-16 09:57:16.000000,787.5,1199407,222576000,42,1687,7452
2025-06-16 09:57:20.000000,787.7,1200734,222576000,2,5753,9145
2025-06-16 09:57:21.000000,787.7,1200734,222576000,10,5753,9145
2025-06-16 09:57:26.000000,787.7,1200734,222576000,1,5753,9145
2025-06-16 09:57:26.000000,787.7,1201297,222576000,1,7029,3773
2025-06-16 09:57:28.000000,787.7,1201297,222576000,1,7029,3773
2025-06-16 09:57:29.000000,787.7,1201297,222576000,1,7029,3773
2025-06-16 09:57:30.000000,787.7,1201297,222576000,1,7029,3773
2025-06-16 09:57:31.000000,787.7,1201297,222576000,1,7029,3773
2025-06-16 09:57:31.000000,787.5,1201297,222576000,1,7029,3773
2025-06-16 09:57:31.000000,787.5,1201297,222576000,1,7029,3773
2025-06-16 09:57:32.000000,787.5,1201297,222576000,1,7029,3773
2025-06-16 09:57:33.000000,787.5,1201297,222659250,1,7029,3773
2025-06-16 09:57:33.000000,787.5,1202138,222659250,120,9374,5588
2025-06-16 09:57:34.000000,787.5,1202138,222659250,120,9374,5588
2025-06-16 09:57:35.000000,787.5,1202138,222659250,120,9374,5588
2025-06-16 09:57:35.000000,787.7,1202138,222659250,14,9374,5588
2025-06-16 09:57:36.000000,787.7,1202138,222659250,14,9374,5588
2025-06-16 09:57:37.000000,787.7,1202138,222659250,14,9374,5588
2025-06-16 09:57:38.000000,787.7,1202138,222659250,14,9374,5588
2025-06-16 09:57:39.000000,787.55,1202138,222659250,5,9374,5588
