Timestamp,LTP,Volume,OI,LastQty,BidQty,AskQty
2025-06-16 09:25:25.000000,152.87,911691,409931500,345,6382,6310
2025-06-16 09:25:30.000000,152.81,914039,409931500,5,9533,19118
2025-06-16 09:25:32.000000,152.8,914039,409931500,16,9533,19118
2025-06-16 09:25:38.000000,152.74,916484,409931500,35,8000,8408
2025-06-16 09:25:39.000000,152.81,916484,409931500,1,8000,8408
2025-06-16 09:25:45.000000,152.74,918312,409931500,75,6887,12294
2025-06-16 09:25:46.000000,152.82,918312,409931500,436,6887,12294
2025-06-16 09:25:53.000000,152.75,919936,409931500,1,6494,3434
2025-06-16 09:25:53.000000,152.75,919936,409931500,10,6494,3434
2025-06-16 09:26:00.000000,152.72,919936,409931500,583,6494,3434
2025-06-16 09:26:00.000000,152.72,930852,409931500,50,1385,8519
2025-06-16 09:26:08.000000,152.77,930852,409931500,12,1385,8519
2025-06-16 09:26:08.000000,152.77,933073,409931500,12,22056,3353
2025-06-16 09:26:16.000000,152.83,934636,409931500,12,6646,8415
2025-06-16 09:26:16.000000,152.83,934636,409931500,12,6646,8415
2025-06-16 09:26:23.000000,152.85,947454,409931500,164,10452,3991
2025-06-16 09:26:24.000000,152.81,947454,409931500,300,10452,3991
2025-06-16 09:26:31.000000,152.81,952342,409931500,2,3636,20073
2025-06-16 09:26:32.000000,152.83,952342,409931500,30,3636,20073
2025-06-16 09:26:38.000000,152.82,955342,409931500,71,2050,8380
2025-06-16 09:26:39.000000,152.82,955342,409931500,500,2050,8380
2025-06-16 09:26:46.000000,152.76,955342,409931500,50,2050,8380
2025-06-16 09:26:46.000000,152.76,959434,409931500,50,13878,10165
2025-06-16 09:26:53.000000,152.79,959434,409931500,2,13878,10165
2025-06-16 09:26:54.000000,152.76,960557,409931500,2,11935,23130
2025-06-16 09:27:00.000000,152.73,960557,409931500,1,11935,23130
2025-06-16 09:27:01.000000,152.73,962377,409931500,45,19041,7916
2025-06-16 09:27:06.000000,152.72,962377,409931500,42,19041,7916
2025-06-16 09:27:09.000000,152.72,977518,409931500,10,4802,4515
2025-06-16 09:27:12.000000,152.73,977518,409931500,80,4802,4515
2025-06-16 09:27:16.000000,152.72,978965,409931500,1,3394,8176
2025-06-16 09:27:18.000000,152.72,978965,409931500,58,3394,8176
2025-06-16 09:27:23.000000,152.72,978965,409931500,58,3394,8176
2025-06-16 09:27:24.000000,152.72,978965,409931500,58,3394,8176
2025-06-16 09:27:24.000000,152.72,984118,409931500,101,5138,23843
2025-06-16 09:27:24.000000,152.72,984118,409931500,101,5138,23843
2025-06-16 09:27:25.000000,152.72,984118,409931500,101,5138,23843
2025-06-16 09:27:25.000000,152.73,984118,409931500,50,5138,23843
2025-06-16 09:27:25.000000,152.73,984118,409931500,50,5138,23843
2025-06-16 09:27:26.000000,152.73,984118,409931500,50,5138,23843
2025-06-16 09:27:27.000000,152.73,984118,409931500,50,5138,23843
2025-06-16 09:27:28.000000,152.73,984118,409931500,50,5138,23843
2025-06-16 09:27:29.000000,152.73,984118,409931500,50,5138,23843
2025-06-16 09:27:30.000000,152.73,984118,409931500,50,5138,23843
2025-06-16 09:27:31.000000,152.65,984118,409931500,17,5138,23843
2025-06-16 09:27:31.000000,152.65,984118,409931500,17,5138,23843
2025-06-16 09:27:31.000000,152.65,987656,409931500,17,9777,15322
2025-06-16 09:27:32.000000,152.65,987656,409931500,17,9777,15322
2025-06-16 09:27:33.000000,152.65,987656,409728000,17,9777,15322
2025-06-16 09:27:34.000000,152.65,987656,409728000,17,9777,15322
2025-06-16 09:27:38.000000,152.56,987656,409728000,164,9777,15322
2025-06-16 09:27:39.000000,152.56,998038,409728000,2,12753,7112
2025-06-16 09:27:45.000000,152.58,998038,409728000,27,12753,7112
2025-06-16 09:27:46.000000,152.51,1008520,409728000,24,26609,6310
2025-06-16 09:27:52.000000,152.55,1008520,409728000,1,26609,6310
2025-06-16 09:27:54.000000,152.53,1011546,409728000,1,32752,6503
2025-06-16 09:27:59.000000,152.51,1011546,409728000,5,32752,6503
2025-06-16 09:28:02.000000,152.46,1047781,409728000,2,6701,2748
2025-06-16 09:28:07.000000,152.4,1047781,409728000,11,6701,2748
2025-06-16 09:28:09.000000,152.41,1061325,409728000,54,11861,4206
2025-06-16 09:28:16.000000,152.45,1061325,409728000,1,11861,4206
2025-06-16 09:28:16.000000,152.45,1064504,409728000,43,11272,6031
2025-06-16 09:28:24.000000,152.53,1064504,409728000,121,11272,6031
2025-06-16 09:28:24.000000,152.53,1087101,409728000,121,6349,4808
2025-06-16 09:28:31.000000,152.47,1087101,409728000,8,6349,4808
2025-06-16 09:28:31.000000,152.47,1097273,409728000,8,3940,7428
2025-06-16 09:28:38.000000,152.47,1097273,409728000,6,3940,7428
2025-06-16 09:28:39.000000,152.48,1100801,409728000,409,13557,14504
2025-06-16 09:28:45.000000,152.45,1100801,409728000,1,13557,14504
2025-06-16 09:28:46.000000,152.45,1106309,409728000,88,15256,4879
2025-06-16 09:28:52.000000,152.4,1106309,409728000,621,15256,4879
2025-06-16 09:28:54.000000,152.37,1120082,409728000,125,8641,8698
2025-06-16 09:28:59.000000,152.35,1120082,409728000,2,8641,8698
2025-06-16 09:29:01.000000,152.35,1131136,409728000,100,6785,4768
2025-06-16 09:29:07.000000,152.33,1131136,409728000,2,6785,4768
2025-06-16 09:29:09.000000,152.27,1140179,409728000,30,3178,11399
2025-06-16 09:29:15.000000,152.35,1140179,409728000,15,3178,11399
2025-06-16 09:29:17.000000,152.32,1146661,409728000,1,6182,14193
2025-06-16 09:29:23.000000,152.38,1146661,409728000,20,6182,14193
2025-06-16 09:29:24.000000,152.32,1150700,409728000,362,7804,20124
2025-06-16 09:29:30.000000,152.25,1150700,409728000,200,7804,20124
2025-06-16 09:29:32.000000,152.25,1162359,409728000,36,4553,7137
2025-06-16 09:29:37.000000,152.25,1162359,409728000,4,4553,7137
2025-06-16 09:29:39.000000,152.25,1165647,409728000,30,3955,11226
2025-06-16 09:29:44.000000,152.22,1165647,409728000,303,3955,11226
2025-06-16 09:29:46.000000,152.16,1175404,409728000,318,3583,7049
2025-06-16 09:29:52.000000,152.14,1175404,409728000,60,3583,7049
2025-06-16 09:29:54.000000,152.22,1179070,409728000,1,2786,4873
2025-06-16 09:30:00.000000,152.24,1179070,409728000,2,2786,4873
2025-06-16 09:30:01.000000,152.16,1182065,409728000,17,7416,10606
2025-06-16 09:30:09.000000,152.14,1188529,409728000,10,3864,15489
2025-06-16 09:30:10.000000,152.15,1188529,409728000,1,3864,15489
2025-06-16 09:30:17.000000,152.13,1194093,409728000,5,5380,16472
2025-06-16 09:30:21.000000,152.09,1194093,409728000,1,5380,16472
2025-06-16 09:30:24.000000,152.09,1194093,409728000,1,5380,16472
2025-06-16 09:30:24.000000,152.15,1203861,409728000,20,4293,9657
2025-06-16 09:30:24.000000,152.15,1203861,409728000,20,4293,9657
2025-06-16 09:30:25.000000,152.15,1203861,409728000,20,4293,9657
2025-06-16 09:30:26.000000,152.15,1203861,409728000,20,4293,9657
2025-06-16 09:30:27.000000,152.15,1203861,409728000,20,4293,9657
2025-06-16 09:30:28.000000,152.15,1203861,409728000,20,4293,9657
2025-06-16 09:30:29.000000,152.15,1203861,409728000,20,4293,9657
2025-06-16 09:30:30.000000,152.15,1203861,409728000,20,4293,9657
2025-06-16 09:30:32.000000,152.15,1203861,409728000,20,4293,9657
2025-06-16 09:30:32.000000,152.13,1252345,409728000,32,7158,12955
2025-06-16 09:30:32.000000,152.15,1252345,409728000,10,7158,12955
2025-06-16 09:30:33.000000,152.15,1252345,409728000,10,7158,12955
2025-06-16 09:30:34.000000,152.15,1252345,409761000,10,7158,12955
2025-06-16 09:30:35.000000,152.15,1252345,409761000,10,7158,12955
2025-06-16 09:30:40.000000,152.13,1267464,409761000,2,2036,17009
2025-06-16 09:30:40.000000,152.12,1267464,409761000,300,2036,17009
2025-06-16 09:30:47.000000,152.09,1276250,409761000,53,13645,13377
2025-06-16 09:30:48.000000,152.11,1276250,409761000,82,13645,13377
2025-06-16 09:30:55.000000,152.02,1282718,409761000,1,42577,11242
2025-06-16 09:30:57.000000,152.05,1282718,409761000,1,42577,11242
2025-06-16 09:31:02.000000,151.9,1329015,409761000,5,13355,10294
2025-06-16 09:31:07.000000,151.88,1329015,409761000,1,13355,10294
2025-06-16 09:31:09.000000,151.89,1338020,409761000,2,5826,1854
2025-06-16 09:31:16.000000,151.95,1338020,409761000,40,5826,1854
2025-06-16 09:31:17.000000,151.98,1343644,409761000,1,5223,11241
2025-06-16 09:31:24.000000,151.95,1350848,409761000,33,9498,11195
2025-06-16 09:31:25.000000,151.92,1350848,409761000,49,9498,11195
2025-06-16 09:31:31.000000,151.91,1359724,409761000,224,8116,4550
2025-06-16 09:31:34.000000,151.93,1359724,409761000,2,8116,4550
2025-06-16 09:31:39.000000,151.91,1361764,409761000,40,3565,14487
2025-06-16 09:31:43.000000,151.91,1361764,409761000,1,3565,14487
2025-06-16 09:31:46.000000,151.86,1369659,409761000,1,5992,15047
2025-06-16 09:31:52.000000,151.89,1369659,409761000,1,5992,15047
2025-06-16 09:31:53.000000,151.9,1386352,409761000,1,2964,11398
2025-06-16 09:32:00.000000,151.84,1417858,409761000,16,10867,12286
2025-06-16 09:32:01.000000,151.9,1417858,409761000,17,10867,12286
2025-06-16 09:32:08.000000,151.94,1447360,409761000,1,10277,7684
2025-06-16 09:32:11.000000,152.0,1447360,409761000,10,10277,7684
2025-06-16 09:32:15.000000,152.15,1482358,409761000,1,6693,16154
2025-06-16 09:32:21.000000,152.07,1482358,409761000,754,6693,16154
2025-06-16 09:32:23.000000,152.11,1498828,409761000,30,7077,9992
2025-06-16 09:32:30.000000,152.25,1498828,409761000,1,7077,9992
2025-06-16 09:32:30.000000,152.25,1525349,409761000,9,14992,1726
2025-06-16 09:32:38.000000,152.15,1537324,409761000,165,7530,10133
2025-06-16 09:32:39.000000,152.07,1537324,409761000,1,7530,10133
2025-06-16 09:32:45.000000,152.03,1544133,409761000,191,1352,6112
2025-06-16 09:32:47.000000,152.02,1544133,409761000,16,1352,6112
2025-06-16 09:32:53.000000,152.02,1544827,409761000,1,6824,6346
2025-06-16 09:32:56.000000,152.0,1544827,409761000,100,6824,6346
2025-06-16 09:33:00.000000,151.98,1546001,409761000,146,4141,7810
2025-06-16 09:33:05.000000,152.05,1546001,409761000,4096,4141,7810
2025-06-16 09:33:07.000000,152.04,1556685,409761000,123,2823,5190
2025-06-16 09:33:14.000000,152.12,1556685,409761000,3,2823,5190
2025-06-16 09:33:15.000000,152.14,1564649,409761000,3,7324,2334
2025-06-16 09:33:22.000000,152.07,1564649,409761000,500,7324,2334
2025-06-16 09:33:22.000000,152.11,1567837,409761000,25,9965,6488
2025-06-16 09:33:24.000000,152.11,1567837,409761000,25,9965,6488
2025-06-16 09:33:25.000000,152.11,1567837,409761000,25,9965,6488
2025-06-16 09:33:26.000000,152.11,1567837,409761000,25,9965,6488
2025-06-16 09:33:27.000000,152.11,1567837,409761000,25,9965,6488
2025-06-16 09:33:28.000000,152.11,1567837,409761000,25,9965,6488
2025-06-16 09:33:29.000000,152.01,1567837,409761000,1,9965,6488
2025-06-16 09:33:29.000000,152.01,1567837,409761000,1,9965,6488
2025-06-16 09:33:30.000000,152.01,1569483,409761000,1,3166,8377
2025-06-16 09:33:30.000000,152.01,1569483,409761000,1,3166,8377
2025-06-16 09:33:31.000000,152.01,1569483,409761000,1,3166,8377
2025-06-16 09:33:32.000000,152.01,1569483,409761000,1,3166,8377
2025-06-16 09:33:33.000000,152.01,1569483,409761000,1,3166,8377
2025-06-16 09:33:34.000000,152.01,1569483,409695000,1,3166,8377
2025-06-16 09:33:35.000000,152.01,1569483,409695000,1,3166,8377
2025-06-16 09:33:37.000000,151.98,1569483,409695000,10,3166,8377
2025-06-16 09:33:37.000000,151.98,1570911,409695000,150,5893,9980
2025-06-16 09:33:44.000000,151.98,1570911,409695000,21,5893,9980
2025-06-16 09:33:45.000000,151.98,1574453,409695000,21,7244,4559
2025-06-16 09:33:51.000000,151.98,1574453,409695000,10,7244,4559
2025-06-16 09:33:52.000000,151.98,1580615,409695000,2,8228,9155
2025-06-16 09:33:59.000000,151.97,1580615,409695000,59,8228,9155
2025-06-16 09:34:00.000000,151.96,1585288,409695000,128,3261,12635
2025-06-16 09:34:07.000000,151.97,1589733,409695000,6,4034,11022
2025-06-16 09:34:08.000000,151.92,1589733,409695000,12,4034,11022
2025-06-16 09:34:14.000000,151.91,1593476,409695000,8,7376,11765
2025-06-16 09:34:16.000000,151.97,1593476,409695000,500,7376,11765
2025-06-16 09:34:22.000000,151.91,1600328,409695000,200,7998,15190
2025-06-16 09:34:24.000000,151.9,1600328,409695000,470,7998,15190
2025-06-16 09:34:29.000000,151.92,1604274,409695000,1,3165,6950
2025-06-16 09:34:32.000000,151.93,1604274,409695000,2,3165,6950
2025-06-16 09:34:37.000000,151.81,1607681,409695000,10,12234,6661
2025-06-16 09:34:40.000000,151.85,1607681,409695000,30,12234,6661
2025-06-16 09:34:44.000000,151.81,1609731,409695000,100,3406,4787
2025-06-16 09:34:48.000000,151.83,1609731,409695000,100,3406,4787
2025-06-16 09:34:51.000000,151.85,1617542,409695000,1,7120,3021
2025-06-16 09:34:56.000000,151.78,1617542,409695000,44,7120,3021
2025-06-16 09:34:59.000000,151.83,1622338,409695000,1,9763,8809
2025-06-16 09:35:04.000000,151.78,1622338,409695000,111,9763,8809
2025-06-16 09:35:06.000000,151.75,1624983,409695000,1,6089,6929
2025-06-16 09:35:13.000000,151.78,1624983,409695000,78,6089,6929
2025-06-16 09:35:13.000000,151.76,1639975,409695000,174,8227,3135
2025-06-16 09:35:21.000000,151.86,1650081,409695000,1,2796,9207
2025-06-16 09:35:22.000000,151.81,1650081,409695000,15,2796,9207
2025-06-16 09:35:28.000000,151.8,1654276,409695000,206,9416,6545
2025-06-16 09:35:30.000000,151.81,1654276,409695000,2,9416,6545
2025-06-16 09:35:36.000000,151.76,1667036,409695000,115,10135,7303
2025-06-16 09:35:38.000000,151.77,1667036,409695000,2,10135,7303
2025-06-16 09:35:43.000000,151.76,1672833,409695000,69,8173,6063
2025-06-16 09:35:46.000000,151.77,1672833,409695000,3,8173,6063
2025-06-16 09:35:51.000000,151.83,1676930,409695000,105,7529,4107
2025-06-16 09:35:54.000000,151.76,1676930,409695000,352,7529,4107
2025-06-16 09:35:58.000000,151.82,1681617,409695000,2,3541,2819
2025-06-16 09:36:02.000000,151.76,1681617,409695000,20,3541,2819
2025-06-16 09:36:05.000000,151.82,1688448,409695000,1,7882,4198
2025-06-16 09:36:10.000000,151.78,1688448,409695000,1,7882,4198
2025-06-16 09:36:13.000000,151.9,1716853,409695000,10,7909,1698
2025-06-16 09:36:18.000000,151.83,1716853,409695000,15,7909,1698
2025-06-16 09:36:20.000000,151.77,1723434,409695000,1,6577,7239
2025-06-16 09:36:25.000000,151.77,1723434,409695000,1,6577,7239
2025-06-16 09:36:25.000000,151.81,1723434,409695000,2,6577,7239
2025-06-16 09:36:25.000000,151.81,1723434,409695000,2,6577,7239
2025-06-16 09:36:26.000000,151.81,1723434,409695000,2,6577,7239
2025-06-16 09:36:27.000000,151.81,1723434,409695000,2,6577,7239
2025-06-16 09:36:28.000000,151.77,1724300,409695000,5,7744,6990
2025-06-16 09:36:28.000000,151.77,1724300,409695000,5,7744,6990
2025-06-16 09:36:29.000000,151.77,1724300,409695000,5,7744,6990
2025-06-16 09:36:30.000000,151.77,1724300,409695000,5,7744,6990
2025-06-16 09:36:31.000000,151.77,1724300,409695000,5,7744,6990
2025-06-16 09:36:32.000000,151.72,1724300,409695000,138,7744,6990
2025-06-16 09:36:33.000000,151.72,1724300,409695000,138,7744,6990
2025-06-16 09:36:34.000000,151.72,1724300,409695000,138,7744,6990
2025-06-16 09:36:34.000000,151.72,1724300,409909500,138,7744,6990
2025-06-16 09:36:35.000000,151.81,1731965,409909500,77,13269,7044
2025-06-16 09:36:36.000000,151.81,1731965,409909500,77,13269,7044
2025-06-16 09:36:39.000000,151.81,1731965,409909500,25,13269,7044
2025-06-16 09:36:42.000000,151.81,1744103,409909500,14,7322,7378
2025-06-16 09:36:46.000000,151.89,1744103,409909500,1,7322,7378
2025-06-16 09:36:50.000000,151.83,1750015,409909500,2,5517,9826
2025-06-16 09:36:54.000000,151.71,1750015,409909500,177,5517,9826
2025-06-16 09:36:57.000000,151.73,1767158,409909500,9,8551,3594
2025-06-16 09:37:02.000000,151.74,1767158,409909500,3,8551,3594
2025-06-16 09:37:04.000000,151.77,1770973,409909500,2,7035,3967
2025-06-16 09:37:10.000000,151.78,1770973,409909500,287,7035,3967
2025-06-16 09:37:12.000000,151.8,1774120,409909500,100,7608,2906
2025-06-16 09:37:18.000000,151.79,1774120,409909500,15,7608,2906
2025-06-16 09:37:19.000000,151.75,1777727,409909500,2,4535,5403
2025-06-16 09:37:26.000000,151.76,1777727,409909500,14,4535,5403
2025-06-16 09:37:27.000000,151.76,1784249,409909500,14,7695,2396
2025-06-16 09:37:34.000000,151.77,1785317,409909500,88,3842,2715
2025-06-16 09:37:34.000000,151.78,1785317,409909500,4,3842,2715
2025-06-16 09:37:41.000000,151.76,1798666,409909500,1,8428,2093
2025-06-16 09:37:42.000000,151.74,1798666,409909500,19,8428,2093
2025-06-16 09:37:48.000000,151.84,1810077,409909500,2,6008,5138
2025-06-16 09:37:50.000000,151.88,1810077,409909500,1,6008,5138
2025-06-16 09:37:56.000000,151.83,1813067,409909500,23,8581,5502
2025-06-16 09:37:58.000000,151.83,1813067,409909500,227,8581,5502
2025-06-16 09:38:03.000000,151.83,1813966,409909500,20,5104,7577
2025-06-16 09:38:06.000000,151.89,1813966,409909500,1,5104,7577
2025-06-16 09:38:11.000000,151.9,1817535,409909500,44,4604,11113
2025-06-16 09:38:14.000000,151.98,1817535,409909500,7,4604,11113
2025-06-16 09:38:18.000000,151.94,1831719,409909500,256,6676,8169
2025-06-16 09:38:22.000000,151.98,1831719,409909500,1,6676,8169
2025-06-16 09:38:26.000000,151.89,1840809,409909500,120,9178,5633
2025-06-16 09:38:30.000000,151.89,1840809,409909500,382,9178,5633
2025-06-16 09:38:33.000000,151.89,1845800,409909500,1,11315,4115
2025-06-16 09:38:37.000000,151.89,1845800,409909500,10,11315,4115
2025-06-16 09:38:40.000000,151.85,1846616,409909500,100,4384,2836
2025-06-16 09:38:44.000000,151.85,1846616,409909500,2,4384,2836
2025-06-16 09:38:47.000000,151.83,1860609,409909500,136,5473,8241
2025-06-16 09:38:51.000000,151.92,1860609,409909500,2,5473,8241
2025-06-16 09:38:55.000000,151.96,1867257,409909500,9,3380,13435
2025-06-16 09:38:59.000000,151.88,1867257,409909500,19,3380,13435
2025-06-16 09:39:02.000000,151.86,1871342,409909500,50,10679,7780
2025-06-16 09:39:06.000000,151.87,1871342,409909500,50,10679,7780
2025-06-16 09:39:09.000000,151.85,1876166,409909500,1,13151,3559
2025-06-16 09:39:13.000000,151.8,1876166,409909500,13,13151,3559
2025-06-16 09:39:16.000000,151.8,1878277,409909500,2,8769,5179
2025-06-16 09:39:20.000000,151.7,1878277,409909500,102,8769,5179
2025-06-16 09:39:24.000000,151.61,1889311,409909500,204,20191,4262
2025-06-16 09:39:25.000000,151.61,1889311,409909500,204,20191,4262
2025-06-16 09:39:26.000000,151.61,1889311,409909500,204,20191,4262
2025-06-16 09:39:27.000000,151.61,1889311,409909500,204,20191,4262
2025-06-16 09:39:28.000000,151.61,1889311,409909500,204,20191,4262
2025-06-16 09:39:28.000000,151.64,1889311,409909500,5,20191,4262
2025-06-16 09:39:28.000000,151.64,1889311,409909500,5,20191,4262
2025-06-16 09:39:29.000000,151.64,1889311,409909500,5,20191,4262
2025-06-16 09:39:30.000000,151.64,1889311,409909500,5,20191,4262
2025-06-16 09:39:31.000000,151.64,1889311,409909500,5,20191,4262
2025-06-16 09:39:31.000000,151.6,1900538,409909500,50,4759,5663
2025-06-16 09:39:32.000000,151.6,1900538,409909500,50,4759,5663
2025-06-16 09:39:33.000000,151.6,1900538,409909500,50,4759,5663
2025-06-16 09:39:34.000000,151.6,1900538,409909500,50,4759,5663
2025-06-16 09:39:35.000000,151.61,1900538,409909500,9,4759,5663
2025-06-16 09:39:35.000000,151.61,1900538,410025000,9,4759,5663
2025-06-16 09:39:36.000000,151.61,1900538,410025000,9,4759,5663
2025-06-16 09:39:39.000000,151.6,1905061,410025000,1,6400,4893
2025-06-16 09:39:43.000000,151.59,1905061,410025000,30,6400,4893
2025-06-16 09:39:46.000000,151.61,1909108,410025000,9,5755,2651
2025-06-16 09:39:51.000000,151.6,1909108,410025000,3,5755,2651
2025-06-16 09:39:54.000000,151.6,1914074,410025000,1,26395,2316
2025-06-16 09:39:59.000000,151.55,1914074,410025000,5,26395,2316
2025-06-16 09:40:01.000000,151.52,1916244,410025000,5,15361,8667
2025-06-16 09:40:08.000000,151.47,1916244,410025000,67,15361,8667
2025-06-16 09:40:09.000000,151.49,1940514,410025000,29,13092,5061
2025-06-16 09:40:16.000000,151.46,1946605,410025000,59,6907,2277
2025-06-16 09:40:17.000000,151.52,1946605,410025000,25,6907,2277
2025-06-16 09:40:24.000000,151.48,1965567,410025000,86,6847,4505
2025-06-16 09:40:25.000000,151.51,1965567,410025000,24,6847,4505
2025-06-16 09:40:31.000000,151.49,1974187,410025000,51,8745,2233
2025-06-16 09:40:32.000000,151.48,1974187,410025000,333,8745,2233
2025-06-16 09:40:38.000000,151.48,1974187,410025000,333,8745,2233
2025-06-16 09:40:39.000000,151.41,1991153,410025000,4,9377,4454
2025-06-16 09:40:44.000000,151.53,1991153,410025000,1,9377,4454
2025-06-16 09:40:46.000000,151.51,1997556,410025000,241,11526,4666
2025-06-16 09:40:51.000000,151.46,1997556,410025000,1,11526,4666
2025-06-16 09:40:54.000000,151.48,2002008,410025000,1,4261,7981
2025-06-16 09:40:58.000000,151.51,2002008,410025000,6,4261,7981
2025-06-16 09:41:01.000000,151.58,2015520,410025000,1,11041,3682
2025-06-16 09:41:05.000000,151.58,2015520,410025000,200,11041,3682
2025-06-16 09:41:09.000000,151.56,2018537,410025000,24,8385,6376
2025-06-16 09:41:12.000000,151.63,2018537,410025000,5,8385,6376
2025-06-16 09:41:17.000000,151.55,2020032,410025000,2,2349,9128
2025-06-16 09:41:18.000000,151.56,2020032,410025000,15,2349,9128
2025-06-16 09:41:24.000000,151.69,2023123,410025000,1,4757,4395
2025-06-16 09:41:24.000000,151.69,2023123,410025000,1,4757,4395
2025-06-16 09:41:31.000000,151.57,2023123,410025000,1,4757,4395
2025-06-16 09:41:31.000000,151.61,2028035,410025000,1,6433,4385
2025-06-16 09:41:39.000000,151.71,2030075,410025000,45,6705,6452
2025-06-16 09:41:39.000000,151.69,2030075,410025000,90,6705,6452
2025-06-16 09:41:46.000000,151.66,2030075,410025000,3,6705,6452
2025-06-16 09:41:46.000000,151.66,2031489,410025000,3,3630,4399
2025-06-16 09:41:53.000000,151.55,2031489,410025000,200,3630,4399
2025-06-16 09:41:54.000000,151.55,2038369,410025000,200,24934,8576
2025-06-16 09:42:01.000000,151.55,2038939,410025000,25,31321,4582
2025-06-16 09:42:01.000000,151.55,2038939,410025000,25,31321,4582
2025-06-16 09:42:09.000000,151.5,2051455,410025000,250,18725,4444
2025-06-16 09:42:09.000000,151.55,2051455,410025000,1,18725,4444
2025-06-16 09:42:16.000000,151.56,2051455,410025000,3,18725,4444
2025-06-16 09:42:16.000000,151.56,2053673,410025000,3,13822,3643
2025-06-16 09:42:23.000000,151.64,2053673,410025000,1,13822,3643
2025-06-16 09:42:24.000000,151.56,2060117,410025000,20,8589,6418
2025-06-16 09:42:26.000000,151.56,2060117,410025000,20,8589,6418
2025-06-16 09:42:27.000000,151.56,2060117,410025000,20,8589,6418
2025-06-16 09:42:28.000000,151.56,2060117,410025000,20,8589,6418
2025-06-16 09:42:29.000000,151.56,2060117,410025000,20,8589,6418
2025-06-16 09:42:29.000000,151.65,2060117,410025000,1,8589,6418
2025-06-16 09:42:29.000000,151.65,2060117,410025000,1,8589,6418
2025-06-16 09:42:30.000000,151.65,2060117,410025000,1,8589,6418
2025-06-16 09:42:31.000000,151.65,2060117,410025000,1,8589,6418
2025-06-16 09:42:31.000000,151.63,2078571,410025000,10,5269,5250
2025-06-16 09:42:32.000000,151.63,2078571,410025000,10,5269,5250
2025-06-16 09:42:34.000000,151.63,2078571,410025000,10,5269,5250
2025-06-16 09:42:35.000000,151.63,2078571,410025000,10,5269,5250
2025-06-16 09:42:35.000000,151.7,2078571,410025000,1,5269,5250
2025-06-16 09:42:36.000000,151.7,2078571,409948000,1,5269,5250
2025-06-16 09:42:37.000000,151.7,2078571,409948000,1,5269,5250
2025-06-16 09:42:39.000000,151.63,2082470,409948000,80,8368,10831
2025-06-16 09:42:41.000000,151.57,2082470,409948000,1050,8368,10831
2025-06-16 09:42:47.000000,151.56,2088048,409948000,500,4283,8038
2025-06-16 09:42:47.000000,151.59,2088048,409948000,10,4283,8038
2025-06-16 09:42:53.000000,151.56,2088048,409948000,4,4283,8038
2025-06-16 09:42:54.000000,151.55,2093897,409948000,3,14128,4060
2025-06-16 09:43:00.000000,151.56,2093897,409948000,1,14128,4060
2025-06-16 09:43:02.000000,151.53,2107506,409948000,113,23216,3375
2025-06-16 09:43:06.000000,151.56,2107506,409948000,33,23216,3375
2025-06-16 09:43:09.000000,151.63,2110185,409948000,1,9867,5386
2025-06-16 09:43:11.000000,151.57,2110185,409948000,30,9867,5386
2025-06-16 09:43:16.000000,151.59,2110185,409948000,40,9867,5386
2025-06-16 09:43:17.000000,151.58,2118534,409948000,50,17043,7953
2025-06-16 09:43:22.000000,151.59,2118534,409948000,5,17043,7953
2025-06-16 09:43:24.000000,151.63,2121147,409948000,12,3817,12689
2025-06-16 09:43:28.000000,151.63,2121147,409948000,3,3817,12689
2025-06-16 09:43:31.000000,151.66,2123641,409948000,15,3830,4422
2025-06-16 09:43:35.000000,151.63,2123641,409948000,1,3830,4422
2025-06-16 09:43:38.000000,151.61,2124251,409948000,5,2816,3380
2025-06-16 09:43:41.000000,151.63,2124251,409948000,100,2816,3380
2025-06-16 09:43:45.000000,151.72,2127069,409948000,71,3516,2780
2025-06-16 09:43:47.000000,151.72,2127069,409948000,1,3516,2780
2025-06-16 09:43:53.000000,151.72,2128099,409948000,3,6096,10924
2025-06-16 09:43:54.000000,151.75,2128099,409948000,1,6096,10924
2025-06-16 09:44:00.000000,151.75,2128726,409948000,9,12241,7706
2025-06-16 09:44:01.000000,151.72,2128726,409948000,2,12241,7706
2025-06-16 09:44:07.000000,151.72,2129077,409948000,6,13467,3238
2025-06-16 09:44:08.000000,151.66,2129077,409948000,110,13467,3238
2025-06-16 09:44:15.000000,151.68,2130137,409948000,20,1903,8300
2025-06-16 09:44:15.000000,151.68,2130137,409948000,20,1903,8300
2025-06-16 09:44:22.000000,151.59,2130137,409948000,85,1903,8300
2025-06-16 09:44:22.000000,151.54,2133192,409948000,1,29629,4728
2025-06-16 09:44:28.000000,151.54,2133192,409948000,100,29629,4728
2025-06-16 09:44:30.000000,151.57,2134939,409948000,19,12262,3623
2025-06-16 09:44:34.000000,151.56,2134939,409948000,2,12262,3623
2025-06-16 09:44:37.000000,151.56,2140587,409948000,250,31363,4760
2025-06-16 09:44:40.000000,151.55,2140587,409948000,1,31363,4760
2025-06-16 09:44:45.000000,151.53,2158641,409948000,1,10329,4317
2025-06-16 09:44:47.000000,151.53,2158641,409948000,80,10329,4317
2025-06-16 09:44:52.000000,151.55,2160361,409948000,1,15553,2717
2025-06-16 09:44:53.000000,151.56,2160361,409948000,2,15553,2717
2025-06-16 09:44:59.000000,151.6,2160361,409948000,140,15553,2717
2025-06-16 09:44:59.000000,151.6,2171104,409948000,140,7817,6416
2025-06-16 09:45:05.000000,151.55,2171104,409948000,566,7817,6416
2025-06-16 09:45:07.000000,151.5,2174654,409948000,100,6108,3807
2025-06-16 09:45:12.000000,151.47,2174654,409948000,50,6108,3807
2025-06-16 09:45:15.000000,151.45,2176769,409948000,200,6787,960
2025-06-16 09:45:19.000000,151.55,2176769,409948000,20,6787,960
2025-06-16 09:45:22.000000,151.5,2178343,409948000,145,15707,2762
2025-06-16 09:45:25.000000,151.51,2178343,409948000,1,15707,2762
2025-06-16 09:45:26.000000,151.51,2178343,409948000,1,15707,2762
2025-06-16 09:45:27.000000,151.51,2178343,409948000,1,15707,2762
2025-06-16 09:45:28.000000,151.51,2178343,409948000,1,15707,2762
2025-06-16 09:45:29.000000,151.51,2178343,409948000,1,15707,2762
2025-06-16 09:45:29.000000,151.56,2180773,409948000,6,9198,5475
2025-06-16 09:45:30.000000,151.56,2180773,409948000,6,9198,5475
2025-06-16 09:45:30.000000,151.56,2180773,409948000,10,9198,5475
2025-06-16 09:45:30.000000,151.56,2180773,409948000,10,9198,5475
2025-06-16 09:45:31.000000,151.56,2180773,409948000,10,9198,5475
2025-06-16 09:45:32.000000,151.56,2180773,409948000,10,9198,5475
2025-06-16 09:45:33.000000,151.56,2180773,409948000,10,9198,5475
2025-06-16 09:45:34.000000,151.56,2180773,409948000,10,9198,5475
2025-06-16 09:45:35.000000,151.48,2180773,409948000,27,9198,5475
2025-06-16 09:45:35.000000,151.48,2180773,409948000,27,9198,5475
2025-06-16 09:45:36.000000,151.48,2180773,409887500,27,9198,5475
2025-06-16 09:45:36.000000,151.51,2182895,409887500,49,13386,7559
2025-06-16 09:45:37.000000,151.51,2182895,409887500,49,13386,7559
2025-06-16 09:45:41.000000,151.43,2182895,409887500,50,13386,7559
2025-06-16 09:45:44.000000,151.48,2184405,409887500,1,12696,5361
2025-06-16 09:45:48.000000,151.48,2184405,409887500,514,12696,5361
2025-06-16 09:45:51.000000,151.5,2187756,409887500,11,7790,3458
2025-06-16 09:45:54.000000,151.49,2187756,409887500,6,7790,3458
2025-06-16 09:45:58.000000,151.48,2190817,409887500,45,17673,5137
2025-06-16 09:46:00.000000,151.48,2190817,409887500,1,17673,5137
2025-06-16 09:46:05.000000,151.38,2204061,409887500,1,23732,8053
2025-06-16 09:46:06.000000,151.38,2204061,409887500,15,23732,8053
2025-06-16 09:46:12.000000,151.25,2204061,409887500,2,23732,8053
2025-06-16 09:46:12.000000,151.25,2249266,409887500,2,5930,2886
2025-06-16 09:46:19.000000,151.3,2249266,409887500,300,5930,2886
2025-06-16 09:46:19.000000,151.3,2262671,409887500,300,16931,3958
2025-06-16 09:46:26.000000,151.24,2262671,409887500,1,16931,3958
2025-06-16 09:46:26.000000,151.24,2277579,409887500,1,21439,8536
2025-06-16 09:46:32.000000,151.24,2277579,409887500,2,21439,8536
2025-06-16 09:46:33.000000,151.25,2285732,409887500,52,4384,6075
2025-06-16 09:46:38.000000,151.26,2285732,409887500,14,4384,6075
2025-06-16 09:46:41.000000,151.26,2289539,409887500,11,9508,5024
2025-06-16 09:46:45.000000,151.26,2289539,409887500,10,9508,5024
2025-06-16 09:46:48.000000,151.25,2290941,409887500,50,17952,6540
2025-06-16 09:46:52.000000,151.25,2290941,409887500,2,17952,6540
2025-06-16 09:46:55.000000,151.25,2299076,409887500,19,26594,7292
2025-06-16 09:46:59.000000,151.21,2299076,409887500,114,26594,7292
2025-06-16 09:47:02.000000,151.22,2301094,409887500,184,38094,7773
2025-06-16 09:47:07.000000,151.2,2301094,409887500,30,38094,7773
2025-06-16 09:47:09.000000,151.15,2319369,409887500,1,16572,3699
2025-06-16 09:47:15.000000,151.25,2319369,409887500,1,16572,3699
2025-06-16 09:47:16.000000,151.22,2343874,409887500,1,16453,7139
2025-06-16 09:47:22.000000,151.17,2343874,409887500,78,16453,7139
2025-06-16 09:47:23.000000,151.22,2349202,409887500,16,10267,13442
2025-06-16 09:47:29.000000,151.19,2349202,409887500,10,10267,13442
2025-06-16 09:47:30.000000,151.19,2353720,409887500,6,10010,14023
2025-06-16 09:47:36.000000,151.19,2353720,409887500,237,10010,14023
2025-06-16 09:47:37.000000,151.19,2358516,409887500,398,8752,12736
2025-06-16 09:47:43.000000,151.19,2358516,409887500,264,8752,12736
2025-06-16 09:47:45.000000,151.19,2364052,409887500,1,18143,9653
2025-06-16 09:47:50.000000,151.17,2364052,409887500,3,18143,9653
2025-06-16 09:47:52.000000,151.13,2364336,409887500,25,31978,6540
2025-06-16 09:47:57.000000,151.18,2364336,409887500,2,31978,6540
2025-06-16 09:47:59.000000,151.18,2365715,409887500,70,32972,7398
2025-06-16 09:48:04.000000,151.15,2365715,409887500,1,32972,7398
2025-06-16 09:48:06.000000,151.18,2371539,409887500,50,37616,6361
2025-06-16 09:48:11.000000,151.14,2371539,409887500,185,37616,6361
2025-06-16 09:48:13.000000,151.14,2373737,409887500,1,10564,9188
2025-06-16 09:48:18.000000,151.14,2373737,409887500,1,10564,9188
2025-06-16 09:48:20.000000,151.18,2379344,409887500,5,12447,11187
2025-06-16 09:48:26.000000,151.18,2379344,409887500,15,12447,11187
2025-06-16 09:48:26.000000,151.18,2379344,409887500,15,12447,11187
2025-06-16 09:48:27.000000,151.18,2379344,409887500,15,12447,11187
2025-06-16 09:48:27.000000,151.13,2382157,409887500,163,11623,18635
2025-06-16 09:48:27.000000,151.13,2382157,409887500,163,11623,18635
2025-06-16 09:48:28.000000,151.13,2382157,409887500,163,11623,18635
2025-06-16 09:48:29.000000,151.13,2382157,409887500,163,11623,18635
2025-06-16 09:48:30.000000,151.13,2382157,409887500,163,11623,18635
2025-06-16 09:48:31.000000,151.13,2382157,409887500,163,11623,18635
2025-06-16 09:48:32.000000,151.13,2382157,409887500,163,11623,18635
2025-06-16 09:48:33.000000,151.13,2382157,409887500,163,11623,18635
2025-06-16 09:48:33.000000,151.15,2382157,409887500,1,11623,18635
2025-06-16 09:48:33.000000,151.15,2382157,409887500,1,11623,18635
2025-06-16 09:48:34.000000,151.15,2386908,409887500,1,12069,18643
2025-06-16 09:48:35.000000,151.15,2386908,409887500,1,12069,18643
2025-06-16 09:48:36.000000,151.15,2386908,409887500,1,12069,18643
2025-06-16 09:48:37.000000,151.15,2386908,409931500,1,12069,18643
2025-06-16 09:48:38.000000,151.15,2386908,409931500,1,12069,18643
2025-06-16 09:48:39.000000,151.15,2386908,409931500,606,12069,18643
2025-06-16 09:48:41.000000,151.13,2395744,409931500,700,13483,6015
2025-06-16 09:48:45.000000,151.1,2395744,409931500,21,13483,6015
2025-06-16 09:48:48.000000,151.13,2403259,409931500,2,6887,11477
2025-06-16 09:48:52.000000,151.1,2403259,409931500,3,6887,11477
2025-06-16 09:48:55.000000,151.1,2407927,409931500,53,22408,14374
2025-06-16 09:48:59.000000,151.02,2407927,409931500,4,22408,14374
2025-06-16 09:49:02.000000,151.0,2445687,409931500,11,29440,12714
2025-06-16 09:49:06.000000,151.01,2445687,409931500,84,29440,12714
2025-06-16 09:49:09.000000,151.02,2477565,409931500,3,6104,5261
2025-06-16 09:49:13.000000,151.01,2477565,409931500,25,6104,5261
2025-06-16 09:49:16.000000,151.02,2502709,409931500,7,8789,12934
2025-06-16 09:49:20.000000,151.07,2502709,409931500,20,8789,12934
2025-06-16 09:49:23.000000,151.08,2515338,409931500,250,18836,8257
2025-06-16 09:49:26.000000,151.07,2515338,409931500,159,18836,8257
2025-06-16 09:49:30.000000,151.05,2516276,409931500,3,2994,7232
2025-06-16 09:49:32.000000,151.02,2516276,409931500,218,2994,7232
2025-06-16 09:49:37.000000,151.02,2518267,409931500,77,3038,7019
2025-06-16 09:49:38.000000,151.02,2518267,409931500,14,3038,7019
2025-06-16 09:49:44.000000,151.02,2518267,409931500,436,3038,7019
2025-06-16 09:49:44.000000,151.02,2522592,409931500,436,11986,9317
2025-06-16 09:49:51.000000,151.11,2522592,409931500,51,11986,9317
2025-06-16 09:49:51.000000,151.11,2539360,409931500,51,4526,11107
2025-06-16 09:49:58.000000,151.07,2549578,409931500,3,6786,6840
2025-06-16 09:49:59.000000,151.1,2549578,409931500,100,6786,6840
2025-06-16 09:50:01.000000,150.98,2549578,409931500,56,6786,6840
2025-06-16 09:50:01.000000,151.0,2556646,409931500,50,5447,4828
2025-06-16 09:50:02.000000,151.04,2556646,409931500,100,5447,4828
2025-06-16 09:50:02.000000,150.99,2558514,409931500,76,6443,4913
2025-06-16 09:50:03.000000,150.99,2558514,409931500,1,6443,4913
2025-06-16 09:50:03.000000,150.99,2559002,409931500,6,23732,5261
2025-06-16 09:50:04.000000,150.99,2559002,409931500,6,23732,5261
2025-06-16 09:50:04.000000,150.99,2559002,409931500,6,21918,5499
2025-06-16 09:50:05.000000,150.99,2559116,409931500,100,19363,7890
2025-06-16 09:50:05.000000,151.02,2559116,409931500,10,19363,7890
2025-06-16 09:50:06.000000,151.02,2559350,409931500,15,19207,8293
2025-06-16 09:50:06.000000,151.02,2559350,409931500,1,19207,8293
2025-06-16 09:50:07.000000,151.03,2559352,409931500,1,18941,10195
2025-06-16 09:50:07.000000,151.03,2559352,409931500,1,18941,10195
2025-06-16 09:50:08.000000,151.0,2559402,409931500,1,2169,9413
2025-06-16 09:50:08.000000,151.0,2559402,409931500,1,2169,9413
2025-06-16 09:50:09.000000,150.99,2559469,409931500,64,2106,10709
2025-06-16 09:50:09.000000,150.99,2559469,409931500,64,2106,10709
2025-06-16 09:50:10.204000,150.99,2559469,409931500,64,2106,10709
2025-06-16 09:50:10.000000,150.91,2561204,409931500,50,10034,10224
2025-06-16 09:50:10.000000,150.91,2561204,409931500,50,10034,10224
2025-06-16 09:50:11.000000,150.96,2561316,409931500,100,9973,10785
2025-06-16 09:50:11.000000,150.96,2561316,409931500,100,9973,10785
2025-06-16 09:50:12.000000,150.9,2561903,409931500,5,11937,5645
2025-06-16 09:50:12.000000,150.9,2561903,409931500,5,11937,5645
2025-06-16 09:50:13.000000,150.9,2562083,409931500,120,7869,6417
2025-06-16 09:50:13.000000,150.92,2562083,409931500,10,7869,6417
2025-06-16 09:50:14.000000,150.9,2562103,409931500,10,9191,1605
2025-06-16 09:50:14.000000,150.9,2562103,409931500,280,9191,1605
2025-06-16 09:50:15.000000,151.0,2564724,409931500,149,15493,2637
2025-06-16 09:50:15.000000,151.0,2564724,409931500,149,15493,2637
2025-06-16 09:50:16.000000,150.93,2564778,409931500,42,19061,4514
2025-06-16 09:50:16.000000,150.99,2564778,409931500,50,19061,4514
2025-06-16 09:50:17.000000,150.93,2564835,409931500,6,11330,6582
2025-06-16 09:50:17.000000,150.93,2564835,409931500,6,11330,6582
2025-06-16 09:50:18.000000,150.93,2565174,409931500,10,8528,5349
2025-06-16 09:50:18.000000,150.93,2565174,409931500,10,8528,5349
2025-06-16 09:50:19.000000,150.91,2565448,409931500,15,10564,7138
2025-06-16 09:50:19.000000,150.96,2565448,409931500,385,10564,7138
2025-06-16 09:50:20.000000,151.0,2567658,409931500,2,32772,2281
2025-06-16 09:50:20.000000,151.0,2567658,409931500,3,32772,2281
2025-06-16 09:50:21.000000,151.06,2570787,409931500,67,5523,3366
2025-06-16 09:50:21.000000,150.98,2570787,409931500,299,5523,3366
2025-06-16 09:50:22.000000,151.03,2571389,409931500,1,6024,4105
2025-06-16 09:50:22.000000,150.99,2571389,409931500,84,6024,4105
2025-06-16 09:50:23.000000,151.02,2572110,409931500,1,3134,7594
2025-06-16 09:50:23.000000,151.03,2572110,409931500,15,3134,7594
2025-06-16 09:50:24.000000,151.02,2572792,409931500,1,2135,7395
2025-06-16 09:50:24.000000,151.02,2572792,409931500,1,2135,7395
2025-06-16 09:50:25.000000,151.01,2572892,409931500,1,4189,8379
2025-06-16 09:50:25.000000,151.0,2572892,409931500,1,4189,8379
2025-06-16 09:50:26.000000,150.99,2573123,409931500,1,1894,7059
2025-06-16 09:50:26.000000,150.99,2573123,409931500,1,1894,7059
2025-06-16 09:50:27.000000,150.98,2573207,409931500,69,3881,8814
2025-06-16 09:50:27.000000,150.98,2573207,409931500,45,3881,8814
2025-06-16 09:50:28.000000,151.01,2573651,409931500,1,9349,3144
2025-06-16 09:50:28.000000,151.0,2573651,409931500,100,9349,3144
2025-06-16 09:50:29.000000,151.0,2573771,409931500,20,1881,4824
2025-06-16 09:50:29.000000,151.0,2573771,409931500,1,1881,4824
2025-06-16 09:50:30.000000,150.95,2573927,409931500,142,11754,6373
2025-06-16 09:50:30.000000,151.0,2573927,409931500,10,11754,6373
2025-06-16 09:50:31.000000,150.99,2575010,409931500,1,14996,11656
2025-06-16 09:50:31.000000,150.93,2575010,409931500,98,14996,11656
2025-06-16 09:50:32.000000,151.0,2576618,409931500,324,2935,9963
2025-06-16 09:50:32.000000,151.0,2576618,409931500,1,2935,9963
2025-06-16 09:50:33.000000,151.0,2576624,409931500,1,8497,3529
2025-06-16 09:50:33.000000,151.0,2576624,409931500,1,8497,3529
2025-06-16 09:50:34.000000,150.99,2576830,409931500,1,30560,4268
2025-06-16 09:50:34.000000,151.0,2576830,409931500,1,30560,4268
2025-06-16 09:50:35.000000,151.0,2576838,409931500,1,34521,5939
2025-06-16 09:50:35.000000,150.99,2576838,409931500,3,34521,5939
2025-06-16 09:50:36.000000,150.92,2578545,409931500,99,15596,16513
2025-06-16 09:50:36.000000,150.96,2578545,409931500,1,15596,16513
2025-06-16 09:50:37.000000,150.98,2578550,409931500,1,16634,7596
2025-06-16 09:50:37.000000,150.96,2578550,409931500,1,16634,7596
2025-06-16 09:50:38.000000,150.91,2578670,409931500,95,16875,3320
2025-06-16 09:50:38.000000,150.96,2578670,409931500,1,16875,3320
2025-06-16 09:50:39.000000,150.96,2580369,409931500,184,7346,5212
2025-06-16 09:50:39.000000,151.0,2580369,409931500,1,7346,5212
2025-06-16 09:50:40.000000,151.0,2582186,409931500,1,13548,5692
2025-06-16 09:50:40.000000,151.0,2582186,409931500,1,13548,5692
2025-06-16 09:50:40.000000,151.0,2582282,409931500,1,9603,3687
2025-06-16 09:50:41.000000,150.96,2582282,409931500,79,9603,3687
2025-06-16 09:50:41.000000,150.96,2582517,409931500,70,4942,4167
2025-06-16 09:50:42.000000,151.0,2582517,409931500,5,4942,4167
2025-06-16 09:50:42.000000,151.0,2582553,409931500,1,16971,6644
2025-06-16 09:50:43.000000,151.0,2582553,409931500,1,16971,6644
2025-06-16 09:50:43.000000,150.99,2582662,409931500,6,3523,3549
2025-06-16 09:50:44.000000,150.94,2582662,409931500,100,3523,3549
2025-06-16 09:50:44.000000,150.99,2582817,409931500,1,14082,4260
2025-06-16 09:50:45.000000,150.96,2582817,409931500,64,14082,4260
2025-06-16 09:50:45.000000,151.0,2583538,409931500,1,9342,5993
2025-06-16 09:50:46.000000,151.0,2583538,409931500,409,9342,5993
2025-06-16 09:50:46.000000,150.99,2585698,409931500,10,7934,5015
2025-06-16 09:50:47.000000,150.99,2585698,409931500,10,7934,5015
2025-06-16 09:50:48.000000,151.05,2585698,409931500,1,7934,5015
2025-06-16 09:50:48.000000,151.02,2586202,409931500,1,4768,5894
2025-06-16 09:50:49.000000,151.02,2586202,409931500,5,4768,5894
2025-06-16 09:50:49.000000,151.02,2586318,409931500,3,9837,7100
2025-06-16 09:50:50.000000,151.02,2586318,409931500,1,9837,7100
2025-06-16 09:50:50.000000,151.0,2586387,409931500,68,9176,6738
2025-06-16 09:50:51.000000,151.02,2586387,409931500,1,9176,6738
2025-06-16 09:50:51.000000,151.0,2586596,409931500,5,9375,6648
2025-06-16 09:50:52.000000,151.0,2586596,409931500,69,9375,6648
2025-06-16 09:50:52.000000,151.0,2586665,409931500,69,10110,5209
2025-06-16 09:50:53.000000,151.02,2586665,409931500,2,10110,5209
2025-06-16 09:50:53.000000,151.02,2587098,409931500,1,10112,6039
2025-06-16 09:50:54.000000,151.0,2587098,409931500,101,10112,6039
2025-06-16 09:50:54.000000,151.02,2587200,409931500,1,10434,5651
2025-06-16 09:50:55.000000,151.01,2587200,409931500,4,10434,5651
2025-06-16 09:50:55.000000,151.01,2587808,409931500,4,7015,19551
2025-06-16 09:50:56.000000,151.02,2587808,409931500,49,7015,19551
2025-06-16 09:50:56.000000,151.03,2588666,409931500,500,5285,21647
2025-06-16 09:50:57.000000,151.05,2588666,409931500,1,5285,21647
2025-06-16 09:50:57.000000,151.03,2589074,409931500,54,4071,2653
2025-06-16 09:50:58.000000,151.05,2589074,409931500,1,4071,2653
2025-06-16 09:50:58.000000,151.05,2589187,409931500,100,2957,5805
2025-06-16 09:50:59.000000,151.03,2589187,409931500,5,2957,5805
2025-06-16 09:50:59.000000,151.03,2589542,409931500,5,2093,9541
2025-06-16 09:51:00.000000,151.02,2589542,409931500,130,2093,9541
2025-06-16 09:51:02.000000,151.01,2591707,409931500,1,14636,8330
2025-06-16 09:51:05.000000,151.02,2591707,409931500,1,14636,8330
2025-06-16 09:51:09.000000,151.02,2593707,409931500,20,3332,10269
2025-06-16 09:51:11.000000,151.02,2593707,409931500,1,3332,10269
2025-06-16 09:51:16.000000,151.01,2623116,409931500,150,9683,4550
2025-06-16 09:51:17.000000,151.11,2623116,409931500,20,9683,4550
2025-06-16 09:51:23.000000,151.18,2635540,409931500,1,7437,10165
2025-06-16 09:51:24.000000,151.19,2635540,409931500,266,7437,10165
2025-06-16 09:51:27.000000,151.19,2635540,409931500,266,7437,10165
2025-06-16 09:51:28.000000,151.19,2635540,409931500,266,7437,10165
2025-06-16 09:51:29.000000,151.19,2635540,409931500,266,7437,10165
2025-06-16 09:51:30.000000,151.19,2635540,409931500,266,7437,10165
2025-06-16 09:51:30.000000,151.29,2635540,409931500,1,7437,10165
2025-06-16 09:51:30.000000,151.23,2656015,409931500,5,10331,4014
2025-06-16 09:51:30.000000,151.23,2656015,409931500,5,10331,4014
2025-06-16 09:51:31.000000,151.23,2656015,409931500,5,10331,4014
2025-06-16 09:51:32.000000,151.23,2656015,409931500,5,10331,4014
2025-06-16 09:51:33.000000,151.23,2656015,409931500,5,10331,4014
2025-06-16 09:51:34.000000,151.23,2656015,409931500,5,10331,4014
2025-06-16 09:51:36.000000,151.23,2656015,409931500,5,10331,4014
2025-06-16 09:51:36.000000,151.26,2656015,409931500,159,10331,4014
2025-06-16 09:51:37.000000,151.26,2656015,409931500,159,10331,4014
2025-06-16 09:51:37.000000,151.27,2669514,409931500,1,3201,8248
2025-06-16 09:51:38.000000,151.27,2669514,409992000,1,3201,8248
2025-06-16 09:51:39.000000,151.27,2669514,409992000,1,3201,8248
2025-06-16 09:51:42.000000,151.24,2669514,409992000,1,3201,8248
2025-06-16 09:51:44.000000,151.16,2687624,409992000,13,10894,5981
2025-06-16 09:51:48.000000,151.23,2687624,409992000,1,10894,5981
2025-06-16 09:51:51.000000,151.21,2692450,409992000,2,3068,13032
2025-06-16 09:51:54.000000,151.21,2692450,409992000,160,3068,13032
2025-06-16 09:51:58.000000,151.17,2693853,409992000,2,8204,8217
2025-06-16 09:52:00.000000,151.25,2693853,409992000,2,8204,8217
2025-06-16 09:52:01.000000,151.25,2699805,409992000,2,8921,6592
2025-06-16 09:52:01.000000,151.31,2699805,409992000,603,8921,6592
2025-06-16 09:52:02.000000,151.27,2700635,409992000,50,6256,9795
2025-06-16 09:52:02.000000,151.29,2700635,409992000,21,6256,9795
2025-06-16 09:52:03.000000,151.24,2700635,409992000,600,6256,9795
2025-06-16 09:52:03.000000,151.24,2701546,409992000,600,5142,5034
2025-06-16 09:52:04.000000,151.25,2701546,409992000,30,5142,5034
2025-06-16 09:52:04.000000,151.25,2701726,409992000,130,7395,1308
2025-06-16 09:52:05.000000,151.29,2701726,409992000,5,7395,1308
2025-06-16 09:52:05.000000,151.29,2701774,409992000,33,4662,3574
2025-06-16 09:52:06.000000,151.28,2701774,409992000,1,4662,3574
2025-06-16 09:52:06.000000,151.29,2702123,409992000,16,2246,4594
2025-06-16 09:52:07.000000,151.29,2702123,409992000,16,2246,4594
2025-06-16 09:52:07.000000,151.28,2702299,409992000,75,5836,6339
2025-06-16 09:52:08.000000,151.27,2702299,409992000,26,5836,6339
2025-06-16 09:52:09.000000,151.23,2703626,409992000,6,3170,4936
2025-06-16 09:52:09.000000,151.21,2703626,409992000,1,3170,4936
2025-06-16 09:52:10.000000,151.24,2704061,409992000,2,9325,2622
2025-06-16 09:52:10.000000,151.24,2704061,409992000,2,9325,2622
2025-06-16 09:52:11.000000,151.22,2704101,409992000,40,5982,3012
2025-06-16 09:52:11.000000,151.22,2704101,409992000,200,5982,3012
2025-06-16 09:52:12.000000,151.22,2704354,409992000,34,5099,2477
2025-06-16 09:52:12.000000,151.22,2704354,409992000,30,5099,2477
2025-06-16 09:52:13.000000,151.22,2704404,409992000,20,7538,8053
2025-06-16 09:52:13.000000,151.22,2704404,409992000,20,7538,8053
2025-06-16 09:52:14.000000,151.21,2704635,409992000,18,5409,7757
2025-06-16 09:52:14.000000,151.21,2704635,409992000,1,5409,7757
2025-06-16 09:52:15.000000,151.21,2704635,409992000,38,5409,7757
2025-06-16 09:52:15.000000,151.21,2706372,409992000,38,12102,9246
2025-06-16 09:52:16.000000,151.21,2706372,409992000,15,12102,9246
2025-06-16 09:52:16.000000,151.21,2706398,409992000,15,7338,2501
2025-06-16 09:52:17.000000,151.21,2706398,409992000,1,7338,2501
2025-06-16 09:52:17.000000,151.21,2706399,409992000,1,9064,4571
2025-06-16 09:52:18.000000,151.18,2706399,409992000,16,9064,4571
2025-06-16 09:52:18.000000,151.18,2706415,409992000,16,8396,2575
2025-06-16 09:52:19.000000,151.19,2706415,409992000,20,8396,2575
2025-06-16 09:52:19.000000,151.22,2707105,409992000,71,8740,1159
2025-06-16 09:52:20.000000,151.19,2707105,409992000,20,8740,1159
2025-06-16 09:52:21.000000,151.22,2707236,409992000,1,8387,1613
2025-06-16 09:52:21.000000,151.29,2707236,409992000,58,8387,1613
2025-06-16 09:52:22.000000,151.22,2708322,409992000,354,8275,10254
2025-06-16 09:52:22.000000,151.3,2708322,409992000,27,8275,10254
2025-06-16 09:52:23.000000,151.3,2708404,409992000,4,12382,9380
2025-06-16 09:52:23.000000,151.3,2708404,409992000,4,12382,9380
2025-06-16 09:52:24.000000,151.25,2708417,409992000,10,12641,9945
2025-06-16 09:52:24.000000,151.25,2708417,409992000,10,12641,9945
2025-06-16 09:52:25.000000,151.3,2708990,409992000,50,6867,10297
2025-06-16 09:52:25.000000,151.3,2708990,409992000,100,6867,10297
2025-06-16 09:52:26.000000,151.3,2709091,409992000,1,5082,9749
2025-06-16 09:52:26.000000,151.3,2709091,409992000,1,5082,9749
2025-06-16 09:52:27.000000,151.3,2709092,409992000,1,4811,9748
2025-06-16 09:52:27.000000,151.3,2709092,409992000,1,4811,9748
2025-06-16 09:52:28.000000,151.3,2709092,409992000,1,3390,9259
2025-06-16 09:52:29.000000,151.3,2709093,409992000,1,3383,8745
2025-06-16 09:52:29.000000,151.3,2709093,409992000,1,3383,8745
2025-06-16 09:52:30.000000,151.3,2709093,409992000,351,3383,8745
2025-06-16 09:52:30.000000,151.3,2714409,409992000,351,8140,3596
2025-06-16 09:52:31.000000,151.31,2714409,409992000,18,8140,3596
2025-06-16 09:52:31.000000,151.31,2715521,409992000,18,9438,2747
2025-06-16 09:52:32.000000,151.38,2715895,409992000,124,7666,5558
2025-06-16 09:52:32.000000,151.38,2715895,409992000,122,7666,5558
2025-06-16 09:52:33.000000,151.3,2715895,409992000,1,7666,5558
2025-06-16 09:52:33.000000,151.33,2716443,409992000,25,12194,2080
2025-06-16 09:52:34.000000,151.33,2716443,409992000,32,12194,2080
2025-06-16 09:52:34.000000,151.33,2716481,409992000,32,7231,8762
2025-06-16 09:52:35.000000,151.27,2716481,409992000,207,7231,8762
2025-06-16 09:52:35.000000,151.27,2718752,409992000,25,4458,7008
2025-06-16 09:52:36.000000,151.26,2718752,409992000,98,4458,7008
2025-06-16 09:52:36.000000,151.27,2719263,409992000,121,3410,5174
2025-06-16 09:52:37.000000,151.27,2719263,409992000,121,3410,5174
2025-06-16 09:52:38.000000,151.3,2719265,409992000,2,6102,4906
2025-06-16 09:52:38.000000,151.27,2719265,409992000,1,6102,4906
2025-06-16 09:52:39.000000,151.27,2719267,409992000,1,3922,4400
2025-06-16 09:52:39.000000,151.27,2719267,409992000,1,3922,4400
2025-06-16 09:52:40.000000,151.27,2719271,409992000,1,4238,6761
2025-06-16 09:52:40.000000,151.3,2719271,409992000,1,4238,6761
2025-06-16 09:52:41.000000,151.27,2719332,409992000,1,7186,6940
2025-06-16 09:52:41.000000,151.29,2719332,409992000,92,7186,6940
2025-06-16 09:52:42.000000,151.27,2719442,409992000,1,6797,7617
2025-06-16 09:52:42.000000,151.27,2719442,409992000,800,6797,7617
2025-06-16 09:52:43.000000,151.27,2720494,409992000,1,2836,7791
2025-06-16 09:52:43.000000,151.27,2720494,409992000,1,2836,7791
2025-06-16 09:52:44.000000,151.27,2720497,409992000,2,3565,5978
2025-06-16 09:52:44.000000,151.27,2720497,409992000,2,3565,5978
2025-06-16 09:52:45.000000,151.27,2720497,409992000,1,3565,5978
2025-06-16 09:52:45.000000,151.27,2720701,409992000,1,2943,4535
2025-06-16 09:52:46.000000,151.27,2720701,409992000,1,2943,4535
2025-06-16 09:52:46.000000,151.27,2720787,409992000,1,2205,5878
2025-06-16 09:52:47.000000,151.29,2720787,409992000,2,2205,5878
2025-06-16 09:52:47.000000,151.29,2722195,409992000,2,2995,4045
2025-06-16 09:52:48.000000,151.27,2722195,409992000,1,2995,4045
2025-06-16 09:52:48.000000,151.27,2722199,409992000,1,2511,4372
2025-06-16 09:52:49.000000,151.29,2722199,409992000,1,2511,4372
2025-06-16 09:52:49.000000,151.29,2723231,409992000,1,8742,2148
2025-06-16 09:52:50.000000,151.3,2723531,409992000,259,4340,2616
2025-06-16 09:52:51.000000,151.27,2723531,409992000,197,4340,2616
2025-06-16 09:52:51.000000,151.33,2724740,409992000,9,12006,9511
2025-06-16 09:52:52.000000,151.25,2724740,409992000,150,12006,9511
2025-06-16 09:52:52.000000,151.29,2724895,409992000,3,3604,10836
2025-06-16 09:52:53.000000,151.29,2724895,409992000,1,3604,10836
2025-06-16 09:52:54.000000,151.28,2724901,409992000,1,3292,8908
2025-06-16 09:52:54.000000,151.27,2724901,409992000,1,3292,8908
2025-06-16 09:52:54.000000,151.29,2725050,409992000,14,5183,13810
2025-06-16 09:52:55.000000,151.27,2725050,409992000,1,5183,13810
2025-06-16 09:52:56.000000,151.28,2725370,409992000,150,12487,7834
2025-06-16 09:52:56.000000,151.3,2725370,409992000,697,12487,7834
2025-06-16 09:52:57.000000,151.27,2726433,409992000,60,4692,8307
2025-06-16 09:52:57.000000,151.28,2726433,409992000,2,4692,8307
2025-06-16 09:52:58.000000,151.28,2726463,409992000,3,6181,5253
2025-06-16 09:52:58.000000,151.28,2726463,409992000,14,6181,5253
2025-06-16 09:52:59.000000,151.27,2726547,409992000,70,8842,5880
2025-06-16 09:52:59.000000,151.27,2726547,409992000,50,8842,5880
2025-06-16 09:53:00.000000,151.27,2726597,409992000,50,10397,11535
2025-06-16 09:53:01.000000,151.29,2726597,409992000,5,10397,11535
2025-06-16 09:53:02.000000,151.29,2727458,409992000,2,3834,11440
2025-06-16 09:53:06.000000,151.29,2727458,409992000,1,3834,11440
2025-06-16 09:53:09.000000,151.17,2732480,409992000,1,7929,7114
2025-06-16 09:53:11.000000,151.21,2732480,409992000,1,7929,7114
2025-06-16 09:53:16.000000,151.05,2744266,409992000,402,54147,3682
2025-06-16 09:53:16.000000,151.06,2744266,409992000,6,54147,3682
2025-06-16 09:53:22.000000,151.05,2744266,409992000,500,54147,3682
2025-06-16 09:53:23.000000,151.05,2747958,409992000,25,10473,1451
2025-06-16 09:53:27.000000,151.17,2747958,409992000,4,10473,1451
2025-06-16 09:53:30.000000,151.19,2749526,409992000,1,4216,6376
2025-06-16 09:53:32.000000,151.19,2749526,409992000,4,4216,6376
2025-06-16 09:53:36.000000,151.12,2753773,409992000,10,6110,6155
2025-06-16 09:53:37.000000,151.19,2753773,409992000,5,6110,6155
2025-06-16 09:53:42.000000,151.14,2753773,409992000,25,6110,6155
2025-06-16 09:53:43.000000,151.07,2755434,409992000,92,10259,12158
2025-06-16 09:53:47.000000,151.12,2755434,409992000,1,10259,12158
2025-06-16 09:53:50.000000,151.06,2758832,409992000,20,28613,6328
2025-06-16 09:53:52.000000,151.07,2758832,409992000,1,28613,6328
2025-06-16 09:53:57.000000,151.11,2760332,409992000,5,21910,8327
2025-06-16 09:53:58.000000,151.11,2760332,409992000,5,21910,8327
2025-06-16 09:54:03.000000,151.1,2760332,409992000,3,21910,8327
2025-06-16 09:54:04.000000,151.11,2760794,409992000,5,6499,5796
2025-06-16 09:54:08.000000,151.04,2760794,409992000,4,6499,5796
2025-06-16 09:54:11.000000,151.03,2813706,409992000,278,3643,10969
2025-06-16 09:54:15.000000,151.03,2813706,409992000,2,3643,10969
2025-06-16 09:54:18.000000,151.0,2824746,409992000,17,1973,8755
2025-06-16 09:54:21.000000,151.01,2824746,409992000,2,1973,8755
2025-06-16 09:54:25.000000,151.03,2827861,409992000,112,3469,8619
2025-06-16 09:54:26.000000,150.98,2827861,409992000,201,3469,8619
2025-06-16 09:54:27.000000,150.98,2827861,409992000,201,3469,8619
2025-06-16 09:54:28.000000,150.98,2827861,409992000,201,3469,8619
2025-06-16 09:54:29.000000,150.98,2827861,409992000,201,3469,8619
2025-06-16 09:54:30.000000,150.98,2827861,409992000,201,3469,8619
2025-06-16 09:54:30.000000,151.03,2827861,409992000,1,3469,8619
2025-06-16 09:54:30.000000,151.03,2827861,409992000,1,3469,8619
2025-06-16 09:54:31.000000,151.03,2827861,409992000,1,3469,8619
2025-06-16 09:54:32.000000,151.03,2827861,409992000,1,3469,8619
2025-06-16 09:54:32.000000,151.02,2855995,409992000,10,4903,9793
2025-06-16 09:54:33.000000,151.02,2855995,409992000,10,4903,9793
2025-06-16 09:54:34.000000,151.02,2855995,409992000,10,4903,9793
2025-06-16 09:54:34.000000,150.96,2855995,409992000,139,4903,9793
2025-06-16 09:54:34.000000,150.96,2855995,409992000,139,4903,9793
2025-06-16 09:54:36.000000,150.96,2855995,409992000,139,4903,9793
2025-06-16 09:54:37.000000,150.96,2855995,409992000,139,4903,9793
2025-06-16 09:54:38.000000,150.96,2855995,410784000,139,4903,9793
2025-06-16 09:54:39.000000,150.96,2855995,410784000,139,4903,9793
2025-06-16 09:54:39.000000,150.98,2855995,410784000,150,4903,9793
2025-06-16 09:54:40.000000,150.98,2866758,410784000,150,36062,8292
2025-06-16 09:54:45.000000,150.95,2866758,410784000,1,36062,8292
2025-06-16 09:54:46.000000,150.95,2867975,410784000,1,37336,8282
2025-06-16 09:54:50.000000,150.95,2867975,410784000,1,37336,8282
2025-06-16 09:54:53.000000,150.93,2868635,410784000,2,33388,8722
2025-06-16 09:54:55.000000,151.0,2868635,410784000,1,33388,8722
2025-06-16 09:55:00.000000,151.0,2868635,410784000,1,33388,8722
2025-06-16 09:55:00.000000,151.0,2871168,410784000,1,4039,12770
2025-06-16 09:55:05.000000,150.95,2871168,410784000,56,4039,12770
2025-06-16 09:55:07.000000,150.89,2873356,410784000,1,3023,9118
2025-06-16 09:55:11.000000,150.92,2873356,410784000,36,3023,9118
2025-06-16 09:55:14.000000,150.96,2875909,410784000,1,5359,9402
2025-06-16 09:55:17.000000,150.99,2875909,410784000,2,5359,9402
2025-06-16 09:55:20.000000,150.89,2926888,410784000,100,7824,16450
2025-06-16 09:55:22.000000,150.96,2926888,410784000,1,7824,16450
2025-06-16 09:55:26.000000,150.96,2926888,410784000,1,7824,16450
2025-06-16 09:55:27.000000,150.93,2939368,410784000,1,6107,9836
2025-06-16 09:55:30.000000,151.0,2939368,410784000,1,6107,9836
2025-06-16 09:55:34.000000,150.95,2943753,410784000,1,9062,13555
2025-06-16 09:55:34.000000,150.96,2943753,410784000,59,9062,13555
2025-06-16 09:55:38.000000,150.96,2943753,410784000,1,9062,13555
2025-06-16 09:55:40.000000,150.91,2947129,410784000,9,6034,9002
2025-06-16 09:55:42.000000,150.91,2947129,410784000,70,6034,9002
2025-06-16 09:55:46.000000,150.96,2947129,410784000,3,6034,9002
2025-06-16 09:55:47.000000,150.91,2949401,410784000,2,6227,3125
2025-06-16 09:55:51.000000,150.95,2949401,410784000,28,6227,3125
2025-06-16 09:55:54.000000,150.98,2951963,410784000,219,7080,7457
2025-06-16 09:55:56.000000,151.02,2951963,410784000,110,7080,7457
2025-06-16 09:56:01.000000,151.0,2951963,410784000,30,7080,7457
2025-06-16 09:56:01.000000,151.0,2960496,410784000,30,6461,2831
2025-06-16 09:56:02.000000,151.06,2960496,410784000,36,6461,2831
2025-06-16 09:56:02.000000,151.06,2961857,410784000,1,8015,2196
2025-06-16 09:56:03.000000,151.03,2961857,410784000,100,8015,2196
2025-06-16 09:56:03.000000,151.06,2962022,410784000,10,6100,2974
2025-06-16 09:56:04.000000,151.06,2962022,410784000,2,6100,2974
2025-06-16 09:56:04.000000,151.06,2962040,410784000,2,2225,6559
2025-06-16 09:56:05.000000,151.03,2962040,410784000,25,2225,6559
2025-06-16 09:56:05.000000,151.03,2962066,410784000,25,1804,6304
2025-06-16 09:56:06.000000,151.03,2962066,410784000,300,1804,6304
2025-06-16 09:56:06.000000,151.03,2962366,410784000,300,1509,6304
2025-06-16 09:56:07.000000,151.06,2962366,410784000,1,1509,6304
2025-06-16 09:56:07.000000,151.06,2962370,410784000,1,1908,5035
2025-06-16 09:56:08.000000,151.06,2962370,410784000,1,1908,5035
2025-06-16 09:56:08.000000,151.06,2962958,410784000,1,2859,5028
2025-06-16 09:56:09.000000,151.06,2962958,410784000,1,2859,5028
2025-06-16 09:56:10.000000,151.03,2962958,410784000,1,2859,5028
2025-06-16 09:56:10.000000,151.03,2963002,410784000,1,6684,4222
2025-06-16 09:56:11.000000,151.02,2963315,410784000,96,5194,4661
2025-06-16 09:56:11.000000,151.06,2963315,410784000,7,5194,4661
2025-06-16 09:56:12.000000,151.01,2963438,410784000,24,7004,4720
2025-06-16 09:56:12.000000,151.06,2963438,410784000,160,7004,4720
2025-06-16 09:56:13.000000,151.06,2963604,410784000,1,6618,4524
2025-06-16 09:56:13.000000,151.06,2963604,410784000,1,6618,4524
2025-06-16 09:56:14.000000,151.01,2963609,410784000,1,7575,4086
2025-06-16 09:56:14.000000,151.06,2963609,410784000,1,7575,4086
2025-06-16 09:56:15.000000,151.06,2963609,410784000,1,7575,4086
2025-06-16 09:56:16.000000,151.06,2963609,410784000,1,7575,4086
2025-06-16 09:56:17.000000,151.06,2963628,410784000,1,6958,6490
2025-06-16 09:56:17.000000,151.06,2963628,410784000,1,6958,6490
2025-06-16 09:56:18.000000,151.06,2963743,410784000,1,8284,4239
2025-06-16 09:56:18.000000,151.06,2963743,410784000,1,8284,4239
2025-06-16 09:56:19.000000,151.06,2965900,410784000,1,7789,3653
2025-06-16 09:56:19.000000,151.07,2965900,410784000,20,7789,3653
2025-06-16 09:56:20.000000,151.07,2965900,410784000,1,7789,3653
2025-06-16 09:56:21.000000,151.07,2969981,410784000,1,10640,958
2025-06-16 09:56:21.000000,151.1,2969981,410784000,200,10640,958
2025-06-16 09:56:21.000000,151.1,2970283,410784000,200,12174,2435
2025-06-16 09:56:22.000000,151.11,2970283,410784000,3,12174,2435
2025-06-16 09:56:22.000000,151.11,2970286,410784000,3,13232,2788
2025-06-16 09:56:24.000000,151.12,2970286,410784000,3,13232,2788
2025-06-16 09:56:24.000000,151.12,2970902,410784000,3,5750,2240
2025-06-16 09:56:25.000000,151.13,2970902,410784000,40,5750,2240
2025-06-16 09:56:26.000000,151.11,2970902,410784000,98,5750,2240
2025-06-16 09:56:26.000000,151.11,2971184,410784000,98,14897,5727
2025-06-16 09:56:27.000000,151.15,2971184,410784000,119,14897,5727
2025-06-16 09:56:27.000000,151.15,2971403,410784000,100,1998,5676
2025-06-16 09:56:28.000000,151.15,2971403,410784000,10,1998,5676
2025-06-16 09:56:28.000000,151.15,2971413,410784000,10,3464,6688
2025-06-16 09:56:29.000000,151.11,2971413,410784000,20,3464,6688
2025-06-16 09:56:29.000000,151.11,2971483,410784000,20,15462,6573
2025-06-16 09:56:30.000000,151.15,2971483,410784000,4,15462,6573
2025-06-16 09:56:30.000000,151.15,2971487,410784000,4,3909,6850
2025-06-16 09:56:31.000000,151.15,2971487,410784000,530,3909,6850
2025-06-16 09:56:31.000000,151.15,2973561,410784000,803,21797,10438
2025-06-16 09:56:32.000000,151.08,2973561,410784000,1,21797,10438
2025-06-16 09:56:33.000000,151.1,2973561,410784000,100,21797,10438
2025-06-16 09:56:34.000000,151.09,2997074,410784000,3,12365,7643
2025-06-16 09:56:34.000000,151.09,2997074,410784000,3,12365,7643
2025-06-16 09:56:35.000000,151.09,2997222,410784000,1,9754,1477
2025-06-16 09:56:35.000000,151.09,2997222,410784000,3,9754,1477
2025-06-16 09:56:36.000000,151.09,2997644,410784000,137,4724,10874
2025-06-16 09:56:36.000000,151.15,2997644,410784000,56,4724,10874
2025-06-16 09:56:37.000000,151.15,2997701,410784000,56,10355,13730
2025-06-16 09:56:37.000000,151.07,2997701,410784000,184,10355,13730
2025-06-16 09:56:38.000000,151.14,2997962,410784000,19,9732,11983
2025-06-16 09:56:38.000000,151.14,2997962,410784000,2,9732,11983
2025-06-16 09:56:39.000000,151.14,2998178,410784000,3,9468,5608
2025-06-16 09:56:39.000000,151.08,2998178,410784000,50,9468,5608
2025-06-16 09:56:40.000000,151.08,2998259,410784000,2,6326,9755
2025-06-16 09:56:40.000000,151.08,2998259,410784000,2,6326,9755
2025-06-16 09:56:41.000000,151.11,2998358,410784000,9,6227,9666
2025-06-16 09:56:41.000000,151.11,2998358,410784000,9,6227,9666
2025-06-16 09:56:42.000000,151.11,2998358,410784000,9,7286,7086
2025-06-16 09:56:43.000000,151.11,2998812,410784000,4,9688,5302
2025-06-16 09:56:43.000000,151.11,2998812,410784000,23,9688,5302
2025-06-16 09:56:44.000000,151.11,2998846,410784000,23,10575,3891
2025-06-16 09:56:44.000000,151.11,2998846,410784000,1,10575,3891
2025-06-16 09:56:45.000000,151.08,2998915,410784000,6,10126,5296
2025-06-16 09:56:45.000000,151.11,2998915,410784000,1,10126,5296
2025-06-16 09:56:46.000000,151.11,2998936,410784000,2,6170,7759
2025-06-16 09:56:46.000000,151.11,2998936,410784000,1,6170,7759
2025-06-16 09:56:47.000000,151.08,2999196,410784000,257,5913,8616
2025-06-16 09:56:47.000000,151.11,2999196,410784000,1,5913,8616
2025-06-16 09:56:48.000000,151.08,2999196,410784000,500,5913,8616
2025-06-16 09:56:49.000000,151.11,3001244,410784000,14,7774,5652
2025-06-16 09:56:49.000000,151.11,3001244,410784000,14,7774,5652
2025-06-16 09:56:50.000000,151.06,3002044,410784000,589,11902,4715
2025-06-16 09:56:50.000000,151.11,3002044,410784000,1,11902,4715
2025-06-16 09:56:51.000000,151.06,3002478,410784000,327,12161,5645
2025-06-16 09:56:51.000000,151.06,3002478,410784000,130,12161,5645
2025-06-16 09:56:52.000000,151.06,3002478,410784000,80,12161,5645
2025-06-16 09:56:52.000000,151.11,3002793,410784000,5,14890,7179
2025-06-16 09:56:53.000000,151.1,3002793,410784000,1,14890,7179
2025-06-16 09:56:53.000000,151.1,3002874,410784000,1,8780,8042
2025-06-16 09:56:54.000000,151.1,3002874,410784000,1,8780,8042
2025-06-16 09:56:54.000000,151.1,3002876,410784000,1,8780,7227
2025-06-16 09:56:55.000000,151.1,3002876,410784000,5,8780,7227
2025-06-16 09:56:56.000000,151.1,3002881,410784000,5,15972,8378
2025-06-16 09:56:56.000000,151.1,3002881,410784000,1,15972,8378
2025-06-16 09:56:57.000000,151.07,3002881,410784000,1,15972,8378
2025-06-16 09:56:57.000000,151.07,3002884,410784000,1,17391,2789
2025-06-16 09:56:58.000000,151.1,3002884,410784000,150,17391,2789
2025-06-16 09:56:58.000000,151.06,3003174,410784000,18,17247,3925
2025-06-16 09:56:59.000000,151.06,3003174,410784000,18,17247,3925
2025-06-16 09:56:59.000000,151.06,3003174,410784000,18,13887,4032
2025-06-16 09:57:00.000000,151.09,3003174,410784000,10,13887,4032
2025-06-16 09:57:00.000000,151.09,3003184,410784000,10,15374,3270
2025-06-16 09:57:01.000000,151.09,3003184,410784000,1,15374,3270
2025-06-16 09:57:02.000000,151.09,3003351,410784000,100,15226,6311
2025-06-16 09:57:05.000000,151.08,3003351,410784000,30,15226,6311
2025-06-16 09:57:08.000000,151.03,3008753,410784000,75,11160,3811
2025-06-16 09:57:09.000000,151.03,3008753,410784000,75,11160,3811
2025-06-16 09:57:13.000000,151.04,3008753,410784000,100,11160,3811
2025-06-16 09:57:15.000000,151.05,3010592,410784000,45,6959,8011
2025-06-16 09:57:18.000000,151.0,3010592,410784000,25,6959,8011
2025-06-16 09:57:22.000000,151.01,3012389,410784000,5,2087,6548
2025-06-16 09:57:23.000000,151.0,3012389,410784000,100,2087,6548
2025-06-16 09:57:28.000000,151.0,3012389,410784000,100,2087,6548
2025-06-16 09:57:28.000000,151.06,3012389,410784000,13,2087,6548
2025-06-16 09:57:28.000000,151.06,3012389,410784000,13,2087,6548
2025-06-16 09:57:28.000000,151.06,3014602,410784000,198,7194,1546
2025-06-16 09:57:29.000000,151.06,3014602,410784000,198,7194,1546
2025-06-16 09:57:30.000000,151.06,3014602,410784000,198,7194,1546
2025-06-16 09:57:31.000000,151.06,3014602,410784000,198,7194,1546
2025-06-16 09:57:32.000000,151.06,3014602,410784000,198,7194,1546
2025-06-16 09:57:33.000000,151.06,3014602,410784000,198,7194,1546
2025-06-16 09:57:33.000000,151.05,3014602,410784000,1,7194,1546
2025-06-16 09:57:34.000000,151.05,3014602,410784000,1,7194,1546
2025-06-16 09:57:35.000000,151.05,3014602,410784000,1,7194,1546
2025-06-16 09:57:35.000000,151.09,3016630,410784000,3,8157,9318
2025-06-16 09:57:36.000000,151.09,3016630,410784000,3,8157,9318
2025-06-16 09:57:37.000000,151.09,3016630,410784000,3,8157,9318
2025-06-16 09:57:37.000000,151.06,3016630,410784000,8,8157,9318
2025-06-16 09:57:38.000000,151.06,3016630,411020500,8,8157,9318
2025-06-16 09:57:39.000000,151.06,3016630,411020500,8,8157,9318
2025-06-16 09:57:41.000000,151.06,3016630,411020500,30,8157,9318
2025-06-16 09:57:42.000000,151.09,3017175,411020500,1,7046,3789
2025-06-16 09:57:45.000000,151.04,3017175,411020500,1,7046,3789
2025-06-16 09:57:49.000000,151.05,3017919,411020500,10,11411,3877
2025-06-16 09:57:49.000000,151.05,3017919,411020500,10,11411,3877
2025-06-16 09:57:53.000000,151.02,3017919,411020500,10,11411,3877
2025-06-16 09:57:55.000000,151.05,3018675,411020500,8,9774,6897
2025-06-16 09:57:57.000000,151.0,3018675,411020500,17,9774,6897
2025-06-16 09:58:01.000000,151.04,3018675,411020500,50,9774,6897
2025-06-16 09:58:02.000000,151.05,3019248,411020500,5,10140,4645
2025-06-16 09:58:05.000000,151.05,3019248,411020500,36,10140,4645
2025-06-16 09:58:09.000000,151.06,3020979,411020500,10,8797,3205
2025-06-16 09:58:09.000000,151.09,3020979,411020500,2,8797,3205
2025-06-16 09:58:13.000000,151.13,3020979,411020500,11,8797,3205
2025-06-16 09:58:15.000000,151.11,3025841,411020500,100,8123,5558
2025-06-16 09:58:18.000000,151.15,3025841,411020500,3,8123,5558
2025-06-16 09:58:21.000000,151.19,3028231,411020500,57,8428,1599
2025-06-16 09:58:23.000000,151.16,3028231,411020500,1,8428,1599
2025-06-16 09:58:28.000000,151.16,3028401,411020500,1,8114,3588
2025-06-16 09:58:28.000000,151.19,3028401,411020500,6,8114,3588
2025-06-16 09:58:32.000000,151.16,3028401,411020500,50,8114,3588
2025-06-16 09:58:35.000000,151.16,3029573,411020500,9,7405,3010
2025-06-16 09:58:36.000000,151.2,3029573,411020500,20,7405,3010
2025-06-16 09:58:40.000000,151.17,3029573,411020500,50,7405,3010
2025-06-16 09:58:41.000000,151.17,3030308,411020500,3,8564,4857
2025-06-16 09:58:44.000000,151.23,3030308,411020500,748,8564,4857
2025-06-16 09:58:48.000000,151.07,3040055,411020500,24,9846,7951
2025-06-16 09:58:49.000000,151.13,3040055,411020500,1,9846,7951
2025-06-16 09:58:55.000000,151.07,3041685,411020500,18,19938,5024
2025-06-16 09:58:56.000000,151.12,3041685,411020500,10,19938,5024
2025-06-16 09:59:02.000000,151.13,3043724,411020500,1,25837,3230
2025-06-16 09:59:02.000000,151.09,3043724,411020500,88,25837,3230
2025-06-16 09:59:08.000000,151.1,3043724,411020500,200,25837,3230
2025-06-16 09:59:09.000000,151.1,3044714,411020500,200,16078,3390
2025-06-16 09:59:14.000000,151.16,3044714,411020500,3,16078,3390
2025-06-16 09:59:15.000000,151.13,3046162,411020500,1,14690,3224
2025-06-16 09:59:19.000000,151.12,3046162,411020500,60,14690,3224
2025-06-16 09:59:22.000000,151.12,3047937,411020500,200,18572,4084
2025-06-16 09:59:23.000000,151.17,3047937,411020500,223,18572,4084
2025-06-16 09:59:27.000000,151.13,3047937,411020500,11,18572,4084
2025-06-16 09:59:29.000000,151.19,3049446,411020500,1,10791,9047
2025-06-16 09:59:31.000000,151.19,3049446,411020500,100,10791,9047
2025-06-16 09:59:35.000000,151.13,3049446,411020500,2,10791,9047
2025-06-16 09:59:35.000000,151.13,3050132,411020500,2,12238,8012
2025-06-16 09:59:39.000000,151.25,3050132,411020500,1000,12238,8012
2025-06-16 09:59:42.000000,151.25,3075261,411020500,16,11509,6219
2025-06-16 09:59:43.000000,151.33,3075261,411020500,1,11509,6219
2025-06-16 09:59:47.000000,151.25,3075261,411020500,5,11509,6219
2025-06-16 09:59:49.000000,151.25,3079254,411020500,50,6071,8616
2025-06-16 09:59:51.000000,151.29,3079254,411020500,2,6071,8616
2025-06-16 09:59:55.000000,151.22,3081460,411020500,18,14608,6085
2025-06-16 09:59:55.000000,151.29,3081460,411020500,2,14608,6085
2025-06-16 09:59:58.000000,151.29,3081460,411020500,500,14608,6085
2025-06-16 10:00:00.000000,151.25,3083875,411020500,1,7449,5570
2025-06-16 10:00:00.000000,151.25,3083875,411020500,1,7449,5570
2025-06-16 10:00:02.000000,151.21,3083875,411020500,100,7449,5570
2025-06-16 10:00:05.000000,151.13,3092542,411020500,9,7264,6278
2025-06-16 10:00:05.000000,151.2,3092542,411020500,13,7264,6278
2025-06-16 10:00:09.000000,151.2,3092542,411020500,2169,7264,6278
2025-06-16 10:00:10.000000,151.21,3105521,411020500,14,6450,4306
2025-06-16 10:00:13.000000,151.16,3105521,411020500,100,6450,4306
2025-06-16 10:00:15.000000,151.21,3108675,411020500,5,20985,5902
2025-06-16 10:00:17.000000,151.27,3108675,411020500,1,20985,5902
2025-06-16 10:00:20.000000,151.24,3108675,411020500,1,20985,5902
2025-06-16 10:00:21.000000,151.22,3110301,411020500,150,11363,7235
2025-06-16 10:00:23.000000,151.28,3110301,411020500,5,11363,7235
2025-06-16 10:00:26.000000,151.29,3110301,411020500,1,11363,7235
2025-06-16 10:00:26.000000,151.29,3111919,411020500,1,4961,5365
2025-06-16 10:00:28.000000,151.29,3111919,411020500,1,4961,5365
2025-06-16 10:00:29.000000,151.29,3111919,411020500,1,4961,5365
2025-06-16 10:00:29.000000,151.26,3111919,411020500,60,4961,5365
2025-06-16 10:00:29.000000,151.26,3111919,411020500,60,4961,5365
2025-06-16 10:00:30.000000,151.26,3111919,411020500,60,4961,5365
2025-06-16 10:00:31.000000,151.26,3111919,411020500,60,4961,5365
2025-06-16 10:00:32.000000,151.26,3111919,411020500,60,4961,5365
2025-06-16 10:00:32.000000,151.25,3111919,411020500,100,4961,5365
2025-06-16 10:00:32.000000,151.25,3113440,411020500,100,4197,6188
2025-06-16 10:00:32.000000,151.25,3113440,411020500,100,4197,6188
2025-06-16 10:00:33.000000,151.25,3113440,411020500,100,4197,6188
2025-06-16 10:00:34.000000,151.25,3113440,411020500,100,4197,6188
2025-06-16 10:00:35.000000,151.25,3113440,411020500,100,4197,6188
2025-06-16 10:00:36.000000,151.25,3113440,411020500,1,4197,6188
2025-06-16 10:00:37.000000,151.25,3113440,411020500,1,4197,6188
2025-06-16 10:00:38.000000,151.25,3113440,411020500,1,4197,6188
2025-06-16 10:00:39.000000,151.25,3113440,411257000,1,4197,6188
2025-06-16 10:00:40.000000,151.19,3114470,411257000,1,31149,5827
2025-06-16 10:00:40.000000,151.19,3114470,411257000,1,31149,5827
2025-06-16 10:00:42.000000,151.19,3114470,411257000,2,31149,5827
2025-06-16 10:00:47.000000,151.19,3115045,411257000,1,34986,4976
2025-06-16 10:00:48.000000,151.19,3115045,411257000,30,34986,4976
2025-06-16 10:00:54.000000,151.19,3115045,411257000,1,34986,4976
2025-06-16 10:00:55.000000,151.19,3116827,411257000,1,7132,4914
2025-06-16 10:00:59.000000,151.19,3116827,411257000,1,7132,4914
2025-06-16 10:01:01.000000,151.15,3116827,411257000,40,7132,4914
2025-06-16 10:01:01.000000,151.15,3118781,411257000,40,17971,5061
2025-06-16 10:01:02.000000,151.16,3118789,411257000,7,17972,6047
2025-06-16 10:01:02.000000,151.16,3118789,411257000,7,17972,6047
2025-06-16 10:01:03.000000,151.16,3118789,411257000,2,17972,6047
2025-06-16 10:01:03.000000,151.16,3119049,411257000,2,18764,5810
2025-06-16 10:01:04.000000,151.16,3119049,411257000,33,18764,5810
2025-06-16 10:01:04.000000,151.16,3119325,411257000,33,16450,3330
2025-06-16 10:01:05.000000,151.16,3119325,411257000,24,16450,3330
2025-06-16 10:01:05.000000,151.16,3119349,411257000,24,13659,5286
2025-06-16 10:01:06.000000,151.14,3119349,411257000,1,13659,5286
2025-06-16 10:01:06.000000,151.12,3119501,411257000,100,17899,6458
2025-06-16 10:01:07.000000,151.13,3119501,411257000,1,17899,6458
2025-06-16 10:01:07.000000,151.13,3119502,411257000,1,18467,6926
2025-06-16 10:01:08.000000,151.12,3119502,411257000,158,18467,6926
2025-06-16 10:01:08.000000,151.12,3126122,411257000,158,13977,8755
2025-06-16 10:01:09.000000,151.12,3126122,411257000,25,13977,8755
2025-06-16 10:01:09.000000,151.12,3126147,411257000,25,15208,4527
2025-06-16 10:01:10.000000,151.12,3126213,411257000,1,14089,8008
2025-06-16 10:01:10.000000,151.12,3126213,411257000,1,14089,8008
2025-06-16 10:01:11.000000,151.11,3127166,411257000,1,12852,8584
2025-06-16 10:01:11.000000,151.1,3127166,411257000,72,12852,8584
2025-06-16 10:01:12.000000,151.11,3127268,411257000,30,12780,9044
2025-06-16 10:01:12.000000,151.11,3127268,411257000,30,12780,9044
2025-06-16 10:01:13.000000,151.1,3127277,411257000,2,12778,9481
2025-06-16 10:01:13.000000,151.1,3127277,411257000,2,12778,9481
2025-06-16 10:01:14.000000,151.06,3140162,411257000,100,13735,7805
2025-06-16 10:01:14.000000,151.06,3140162,411257000,3,13735,7805
2025-06-16 10:01:15.000000,151.06,3140167,411257000,1,14810,7036
2025-06-16 10:01:15.000000,151.06,3140167,411257000,1,14810,7036
2025-06-16 10:01:16.000000,151.06,3140174,411257000,1,15255,6226
2025-06-16 10:01:16.000000,151.06,3140174,411257000,1,15255,6226
2025-06-16 10:01:17.000000,151.06,3140175,411257000,1,16457,5515
2025-06-16 10:01:18.000000,151.06,3140175,411257000,1,15255,5533
2025-06-16 10:01:18.000000,151.05,3140175,411257000,88,15255,5533
2025-06-16 10:01:19.000000,151.05,3140639,411257000,190,14862,5204
2025-06-16 10:01:19.000000,151.06,3140639,411257000,1,14862,5204
2025-06-16 10:01:20.000000,151.06,3141141,411257000,235,14862,5030
2025-06-16 10:01:20.000000,151.06,3141141,411257000,235,14862,5030
2025-06-16 10:01:21.000000,151.06,3141141,411257000,235,14862,4702
2025-06-16 10:01:21.000000,151.05,3141141,411257000,2,14862,4702
2025-06-16 10:01:22.000000,151.06,3141153,411257000,7,14760,5445
2025-06-16 10:01:22.000000,151.06,3141153,411257000,1,14760,5445
2025-06-16 10:01:23.000000,151.06,3141174,411257000,1,15116,4655
2025-06-16 10:01:23.000000,151.06,3141174,411257000,3,15116,4655
2025-06-16 10:01:24.000000,151.06,3141200,411257000,3,16947,3733
2025-06-16 10:01:24.000000,151.06,3141200,411257000,3,16947,3733
2025-06-16 10:01:25.000000,151.06,3141218,411257000,10,15526,4624
2025-06-16 10:01:25.000000,151.06,3141218,411257000,10,15526,4624
2025-06-16 10:01:26.000000,151.02,3141854,411257000,100,17372,5379
2025-06-16 10:01:26.000000,151.02,3141854,411257000,100,17372,5379
2025-06-16 10:01:27.000000,151.06,3141968,411257000,6,19437,5223
2025-06-16 10:01:27.000000,151.06,3141968,411257000,1,19437,5223
2025-06-16 10:01:28.000000,151.02,3142184,411257000,200,16448,5349
2025-06-16 10:01:28.000000,151.04,3142184,411257000,10,16448,5349
2025-06-16 10:01:29.000000,151.04,3142402,411257000,3,17108,1598
2025-06-16 10:01:29.000000,151.04,3142402,411257000,20,17108,1598
2025-06-16 10:01:30.000000,151.04,3142456,411257000,1,17532,2902
2025-06-16 10:01:30.000000,151.04,3142456,411257000,2,17532,2902
2025-06-16 10:01:31.000000,151.12,3145729,411257000,2,7749,6207
2025-06-16 10:01:31.000000,151.12,3145729,411257000,4,7749,6207
2025-06-16 10:01:32.000000,151.08,3145958,411257000,220,8486,4911
2025-06-16 10:01:32.000000,151.08,3145958,411257000,220,8486,4911
2025-06-16 10:01:33.000000,151.08,3145958,411257000,220,9104,2543
2025-06-16 10:01:33.000000,151.12,3145958,411257000,1,9104,2543
2025-06-16 10:01:34.000000,151.12,3147732,411257000,914,11267,5705
2025-06-16 10:01:34.000000,151.16,3147732,411257000,2,11267,5705
2025-06-16 10:01:35.000000,151.19,3147956,411257000,14,6572,9638
2025-06-16 10:01:35.000000,151.19,3147956,411257000,1,6572,9638
2025-06-16 10:01:36.000000,151.13,3148205,411257000,221,4788,8420
2025-06-16 10:01:36.000000,151.19,3148205,411257000,5,4788,8420
2025-06-16 10:01:37.000000,151.13,3148299,411257000,25,3291,10658
2025-06-16 10:01:37.000000,151.13,3148299,411257000,25,3291,10658
2025-06-16 10:01:38.000000,151.18,3148303,411257000,1,4864,13551
2025-06-16 10:01:38.000000,151.17,3148303,411257000,13,4864,13551
2025-06-16 10:01:39.000000,151.16,3148421,411257000,4,6448,10110
2025-06-16 10:01:39.000000,151.17,3148421,411257000,6,6448,10110
2025-06-16 10:01:40.000000,151.17,3148432,411257000,4,5818,12474
2025-06-16 10:01:40.000000,151.17,3148432,411257000,1,5818,12474
2025-06-16 10:01:41.000000,151.13,3148438,411257000,5,5890,12630
2025-06-16 10:01:41.000000,151.13,3148438,411257000,2,5890,12630
2025-06-16 10:01:42.000000,151.16,3148504,411257000,3,5848,12166
2025-06-16 10:01:42.000000,151.16,3148504,411257000,6,5848,12166
2025-06-16 10:01:43.000000,151.16,3148510,411257000,6,1525,13424
2025-06-16 10:01:44.000000,151.15,3148905,411257000,40,12661,13458
2025-06-16 10:01:44.000000,151.13,3148905,411257000,10,12661,13458
2025-06-16 10:01:45.000000,151.1,3149377,411257000,25,6163,7740
2025-06-16 10:01:45.000000,151.11,3149377,411257000,10,6163,7740
2025-06-16 10:01:46.000000,151.11,3149757,411257000,1,6177,10980
2025-06-16 10:01:46.000000,151.11,3149757,411257000,1,6177,10980
2025-06-16 10:01:47.000000,151.11,3149762,411257000,3,6175,10689
2025-06-16 10:01:47.000000,151.1,3149762,411257000,1,6175,10689
2025-06-16 10:01:48.000000,151.09,3149766,411257000,3,672,8110
2025-06-16 10:01:48.000000,151.11,3149766,411257000,10,672,8110
2025-06-16 10:01:49.000000,151.11,3149788,411257000,1,673,5296
2025-06-16 10:01:49.000000,151.09,3149788,411257000,1,673,5296
2025-06-16 10:01:50.000000,151.09,3149794,411257000,1,839,4401
2025-06-16 10:01:50.000000,151.11,3149794,411257000,7,839,4401
2025-06-16 10:01:51.000000,151.02,3149874,411257000,3,25053,6612
2025-06-16 10:01:51.000000,151.11,3149874,411257000,99,25053,6612
2025-06-16 10:01:52.000000,151.05,3149980,411257000,5,4638,10312
2025-06-16 10:01:52.000000,151.09,3149980,411257000,67,4638,10312
2025-06-16 10:01:53.000000,151.05,3150147,411257000,100,18011,11524
2025-06-16 10:01:53.000000,151.09,3150147,411257000,1,18011,11524
2025-06-16 10:01:54.000000,151.08,3155167,411257000,5,24251,8525
2025-06-16 10:01:54.000000,151.08,3155167,411257000,1,24251,8525
2025-06-16 10:01:55.000000,151.08,3155174,411257000,6,19126,8645
2025-06-16 10:01:55.000000,151.08,3155174,411257000,6,19126,8645
2025-06-16 10:01:56.000000,151.08,3155174,411257000,6,17852,11330
2025-06-16 10:01:56.000000,151.08,3155174,411257000,2,17852,11330
2025-06-16 10:01:57.000000,151.07,3155282,411257000,4,16708,11390
2025-06-16 10:01:57.000000,151.07,3155282,411257000,2,16708,11390
2025-06-16 10:01:58.000000,151.07,3155289,411257000,4,17110,9849
2025-06-16 10:01:58.000000,151.06,3155289,411257000,84,17110,9849
2025-06-16 10:01:59.000000,151.06,3155411,411257000,1,22124,9569
2025-06-16 10:01:59.000000,151.07,3155411,411257000,338,22124,9569
2025-06-16 10:02:00.000000,151.07,3156362,411257000,1,17353,7262
2025-06-16 10:02:00.000000,151.07,3156362,411257000,30,17353,7262
2025-06-16 10:02:04.000000,151.08,3156362,411257000,4,17353,7262
2025-06-16 10:02:05.000000,151.05,3162384,411257000,4,20305,3197
2025-06-16 10:02:08.000000,151.05,3162384,411257000,1,20305,3197
2025-06-16 10:02:13.000000,151.05,3167627,411257000,1,18027,3899
2025-06-16 10:02:13.000000,151.07,3167627,411257000,46,18027,3899
2025-06-16 10:02:17.000000,151.07,3167627,411257000,10,18027,3899
2025-06-16 10:02:21.000000,151.05,3168601,411257000,2,18561,4694
2025-06-16 10:02:21.000000,151.05,3168601,411257000,25,18561,4694
2025-06-16 10:02:25.000000,151.05,3168601,411257000,1,18561,4694
2025-06-16 10:02:28.000000,151.01,3170020,411257000,150,15936,5773
2025-06-16 10:02:29.000000,151.07,3170020,411257000,6,15936,5773
2025-06-16 10:02:33.000000,151.12,3170020,411257000,1,15936,5773
2025-06-16 10:02:36.000000,151.07,3174125,411257000,2,5813,9287
2025-06-16 10:02:37.000000,151.14,3174125,411257000,10,5813,9287
2025-06-16 10:02:41.000000,151.14,3174125,411257000,1,5813,9287
2025-06-16 10:02:44.000000,151.14,3175216,411257000,1,6052,1555
2025-06-16 10:02:45.000000,151.14,3175216,411257000,3,6052,1555
2025-06-16 10:02:49.000000,151.14,3175216,411257000,2,6052,1555
2025-06-16 10:02:52.000000,151.12,3176644,411257000,1,5945,1120
2025-06-16 10:02:53.000000,151.14,3176644,411257000,1,5945,1120
2025-06-16 10:02:57.000000,151.1,3176644,411257000,1,5945,1120
2025-06-16 10:02:59.000000,151.1,3177290,411257000,1,3382,7020
2025-06-16 10:03:02.000000,151.08,3177290,411257000,50,3382,7020
2025-06-16 10:03:07.000000,151.07,3182370,411257000,1,16936,3918
2025-06-16 10:03:07.000000,151.07,3182370,411257000,6,16936,3918
2025-06-16 10:03:12.000000,151.07,3182370,411257000,1,16936,3918
2025-06-16 10:03:14.000000,151.07,3183591,411257000,1,26000,2205
2025-06-16 10:03:17.000000,151.06,3183591,411257000,1,26000,2205
2025-06-16 10:03:22.000000,151.01,3183591,411257000,77,26000,2205
2025-06-16 10:03:22.000000,151.01,3185967,411257000,77,22435,4371
2025-06-16 10:03:26.000000,151.01,3185967,411257000,6,22435,4371
2025-06-16 10:03:29.000000,151.01,3185967,411257000,6,22435,4371
2025-06-16 10:03:30.000000,151.01,3185967,411257000,6,22435,4371
2025-06-16 10:03:30.000000,151.07,3186556,411257000,3,31111,2211
2025-06-16 10:03:30.000000,151.07,3186556,411257000,30,31111,2211
2025-06-16 10:03:30.000000,151.07,3186556,411257000,30,31111,2211
2025-06-16 10:03:31.000000,151.07,3186556,411257000,30,31111,2211
2025-06-16 10:03:32.000000,151.07,3186556,411257000,30,31111,2211
2025-06-16 10:03:33.000000,151.07,3186556,411257000,30,31111,2211
2025-06-16 10:03:34.000000,151.07,3186556,411257000,30,31111,2211
2025-06-16 10:03:34.000000,151.1,3186556,411257000,5,31111,2211
2025-06-16 10:03:35.000000,151.1,3186556,411257000,5,31111,2211
2025-06-16 10:03:36.000000,151.1,3186556,411257000,5,31111,2211
2025-06-16 10:03:37.000000,151.1,3186556,411257000,5,31111,2211
2025-06-16 10:03:37.000000,151.12,3188288,411257000,16,7685,2375
2025-06-16 10:03:38.000000,151.12,3188288,411257000,16,7685,2375
2025-06-16 10:03:39.000000,151.12,3188288,411202000,16,7685,2375
2025-06-16 10:03:40.000000,151.14,3188288,411202000,1,7685,2375
2025-06-16 10:03:40.000000,151.14,3188288,411202000,1,7685,2375
2025-06-16 10:03:45.000000,151.11,3192355,411202000,10,14433,3988
2025-06-16 10:03:46.000000,151.14,3192355,411202000,2,14433,3988
2025-06-16 10:03:51.000000,151.14,3192355,411202000,20,14433,3988
2025-06-16 10:03:53.000000,151.14,3192732,411202000,1,5084,4707
2025-06-16 10:03:56.000000,151.14,3192732,411202000,1,5084,4707
2025-06-16 10:04:00.000000,151.1,3193024,411202000,11,14179,24621
2025-06-16 10:04:01.000000,151.1,3193024,411202000,2,14179,24621
2025-06-16 10:04:06.000000,151.13,3193024,411202000,5,14179,24621
2025-06-16 10:04:08.000000,151.14,3193824,411202000,2,14706,23339
2025-06-16 10:04:11.000000,151.07,3193824,411202000,188,14706,23339
2025-06-16 10:04:15.000000,151.13,3203425,411202000,48,8381,21899
2025-06-16 10:04:16.000000,151.13,3203425,411202000,32,8381,21899
2025-06-16 10:04:21.000000,151.13,3203425,411202000,6,8381,21899
2025-06-16 10:04:23.000000,151.14,3205632,411202000,2,8400,19016
2025-06-16 10:04:26.000000,151.14,3205632,411202000,2,8400,19016
2025-06-16 10:04:31.000000,151.14,3206669,411202000,1,3776,17840
2025-06-16 10:04:32.000000,151.2,3206669,411202000,27,3776,17840
2025-06-16 10:04:38.000000,151.23,3206669,411202000,64,3776,17840
2025-06-16 10:04:38.000000,151.23,3230786,411202000,64,3912,5860
2025-06-16 10:04:43.000000,151.13,3230786,411202000,78,3912,5860
2025-06-16 10:04:46.000000,151.2,3242337,411202000,103,2636,9669
2025-06-16 10:04:48.000000,151.2,3242337,411202000,15,2636,9669
2025-06-16 10:04:52.000000,151.2,3242337,411202000,8,2636,9669
2025-06-16 10:04:53.000000,151.19,3245363,411202000,1,6934,10403
2025-06-16 10:04:56.000000,151.14,3245363,411202000,100,6934,10403
2025-06-16 10:05:00.000000,151.19,3246911,411202000,2,5516,5598
2025-06-16 10:05:00.000000,151.19,3246911,411202000,2,5516,5598
2025-06-16 10:05:04.000000,151.14,3246911,411202000,1,5516,5598
2025-06-16 10:05:06.000000,151.14,3247926,411202000,6,4784,9437
2025-06-16 10:05:08.000000,151.15,3247926,411202000,4,4784,9437
2025-06-16 10:05:12.000000,151.15,3247926,411202000,1,4784,9437
2025-06-16 10:05:12.000000,151.17,3248289,411202000,1,6020,7333
2025-06-16 10:05:16.000000,151.15,3248289,411202000,20,6020,7333
2025-06-16 10:05:19.000000,151.15,3248633,411202000,2,8133,6212
2025-06-16 10:05:20.000000,151.17,3248633,411202000,1,8133,6212
2025-06-16 10:05:25.000000,151.17,3248633,411202000,80,8133,6212
2025-06-16 10:05:26.000000,151.15,3249123,411202000,1,4152,9374
2025-06-16 10:05:30.000000,151.17,3249123,411202000,100,4152,9374
2025-06-16 10:05:33.000000,151.15,3249523,411202000,28,3510,7556
2025-06-16 10:05:35.000000,151.17,3249523,411202000,26,3510,7556
2025-06-16 10:05:40.000000,151.15,3249523,411202000,50,3510,7556
2025-06-16 10:05:40.000000,151.15,3254827,411202000,10,4251,4875
2025-06-16 10:05:44.000000,151.17,3254827,411202000,3,4251,4875
2025-06-16 10:05:48.000000,151.13,3256120,411202000,72,5081,3657
2025-06-16 10:05:48.000000,151.13,3256120,411202000,72,5081,3657
2025-06-16 10:05:52.000000,151.13,3256120,411202000,3,5081,3657
2025-06-16 10:05:55.000000,151.15,3257142,411202000,288,8042,2313
2025-06-16 10:05:56.000000,151.17,3257142,411202000,1,8042,2313
2025-06-16 10:06:00.000000,151.2,3257142,411202000,2,8042,2313
2025-06-16 10:06:01.000000,151.16,3258593,411202000,54,8914,2911
2025-06-16 10:06:04.000000,151.2,3258593,411202000,2,8914,2911
2025-06-16 10:06:08.000000,151.2,3258593,411202000,8,8914,2911
2025-06-16 10:06:08.000000,151.2,3260051,411202000,8,9701,1699
2025-06-16 10:06:13.000000,151.2,3260051,411202000,2,9701,1699
2025-06-16 10:06:15.000000,151.21,3263079,411202000,45,6936,4754
2025-06-16 10:06:19.000000,151.25,3263079,411202000,50,6936,4754
2025-06-16 10:06:22.000000,151.29,3265394,411202000,20,9718,4212
2025-06-16 10:06:25.000000,151.29,3265394,411202000,1,9718,4212
2025-06-16 10:06:29.000000,151.29,3265394,411202000,1,9718,4212
2025-06-16 10:06:29.000000,151.23,3266280,411202000,10,7969,5388
2025-06-16 10:06:30.000000,151.23,3266280,411202000,10,7969,5388
2025-06-16 10:06:30.000000,151.23,3266280,411202000,10,7969,5388
2025-06-16 10:06:30.000000,151.23,3266280,411202000,10,7969,5388
2025-06-16 10:06:31.000000,151.23,3266280,411202000,10,7969,5388
2025-06-16 10:06:32.000000,151.23,3266280,411202000,10,7969,5388
2025-06-16 10:06:33.000000,151.23,3266280,411202000,10,7969,5388
2025-06-16 10:06:34.000000,151.23,3266280,411202000,10,7969,5388
2025-06-16 10:06:35.000000,151.23,3266280,411202000,10,7969,5388
2025-06-16 10:06:35.000000,151.25,3266280,411202000,1,7969,5388
2025-06-16 10:06:36.000000,151.25,3266280,411202000,1,7969,5388
2025-06-16 10:06:36.000000,151.28,3266683,411202000,5,3085,8554
2025-06-16 10:06:37.000000,151.28,3266683,411202000,5,3085,8554
2025-06-16 10:06:38.000000,151.28,3266683,411202000,5,3085,8554
2025-06-16 10:06:39.000000,151.28,3266683,411202000,5,3085,8554
2025-06-16 10:06:39.000000,151.25,3266683,411202000,201,3085,8554
2025-06-16 10:06:40.000000,151.25,3266683,411086500,201,3085,8554
2025-06-16 10:06:41.000000,151.25,3266683,411086500,201,3085,8554
2025-06-16 10:06:43.000000,151.22,3268296,411086500,137,4716,8029
2025-06-16 10:06:44.000000,151.23,3268296,411086500,70,4716,8029
2025-06-16 10:06:49.000000,151.22,3268296,411086500,2,4716,8029
2025-06-16 10:06:50.000000,151.16,3269732,411086500,120,2030,9276
2025-06-16 10:06:53.000000,151.19,3269732,411086500,2,2030,9276
2025-06-16 10:06:57.000000,151.2,3269732,411086500,1,2030,9276
2025-06-16 10:06:57.000000,151.2,3269979,411086500,1,5056,10470
2025-06-16 10:07:01.000000,151.2,3269979,411086500,7,5056,10470
2025-06-16 10:07:04.000000,151.29,3275137,411086500,5,11508,1935
2025-06-16 10:07:05.000000,151.24,3275137,411086500,9,11508,1935
2025-06-16 10:07:09.000000,151.29,3275137,411086500,1,11508,1935
2025-06-16 10:07:11.000000,151.29,3277685,411086500,130,9397,1170
2025-06-16 10:07:13.000000,151.25,3277685,411086500,5,9397,1170
2025-06-16 10:07:17.000000,151.29,3277685,411086500,1,9397,1170
2025-06-16 10:07:18.000000,151.29,3277811,411086500,1,9893,7001
2025-06-16 10:07:21.000000,151.31,3277811,411086500,10,9893,7001
2025-06-16 10:07:24.000000,151.31,3279410,411086500,200,3122,11452
2025-06-16 10:07:25.000000,151.29,3279410,411086500,4,3122,11452
2025-06-16 10:07:29.000000,151.31,3279410,411086500,3,3122,11452
2025-06-16 10:07:31.000000,151.3,3279525,411086500,16,3011,8480
2025-06-16 10:07:33.000000,151.38,3279525,411086500,250,3011,8480
2025-06-16 10:07:37.000000,151.43,3279525,411086500,60,3011,8480
2025-06-16 10:07:38.000000,151.43,3288693,411086500,40,3711,16976
2025-06-16 10:07:41.000000,151.41,3288693,411086500,2,3711,16976
2025-06-16 10:07:45.000000,151.41,3288693,411086500,30,3711,16976
2025-06-16 10:07:45.000000,151.44,3291173,411086500,1,5482,12355
2025-06-16 10:07:49.000000,151.4,3291173,411086500,30,5482,12355
2025-06-16 10:07:52.000000,151.44,3291767,411086500,200,7013,4280
2025-06-16 10:07:53.000000,151.43,3291767,411086500,2,7013,4280
2025-06-16 10:07:57.000000,151.44,3291767,411086500,7,7013,4280
2025-06-16 10:07:59.000000,151.44,3294698,411086500,6,4620,10715
2025-06-16 10:08:01.000000,151.42,3294698,411086500,302,4620,10715
2025-06-16 10:08:05.000000,151.41,3294698,411086500,10,4620,10715
2025-06-16 10:08:06.000000,151.41,3300288,411086500,10,5818,8951
2025-06-16 10:08:09.000000,151.43,3300288,411086500,3,5818,8951
2025-06-16 10:08:13.000000,151.48,3306560,411086500,1,5730,11447
2025-06-16 10:08:13.000000,151.47,3306560,411086500,201,5730,11447
2025-06-16 10:08:17.000000,151.51,3306560,411086500,24,5730,11447
2025-06-16 10:08:20.000000,151.49,3314604,411086500,1,7875,9236
2025-06-16 10:08:21.000000,151.55,3314604,411086500,5,7875,9236
2025-06-16 10:08:25.000000,151.55,3314604,411086500,2,7875,9236
2025-06-16 10:08:27.000000,151.51,3316795,411086500,92,14036,7429
2025-06-16 10:08:30.000000,151.55,3316795,411086500,100,14036,7429
2025-06-16 10:08:34.000000,151.51,3321611,411086500,1197,6943,5631
2025-06-16 10:08:35.000000,151.55,3321611,411086500,48,6943,5631
2025-06-16 10:08:40.000000,151.55,3321611,411086500,2,6943,5631
2025-06-16 10:08:41.000000,151.55,3328129,411086500,2,8071,11559
2025-06-16 10:08:45.000000,151.56,3328129,411086500,100,8071,11559
2025-06-16 10:08:48.000000,151.54,3333361,411086500,1,8514,8085
2025-06-16 10:08:50.000000,151.54,3333361,411086500,316,8514,8085
2025-06-16 10:08:54.000000,151.6,3333361,411086500,2,8514,8085
2025-06-16 10:08:55.000000,151.6,3335373,411086500,1,8176,13659
2025-06-16 10:08:58.000000,151.6,3335373,411086500,10,8176,13659
2025-06-16 10:09:02.000000,151.59,3338068,411086500,5,15431,5362
2025-06-16 10:09:02.000000,151.59,3338068,411086500,5,15431,5362
2025-06-16 10:09:07.000000,151.59,3338068,411086500,10,15431,5362
2025-06-16 10:09:09.000000,151.55,3341701,411086500,8,10986,8900
2025-06-16 10:09:13.000000,151.46,3341701,411086500,1,10986,8900
2025-06-16 10:09:16.000000,151.55,3353632,411086500,17,10044,4544
2025-06-16 10:09:18.000000,151.55,3353632,411086500,2,10044,4544
2025-06-16 10:09:22.000000,151.51,3353632,411086500,100,10044,4544
2025-06-16 10:09:23.000000,151.5,3355863,411086500,1,28370,5283
2025-06-16 10:09:26.000000,151.55,3355863,411086500,57,28370,5283
2025-06-16 10:09:29.000000,151.6,3355863,411086500,20,28370,5283
2025-06-16 10:09:30.000000,151.6,3363462,411086500,20,16722,11164
2025-06-16 10:09:30.000000,151.6,3363462,411086500,20,16722,11164
2025-06-16 10:09:31.000000,151.6,3363462,411086500,20,16722,11164
2025-06-16 10:09:32.000000,151.6,3363462,411086500,20,16722,11164
2025-06-16 10:09:32.000000,151.55,3363462,411086500,100,16722,11164
2025-06-16 10:09:32.000000,151.55,3363462,411086500,100,16722,11164
2025-06-16 10:09:33.000000,151.55,3363462,411086500,100,16722,11164
2025-06-16 10:09:34.000000,151.55,3363462,411086500,100,16722,11164
2025-06-16 10:09:35.000000,151.61,3363462,411086500,1,16722,11164
2025-06-16 10:09:35.000000,151.61,3363462,411086500,1,16722,11164
2025-06-16 10:09:36.000000,151.61,3363462,411086500,1,16722,11164
2025-06-16 10:09:37.000000,151.56,3365212,411086500,3,8474,9618
2025-06-16 10:09:37.000000,151.56,3365212,411086500,3,8474,9618
2025-06-16 10:09:38.000000,151.62,3365212,411086500,5,8474,9618
2025-06-16 10:09:38.000000,151.62,3365212,411086500,5,8474,9618
2025-06-16 10:09:39.000000,151.62,3365212,411086500,5,8474,9618
2025-06-16 10:09:40.000000,151.62,3365212,411543000,5,8474,9618
2025-06-16 10:09:41.000000,151.58,3365212,411543000,1,8474,9618
2025-06-16 10:09:42.000000,151.58,3365212,411543000,1,8474,9618
2025-06-16 10:09:44.000000,151.6,3365212,411543000,10,8474,9618
2025-06-16 10:09:44.000000,151.6,3366371,411543000,10,14764,6291
2025-06-16 10:09:47.000000,151.6,3366371,411543000,3,14764,6291
2025-06-16 10:09:50.000000,151.56,3366371,411543000,1,14764,6291
2025-06-16 10:09:51.000000,151.6,3367524,411543000,96,13008,10489
2025-06-16 10:09:53.000000,151.56,3367524,411543000,50,13008,10489
2025-06-16 10:09:57.000000,151.54,3367524,411543000,15,13008,10489
2025-06-16 10:09:58.000000,151.54,3369053,411543000,93,3980,7851
2025-06-16 10:10:01.000000,151.54,3369053,411543000,2,3980,7851
2025-06-16 10:10:05.000000,151.54,3369794,411543000,2,10579,8046
2025-06-16 10:10:09.000000,151.54,3369794,411543000,25,10579,8046
2025-06-16 10:10:12.000000,151.54,3370320,411543000,1,12095,5864
2025-06-16 10:10:13.000000,151.51,3370320,411543000,71,12095,5864
2025-06-16 10:10:17.000000,151.53,3370320,411543000,1200,12095,5864
2025-06-16 10:10:19.000000,151.53,3377369,411543000,20,11187,2884
2025-06-16 10:10:21.000000,151.56,3377369,411543000,23,11187,2884
2025-06-16 10:10:24.000000,151.61,3377369,411543000,1,11187,2884
2025-06-16 10:10:26.000000,151.61,3397590,411543000,49,8369,8651
2025-06-16 10:10:27.000000,151.63,3397590,411543000,1,8369,8651
2025-06-16 10:10:30.000000,151.68,3397590,411543000,2,8369,8651
2025-06-16 10:10:33.000000,151.62,3409760,411543000,1,3806,5497
2025-06-16 10:10:33.000000,151.65,3409760,411543000,745,3806,5497
2025-06-16 10:10:36.000000,151.64,3409760,411543000,2,3806,5497
2025-06-16 10:10:40.000000,151.63,3412601,411543000,63,5775,12171
2025-06-16 10:10:40.000000,151.64,3412601,411543000,13,5775,12171
2025-06-16 10:10:44.000000,151.63,3412601,411543000,15,5775,12171
2025-06-16 10:10:47.000000,151.65,3413455,411543000,33,5271,12257
2025-06-16 10:10:48.000000,151.65,3413455,411543000,5,5271,12257
2025-06-16 10:10:52.000000,151.65,3413455,411543000,1,5271,12257
2025-06-16 10:10:54.000000,151.65,3413701,411543000,1,4753,12481
2025-06-16 10:10:56.000000,151.65,3413701,411543000,5,4753,12481
2025-06-16 10:11:00.000000,151.62,3413701,411543000,25,4753,12481
2025-06-16 10:11:01.000000,151.57,3418195,411543000,500,3731,11725
2025-06-16 10:11:04.000000,151.57,3418195,411543000,2,3731,11725
2025-06-16 10:11:08.000000,151.53,3419913,411543000,1,4131,6161
2025-06-16 10:11:09.000000,151.6,3419913,411543000,1,4131,6161
2025-06-16 10:11:13.000000,151.65,3419913,411543000,160,4131,6161
2025-06-16 10:11:15.000000,151.66,3428560,411543000,283,6856,7367
2025-06-16 10:11:17.000000,151.69,3428560,411543000,1,6856,7367
2025-06-16 10:11:21.000000,151.69,3428560,411543000,18,6856,7367
2025-06-16 10:11:22.000000,151.66,3428837,411543000,1,5707,7140
2025-06-16 10:11:24.000000,151.69,3428837,411543000,2,5707,7140
2025-06-16 10:11:27.000000,151.69,3428837,411543000,100,5707,7140
2025-06-16 10:11:29.000000,151.66,3430564,411543000,2,5639,8794
2025-06-16 10:11:30.000000,151.69,3430564,411543000,2,5639,8794
2025-06-16 10:11:33.000000,151.68,3430564,411543000,3,5639,8794
2025-06-16 10:11:36.000000,151.68,3430564,411543000,2,5639,8794
2025-06-16 10:11:36.000000,151.68,3430999,411543000,2,5331,8815
2025-06-16 10:11:39.000000,151.68,3430999,411543000,1,5331,8815
2025-06-16 10:11:42.000000,151.67,3430999,411543000,200,5331,8815
2025-06-16 10:11:43.000000,151.68,3432147,411543000,49,3327,8974
2025-06-16 10:11:45.000000,151.68,3432147,411543000,10,3327,8974
2025-06-16 10:11:48.000000,151.67,3432147,411543000,4,3327,8974
2025-06-16 10:11:50.000000,151.68,3432740,411543000,300,4908,6007
2025-06-16 10:11:51.000000,151.68,3432740,411543000,10,4908,6007
2025-06-16 10:11:54.000000,151.72,3432740,411543000,3,4908,6007
2025-06-16 10:11:57.000000,151.72,3432740,411543000,5,4908,6007
2025-06-16 10:11:57.000000,151.72,3440762,411543000,5,6857,14668
2025-06-16 10:12:00.000000,151.68,3440762,411543000,1000,6857,14668
2025-06-16 10:12:03.000000,151.72,3440762,411543000,1,6857,14668
2025-06-16 10:12:04.000000,151.61,3449205,411543000,184,5045,5857
2025-06-16 10:12:06.000000,151.69,3449205,411543000,4,5045,5857
2025-06-16 10:12:09.000000,151.64,3449205,411543000,1,5045,5857
2025-06-16 10:12:11.000000,151.69,3451131,411543000,2,10388,6351
2025-06-16 10:12:12.000000,151.69,3451131,411543000,111,10388,6351
2025-06-16 10:12:15.000000,151.69,3451131,411543000,1,10388,6351
2025-06-16 10:12:18.000000,151.69,3451131,411543000,20,10388,6351
2025-06-16 10:12:18.000000,151.69,3451358,411543000,20,6840,2907
2025-06-16 10:12:21.000000,151.68,3451358,411543000,25,6840,2907
2025-06-16 10:12:24.000000,151.68,3451358,411543000,2,6840,2907
2025-06-16 10:12:26.000000,151.68,3451784,411543000,1,10734,5408
2025-06-16 10:12:27.000000,151.68,3451784,411543000,6,10734,5408
2025-06-16 10:12:30.000000,151.68,3451784,411543000,6,10734,5408
2025-06-16 10:12:30.000000,151.68,3451784,411543000,6,10734,5408
2025-06-16 10:12:31.000000,151.68,3451784,411543000,6,10734,5408
2025-06-16 10:12:32.000000,151.68,3451784,411543000,6,10734,5408
2025-06-16 10:12:33.000000,151.68,3451784,411543000,6,10734,5408
2025-06-16 10:12:33.000000,151.68,3453631,411543000,1,11969,4904
2025-06-16 10:12:33.000000,151.68,3453631,411543000,1,11969,4904
2025-06-16 10:12:33.000000,151.68,3453631,411543000,1,11969,4904
2025-06-16 10:12:34.000000,151.68,3453631,411543000,1,11969,4904
2025-06-16 10:12:35.000000,151.68,3453631,411543000,1,11969,4904
2025-06-16 10:12:36.000000,151.68,3453631,411543000,1,11969,4904
2025-06-16 10:12:36.000000,151.68,3453631,411543000,390,11969,4904
2025-06-16 10:12:37.000000,151.68,3453631,411543000,390,11969,4904
2025-06-16 10:12:39.000000,151.68,3453631,411543000,390,11969,4904
2025-06-16 10:12:39.000000,151.68,3453631,411543000,1,11969,4904
2025-06-16 10:12:40.000000,151.68,3453631,411543000,1,11969,4904
2025-06-16 10:12:40.000000,151.68,3454804,411543000,2,7973,1748
2025-06-16 10:12:41.000000,151.68,3454804,411378000,2,7973,1748
2025-06-16 10:12:42.000000,151.68,3454804,411378000,2,7973,1748
2025-06-16 10:12:42.000000,151.69,3454804,411378000,23,7973,1748
2025-06-16 10:12:45.000000,151.67,3454804,411378000,2,7973,1748
2025-06-16 10:12:47.000000,151.67,3455221,411378000,1,8240,3862
2025-06-16 10:12:48.000000,151.68,3455221,411378000,7,8240,3862
2025-06-16 10:12:51.000000,151.69,3455221,411378000,2,8240,3862
2025-06-16 10:12:54.000000,151.68,3455221,411378000,2,8240,3862
2025-06-16 10:12:54.000000,151.69,3455562,411378000,5,8020,6882
2025-06-16 10:12:57.000000,151.69,3455562,411378000,15,8020,6882
2025-06-16 10:13:00.000000,151.68,3455562,411378000,15,8020,6882
2025-06-16 10:13:01.000000,151.69,3457395,411378000,2,7587,7107
2025-06-16 10:13:03.000000,151.65,3457395,411378000,100,7587,7107
2025-06-16 10:13:06.000000,151.65,3457395,411378000,10,7587,7107
2025-06-16 10:13:09.000000,151.68,3458800,411378000,97,7224,8947
2025-06-16 10:13:09.000000,151.68,3458800,411378000,97,7224,8947
2025-06-16 10:13:12.000000,151.65,3458800,411378000,50,7224,8947
2025-06-16 10:13:15.000000,151.65,3458800,411378000,56,7224,8947
2025-06-16 10:13:16.000000,151.65,3463723,411378000,56,7316,6130
2025-06-16 10:13:18.000000,151.68,3463723,411378000,5,7316,6130
2025-06-16 10:13:21.000000,151.65,3463723,411378000,40,7316,6130
