Timestamp,LTP,Volume,OI,LastQty,BidQty,AskQty
2025-06-11 09:19:39.000000,559.25,219960,1394220,30,330,570
2025-06-11 09:19:39.000000,561.2,220440,1394220,30,450,600
2025-06-11 09:19:40.000000,561.2,220440,1394220,30,450,600
2025-06-11 09:19:41.000000,562.05,220500,1394220,30,420,630
2025-06-11 09:19:41.000000,562.05,220500,1394220,30,420,630
2025-06-11 09:19:42.000000,560.35,220950,1394220,30,360,540
2025-06-11 09:19:42.000000,560.35,220950,1394220,30,360,540
2025-06-11 09:19:43.000000,561.0,220950,1394220,30,360,540
2025-06-11 09:19:43.000000,561.0,221850,1394220,30,510,300
2025-06-11 09:19:44.000000,561.55,221850,1394220,60,510,300
2025-06-11 09:19:44.000000,560.5,222000,1394220,30,210,330
2025-06-11 09:19:45.000000,561.45,222000,1394220,30,210,330
2025-06-11 09:19:46.000000,561.2,222330,1394220,30,420,390
2025-06-11 09:19:46.000000,559.85,222330,1394220,120,420,390
2025-06-11 09:19:47.000000,559.1,222840,1394220,30,840,510
2025-06-11 09:19:47.000000,559.3,222840,1394220,30,840,510
2025-06-11 09:19:48.000000,559.3,222870,1394220,30,990,570
2025-06-11 09:19:49.000000,559.8,222870,1394220,30,990,570
2025-06-11 09:19:49.000000,559.8,222900,1394220,30,270,420
2025-06-11 09:19:50.000000,559.9,222900,1394220,30,270,420
2025-06-11 09:19:51.000000,557.85,224070,1394220,30,330,360
2025-06-11 09:19:51.000000,557.85,224070,1394220,30,330,360
2025-06-11 09:19:52.000000,558.6,224910,1394220,60,480,480
2025-06-11 09:19:52.000000,558.6,224910,1394220,60,480,480
Timestamp,LTP,Volume,OI,LastQty,BidQty,AskQty
2025-06-11 09:19:56.000000,557.25,225270,1394220,30,510,270
2025-06-11 09:19:56.000000,557.7,225270,1394220,60,510,270
2025-06-11 09:19:57.000000,556.15,225450,1394220,60,420,450
2025-06-11 09:19:57.000000,556.65,225450,1394220,30,420,450
2025-06-11 09:19:58.000000,556.0,225450,1394220,30,420,450
2025-06-11 09:19:58.000000,556.0,226020,1394220,30,570,510
2025-06-11 09:19:59.000000,555.0,226020,1394220,30,570,510
2025-06-11 09:19:59.000000,553.35,226950,1394220,30,300,390
2025-06-11 09:20:00.000000,553.35,226950,1394220,30,300,390
2025-06-11 09:20:00.000000,552.0,226950,1394220,30,300,390
2025-06-11 09:20:01.000000,551.95,228510,1394220,30,300,720
2025-06-11 09:20:01.000000,549.0,228510,1394220,30,300,720
2025-06-11 09:20:02.000000,551.1,228930,1394220,30,240,600
2025-06-11 09:20:02.000000,551.1,228930,1394220,30,240,600
2025-06-11 09:20:03.000000,548.1,228930,1394220,30,240,600
2025-06-11 09:20:03.000000,551.05,229980,1394220,30,210,660
2025-06-11 09:20:04.000000,547.05,229980,1394220,60,210,660
2025-06-11 09:20:05.000000,549.45,230760,1394220,30,390,960
2025-06-11 09:20:05.000000,546.95,230760,1394220,30,390,960
2025-06-11 09:20:06.000000,551.35,231210,1394220,30,330,420
2025-06-11 09:20:06.000000,551.15,231210,1394220,60,330,420
2025-06-11 09:20:07.000000,548.8,231960,1394220,30,480,1110
2025-06-11 09:20:07.000000,548.0,231960,1394220,90,480,1110
2025-06-11 09:20:08.000000,547.2,231960,1394220,30,480,1110
2025-06-11 09:20:08.000000,547.2,232440,1394220,30,390,540
2025-06-11 09:20:09.000000,548.75,232440,1394220,30,390,540
2025-06-11 09:20:10.000000,548.95,232650,1394220,30,390,1050
2025-06-11 09:20:10.000000,548.25,232650,1394220,30,390,1050
2025-06-11 09:20:11.000000,551.3,234540,1394220,30,570,630
2025-06-11 09:20:11.000000,552.45,234540,1394220,30,570,630
2025-06-11 09:20:12.000000,554.8,234840,1394220,30,540,300
2025-06-11 09:20:12.000000,554.8,234840,1394220,30,540,300
2025-06-11 09:20:13.000000,553.45,234840,1394220,60,540,300
2025-06-11 09:20:13.000000,553.8,235080,1394220,30,450,360
2025-06-11 09:20:14.000000,554.15,235080,1394220,30,450,360
2025-06-11 09:20:15.000000,553.25,235500,1394220,30,510,450
2025-06-11 09:20:15.000000,554.15,235500,1394220,210,510,450
2025-06-11 09:20:16.000000,555.55,235890,1394220,30,180,780
2025-06-11 09:20:16.000000,555.2,235890,1394220,30,180,780
2025-06-11 09:20:17.000000,557.6,237210,1394220,30,630,240
2025-06-11 09:20:17.000000,556.3,237210,1394220,30,630,240
2025-06-11 09:20:18.000000,559.9,237390,1394220,30,600,570
2025-06-11 09:20:18.000000,559.9,237390,1394220,30,600,570
2025-06-11 09:20:19.000000,560.4,237390,1394220,30,600,570
2025-06-11 09:20:19.000000,560.4,238170,1394220,30,480,300
2025-06-11 09:20:20.000000,562.1,238170,1394220,30,480,300
2025-06-11 09:20:21.000000,562.1,238770,1394220,30,390,270
2025-06-11 09:20:21.000000,561.95,238770,1394220,30,390,270
2025-06-11 09:20:22.000000,561.15,239040,1394220,30,480,660
2025-06-11 09:20:22.000000,560.7,239040,1394220,60,480,660
2025-06-11 09:20:23.000000,558.4,239610,1394220,60,420,600
2025-06-11 09:20:23.000000,558.9,239610,1394220,120,420,600
2025-06-11 09:20:24.000000,557.65,239610,1394220,30,420,600
2025-06-11 09:20:24.000000,557.3,239910,1394220,30,390,720
2025-06-11 09:20:25.000000,555.0,239910,1394220,30,390,720
2025-06-11 09:20:26.000000,555.5,240090,1394220,30,450,630
2025-06-11 09:20:26.000000,554.15,240090,1394220,30,450,630
2025-06-11 09:20:27.000000,554.15,240540,1394220,30,360,690
2025-06-11 09:20:27.000000,553.95,240540,1394220,30,360,690
2025-06-11 09:20:28.000000,553.85,240900,1394220,30,630,210
2025-06-11 09:20:28.000000,553.85,240900,1394220,30,630,210
2025-06-11 09:20:29.000000,555.8,240930,1394220,30,540,540
2025-06-11 09:20:29.000000,555.8,240930,1394220,30,540,540
2025-06-11 09:20:30.000000,555.8,240930,1394220,30,540,540
2025-06-11 09:20:30.000000,553.1,240930,1394220,30,540,540
2025-06-11 09:20:30.000000,553.1,241230,1394220,30,330,240
2025-06-11 09:20:31.000000,554.85,241230,1394220,60,330,240
2025-06-11 09:20:32.000000,554.8,241440,1394220,30,300,330
2025-06-11 09:20:32.000000,554.4,241440,1394220,60,300,330
2025-06-11 09:20:33.000000,554.15,241650,1394220,30,300,330
2025-06-11 09:20:33.000000,554.15,241650,1394220,30,300,330
2025-06-11 09:20:34.000000,554.45,241800,1394220,30,360,480
2025-06-11 09:20:34.000000,554.45,241800,1394220,30,360,480
2025-06-11 09:20:35.000000,555.9,242010,1394220,30,270,330
2025-06-11 09:20:35.000000,555.9,242010,1394220,30,270,330
2025-06-11 09:20:36.000000,555.0,242010,1394220,30,270,330
2025-06-11 09:20:36.000000,555.1,242100,1394220,30,450,420
2025-06-11 09:20:37.000000,553.65,242100,1394220,30,450,420
2025-06-11 09:20:38.000000,551.65,242970,1394220,30,330,300
2025-06-11 09:20:38.000000,551.65,242970,1394220,30,330,300
2025-06-11 09:20:39.000000,552.1,243360,1394220,60,480,270
2025-06-11 09:20:39.000000,551.9,243360,1394220,30,480,270
2025-06-11 09:20:40.000000,550.85,243750,1394220,30,300,270
2025-06-11 09:20:40.000000,550.85,243750,1394220,30,300,270
2025-06-11 09:20:41.000000,550.7,243870,1394220,90,210,270
2025-06-11 09:20:41.000000,550.7,243870,1394220,90,210,270
2025-06-11 09:20:42.000000,550.65,243870,1394220,30,210,270
2025-06-11 09:20:42.000000,550.65,244260,1394220,30,450,300
2025-06-11 09:20:43.000000,551.95,244260,1394220,30,450,300
2025-06-11 09:20:44.000000,552.15,244680,1394220,30,510,300
2025-06-11 09:20:44.000000,553.05,244680,1394220,30,510,300
2025-06-11 09:20:45.000000,553.0,244800,1394220,30,450,390
2025-06-11 09:20:45.000000,551.75,244800,1394220,30,450,390
2025-06-11 09:20:46.000000,553.6,245250,1394220,60,300,720
2025-06-11 09:20:46.000000,553.3,245250,1394220,30,300,720
2025-06-11 09:20:47.000000,553.25,246480,1394220,60,240,240
2025-06-11 09:20:47.000000,553.25,246480,1394220,60,240,240
2025-06-11 09:20:48.000000,551.7,246480,1394220,30,240,240
2025-06-11 09:20:48.000000,553.05,247080,1394220,30,420,600
2025-06-11 09:20:49.000000,551.8,247080,1394220,30,420,600
2025-06-11 09:20:50.000000,551.8,247260,1394220,30,600,420
2025-06-11 09:20:50.000000,552.75,247260,1394220,30,600,420
2025-06-11 09:20:51.000000,547.9,248430,1394220,30,420,240
2025-06-11 09:20:51.000000,547.9,248430,1394220,30,420,240
2025-06-11 09:20:52.000000,548.05,248550,1394220,30,390,330
2025-06-11 09:20:52.000000,548.05,248550,1394220,30,390,330
2025-06-11 09:20:53.000000,548.9,249180,1394220,30,300,420
2025-06-11 09:20:53.000000,548.9,249180,1394220,30,300,420
2025-06-11 09:20:54.000000,547.3,249180,1394220,30,300,420
2025-06-11 09:20:54.000000,547.3,249990,1394220,30,240,300
2025-06-11 09:20:55.000000,547.6,249990,1394220,30,240,300
2025-06-11 09:20:56.000000,547.0,250560,1394220,150,180,240
2025-06-11 09:20:56.000000,547.6,250560,1394220,30,180,240
2025-06-11 09:20:57.000000,547.0,250890,1394220,60,720,360
2025-06-11 09:20:57.000000,547.0,250890,1394220,60,720,360
2025-06-11 09:20:58.000000,546.95,251250,1394220,30,450,270
2025-06-11 09:20:58.000000,546.95,251250,1394220,30,450,270
2025-06-11 09:20:59.000000,545.25,251250,1394220,30,450,270
2025-06-11 09:20:59.000000,545.2,251490,1394220,30,810,240
2025-06-11 09:21:00.000000,545.2,251490,1394220,30,810,240
2025-06-11 09:21:00.000000,542.0,251490,1394220,30,810,240
2025-06-11 09:21:01.000000,540.95,253290,1394220,30,540,990
2025-06-11 09:21:01.000000,540.55,253290,1394220,30,540,990
2025-06-11 09:21:02.000000,540.0,254640,1394220,30,1290,330
2025-06-11 09:21:02.000000,538.4,254640,1394220,30,1290,330
2025-06-11 09:21:03.000000,540.6,257310,1394220,30,480,510
2025-06-11 09:21:03.000000,540.6,257310,1394220,30,480,510
2025-06-11 09:21:04.000000,540.15,257310,1394220,30,480,510
2025-06-11 09:21:04.000000,540.0,258330,1394220,30,660,570
2025-06-11 09:21:05.000000,540.9,258330,1394220,30,660,570
2025-06-11 09:21:06.000000,539.05,259560,1394220,60,390,300
2025-06-11 09:21:06.000000,543.05,259560,1394220,30,390,300
2025-06-11 09:21:07.000000,542.25,260820,1394220,30,330,330
2025-06-11 09:21:07.000000,543.75,260820,1394220,30,330,330
2025-06-11 09:21:08.000000,541.45,261180,1394220,60,480,330
2025-06-11 09:21:08.000000,541.7,261180,1394220,30,480,330
2025-06-11 09:21:09.000000,542.75,261600,1394220,30,360,330
2025-06-11 09:21:09.000000,542.75,261600,1394220,30,360,330
2025-06-11 09:21:10.000000,542.15,261600,1394220,30,360,330
2025-06-11 09:21:11.000000,542.0,261900,1394220,30,510,690
2025-06-11 09:21:11.000000,543.85,261900,1394220,30,510,690
2025-06-11 09:21:12.000000,543.2,262410,1394220,30,450,180
2025-06-11 09:21:12.000000,543.5,262410,1394220,30,450,180
2025-06-11 09:21:13.000000,543.35,262560,1394220,30,390,300
2025-06-11 09:21:13.000000,544.5,262560,1394220,30,390,300
2025-06-11 09:21:14.000000,543.0,263490,1394220,30,150,660
2025-06-11 09:21:14.000000,543.0,263490,1394220,30,150,660
2025-06-11 09:21:15.000000,543.95,263490,1394220,60,150,660
2025-06-11 09:21:15.000000,543.7,264090,1394220,30,420,480
2025-06-11 09:21:16.000000,542.95,264090,1394220,30,420,480
2025-06-11 09:21:17.000000,542.4,264420,1394220,30,600,390
2025-06-11 09:21:17.000000,542.4,264420,1394220,30,600,390
2025-06-11 09:21:18.000000,543.45,264750,1394220,30,450,690
2025-06-11 09:21:18.000000,543.65,264750,1394220,30,450,690
2025-06-11 09:21:19.000000,542.85,265350,1394220,30,390,780
2025-06-11 09:21:19.000000,542.85,265350,1394220,30,390,780
2025-06-11 09:21:20.000000,542.5,265350,1394220,30,390,780
2025-06-11 09:21:20.000000,542.85,265500,1394220,30,210,660
2025-06-11 09:21:21.000000,543.7,265500,1394220,30,210,660
2025-06-11 09:21:22.000000,545.0,266490,1394220,30,390,330
2025-06-11 09:21:22.000000,544.6,266490,1394220,30,390,330
2025-06-11 09:21:23.000000,545.1,266610,1394220,30,450,300
2025-06-11 09:21:23.000000,545.1,266610,1394220,30,450,300
2025-06-11 09:21:24.000000,545.15,266610,1394220,30,450,300
2025-06-11 09:21:24.000000,545.15,266640,1394220,30,690,270
2025-06-11 09:21:25.000000,544.85,266640,1394220,30,690,270
2025-06-11 09:21:25.000000,544.85,267360,1394220,30,480,240
2025-06-11 09:21:26.000000,546.8,267360,1394220,30,480,240
2025-06-11 09:21:27.000000,546.8,268680,1394220,30,450,390
2025-06-11 09:21:27.000000,546.8,268680,1394220,30,450,390
2025-06-11 09:21:28.000000,549.3,268830,1394220,30,300,360
2025-06-11 09:21:28.000000,548.15,268830,1394220,30,300,360
2025-06-11 09:21:29.000000,550.0,268830,1404510,60,300,360
2025-06-11 09:21:29.000000,550.0,269610,1404510,60,390,300
2025-06-11 09:21:30.000000,550.0,269610,1404510,60,390,300
2025-06-11 09:21:30.000000,550.0,269610,1404510,30,390,300
2025-06-11 09:21:30.000000,550.0,269970,1404510,30,450,270
2025-06-11 09:21:31.000000,547.75,269970,1404510,30,450,270
2025-06-11 09:21:32.000000,547.75,270300,1404510,30,300,420
2025-06-11 09:21:32.000000,548.0,270300,1404510,30,300,420
2025-06-11 09:21:33.000000,548.65,270450,1404510,30,540,420
2025-06-11 09:21:33.000000,548.7,270450,1404510,30,540,420
2025-06-11 09:21:34.000000,547.35,270450,1404510,30,540,420
2025-06-11 09:21:34.000000,547.35,270510,1404510,30,270,330
2025-06-11 09:21:35.000000,547.55,270510,1404510,30,270,330
2025-06-11 09:21:35.000000,547.55,270600,1404510,30,360,270
2025-06-11 09:21:36.000000,544.85,270600,1404510,30,360,270
2025-06-11 09:21:37.000000,545.0,271680,1404510,240,420,270
2025-06-11 09:21:37.000000,545.15,271680,1404510,30,420,270
2025-06-11 09:21:38.000000,545.2,271830,1404510,30,480,360
2025-06-11 09:21:38.000000,544.95,271830,1404510,30,480,360
2025-06-11 09:21:39.000000,544.0,271830,1404510,30,480,360
2025-06-11 09:21:39.000000,544.0,271950,1404510,30,720,360
2025-06-11 09:21:40.000000,545.65,271950,1404510,30,720,360
2025-06-11 09:21:40.000000,545.65,271980,1404510,30,630,720
2025-06-11 09:21:41.000000,545.55,271980,1404510,30,630,720
2025-06-11 09:21:42.000000,545.15,272220,1404510,30,360,420
2025-06-11 09:21:42.000000,545.6,272220,1404510,60,360,420
2025-06-11 09:21:43.000000,544.05,272550,1404510,30,540,240
2025-06-11 09:21:43.000000,542.95,272550,1404510,30,540,240
2025-06-11 09:21:44.000000,540.9,272550,1404510,30,540,240
2025-06-11 09:21:44.000000,540.9,273750,1404510,30,480,180
2025-06-11 09:21:45.000000,539.2,273750,1404510,30,480,180
2025-06-11 09:21:45.000000,539.2,274320,1404510,30,420,450
2025-06-11 09:21:46.000000,539.2,274320,1404510,60,420,450
2025-06-11 09:21:47.000000,539.2,274530,1404510,60,540,210
2025-06-11 09:21:47.000000,540.0,274530,1404510,90,540,210
2025-06-11 09:21:48.000000,539.4,274920,1404510,60,420,270
2025-06-11 09:21:48.000000,539.35,274920,1404510,30,420,270
2025-06-11 09:21:49.000000,538.65,274920,1404510,60,420,270
2025-06-11 09:21:49.000000,538.65,276210,1404510,60,270,240
2025-06-11 09:21:50.000000,536.55,276210,1404510,30,270,240
2025-06-11 09:21:50.000000,536.4,276420,1404510,30,510,300
2025-06-11 09:21:51.000000,535.5,276420,1404510,30,510,300
2025-06-11 09:21:52.000000,535.8,277020,1404510,30,750,900
2025-06-11 09:21:52.000000,535.8,277020,1404510,30,750,900
2025-06-11 09:21:53.000000,535.95,277080,1404510,30,840,420
2025-06-11 09:21:53.000000,536.8,277080,1404510,30,840,420
2025-06-11 09:21:54.000000,535.95,277080,1404510,60,840,420
2025-06-11 09:21:54.000000,535.95,277380,1404510,60,750,300
2025-06-11 09:21:55.000000,537.55,277380,1404510,60,750,300
2025-06-11 09:21:55.000000,540.0,278190,1404510,30,360,480
2025-06-11 09:21:56.000000,538.15,278190,1404510,60,360,480
2025-06-11 09:21:57.000000,538.45,278490,1404510,30,600,270
2025-06-11 09:21:57.000000,538.45,278490,1404510,30,600,270
2025-06-11 09:21:58.000000,540.1,278610,1404510,30,420,210
2025-06-11 09:21:58.000000,540.1,278610,1404510,30,420,210
2025-06-11 09:21:59.000000,537.9,278610,1404510,30,420,210
2025-06-11 09:21:59.000000,537.9,278760,1404510,30,480,540
2025-06-11 09:22:00.000000,537.9,278760,1404510,30,480,540
2025-06-11 09:22:00.000000,539.1,278760,1404510,30,480,540
2025-06-11 09:22:00.000000,540.0,278970,1404510,30,300,540
2025-06-11 09:22:01.000000,540.9,278970,1404510,30,300,540
2025-06-11 09:22:02.000000,542.4,279540,1404510,30,480,210
2025-06-11 09:22:02.000000,542.4,279540,1404510,30,480,210
2025-06-11 09:22:03.000000,540.85,279870,1404510,30,780,600
2025-06-11 09:22:03.000000,540.55,279870,1404510,30,780,600
2025-06-11 09:22:04.000000,540.65,279870,1404510,30,780,600
2025-06-11 09:22:04.000000,540.65,280020,1404510,30,780,660
2025-06-11 09:22:05.000000,541.0,280020,1404510,30,780,660
2025-06-11 09:22:05.000000,541.0,280140,1404510,30,750,600
2025-06-11 09:22:06.000000,540.0,280140,1404510,90,750,600
2025-06-11 09:22:07.000000,538.5,280710,1404510,30,270,210
2025-06-11 09:22:07.000000,540.35,280710,1404510,30,270,210
2025-06-11 09:22:08.000000,540.35,280830,1404510,30,420,330
2025-06-11 09:22:08.000000,541.2,280830,1404510,30,420,330
2025-06-11 09:22:09.000000,540.3,280830,1404510,30,420,330
2025-06-11 09:22:09.000000,540.3,280980,1404510,30,420,510
2025-06-11 09:22:10.000000,540.7,280980,1404510,30,420,510
2025-06-11 09:22:10.000000,540.7,281610,1404510,30,630,420
2025-06-11 09:22:11.000000,538.55,281610,1404510,30,630,420
2025-06-11 09:22:12.000000,538.0,283050,1404510,30,330,990
2025-06-11 09:22:12.000000,538.0,283050,1404510,60,330,990
2025-06-11 09:22:13.000000,537.3,283170,1404510,30,360,360
2025-06-11 09:22:13.000000,538.45,283170,1404510,30,360,360
2025-06-11 09:22:14.000000,538.35,283170,1404510,30,360,360
2025-06-11 09:22:14.000000,538.35,283380,1404510,30,420,300
2025-06-11 09:22:15.000000,536.8,283380,1404510,30,420,300
2025-06-11 09:22:16.000000,536.8,284040,1404510,30,330,870
2025-06-11 09:22:16.000000,538.0,284040,1404510,30,330,870
2025-06-11 09:22:17.000000,537.95,284160,1404510,30,420,450
2025-06-11 09:22:17.000000,537.95,284160,1404510,30,420,450
2025-06-11 09:22:18.000000,537.95,284160,1404510,30,630,330
2025-06-11 09:22:18.000000,536.65,284160,1404510,30,630,330
2025-06-11 09:22:19.000000,536.7,284640,1404510,30,840,300
2025-06-11 09:22:19.000000,536.9,284640,1404510,30,840,300
2025-06-11 09:22:20.000000,533.85,284640,1404510,30,840,300
2025-06-11 09:22:21.000000,533.85,285960,1404510,180,240,300
2025-06-11 09:22:21.000000,532.55,285960,1404510,60,240,300
2025-06-11 09:22:22.000000,533.3,286440,1404510,30,150,690
2025-06-11 09:22:22.000000,533.3,286440,1404510,30,150,690
2025-06-11 09:22:23.000000,530.65,287070,1404510,30,780,540
2025-06-11 09:22:23.000000,530.25,287070,1404510,30,780,540
2025-06-11 09:22:24.000000,532.8,287370,1404510,30,300,480
2025-06-11 09:22:24.000000,531.2,287370,1404510,30,300,480
2025-06-11 09:22:25.000000,530.6,287370,1404510,90,300,480
2025-06-11 09:22:26.000000,530.6,289290,1404510,30,270,660
2025-06-11 09:22:26.000000,530.25,289290,1404510,30,270,660
2025-06-11 09:22:27.000000,530.25,289740,1404510,30,2730,300
2025-06-11 09:22:27.000000,533.2,289740,1404510,30,2730,300
2025-06-11 09:22:28.000000,532.7,291300,1404510,30,330,540
2025-06-11 09:22:28.000000,531.0,291300,1404510,30,330,540
2025-06-11 09:22:29.000000,530.95,291450,1404510,30,450,990
2025-06-11 09:22:29.000000,530.95,291450,1404510,30,450,990
2025-06-11 09:22:30.000000,530.95,291450,1404510,30,450,990
2025-06-11 09:22:30.000000,531.9,291450,1404510,30,450,990
2025-06-11 09:22:31.000000,531.9,291510,1404510,30,2340,600
2025-06-11 09:22:31.000000,531.85,291510,1404510,30,2340,600
2025-06-11 09:22:32.000000,531.85,291600,1404510,30,480,570
2025-06-11 09:22:32.000000,531.45,291600,1404510,30,480,570
2025-06-11 09:22:33.000000,531.65,291990,1404510,30,270,660
2025-06-11 09:22:33.000000,531.65,291990,1404510,30,270,660
2025-06-11 09:22:34.000000,531.2,292080,1404510,60,570,750
2025-06-11 09:22:34.000000,531.2,292080,1404510,60,570,750
2025-06-11 09:22:35.000000,531.8,292080,1404510,30,570,750
2025-06-11 09:22:35.000000,531.8,292290,1404510,30,810,750
2025-06-11 09:22:36.000000,531.0,292290,1404510,60,810,750
2025-06-11 09:22:37.000000,533.2,293370,1404510,30,510,540
2025-06-11 09:22:37.000000,533.3,293370,1404510,30,510,540
2025-06-11 09:22:38.000000,532.85,293970,1404510,30,300,630
2025-06-11 09:22:38.000000,532.85,293970,1404510,30,300,630
2025-06-11 09:22:39.000000,529.0,296370,1404510,30,240,390
2025-06-11 09:22:39.000000,528.7,296370,1404510,30,240,390
2025-06-11 09:22:40.000000,529.9,296370,1404510,30,240,390
2025-06-11 09:22:40.000000,529.9,297240,1404510,30,450,300
2025-06-11 09:22:41.000000,532.0,297240,1404510,30,450,300
2025-06-11 09:22:42.000000,530.05,298230,1404510,60,1020,510
2025-06-11 09:22:42.000000,530.5,298230,1404510,210,1020,510
2025-06-11 09:22:43.000000,530.0,299730,1404510,30,660,390
2025-06-11 09:22:43.000000,527.7,299730,1404510,30,660,390
2025-06-11 09:22:44.000000,527.45,302250,1404510,90,390,870
2025-06-11 09:22:44.000000,527.45,302250,1404510,90,390,870
2025-06-11 09:22:45.000000,526.5,302250,1404510,30,390,870
2025-06-11 09:22:45.000000,526.5,302520,1404510,30,360,420
2025-06-11 09:22:46.000000,529.6,302520,1404510,30,360,420
2025-06-11 09:22:47.000000,529.3,302880,1404510,30,360,900
2025-06-11 09:22:47.000000,528.85,302880,1404510,30,360,900
2025-06-11 09:22:48.000000,529.1,303300,1404510,30,360,690
2025-06-11 09:22:48.000000,529.1,303300,1404510,30,360,690
2025-06-11 09:22:49.000000,527.45,303900,1404510,30,300,630
2025-06-11 09:22:49.000000,528.25,303900,1404510,30,300,630
2025-06-11 09:22:50.000000,527.7,303900,1404510,60,300,630
2025-06-11 09:22:50.000000,527.7,304140,1404510,60,810,330
2025-06-11 09:22:51.000000,528.9,304140,1404510,30,810,330
2025-06-11 09:22:52.000000,528.2,304800,1404510,30,420,330
2025-06-11 09:22:52.000000,528.2,304800,1404510,30,420,330
2025-06-11 09:22:53.000000,526.4,306630,1404510,90,420,450
2025-06-11 09:22:53.000000,527.4,306630,1404510,90,420,450
2025-06-11 09:22:54.000000,526.6,307050,1404510,30,420,180
2025-06-11 09:22:54.000000,527.3,307050,1404510,30,420,180
2025-06-11 09:22:55.000000,527.1,307050,1404510,30,420,180
2025-06-11 09:22:55.000000,527.1,307440,1404510,30,360,540
2025-06-11 09:22:56.000000,528.8,307440,1404510,30,360,540
2025-06-11 09:22:57.000000,528.9,308130,1404510,30,480,420
2025-06-11 09:22:57.000000,528.6,308130,1404510,90,480,420
2025-06-11 09:22:58.000000,527.55,309390,1404510,60,300,480
2025-06-11 09:22:58.000000,527.55,309390,1404510,60,300,480
2025-06-11 09:22:59.000000,527.75,309420,1404510,30,330,180
2025-06-11 09:22:59.000000,527.75,309420,1404510,30,330,180
2025-06-11 09:23:00.000000,527.75,309420,1404510,30,330,180
2025-06-11 09:23:00.000000,526.65,309420,1404510,30,330,180
2025-06-11 09:23:00.000000,526.65,309570,1404510,30,750,330
2025-06-11 09:23:01.000000,525.25,309570,1404510,30,750,330
2025-06-11 09:23:02.000000,526.45,309720,1404510,30,450,810
2025-06-11 09:23:02.000000,527.4,309720,1404510,30,450,810
2025-06-11 09:23:03.000000,526.6,309930,1404510,30,420,210
2025-06-11 09:23:03.000000,527.15,309930,1404510,30,420,210
2025-06-11 09:23:04.000000,528.4,310740,1404510,60,240,390
2025-06-11 09:23:04.000000,528.4,310740,1404510,60,240,390
2025-06-11 09:23:05.000000,529.2,310740,1404510,30,240,390
2025-06-11 09:23:05.000000,529.2,311010,1404510,30,420,450
2025-06-11 09:23:06.000000,531.15,311010,1404510,30,420,450
2025-06-11 09:23:07.000000,531.6,311460,1404510,30,330,450
2025-06-11 09:23:07.000000,531.55,311460,1404510,30,330,450
2025-06-11 09:23:08.000000,533.6,311610,1404510,30,390,510
2025-06-11 09:23:08.000000,530.6,311610,1404510,60,390,510
2025-06-11 09:23:09.000000,531.8,311790,1404510,30,510,420
2025-06-11 09:23:09.000000,531.8,311790,1404510,30,510,420
2025-06-11 09:23:10.000000,530.2,311790,1404510,30,510,420
2025-06-11 09:23:10.000000,530.2,312060,1404510,30,420,300
2025-06-11 09:23:11.000000,530.6,312060,1404510,30,420,300
2025-06-11 09:23:12.000000,530.6,312120,1404510,30,450,840
2025-06-11 09:23:13.000000,529.7,312120,1404510,60,450,840
2025-06-11 09:23:13.000000,530.55,312210,1404510,30,270,780
2025-06-11 09:23:13.000000,530.55,312210,1404510,30,270,780
2025-06-11 09:23:14.000000,532.95,312510,1404510,30,300,570
2025-06-11 09:23:14.000000,531.55,312510,1404510,30,300,570
2025-06-11 09:23:15.000000,531.55,312600,1404510,30,270,390
2025-06-11 09:23:16.000000,530.65,312600,1404510,30,270,390
2025-06-11 09:23:17.000000,530.0,312960,1404510,30,270,510
2025-06-11 09:23:17.000000,531.4,312960,1404510,30,270,510
2025-06-11 09:23:18.000000,531.4,313230,1404510,30,480,750
2025-06-11 09:23:18.000000,529.4,313230,1404510,30,480,750
2025-06-11 09:23:19.000000,530.55,313620,1404510,30,240,750
2025-06-11 09:23:19.000000,530.55,313620,1404510,30,240,750
2025-06-11 09:23:20.000000,529.45,313620,1404510,90,240,750
2025-06-11 09:23:20.000000,529.45,314340,1404510,90,420,1140
2025-06-11 09:23:21.000000,529.5,314340,1404510,30,420,1140
2025-06-11 09:23:22.000000,530.75,314610,1404510,30,240,1410
2025-06-11 09:23:22.000000,530.45,314610,1404510,30,240,1410
2025-06-11 09:23:23.000000,530.4,315000,1404510,30,210,1350
2025-06-11 09:23:23.000000,530.4,315000,1404510,30,210,1350
2025-06-11 09:23:24.000000,529.2,315420,1404510,60,510,1110
2025-06-11 09:23:24.000000,529.2,315420,1404510,60,510,1110
2025-06-11 09:23:25.000000,529.2,315420,1404510,60,330,780
2025-06-11 09:23:26.000000,533.55,315420,1404510,30,330,780
2025-06-11 09:23:26.000000,530.25,315420,1404510,30,330,780
2025-06-11 09:23:27.000000,530.25,316170,1404510,30,480,300
2025-06-11 09:23:27.000000,531.6,316170,1404510,30,480,300
2025-06-11 09:23:28.000000,530.55,316320,1404510,30,330,330
2025-06-11 09:23:28.000000,530.05,316320,1404510,30,330,330
2025-06-11 09:23:29.000000,531.7,316620,1404510,90,360,270
2025-06-11 09:23:29.000000,531.4,316620,1404510,30,360,270
2025-06-11 09:23:30.000000,531.4,316620,1404510,30,360,270
2025-06-11 09:23:30.000000,529.85,317460,1404510,30,420,660
2025-06-11 09:23:30.000000,529.85,317460,1404510,30,420,660
2025-06-11 09:23:31.000000,529.1,317460,1404510,30,420,660
2025-06-11 09:23:32.000000,529.1,317520,1404510,30,450,300
2025-06-11 09:23:32.000000,528.0,317520,1404510,30,450,300
2025-06-11 09:23:33.000000,527.0,318360,1404510,150,420,240
2025-06-11 09:23:33.000000,527.2,318360,1404510,30,420,240
2025-06-11 09:23:34.000000,527.2,318570,1404510,30,360,600
2025-06-11 09:23:35.000000,527.85,318570,1404510,90,360,600
2025-06-11 09:23:35.000000,528.05,318810,1404510,30,360,420
2025-06-11 09:23:35.000000,528.05,318810,1404510,30,360,420
2025-06-11 09:23:36.000000,529.0,318810,1404510,30,360,420
2025-06-11 09:23:36.000000,529.0,319050,1404510,30,510,480
2025-06-11 09:23:38.000000,529.0,319050,1404510,30,420,420
2025-06-11 09:23:38.000000,528.05,319050,1404510,60,420,420
2025-06-11 09:23:38.000000,528.7,319050,1404510,30,420,420
2025-06-11 09:23:39.000000,528.7,319260,1404510,30,330,270
2025-06-11 09:23:39.000000,527.2,319260,1404510,30,330,270
2025-06-11 09:23:40.000000,527.25,319380,1404510,30,420,630
2025-06-11 09:23:40.000000,527.25,319380,1404510,30,420,630
2025-06-11 09:23:41.000000,527.25,319440,1404510,30,390,600
2025-06-11 09:23:41.000000,527.25,319440,1404510,30,390,600
2025-06-11 09:23:42.000000,528.15,319470,1404510,30,570,660
2025-06-11 09:23:42.000000,528.15,319470,1404510,30,570,660
2025-06-11 09:23:43.000000,529.95,319470,1404510,30,570,660
2025-06-11 09:23:44.000000,528.05,319710,1404510,30,420,270
2025-06-11 09:23:44.000000,528.7,319710,1404510,60,420,270
2025-06-11 09:23:45.000000,528.7,319770,1404510,60,330,450
2025-06-11 09:23:45.000000,528.05,319770,1404510,30,330,450
2025-06-11 09:23:46.000000,528.1,319830,1404510,30,330,600
2025-06-11 09:23:46.000000,527.25,319830,1404510,30,330,600
2025-06-11 09:23:47.000000,528.8,320250,1404510,90,360,450
2025-06-11 09:23:47.000000,528.8,320250,1404510,90,360,450
2025-06-11 09:23:48.000000,529.75,320250,1404510,30,360,450
2025-06-11 09:23:48.000000,529.75,320310,1404510,30,420,270
2025-06-11 09:23:49.000000,530.15,320310,1404510,30,420,270
2025-06-11 09:23:50.000000,529.5,320430,1404510,30,330,330
2025-06-11 09:23:50.000000,530.1,320430,1404510,30,330,330
2025-06-11 09:23:51.000000,530.0,320700,1404510,30,300,420
2025-06-11 09:23:51.000000,531.0,320700,1404510,30,300,420
2025-06-11 09:23:52.000000,529.6,320820,1404510,30,240,300
2025-06-11 09:23:52.000000,528.05,320820,1404510,30,240,300
2025-06-11 09:23:53.000000,527.35,321000,1404510,30,360,180
2025-06-11 09:23:53.000000,527.35,321000,1404510,30,360,180
2025-06-11 09:23:54.000000,527.0,321000,1404510,30,360,180
2025-06-11 09:23:54.000000,527.0,321600,1404510,30,270,870
2025-06-11 09:23:55.000000,524.05,321600,1404510,30,270,870
2025-06-11 09:23:56.000000,522.65,324630,1404510,30,810,360
2025-06-11 09:23:56.000000,523.2,324630,1404510,30,810,360
2025-06-11 09:23:57.000000,523.45,325140,1404510,30,570,240
2025-06-11 09:23:57.000000,520.0,325140,1404510,30,570,240
2025-06-11 09:23:58.000000,520.1,328560,1404510,30,300,210
2025-06-11 09:23:58.000000,520.1,328560,1404510,30,300,210
2025-06-11 09:23:59.000000,519.05,328560,1404510,30,300,210
2025-06-11 09:23:59.000000,519.65,329070,1404510,60,390,240
2025-06-11 09:24:00.000000,519.65,329070,1404510,60,390,240
2025-06-11 09:24:00.000000,520.0,329070,1404510,60,390,240
2025-06-11 09:24:01.000000,522.9,329730,1404510,60,330,360
2025-06-11 09:24:01.000000,519.65,329730,1404510,30,330,360
2025-06-11 09:24:02.000000,519.65,330600,1404510,30,330,540
2025-06-11 09:24:02.000000,523.05,330600,1404510,30,330,540
2025-06-11 09:24:03.000000,522.95,331350,1404510,30,480,270
2025-06-11 09:24:03.000000,522.95,331350,1404510,30,480,270
2025-06-11 09:24:04.000000,522.45,331620,1404510,30,480,900
2025-06-11 09:24:04.000000,522.45,331620,1404510,30,480,900
2025-06-11 09:24:05.000000,522.6,331620,1404510,120,480,900
2025-06-11 09:24:05.000000,521.95,333450,1404510,30,390,390
2025-06-11 09:24:06.000000,521.05,333450,1404510,30,390,390
2025-06-11 09:24:07.000000,521.85,334230,1404510,30,480,270
2025-06-11 09:24:07.000000,521.2,334230,1404510,30,480,270
2025-06-11 09:24:08.000000,521.45,334740,1404510,30,450,360
2025-06-11 09:24:08.000000,522.0,334740,1404510,30,450,360
2025-06-11 09:24:09.000000,523.4,335160,1404510,30,300,570
2025-06-11 09:24:09.000000,524.1,335160,1404510,30,300,570
2025-06-11 09:24:10.000000,527.3,335910,1404510,30,270,600
2025-06-11 09:24:10.000000,527.3,335910,1404510,30,270,600
2025-06-11 09:24:11.000000,528.05,335910,1404510,30,270,600
2025-06-11 09:24:11.000000,528.05,336030,1404510,30,360,480
2025-06-11 09:24:12.000000,530.55,336030,1404510,30,360,480
2025-06-11 09:24:13.000000,532.0,336990,1404510,30,330,300
2025-06-11 09:24:13.000000,532.0,336990,1404510,30,330,300
2025-06-11 09:24:14.000000,534.5,337260,1404510,60,390,420
2025-06-11 09:24:14.000000,532.1,337260,1404510,30,390,420
2025-06-11 09:24:15.000000,531.95,337800,1404510,30,300,300
2025-06-11 09:24:15.000000,532.2,337800,1404510,30,300,300
2025-06-11 09:24:16.000000,532.8,337800,1404510,30,300,300
2025-06-11 09:24:16.000000,532.8,340020,1404510,30,300,570
2025-06-11 09:24:17.000000,534.2,340020,1404510,30,300,570
2025-06-11 09:24:18.000000,534.05,340830,1404510,30,480,270
2025-06-11 09:24:18.000000,532.65,340830,1404510,120,480,270
2025-06-11 09:24:19.000000,534.0,341190,1404510,30,390,540
2025-06-11 09:24:19.000000,531.6,341190,1404510,30,390,540
2025-06-11 09:24:20.000000,533.5,341460,1404510,30,210,900
2025-06-11 09:24:20.000000,533.5,341460,1404510,30,210,900
2025-06-11 09:24:21.000000,531.45,341460,1404510,30,210,900
2025-06-11 09:24:22.000000,529.8,341970,1404510,30,180,480
2025-06-11 09:24:22.000000,531.35,341970,1404510,30,180,480
2025-06-11 09:24:23.000000,532.15,342270,1404510,30,450,420
2025-06-11 09:24:23.000000,531.35,342270,1404510,30,450,420
2025-06-11 09:24:24.000000,530.85,343050,1404510,30,540,390
2025-06-11 09:24:24.000000,531.95,343050,1404510,60,540,390
2025-06-11 09:24:25.000000,531.6,343200,1404510,30,300,240
2025-06-11 09:24:25.000000,531.6,343200,1404510,30,300,240
2025-06-11 09:24:26.000000,531.25,343470,1404510,30,420,360
2025-06-11 09:24:26.000000,531.25,343470,1404510,30,420,360
2025-06-11 09:24:27.000000,529.6,343470,1404510,30,420,360
2025-06-11 09:24:28.000000,530.5,343740,1404510,60,390,630
2025-06-11 09:24:28.000000,530.8,343740,1404510,60,390,630
2025-06-11 09:24:29.000000,529.85,344280,1404510,60,420,420
2025-06-11 09:24:29.000000,528.9,344280,1404510,30,420,420
2025-06-11 09:24:30.000000,528.9,344280,1404510,30,420,420
2025-06-11 09:24:30.000000,528.25,344580,1404510,30,360,390
2025-06-11 09:24:30.000000,528.5,344580,1426080,30,360,390
2025-06-11 09:24:31.000000,527.95,344790,1426080,30,300,600
2025-06-11 09:24:31.000000,527.95,344790,1426080,30,300,600
2025-06-11 09:24:32.000000,528.5,344790,1426080,30,300,600
2025-06-11 09:24:33.000000,528.5,344910,1426080,30,270,510
2025-06-11 09:24:33.000000,528.25,344910,1426080,30,270,510
2025-06-11 09:24:34.000000,527.8,345150,1426080,30,630,450
2025-06-11 09:24:34.000000,527.8,345150,1426080,30,630,450
2025-06-11 09:24:35.000000,526.2,345240,1426080,60,270,510
2025-06-11 09:24:35.000000,525.65,345240,1426080,30,270,510
2025-06-11 09:24:36.000000,526.05,345330,1426080,30,480,330
2025-06-11 09:24:36.000000,526.05,345330,1426080,30,480,330
2025-06-11 09:24:37.000000,525.65,345330,1426080,30,480,330
2025-06-11 09:24:38.000000,525.65,345600,1426080,30,360,390
2025-06-11 09:24:38.000000,526.25,345600,1426080,30,360,390
2025-06-11 09:24:39.000000,526.7,345780,1426080,30,360,570
2025-06-11 09:24:39.000000,528.2,345780,1426080,30,360,570
2025-06-11 09:24:40.000000,528.2,345990,1426080,30,330,270
2025-06-11 09:24:40.000000,529.0,345990,1426080,30,330,270
2025-06-11 09:24:41.000000,527.2,346380,1426080,30,300,240
2025-06-11 09:24:41.000000,527.2,346380,1426080,30,300,240
2025-06-11 09:24:42.000000,527.9,346380,1426080,30,300,240
2025-06-11 09:24:42.000000,527.9,346710,1426080,30,360,630
2025-06-11 09:24:43.000000,529.75,346710,1426080,30,360,630
2025-06-11 09:24:44.000000,529.75,347310,1426080,30,300,570
2025-06-11 09:24:44.000000,529.0,347310,1426080,90,300,570
2025-06-11 09:24:45.000000,529.0,347670,1426080,90,390,390
2025-06-11 09:24:45.000000,530.0,347670,1426080,30,390,390
2025-06-11 09:24:46.000000,529.25,347850,1426080,30,570,420
2025-06-11 09:24:46.000000,529.25,347850,1426080,30,570,420
2025-06-11 09:24:47.000000,530.3,347850,1426080,60,570,420
2025-06-11 09:24:47.000000,530.3,348030,1426080,60,420,330
2025-06-11 09:24:48.000000,529.3,348030,1426080,30,420,330
2025-06-11 09:24:49.000000,529.3,348090,1426080,30,330,300
2025-06-11 09:24:49.000000,531.0,348090,1426080,30,330,300
2025-06-11 09:24:50.000000,531.0,348150,1426080,30,540,240
2025-06-11 09:24:51.000000,529.9,348150,1426080,90,540,240
2025-06-11 09:24:51.000000,529.9,348240,1426080,90,360,180
2025-06-11 09:24:51.000000,529.8,348240,1426080,30,360,180
2025-06-11 09:24:52.000000,528.85,348330,1426080,30,390,480
2025-06-11 09:24:52.000000,528.85,348330,1426080,30,390,480
2025-06-11 09:24:53.000000,526.4,348330,1426080,30,390,480
2025-06-11 09:24:53.000000,526.4,348840,1426080,30,300,510
2025-06-11 09:24:54.000000,527.35,348840,1426080,30,300,510
2025-06-11 09:24:55.000000,527.35,349050,1426080,30,270,330
2025-06-11 09:24:55.000000,526.9,349050,1426080,30,270,330
2025-06-11 09:24:56.000000,527.35,349290,1426080,30,300,300
2025-06-11 09:24:56.000000,527.35,349290,1426080,30,300,300
2025-06-11 09:24:57.000000,526.9,349590,1426080,60,270,330
2025-06-11 09:24:57.000000,526.7,349590,1426080,30,270,330
2025-06-11 09:24:58.000000,526.7,349650,1426080,30,390,390
2025-06-11 09:25:00.000000,526.7,349650,1426080,30,390,450
2025-06-11 09:25:00.000000,526.7,349650,1426080,30,390,450
2025-06-11 09:25:00.000000,527.25,349650,1426080,30,390,450
2025-06-11 09:25:00.000000,528.1,349650,1426080,30,390,450
2025-06-11 09:25:01.000000,525.0,349920,1426080,30,450,300
2025-06-11 09:25:01.000000,525.25,349920,1426080,90,450,300
2025-06-11 09:25:02.000000,525.25,350430,1426080,90,210,720
2025-06-11 09:25:03.000000,524.0,350430,1426080,30,210,720
2025-06-11 09:25:03.000000,524.7,351120,1426080,30,630,180
2025-06-11 09:25:03.000000,523.55,351120,1426080,30,630,180
2025-06-11 09:25:04.000000,522.25,351120,1426080,30,630,180
2025-06-11 09:25:05.000000,521.4,352230,1426080,30,390,210
2025-06-11 09:25:05.000000,521.0,352230,1426080,30,390,210
2025-06-11 09:25:06.000000,520.75,352590,1426080,30,1230,330
2025-06-11 09:25:06.000000,520.6,352590,1426080,30,1230,330
2025-06-11 09:25:07.000000,520.0,353640,1426080,30,450,270
2025-06-11 09:25:07.000000,519.65,353640,1426080,30,450,270
2025-06-11 09:25:08.000000,519.2,353850,1426080,30,450,480
2025-06-11 09:25:08.000000,519.2,353850,1426080,30,450,480
2025-06-11 09:25:09.000000,518.0,353850,1426080,30,450,480
2025-06-11 09:25:10.000000,519.95,355260,1426080,30,480,570
2025-06-11 09:25:10.000000,519.35,355260,1426080,30,480,570
2025-06-11 09:25:11.000000,519.95,355410,1426080,30,510,360
2025-06-11 09:25:11.000000,520.2,355410,1426080,30,510,360
2025-06-11 09:25:12.000000,520.75,355650,1426080,30,450,480
2025-06-11 09:25:12.000000,523.5,355650,1426080,30,450,480
2025-06-11 09:25:13.000000,522.3,355890,1426080,30,390,420
2025-06-11 09:25:13.000000,522.3,355890,1426080,30,390,420
2025-06-11 09:25:14.000000,521.2,355890,1426080,30,390,420
2025-06-11 09:25:14.000000,521.2,356700,1426080,30,510,480
2025-06-11 09:25:15.000000,520.95,356700,1426080,30,510,480
2025-06-11 09:25:16.000000,520.95,357300,1426080,30,180,510
2025-06-11 09:25:16.000000,521.25,357300,1426080,30,180,510
2025-06-11 09:25:17.000000,521.15,357420,1426080,30,300,360
2025-06-11 09:25:17.000000,521.15,357420,1426080,30,300,360
2025-06-11 09:25:18.000000,521.0,358290,1426080,240,240,240
2025-06-11 09:25:18.000000,520.95,358290,1426080,30,240,240
2025-06-11 09:25:19.000000,520.95,358560,1426080,30,630,390
2025-06-11 09:25:20.000000,521.1,358560,1426080,60,630,390
2025-06-11 09:25:21.000000,521.05,359040,1426080,30,930,360
2025-06-11 09:25:21.000000,521.55,359040,1426080,30,930,360
2025-06-11 09:25:22.000000,519.35,360000,1426080,30,330,1260
2025-06-11 09:25:22.000000,519.0,360000,1426080,30,330,1260
2025-06-11 09:25:23.000000,518.0,360360,1426080,30,390,1260
2025-06-11 09:25:23.000000,518.15,360360,1426080,30,390,1260
2025-06-11 09:25:24.000000,519.5,360360,1426080,30,390,1260
2025-06-11 09:25:24.000000,519.5,362970,1426080,30,360,210
2025-06-11 09:25:25.000000,519.7,362970,1426080,30,360,210
2025-06-11 09:25:26.000000,519.7,363210,1426080,30,300,570
2025-06-11 09:25:26.000000,520.55,363210,1426080,30,300,570
2025-06-11 09:25:27.000000,519.55,363360,1426080,30,540,330
2025-06-11 09:25:27.000000,515.95,363360,1426080,30,540,330
2025-06-11 09:25:28.000000,516.5,364260,1426080,30,540,510
2025-06-11 09:25:28.000000,516.2,364260,1426080,30,540,510
2025-06-11 09:25:29.000000,516.65,364830,1426080,30,480,690
2025-06-11 09:25:29.000000,516.55,364830,1426080,30,480,690
2025-06-11 09:25:30.000000,516.55,364830,1426080,30,480,690
2025-06-11 09:25:30.000000,517.7,364830,1426080,30,480,690
2025-06-11 09:25:30.000000,517.7,365700,1426080,30,360,210
2025-06-11 09:25:31.000000,517.25,365700,1426080,60,360,210
2025-06-11 09:25:32.000000,518.6,367020,1426080,30,540,270
2025-06-11 09:25:32.000000,518.6,367020,1426080,60,540,270
2025-06-11 09:25:33.000000,517.35,368760,1426080,30,450,480
2025-06-11 09:25:33.000000,517.35,368760,1426080,30,450,480
2025-06-11 09:25:34.000000,517.25,368820,1426080,60,270,360
2025-06-11 09:25:34.000000,517.3,368820,1426080,60,270,360
2025-06-11 09:25:35.000000,516.85,368820,1426080,90,270,360
2025-06-11 09:25:35.000000,516.85,369000,1426080,90,270,570
2025-06-11 09:25:36.000000,518.75,369000,1426080,30,270,570
2025-06-11 09:25:37.000000,518.95,369750,1426080,30,270,750
2025-06-11 09:25:37.000000,520.8,369750,1426080,30,270,750
2025-06-11 09:25:38.000000,520.5,370110,1426080,30,450,570
2025-06-11 09:25:38.000000,520.5,370110,1426080,30,450,570
2025-06-11 09:25:39.000000,520.65,370410,1426080,120,300,420
2025-06-11 09:25:39.000000,520.75,370410,1426080,30,300,420
2025-06-11 09:25:40.000000,519.7,370590,1426080,30,630,300
2025-06-11 09:25:40.000000,520.8,370590,1426080,30,630,300
2025-06-11 09:25:41.000000,520.6,370590,1426080,30,630,300
2025-06-11 09:25:41.000000,520.6,370860,1426080,30,360,540
2025-06-11 09:25:42.000000,523.05,370860,1426080,30,360,540
2025-06-11 09:25:43.000000,522.9,372420,1426080,30,390,510
2025-06-11 09:25:43.000000,522.8,372420,1426080,30,390,510
2025-06-11 09:25:44.000000,523.95,372660,1426080,30,450,330
2025-06-11 09:25:44.000000,523.4,372660,1426080,150,450,330
2025-06-11 09:25:45.000000,523.0,373080,1426080,30,300,570
2025-06-11 09:25:45.000000,523.05,373080,1426080,30,300,570
2025-06-11 09:25:46.000000,521.65,373230,1426080,30,480,780
2025-06-11 09:25:46.000000,521.65,373230,1426080,30,480,780
2025-06-11 09:25:47.000000,523.1,373230,1426080,30,480,780
2025-06-11 09:25:47.000000,523.1,373380,1426080,30,360,570
2025-06-11 09:25:48.000000,523.85,373380,1426080,30,360,570
2025-06-11 09:25:49.000000,523.0,373590,1426080,30,450,480
2025-06-11 09:25:49.000000,524.35,373590,1426080,30,450,480
2025-06-11 09:25:50.000000,524.15,374580,1426080,30,540,900
2025-06-11 09:25:50.000000,524.15,374580,1426080,30,540,900
2025-06-11 09:25:51.000000,526.0,381540,1426080,30,330,420
2025-06-11 09:25:51.000000,527.3,381540,1426080,30,330,420
2025-06-11 09:25:52.000000,526.8,381540,1426080,30,330,420
2025-06-11 09:25:52.000000,527.65,382680,1426080,30,600,690
2025-06-11 09:25:53.000000,526.85,382680,1426080,30,600,690
2025-06-11 09:25:54.000000,526.4,383010,1426080,30,180,570
2025-06-11 09:25:54.000000,526.0,383010,1426080,30,180,570
2025-06-11 09:25:55.000000,526.0,383340,1426080,30,780,390
2025-06-11 09:25:55.000000,523.85,383340,1426080,30,780,390
2025-06-11 09:25:56.000000,525.2,384780,1426080,30,390,540
2025-06-11 09:25:56.000000,525.2,384780,1426080,30,390,540
2025-06-11 09:25:57.000000,524.5,384780,1426080,30,390,540
2025-06-11 09:25:57.000000,524.5,384930,1426080,30,150,840
2025-06-11 09:25:58.000000,524.5,384930,1426080,30,150,840
2025-06-11 09:25:59.000000,524.5,385020,1426080,30,360,600
2025-06-11 09:25:59.000000,524.9,385020,1426080,30,360,600
2025-06-11 09:26:00.000000,524.9,385020,1426080,30,360,600
2025-06-11 09:26:00.000000,524.95,385230,1426080,30,330,420
2025-06-11 09:26:00.000000,524.95,385230,1426080,30,330,420
2025-06-11 09:26:01.000000,526.8,385650,1426080,30,450,690
2025-06-11 09:26:01.000000,526.8,385650,1426080,30,450,690
2025-06-11 09:26:02.000000,525.15,385650,1426080,30,450,690
2025-06-11 09:26:02.000000,525.15,386790,1426080,30,540,810
2025-06-11 09:26:03.000000,525.0,386790,1426080,30,540,810
2025-06-11 09:26:04.000000,524.9,387060,1426080,30,630,420
2025-06-11 09:26:04.000000,524.45,387060,1426080,60,630,420
2025-06-11 09:26:05.000000,525.25,387210,1426080,90,300,570
2025-06-11 09:26:05.000000,526.1,387210,1426080,30,300,570
2025-06-11 09:26:06.000000,525.55,387960,1426080,30,330,360
2025-06-11 09:26:06.000000,527.05,387960,1426080,30,330,360
2025-06-11 09:26:07.000000,526.4,387960,1426080,30,330,360
2025-06-11 09:26:07.000000,526.4,388230,1426080,30,270,600
2025-06-11 09:26:08.000000,524.95,388230,1426080,90,270,600
2025-06-11 09:26:09.000000,526.75,388710,1426080,120,300,660
2025-06-11 09:26:09.000000,527.1,388710,1426080,30,300,660
2025-06-11 09:26:10.000000,527.1,388860,1426080,30,360,330
2025-06-11 09:26:10.000000,525.1,388860,1426080,30,360,330
2025-06-11 09:26:11.000000,523.0,390360,1426080,30,1140,420
2025-06-11 09:26:11.000000,523.05,390360,1426080,30,1140,420
2025-06-11 09:26:12.000000,523.0,390570,1426080,30,1290,360
2025-06-11 09:26:12.000000,524.7,390570,1426080,30,1290,360
2025-06-11 09:26:13.000000,523.65,390570,1426080,60,1290,360
2025-06-11 09:26:13.000000,523.65,392490,1426080,60,390,420
2025-06-11 09:26:14.000000,523.55,392490,1426080,30,390,420
2025-06-11 09:26:15.000000,523.05,392640,1426080,30,360,210
2025-06-11 09:26:15.000000,524.15,392640,1426080,30,360,210
2025-06-11 09:26:16.000000,524.15,392790,1426080,30,540,510
2025-06-11 09:26:16.000000,523.1,392790,1426080,30,540,510
2025-06-11 09:26:17.000000,523.0,393150,1426080,30,420,420
2025-06-11 09:26:17.000000,522.7,393150,1426080,30,420,420
2025-06-11 09:26:18.000000,521.65,393150,1426080,30,420,420
2025-06-11 09:26:18.000000,521.0,393420,1426080,30,480,600
2025-06-11 09:26:19.000000,521.15,393420,1426080,30,480,600
2025-06-11 09:26:20.000000,522.35,393540,1426080,30,420,660
2025-06-11 09:26:20.000000,522.35,393540,1426080,120,420,660
2025-06-11 09:26:21.000000,523.15,393930,1426080,30,360,570
2025-06-11 09:26:21.000000,522.3,393930,1426080,30,360,570
2025-06-11 09:26:22.000000,521.8,394230,1426080,30,570,480
2025-06-11 09:26:22.000000,521.8,394230,1426080,60,570,480
2025-06-11 09:26:23.000000,521.65,394350,1426080,30,570,360
2025-06-11 09:26:23.000000,521.65,394350,1426080,30,570,360
2025-06-11 09:26:24.000000,522.3,394740,1426080,30,420,570
2025-06-11 09:26:25.000000,522.3,394740,1426080,30,420,570
2025-06-11 09:26:25.000000,521.8,394740,1426080,30,420,570
2025-06-11 09:26:26.000000,520.05,395580,1426080,30,270,420
2025-06-11 09:26:26.000000,521.5,395580,1426080,30,270,420
2025-06-11 09:26:27.000000,521.65,395640,1426080,30,390,780
2025-06-11 09:26:27.000000,520.8,395640,1426080,30,390,780
2025-06-11 09:26:28.000000,520.6,395760,1426080,30,750,420
2025-06-11 09:26:28.000000,520.6,395760,1426080,30,750,420
2025-06-11 09:26:29.000000,521.5,395760,1426080,30,750,420
2025-06-11 09:26:30.000000,521.5,395940,1426080,30,210,810
2025-06-11 09:26:30.000000,521.5,395940,1426080,30,210,810
2025-06-11 09:26:30.000000,522.25,395940,1426080,30,210,810
2025-06-11 09:26:31.000000,521.25,396750,1426080,30,360,510
2025-06-11 09:26:31.000000,521.05,396750,1426080,60,360,510
2025-06-11 09:26:32.000000,521.05,396840,1426080,60,420,510
2025-06-11 09:26:33.000000,520.95,396840,1426080,30,420,510
2025-06-11 09:26:33.000000,520.95,396930,1426080,30,720,360
2025-06-11 09:26:34.000000,521.25,396930,1426080,30,720,360
2025-06-11 09:26:34.000000,520.0,397200,1426080,30,720,360
2025-06-11 09:26:34.000000,520.0,397200,1426080,30,720,360
2025-06-11 09:26:35.000000,518.65,397200,1426080,30,720,360
2025-06-11 09:26:36.000000,518.65,397920,1426080,30,330,420
2025-06-11 09:26:36.000000,517.45,397920,1426080,30,330,420
2025-06-11 09:26:37.000000,518.3,398700,1426080,330,660,360
2025-06-11 09:26:37.000000,517.45,398700,1426080,30,660,360
2025-06-11 09:26:38.000000,517.0,399090,1426080,30,180,690
2025-06-11 09:26:38.000000,517.0,399090,1426080,30,180,690
2025-06-11 09:26:39.000000,517.95,399120,1426080,30,990,300
2025-06-11 09:26:39.000000,517.95,399120,1426080,30,990,300
2025-06-11 09:26:40.000000,517.75,399120,1426080,30,990,300
2025-06-11 09:26:41.000000,517.4,399420,1426080,30,630,420
2025-06-11 09:26:41.000000,517.7,399420,1426080,90,630,420
2025-06-11 09:26:42.000000,517.7,399780,1426080,90,750,420
2025-06-11 09:26:42.000000,519.85,399780,1426080,30,750,420
2025-06-11 09:26:43.000000,519.1,400080,1426080,30,360,480
2025-06-11 09:26:43.000000,520.1,400080,1426080,60,360,480
2025-06-11 09:26:44.000000,519.0,400470,1426080,30,750,270
2025-06-11 09:26:44.000000,519.0,400470,1426080,30,750,270
2025-06-11 09:26:45.000000,520.8,400920,1426080,30,510,510
2025-06-11 09:26:45.000000,520.8,400920,1426080,30,510,510
2025-06-11 09:26:46.000000,521.2,400920,1426080,30,510,510
2025-06-11 09:26:47.000000,520.4,401160,1426080,120,540,420
2025-06-11 09:26:47.000000,520.0,401160,1426080,30,540,420
2025-06-11 09:26:48.000000,521.25,401370,1426080,30,450,240
2025-06-11 09:26:48.000000,521.05,401370,1426080,60,450,240
2025-06-11 09:26:49.000000,522.1,401610,1426080,30,390,270
2025-06-11 09:26:49.000000,522.1,401610,1426080,30,390,270
2025-06-11 09:26:50.000000,522.9,401700,1426080,30,210,390
2025-06-11 09:26:50.000000,522.9,401700,1426080,30,210,390
2025-06-11 09:26:51.000000,522.75,401700,1426080,30,210,390
2025-06-11 09:26:52.000000,523.3,401820,1426080,30,450,390
2025-06-11 09:26:52.000000,521.4,401820,1426080,150,450,390
2025-06-11 09:26:53.000000,523.8,402510,1426080,30,390,480
2025-06-11 09:26:53.000000,524.0,402510,1426080,30,390,480
2025-06-11 09:26:54.000000,524.0,402660,1426080,30,450,870
2025-06-11 09:26:54.000000,522.5,402660,1426080,30,450,870
2025-06-11 09:26:55.000000,523.0,402720,1426080,30,240,300
2025-06-11 09:26:55.000000,522.85,402720,1426080,30,240,300
2025-06-11 09:26:56.000000,524.0,402720,1426080,300,240,300
2025-06-11 09:26:57.000000,524.0,403410,1426080,300,480,420
2025-06-11 09:26:57.000000,526.4,403410,1426080,30,480,420
2025-06-11 09:26:58.000000,527.0,403650,1426080,30,420,390
2025-06-11 09:26:58.000000,527.0,403650,1426080,420,420,390
2025-06-11 09:26:59.000000,526.0,404400,1426080,120,630,420
2025-06-11 09:26:59.000000,526.8,404400,1426080,30,630,420
2025-06-11 09:27:00.000000,526.8,404400,1426080,30,630,420
2025-06-11 09:27:00.000000,526.0,405630,1426080,30,330,420
2025-06-11 09:27:00.000000,526.0,405630,1426080,30,330,420
2025-06-11 09:27:01.000000,526.7,405690,1426080,30,240,330
2025-06-11 09:27:01.000000,526.7,405690,1426080,30,240,330
2025-06-11 09:27:02.000000,527.3,405690,1426080,30,240,330
2025-06-11 09:27:03.000000,527.3,405720,1426080,30,300,330
2025-06-11 09:27:03.000000,525.5,405720,1426080,30,300,330
2025-06-11 09:27:04.000000,527.75,406110,1426080,180,540,750
2025-06-11 09:27:04.000000,527.75,406110,1426080,180,540,750
2025-06-11 09:27:05.000000,526.4,406320,1426080,30,240,390
2025-06-11 09:27:05.000000,526.4,406320,1426080,30,240,390
2025-06-11 09:27:06.000000,525.15,406560,1426080,30,390,450
2025-06-11 09:27:06.000000,525.65,406560,1426080,60,390,450
2025-06-11 09:27:07.000000,525.35,406560,1426080,30,390,450
2025-06-11 09:27:08.000000,525.35,406680,1426080,30,1290,360
2025-06-11 09:27:08.000000,526.65,406680,1426080,30,1290,360
2025-06-11 09:27:09.000000,526.65,406710,1426080,30,1050,390
2025-06-11 09:27:09.000000,527.0,406710,1426080,30,1050,390
2025-06-11 09:27:10.000000,528.0,408030,1426080,30,420,300
2025-06-11 09:27:10.000000,527.6,408030,1426080,30,420,300
2025-06-11 09:27:11.000000,529.2,408540,1426080,60,660,420
2025-06-11 09:27:11.000000,529.2,408540,1426080,60,660,420
2025-06-11 09:27:12.000000,529.05,409290,1426080,90,540,750
2025-06-11 09:27:12.000000,529.05,409290,1426080,90,540,750
2025-06-11 09:27:13.000000,528.35,409290,1426080,30,540,750
2025-06-11 09:27:14.000000,528.7,409440,1426080,60,300,840
2025-06-11 09:27:14.000000,528.3,409440,1426080,30,300,840
2025-06-11 09:27:15.000000,528.3,409500,1426080,30,420,630
2025-06-11 09:27:15.000000,528.5,409500,1426080,30,420,630
2025-06-11 09:27:16.000000,527.65,409710,1426080,30,450,450
2025-06-11 09:27:16.000000,527.4,409710,1426080,30,450,450
2025-06-11 09:27:17.000000,527.6,409890,1426080,30,300,660
2025-06-11 09:27:17.000000,527.6,409890,1426080,30,300,660
2025-06-11 09:27:18.000000,526.45,409890,1426080,30,300,660
2025-06-11 09:27:19.000000,527.65,410010,1426080,30,300,510
2025-06-11 09:27:19.000000,527.3,410010,1426080,30,300,510
2025-06-11 09:27:20.000000,527.45,410190,1426080,30,420,990
2025-06-11 09:27:20.000000,527.15,410190,1426080,30,420,990
2025-06-11 09:27:21.000000,527.25,410280,1426080,30,360,600
2025-06-11 09:27:21.000000,527.35,410280,1426080,30,360,600
2025-06-11 09:27:22.000000,527.35,410310,1426080,30,1080,630
2025-06-11 09:27:23.000000,525.3,410310,1426080,30,1080,630
2025-06-11 09:27:24.000000,525.3,410340,1426080,30,480,510
2025-06-11 09:27:25.000000,525.3,410340,1426080,30,240,330
2025-06-11 09:27:26.000000,527.3,410340,1426080,60,240,330
2025-06-11 09:27:26.000000,527.3,410670,1426080,60,300,960
2025-06-11 09:27:27.000000,525.85,410670,1426080,30,300,960
2025-06-11 09:27:27.000000,525.0,411330,1426080,30,1050,720
2025-06-11 09:27:27.000000,525.0,411330,1426080,30,1050,720
2025-06-11 09:27:28.000000,522.55,411330,1426080,30,1050,720
2025-06-11 09:27:29.000000,522.95,412440,1426080,90,300,330
2025-06-11 09:27:29.000000,522.65,412440,1426080,30,300,330
2025-06-11 09:27:30.000000,522.65,412440,1426080,30,300,330
2025-06-11 09:27:30.000000,523.05,412710,1426080,30,210,300
2025-06-11 09:27:30.000000,525.3,412710,1426350,60,210,300
2025-06-11 09:27:31.000000,525.6,413130,1426350,30,510,300
2025-06-11 09:27:31.000000,525.6,413130,1426350,30,510,300
2025-06-11 09:27:32.000000,525.6,413130,1426350,30,360,300
2025-06-11 09:27:32.000000,525.4,413130,1426350,30,360,300
2025-06-11 09:27:33.000000,526.0,413130,1426350,30,360,300
2025-06-11 09:27:34.000000,526.0,413400,1426350,30,510,300
2025-06-11 09:27:34.000000,526.75,413400,1426350,30,510,300
2025-06-11 09:27:35.000000,526.75,413430,1426350,30,330,690
2025-06-11 09:27:36.000000,526.75,413430,1426350,30,330,570
2025-06-11 09:27:36.000000,525.25,413430,1426350,60,330,570
2025-06-11 09:27:37.000000,526.3,413430,1426350,30,330,570
2025-06-11 09:27:37.000000,525.3,413550,1426350,30,420,450
2025-06-11 09:27:37.000000,525.3,413550,1426350,30,420,450
2025-06-11 09:27:38.000000,526.15,413550,1426350,30,420,450
2025-06-11 09:27:39.000000,526.15,413580,1426350,30,540,720
2025-06-11 09:27:40.000000,526.15,413580,1426350,30,540,300
2025-06-11 09:27:40.000000,525.0,413580,1426350,30,540,300
2025-06-11 09:27:40.000000,524.1,413580,1426350,30,540,300
2025-06-11 09:27:41.000000,525.05,413850,1426350,30,330,360
2025-06-11 09:27:41.000000,525.4,413850,1426350,30,330,360
2025-06-11 09:27:42.000000,525.4,413880,1426350,30,300,270
2025-06-11 09:27:42.000000,522.55,413880,1426350,30,300,270
2025-06-11 09:27:43.000000,523.3,413880,1426350,30,300,270
2025-06-11 09:27:44.000000,523.3,414030,1426350,30,570,360
2025-06-11 09:27:44.000000,522.55,414030,1426350,30,570,360
2025-06-11 09:27:45.000000,523.05,414090,1426350,30,450,540
2025-06-11 09:27:45.000000,523.05,414090,1426350,30,450,540
2025-06-11 09:27:46.000000,523.05,414090,1426350,30,450,690
2025-06-11 09:27:46.000000,522.75,414090,1426350,30,450,690
2025-06-11 09:27:47.000000,523.25,414150,1426350,30,630,510
2025-06-11 09:27:47.000000,523.0,414150,1426350,30,630,510
2025-06-11 09:27:48.000000,522.55,414150,1426350,30,630,510
2025-06-11 09:27:49.000000,522.55,414570,1426350,30,360,600
2025-06-11 09:27:49.000000,522.45,414570,1426350,30,360,600
2025-06-11 09:27:50.000000,522.45,414720,1426350,30,330,330
2025-06-11 09:27:50.000000,523.5,414720,1426350,30,330,330
2025-06-11 09:27:51.000000,522.4,415170,1426350,30,720,390
2025-06-11 09:27:51.000000,523.6,415170,1426350,30,720,390
2025-06-11 09:27:52.000000,524.1,415290,1426350,30,840,510
2025-06-11 09:27:52.000000,524.1,415290,1426350,30,840,510
2025-06-11 09:27:53.000000,522.3,415290,1426350,30,840,510
2025-06-11 09:27:54.000000,522.3,415800,1426350,30,600,900
2025-06-11 09:27:54.000000,522.2,415800,1426350,30,600,900
2025-06-11 09:27:55.000000,522.3,415860,1426350,30,360,330
2025-06-11 09:27:55.000000,522.15,415860,1426350,60,360,330
2025-06-11 09:27:56.000000,522.15,416130,1426350,60,390,300
2025-06-11 09:27:56.000000,523.3,416130,1426350,30,390,300
2025-06-11 09:27:57.000000,521.15,416400,1426350,30,420,450
2025-06-11 09:27:57.000000,521.15,416400,1426350,30,420,450
2025-06-11 09:27:58.000000,520.8,416400,1426350,30,420,450
2025-06-11 09:27:59.000000,521.05,416610,1426350,30,330,540
2025-06-11 09:27:59.000000,521.05,416610,1426350,30,330,540
2025-06-11 09:28:00.000000,521.05,416610,1426350,30,330,540
2025-06-11 09:28:00.000000,521.05,416610,1426350,30,390,450
2025-06-11 09:28:00.000000,522.35,416610,1426350,60,390,450
2025-06-11 09:28:01.000000,521.45,416700,1426350,30,360,450
2025-06-11 09:28:01.000000,521.45,416700,1426350,30,360,450
2025-06-11 09:28:02.000000,521.45,416700,1426350,30,750,480
2025-06-11 09:28:03.000000,521.75,416700,1426350,30,750,480
2025-06-11 09:28:04.000000,521.5,416850,1426350,30,630,480
2025-06-11 09:28:04.000000,520.25,416850,1426350,30,630,480
2025-06-11 09:28:04.000000,520.1,416850,1426350,30,630,480
2025-06-11 09:28:05.000000,520.1,417000,1426350,30,720,360
2025-06-11 09:28:06.000000,520.65,417000,1426350,30,720,360
2025-06-11 09:28:06.000000,520.0,418170,1426350,300,570,840
2025-06-11 09:28:06.000000,520.05,418170,1426350,30,570,840
2025-06-11 09:28:07.000000,519.75,419220,1426350,30,330,900
2025-06-11 09:28:07.000000,520.25,419220,1426350,30,330,900
2025-06-11 09:28:08.000000,520.1,419220,1426350,30,330,900
2025-06-11 09:28:09.000000,520.1,419280,1426350,30,420,1140
2025-06-11 09:28:09.000000,520.2,419280,1426350,60,420,1140
2025-06-11 09:28:10.000000,520.25,419670,1426350,60,570,450
2025-06-11 09:28:10.000000,520.25,419670,1426350,60,570,450
2025-06-11 09:28:11.000000,520.0,419790,1426350,30,570,630
2025-06-11 09:28:11.000000,520.0,419790,1426350,120,570,630
2025-06-11 09:28:12.000000,520.0,420060,1426350,60,480,510
2025-06-11 09:28:12.000000,520.9,420060,1426350,30,480,510
2025-06-11 09:28:13.000000,520.85,420360,1426350,60,660,450
2025-06-11 09:28:13.000000,520.85,420360,1426350,60,660,450
2025-06-11 09:28:14.000000,521.7,420360,1426350,30,660,450
2025-06-11 09:28:15.000000,522.9,420510,1426350,30,420,510
2025-06-11 09:28:15.000000,521.8,420510,1426350,60,420,510
2025-06-11 09:28:16.000000,521.8,420660,1426350,60,600,420
2025-06-11 09:28:16.000000,522.5,420660,1426350,30,600,420
2025-06-11 09:28:17.000000,522.95,420810,1426350,30,450,510
2025-06-11 09:28:17.000000,522.95,420810,1426350,30,450,510
2025-06-11 09:28:18.000000,523.9,420810,1426350,30,540,330
2025-06-11 09:28:18.000000,523.9,420870,1426350,30,540,330
2025-06-11 09:28:19.000000,524.7,420870,1426350,30,540,330
2025-06-11 09:28:20.000000,523.15,421110,1426350,120,420,300
2025-06-11 09:28:20.000000,523.35,421110,1426350,60,420,300
2025-06-11 09:28:21.000000,523.6,421410,1426350,60,630,570
2025-06-11 09:28:21.000000,523.55,421410,1426350,90,630,570
2025-06-11 09:28:22.000000,523.65,421530,1426350,30,480,300
2025-06-11 09:28:22.000000,523.65,421530,1426350,30,480,300
2025-06-11 09:28:23.000000,522.5,421530,1426350,30,480,300
2025-06-11 09:28:23.000000,522.5,421590,1426350,30,480,330
2025-06-11 09:28:25.000000,522.0,421590,1426350,30,480,330
2025-06-11 09:28:25.000000,522.0,421620,1426350,30,300,210
2025-06-11 09:28:25.000000,522.05,421620,1426350,30,300,210
2025-06-11 09:28:26.000000,522.05,421650,1426350,30,480,450
2025-06-11 09:28:27.000000,522.05,421650,1426350,30,480,450
2025-06-11 09:28:27.000000,522.05,421710,1426350,30,690,390
2025-06-11 09:28:27.000000,521.7,421710,1426350,30,690,390
2025-06-11 09:28:28.000000,521.05,421710,1426350,30,690,390
2025-06-11 09:28:28.000000,521.05,421800,1426350,30,570,210
2025-06-11 09:28:29.000000,522.8,421800,1426350,30,570,210
2025-06-11 09:28:30.000000,522.8,421800,1426350,30,570,210
2025-06-11 09:28:30.000000,523.4,421890,1426350,30,300,270
2025-06-11 09:28:30.000000,522.7,421890,1426350,30,300,270
2025-06-11 09:28:31.000000,522.7,421950,1426350,30,570,390
2025-06-11 09:28:31.000000,522.0,421950,1426350,30,570,390
2025-06-11 09:28:32.000000,520.75,422100,1426350,30,660,390
2025-06-11 09:28:32.000000,520.75,422100,1426350,30,660,390
2025-06-11 09:28:33.000000,520.75,422100,1426350,30,420,450
2025-06-11 09:28:34.000000,520.15,422100,1426350,30,420,450
2025-06-11 09:28:34.000000,521.1,422100,1426350,30,420,450
2025-06-11 09:28:35.000000,521.1,422280,1426350,30,720,300
2025-06-11 09:28:35.000000,519.35,422280,1426350,30,720,300
2025-06-11 09:28:36.000000,519.35,423990,1426350,30,510,630
2025-06-11 09:28:36.000000,518.25,423990,1426350,90,510,630
2025-06-11 09:28:37.000000,519.45,424320,1426350,30,510,390
2025-06-11 09:28:37.000000,519.2,424320,1426350,60,510,390
2025-06-11 09:28:38.000000,518.5,424320,1426350,30,510,390
2025-06-11 09:28:38.000000,518.55,424620,1426350,30,990,510
2025-06-11 09:28:39.000000,518.9,424620,1426350,30,990,510
2025-06-11 09:28:40.000000,518.9,425010,1426350,30,450,450
2025-06-11 09:28:40.000000,518.95,425010,1426350,30,450,450
2025-06-11 09:28:41.000000,519.1,425340,1426350,60,570,390
2025-06-11 09:28:41.000000,518.55,425340,1426350,30,570,390
2025-06-11 09:28:42.000000,519.35,425460,1426350,30,630,330
2025-06-11 09:28:42.000000,519.35,425460,1426350,30,630,330
2025-06-11 09:28:43.000000,518.7,425460,1426350,30,630,330
2025-06-11 09:28:43.000000,518.7,425520,1426350,30,810,390
2025-06-11 09:28:44.000000,518.0,425520,1426350,30,810,390
2025-06-11 09:28:45.000000,518.0,425610,1426350,30,900,360
2025-06-11 09:28:45.000000,517.75,425610,1426350,30,900,360
2025-06-11 09:28:46.000000,517.8,426390,1426350,30,570,360
2025-06-11 09:28:46.000000,517.8,426390,1426350,30,570,360
2025-06-11 09:28:47.000000,518.1,426660,1426350,30,690,330
2025-06-11 09:28:47.000000,517.55,426660,1426350,30,690,330
2025-06-11 09:28:48.000000,517.8,426660,1426350,30,690,330
2025-06-11 09:28:48.000000,517.8,426990,1426350,30,270,540
2025-06-11 09:28:49.000000,518.6,426990,1426350,30,270,540
2025-06-11 09:28:50.000000,518.05,427410,1426350,60,270,540
2025-06-11 09:28:50.000000,518.0,427410,1426350,30,270,540
2025-06-11 09:28:51.000000,518.0,428010,1426350,30,630,420
2025-06-11 09:28:51.000000,518.1,428010,1426350,30,630,420
2025-06-11 09:28:52.000000,520.0,428760,1426350,30,360,570
2025-06-11 09:28:52.000000,520.65,428760,1426350,30,360,570
2025-06-11 09:28:53.000000,519.75,428760,1426350,60,360,570
2025-06-11 09:28:54.000000,519.75,428850,1426350,60,420,240
2025-06-11 09:28:54.000000,520.1,428850,1426350,30,420,240
2025-06-11 09:28:55.000000,520.1,429060,1426350,30,480,540
2025-06-11 09:28:55.000000,520.1,429060,1426350,30,480,540
2025-06-11 09:28:56.000000,520.1,429120,1426350,30,150,360
2025-06-11 09:28:56.000000,519.5,429120,1426350,30,150,360
2025-06-11 09:28:57.000000,518.0,429480,1426350,30,330,330
2025-06-11 09:28:57.000000,518.0,429480,1426350,30,330,330
2025-06-11 09:28:58.000000,516.8,429480,1426350,30,330,330
2025-06-11 09:28:59.000000,516.8,429690,1426350,30,270,390
2025-06-11 09:28:59.000000,517.8,429690,1426350,30,270,390
2025-06-11 09:29:00.000000,517.8,429690,1426350,30,270,390
2025-06-11 09:29:00.000000,517.8,429780,1426350,30,390,360
2025-06-11 09:29:00.000000,515.1,429780,1426350,30,390,360
2025-06-11 09:29:01.000000,515.05,430500,1426350,30,1290,480
2025-06-11 09:29:01.000000,515.0,430500,1426350,60,1290,480
2025-06-11 09:29:02.000000,515.0,431250,1426350,30,660,390
2025-06-11 09:29:02.000000,515.65,431250,1426350,30,660,390
2025-06-11 09:29:03.000000,514.05,431250,1426350,30,660,390
2025-06-11 09:29:04.000000,513.9,432210,1426350,30,270,570
2025-06-11 09:29:04.000000,514.0,432210,1426350,30,270,570
2025-06-11 09:29:05.000000,513.0,432420,1426350,30,510,510
2025-06-11 09:29:05.000000,513.0,432420,1426350,30,510,510
2025-06-11 09:29:06.000000,513.65,432780,1426350,30,300,600
2025-06-11 09:29:06.000000,513.0,432780,1426350,30,300,600
2025-06-11 09:29:07.000000,513.45,433080,1426350,30,270,780
2025-06-11 09:29:07.000000,513.45,433080,1426350,30,270,780
2025-06-11 09:29:08.000000,512.05,433080,1426350,120,270,780
2025-06-11 09:29:09.000000,512.65,433290,1426350,30,780,690
2025-06-11 09:29:09.000000,514.8,433290,1426350,30,780,690
2025-06-11 09:29:10.000000,515.85,434370,1426350,30,300,750
2025-06-11 09:29:10.000000,515.9,434370,1426350,30,300,750
2025-06-11 09:29:11.000000,517.15,434700,1426350,30,390,270
2025-06-11 09:29:11.000000,517.0,434700,1426350,30,390,270
2025-06-11 09:29:12.000000,517.0,434790,1426350,30,570,780
2025-06-11 09:29:12.000000,517.0,434790,1426350,30,570,780
2025-06-11 09:29:13.000000,514.95,434790,1426350,30,570,780
2025-06-11 09:29:14.000000,514.95,437190,1426350,30,540,450
2025-06-11 09:29:14.000000,514.55,437190,1426350,90,540,450
2025-06-11 09:29:15.000000,515.7,437400,1426350,30,1020,450
2025-06-11 09:29:15.000000,515.7,437400,1426350,30,1020,450
2025-06-11 09:29:16.000000,515.7,437400,1426350,30,480,510
2025-06-11 09:29:17.000000,515.7,437400,1426350,30,510,270
2025-06-11 09:29:18.000000,514.65,437400,1426350,30,510,270
2025-06-11 09:29:18.000000,513.3,437790,1426350,30,840,570
2025-06-11 09:29:18.000000,513.3,437790,1426350,30,840,570
2025-06-11 09:29:19.000000,514.75,437790,1426350,30,840,570
2025-06-11 09:29:20.000000,514.75,438480,1426350,30,630,330
2025-06-11 09:29:20.000000,514.85,438480,1426350,30,630,330
2025-06-11 09:29:21.000000,517.75,438990,1426350,90,390,690
2025-06-11 09:29:21.000000,517.75,438990,1426350,90,390,690
2025-06-11 09:29:22.000000,517.75,438990,1426350,90,480,270
2025-06-11 09:29:23.000000,515.9,438990,1426350,30,480,270
2025-06-11 09:29:23.000000,516.15,439140,1426350,30,600,360
2025-06-11 09:29:23.000000,516.15,439140,1426350,30,600,360
2025-06-11 09:29:24.000000,517.35,439140,1426350,30,600,360
2025-06-11 09:29:25.000000,517.35,439290,1426350,30,390,420
2025-06-11 09:29:25.000000,517.05,439290,1426350,30,390,420
2025-06-11 09:29:26.000000,515.3,439470,1426350,60,420,210
2025-06-11 09:29:26.000000,516.9,439470,1426350,30,420,210
2025-06-11 09:29:27.000000,517.0,439620,1426350,30,660,180
2025-06-11 09:29:27.000000,517.0,439620,1426350,30,660,180
2025-06-11 09:29:28.000000,516.85,439920,1426350,270,390,300
2025-06-11 09:29:28.000000,516.85,439920,1426350,270,390,300
2025-06-11 09:29:29.000000,517.7,439950,1426350,30,540,360
2025-06-11 09:29:29.000000,517.7,439950,1426350,30,540,360
2025-06-11 09:29:30.000000,517.7,439950,1426350,30,540,360
2025-06-11 09:29:30.000000,516.0,439950,1426350,60,540,360
2025-06-11 09:29:31.000000,516.0,440340,1426350,60,390,750
2025-06-11 09:29:31.000000,515.9,440340,1426350,30,390,750
2025-06-11 09:29:32.000000,515.9,440850,1426350,30,540,300
2025-06-11 09:29:32.000000,515.3,440850,1426350,30,540,300
2025-06-11 09:29:33.000000,514.0,441570,1426350,30,900,570
2025-06-11 09:29:33.000000,514.0,441570,1426350,30,900,570
2025-06-11 09:29:34.000000,513.9,441660,1426350,30,630,390
2025-06-11 09:29:34.000000,513.9,441660,1426350,30,630,390
2025-06-11 09:29:35.000000,513.9,441720,1426350,30,930,360
2025-06-11 09:29:35.000000,514.0,441720,1426350,90,930,360
2025-06-11 09:29:36.000000,513.8,441720,1426350,30,930,360
2025-06-11 09:29:37.000000,513.8,442350,1426350,30,450,630
2025-06-11 09:29:37.000000,515.6,442350,1426350,30,450,630
2025-06-11 09:29:38.000000,515.6,442740,1426350,30,510,570
2025-06-11 09:29:38.000000,515.5,442740,1426350,30,510,570
2025-06-11 09:29:39.000000,518.45,442950,1426350,120,570,420
2025-06-11 09:29:39.000000,517.1,442950,1426350,30,570,420
2025-06-11 09:29:40.000000,518.55,443220,1426350,30,330,360
2025-06-11 09:29:40.000000,518.55,443220,1426350,30,330,360
2025-06-11 09:29:41.000000,518.55,443220,1426350,30,420,420
2025-06-11 09:29:42.000000,518.15,443220,1426350,30,420,420
2025-06-11 09:29:43.000000,517.9,443220,1426350,30,420,420
2025-06-11 09:29:43.000000,517.9,443490,1426350,30,450,390
2025-06-11 09:29:44.000000,516.15,443490,1426350,30,450,390
2025-06-11 09:29:44.000000,516.55,443850,1426350,30,390,480
2025-06-11 09:29:45.000000,516.55,443850,1426350,30,390,480
2025-06-11 09:29:45.000000,515.25,443880,1426350,30,360,360
2025-06-11 09:29:46.000000,515.25,443880,1426350,30,360,360
2025-06-11 09:29:46.000000,515.4,443940,1426350,30,420,360
2025-06-11 09:29:47.000000,515.45,443940,1426350,30,420,360
2025-06-11 09:29:47.000000,516.55,444000,1426350,30,420,450
2025-06-11 09:29:48.000000,516.55,444000,1426350,30,420,450
2025-06-11 09:29:48.000000,517.2,444390,1426350,30,360,660
2025-06-11 09:29:49.000000,517.2,444390,1426350,30,360,660
2025-06-11 09:29:50.000000,517.85,444390,1426350,30,360,660
2025-06-11 09:29:50.000000,517.85,444510,1426350,30,450,360
2025-06-11 09:29:51.000000,516.85,444510,1426350,60,450,360
2025-06-11 09:29:51.000000,516.05,444660,1426350,30,480,510
2025-06-11 09:29:52.000000,517.25,444660,1426350,30,480,510
2025-06-11 09:29:52.000000,516.4,444900,1426350,30,330,240
2025-06-11 09:29:53.000000,515.65,444900,1426350,60,330,240
2025-06-11 09:29:53.000000,517.05,445260,1426350,30,720,270
2025-06-11 09:29:54.000000,517.05,445260,1426350,30,720,270
2025-06-11 09:29:54.000000,516.95,445440,1426350,30,660,300
2025-06-11 09:29:55.000000,516.95,445440,1426350,30,660,300
2025-06-11 09:29:56.000000,516.5,445440,1426350,30,660,300
2025-06-11 09:29:56.000000,515.4,445590,1426350,30,480,540
2025-06-11 09:29:57.000000,516.4,445590,1426350,60,480,540
2025-06-11 09:29:57.000000,516.4,445890,1426350,60,420,420
2025-06-11 09:29:58.000000,517.0,445890,1426350,30,420,420
2025-06-11 09:29:58.000000,517.0,446100,1426350,30,390,270
2025-06-11 09:29:59.000000,517.0,446100,1426350,30,390,270
2025-06-11 09:29:59.000000,515.0,446250,1426350,30,1110,810
2025-06-11 09:30:00.000000,516.0,446250,1426350,30,1110,810
2025-06-11 09:30:00.000000,516.0,446250,1426350,30,1110,810
2025-06-11 09:30:00.000000,515.1,446430,1426350,30,1260,450
2025-06-11 09:30:01.000000,516.05,446430,1426350,30,1260,450
2025-06-11 09:30:01.000000,514.8,447420,1426350,30,360,450
2025-06-11 09:30:02.000000,514.8,447420,1426350,30,360,450
2025-06-11 09:30:03.000000,512.25,447420,1426350,30,360,450
2025-06-11 09:30:03.000000,512.25,448290,1426350,30,570,330
2025-06-11 09:30:04.000000,511.05,448290,1426350,30,570,330
2025-06-11 09:30:04.000000,514.15,449400,1426350,30,360,330
2025-06-11 09:30:05.000000,514.1,449400,1426350,30,360,330
2025-06-11 09:30:05.000000,513.8,450630,1426350,30,300,360
2025-06-11 09:30:06.000000,513.95,450630,1426350,30,300,360
2025-06-11 09:30:06.000000,512.85,451350,1426350,60,300,510
2025-06-11 09:30:07.000000,512.85,451350,1426350,60,300,510
2025-06-11 09:30:07.000000,512.3,451380,1426350,30,630,360
2025-06-11 09:30:08.000000,512.35,451380,1426350,30,630,360
2025-06-11 09:30:09.000000,512.85,451380,1426350,30,630,360
2025-06-11 09:30:09.000000,512.85,451560,1426350,30,510,390
2025-06-11 09:30:10.000000,512.8,451560,1426350,60,510,390
2025-06-11 09:30:10.000000,512.8,452760,1426350,60,270,450
2025-06-11 09:30:11.000000,512.85,452760,1426350,30,270,450
2025-06-11 09:30:11.000000,514.95,453300,1426350,30,390,240
2025-06-11 09:30:12.000000,513.7,453300,1426350,30,390,240
2025-06-11 09:30:12.000000,512.45,454290,1426350,510,390,390
2025-06-11 09:30:13.000000,512.45,454290,1426350,300,390,390
2025-06-11 09:30:13.000000,509.0,458910,1426350,60,390,240
2025-06-11 09:30:14.000000,509.9,458910,1426350,30,390,240
2025-06-11 09:30:15.000000,510.2,458910,1426350,30,390,240
2025-06-11 09:30:15.000000,509.4,460200,1426350,30,540,420
2025-06-11 09:30:16.000000,508.5,460200,1426350,60,540,420
2025-06-11 09:30:16.000000,508.95,462030,1426350,30,450,270
2025-06-11 09:30:17.000000,507.7,462030,1426350,30,450,270
2025-06-11 09:30:17.000000,508.6,462570,1426350,90,930,720
2025-06-11 09:30:18.000000,507.1,462570,1426350,30,930,720
2025-06-11 09:30:18.000000,510.6,464670,1426350,90,240,540
2025-06-11 09:30:19.000000,510.5,464670,1426350,30,240,540
2025-06-11 09:30:20.000000,510.05,464670,1426350,30,240,540
2025-06-11 09:30:20.000000,509.3,465210,1426350,30,540,390
2025-06-11 09:30:21.000000,513.15,465210,1426350,30,540,390
2025-06-11 09:30:21.000000,512.4,466050,1426350,180,750,420
2025-06-11 09:30:22.000000,512.95,466050,1426350,30,750,420
2025-06-11 09:30:22.000000,515.0,468060,1426350,30,600,420
2025-06-11 09:30:23.000000,516.6,468060,1426350,30,600,420
2025-06-11 09:30:23.000000,515.95,469320,1426350,30,420,510
2025-06-11 09:30:24.000000,516.1,469320,1426350,30,420,510
2025-06-11 09:30:25.000000,517.0,469320,1426350,30,420,510
2025-06-11 09:30:25.000000,517.0,469590,1426350,30,390,390
2025-06-11 09:30:26.000000,518.65,469590,1426350,30,390,390
2025-06-11 09:30:26.000000,518.35,471210,1426350,30,480,180
2025-06-11 09:30:27.000000,518.05,471210,1426350,30,480,180
2025-06-11 09:30:27.000000,519.7,472590,1426350,30,360,330
2025-06-11 09:30:28.000000,518.8,472590,1426350,30,360,330
2025-06-11 09:30:28.000000,518.8,472770,1426350,30,300,630
2025-06-11 09:30:29.000000,516.75,472770,1426350,30,300,630
2025-06-11 09:30:30.000000,517.45,472770,1426350,30,300,630
2025-06-11 09:30:30.000000,517.45,472770,1426350,30,300,630
2025-06-11 09:30:30.000000,517.45,473250,1426350,30,600,240
2025-06-11 09:30:31.000000,518.95,473250,1426350,30,600,240
2025-06-11 09:30:31.000000,518.95,473340,1426350,30,420,720
2025-06-11 09:30:32.000000,517.5,473340,1435410,30,420,720
2025-06-11 09:30:32.000000,518.45,473730,1435410,30,300,300
2025-06-11 09:30:33.000000,518.55,473730,1435410,30,300,300
2025-06-11 09:30:33.000000,518.55,474030,1435410,30,360,510
2025-06-11 09:30:34.000000,518.55,474030,1435410,30,360,510
2025-06-11 09:30:35.000000,517.4,474030,1435410,90,360,510
2025-06-11 09:30:35.000000,518.0,474330,1435410,30,270,450
2025-06-11 09:30:36.000000,517.0,474330,1435410,30,270,450
2025-06-11 09:30:36.000000,517.15,474570,1435410,30,660,330
2025-06-11 09:30:37.000000,515.85,474570,1435410,30,660,330
2025-06-11 09:30:37.000000,515.9,475590,1435410,30,510,600
2025-06-11 09:30:38.000000,516.1,475590,1435410,30,510,600
2025-06-11 09:30:38.000000,517.25,476220,1435410,30,390,480
2025-06-11 09:30:39.000000,517.25,476220,1435410,30,390,480
2025-06-11 09:30:40.000000,516.1,476220,1435410,60,390,480
2025-06-11 09:30:40.000000,517.4,476490,1435410,30,510,300
2025-06-11 09:30:41.000000,518.85,476490,1435410,30,510,300
2025-06-11 09:30:41.000000,518.3,476970,1435410,30,300,450
2025-06-11 09:30:42.000000,518.9,476970,1435410,30,300,450
2025-06-11 09:30:42.000000,518.95,477300,1435410,30,480,1020
2025-06-11 09:30:43.000000,518.95,477300,1435410,30,480,1020
2025-06-11 09:30:43.000000,518.5,477420,1435410,30,360,1260
2025-06-11 09:30:44.000000,518.5,477420,1435410,30,360,1260
2025-06-11 09:30:45.000000,519.0,477420,1435410,30,360,1260
2025-06-11 09:30:45.000000,519.0,477480,1435410,30,390,1320
2025-06-11 09:30:46.000000,519.0,477480,1435410,30,390,1320
2025-06-11 09:30:46.000000,518.3,478710,1435410,300,660,1230
2025-06-11 09:30:47.000000,520.0,478710,1435410,30,660,1230
2025-06-11 09:30:47.000000,519.25,480330,1435410,30,420,480
2025-06-11 09:30:48.000000,520.95,480330,1435410,60,420,480
2025-06-11 09:30:48.000000,521.0,480510,1435410,60,330,420
2025-06-11 09:30:49.000000,521.0,480510,1435410,60,330,420
2025-06-11 09:30:49.000000,520.35,481350,1435410,30,300,390
2025-06-11 09:30:50.000000,520.55,481350,1435410,30,300,390
2025-06-11 09:30:51.000000,519.1,481350,1435410,30,300,390
2025-06-11 09:30:51.000000,519.1,482880,1435410,30,330,720
2025-06-11 09:30:52.000000,520.2,482880,1435410,30,330,720
2025-06-11 09:30:52.000000,520.05,483060,1435410,30,270,360
2025-06-11 09:30:53.000000,519.45,483060,1435410,30,270,360
2025-06-11 09:30:53.000000,520.2,483390,1435410,30,420,510
2025-06-11 09:30:54.000000,519.1,483390,1435410,30,420,510
2025-06-11 09:30:55.000000,521.0,483480,1435410,30,420,510
2025-06-11 09:30:55.000000,521.0,483480,1435410,30,420,510
2025-06-11 09:30:56.000000,520.25,483480,1435410,90,420,510
2025-06-11 09:30:56.000000,521.75,483900,1435410,30,420,750
2025-06-11 09:30:57.000000,521.35,483900,1435410,30,420,750
2025-06-11 09:30:57.000000,521.6,484050,1435410,30,450,900
2025-06-11 09:30:58.000000,520.2,484050,1435410,30,450,900
2025-06-11 09:30:58.000000,520.95,484170,1435410,30,390,450
2025-06-11 09:30:59.000000,520.95,484170,1435410,30,390,450
2025-06-11 09:31:00.000000,522.55,485040,1435410,30,480,330
2025-06-11 09:31:00.000000,522.55,485040,1435410,30,480,330
2025-06-11 09:31:00.000000,522.55,485040,1435410,30,480,330
2025-06-11 09:31:01.000000,524.1,485040,1435410,30,480,330
2025-06-11 09:31:01.000000,524.05,485220,1435410,30,270,450
2025-06-11 09:31:02.000000,525.5,485220,1435410,30,270,450
2025-06-11 09:31:02.000000,525.85,486420,1435410,60,360,180
2025-06-11 09:31:03.000000,526.5,486420,1435410,30,360,180
2025-06-11 09:31:03.000000,527.35,487110,1435410,60,510,510
2025-06-11 09:31:04.000000,527.35,487110,1435410,60,510,510
2025-06-11 09:31:05.000000,525.25,487890,1435410,30,420,360
2025-06-11 09:31:05.000000,525.25,487890,1435410,30,420,360
2025-06-11 09:31:06.000000,525.8,487890,1435410,30,420,360
2025-06-11 09:31:06.000000,526.0,488550,1435410,30,390,270
2025-06-11 09:31:07.000000,523.95,488550,1435410,30,390,270
2025-06-11 09:31:07.000000,523.85,490500,1435410,30,570,330
2025-06-11 09:31:08.000000,526.6,490500,1435410,30,570,330
2025-06-11 09:31:08.000000,526.05,490680,1435410,30,270,450
2025-06-11 09:31:09.000000,522.35,490680,1435410,60,270,450
2025-06-11 09:31:10.000000,520.45,491520,1435410,30,1740,450
2025-06-11 09:31:10.000000,520.45,491520,1435410,30,1740,450
2025-06-11 09:31:11.000000,523.15,491520,1435410,30,1740,450
2025-06-11 09:31:11.000000,523.9,491760,1435410,30,390,720
2025-06-11 09:31:12.000000,524.95,491760,1435410,30,390,720
2025-06-11 09:31:12.000000,525.0,491880,1435410,30,330,630
2025-06-11 09:31:13.000000,525.0,491880,1435410,240,330,630
2025-06-11 09:31:13.000000,525.6,492210,1435410,30,360,300
2025-06-11 09:31:14.000000,525.6,492210,1435410,30,360,300
2025-06-11 09:31:15.000000,526.4,492750,1435410,60,450,360
2025-06-11 09:31:15.000000,526.4,492750,1435410,60,450,360
2025-06-11 09:31:16.000000,524.7,492750,1435410,360,450,360
2025-06-11 09:31:16.000000,523.6,493800,1435410,30,240,330
2025-06-11 09:31:17.000000,523.5,493800,1435410,30,240,330
2025-06-11 09:31:17.000000,524.1,494160,1435410,120,360,450
2025-06-11 09:31:18.000000,523.95,494160,1435410,30,360,450
2025-06-11 09:31:18.000000,523.55,494460,1435410,30,420,330
2025-06-11 09:31:19.000000,522.15,494460,1435410,30,420,330
2025-06-11 09:31:19.000000,523.2,494760,1435410,30,360,300
2025-06-11 09:31:20.000000,523.3,494760,1435410,30,360,300
2025-06-11 09:31:21.000000,521.8,495270,1435410,30,330,630
2025-06-11 09:31:21.000000,521.8,495270,1435410,30,330,630
2025-06-11 09:31:22.000000,523.75,495270,1435410,30,330,630
2025-06-11 09:31:22.000000,523.75,495300,1435410,30,210,450
2025-06-11 09:31:23.000000,523.45,495300,1435410,30,210,450
2025-06-11 09:31:23.000000,523.45,495420,1435410,30,360,390
2025-06-11 09:31:24.000000,522.55,495420,1435410,30,360,390
2025-06-11 09:31:24.000000,522.55,495450,1435410,30,270,570
2025-06-11 09:31:25.000000,521.8,495450,1435410,30,270,570
2025-06-11 09:31:26.000000,522.35,495780,1435410,30,270,540
2025-06-11 09:31:26.000000,522.35,495780,1435410,30,270,540
2025-06-11 09:31:27.000000,522.4,495780,1435410,30,270,540
2025-06-11 09:31:27.000000,522.4,496680,1435410,30,420,390
2025-06-11 09:31:28.000000,522.85,496680,1435410,90,420,390
2025-06-11 09:31:28.000000,522.5,497280,1435410,60,180,750
2025-06-11 09:31:29.000000,522.5,497280,1435410,60,180,750
2025-06-11 09:31:29.000000,522.6,497550,1435410,30,240,690
2025-06-11 09:31:30.000000,522.3,497550,1435410,30,240,690
2025-06-11 09:31:30.000000,522.3,497550,1435410,30,240,690
2025-06-11 09:31:30.000000,522.65,497640,1435410,30,300,390
2025-06-11 09:31:31.000000,522.65,497640,1435410,30,300,390
2025-06-11 09:31:32.000000,521.5,497670,1435410,30,420,450
2025-06-11 09:31:32.000000,521.5,497670,1435410,30,420,450
2025-06-11 09:31:33.000000,520.0,497670,1435410,480,420,450
2025-06-11 09:31:33.000000,520.75,499620,1435410,30,360,450
2025-06-11 09:31:34.000000,521.5,499620,1435410,30,360,450
2025-06-11 09:31:34.000000,520.45,500340,1435410,30,300,450
2025-06-11 09:31:35.000000,520.1,500340,1435410,90,300,450
2025-06-11 09:31:35.000000,521.0,500610,1435410,30,270,390
2025-06-11 09:31:36.000000,521.0,500610,1435410,30,270,390
2025-06-11 09:31:37.000000,519.35,500760,1435410,30,210,450
2025-06-11 09:31:37.000000,519.35,500760,1435410,30,210,450
2025-06-11 09:31:38.000000,519.4,500760,1435410,60,210,450
2025-06-11 09:31:38.000000,519.4,501030,1435410,60,420,300
2025-06-11 09:31:39.000000,519.45,501030,1435410,30,420,300
2025-06-11 09:31:39.000000,519.3,502050,1435410,30,630,330
2025-06-11 09:31:40.000000,519.3,502050,1435410,30,630,330
2025-06-11 09:31:40.000000,517.75,502740,1435410,30,210,450
2025-06-11 09:31:41.000000,517.75,502740,1435410,30,210,450
2025-06-11 09:31:41.000000,517.75,502740,1435410,30,750,420
2025-06-11 09:31:42.000000,515.9,502740,1435410,30,750,420
2025-06-11 09:31:43.000000,514.1,502740,1435410,30,750,420
2025-06-11 09:31:43.000000,514.1,504030,1435410,30,480,420
2025-06-11 09:31:44.000000,516.45,504030,1435410,30,480,420
2025-06-11 09:31:44.000000,514.8,504210,1435410,30,660,240
2025-06-11 09:31:45.000000,515.0,504210,1435410,30,660,240
2025-06-11 09:31:45.000000,514.75,505740,1435410,300,570,270
2025-06-11 09:31:46.000000,515.55,505740,1435410,30,570,270
2025-06-11 09:31:46.000000,515.15,506490,1435410,600,300,210
2025-06-11 09:31:47.000000,515.15,506490,1435410,600,300,210
2025-06-11 09:31:48.000000,516.7,506490,1435410,30,300,210
2025-06-11 09:31:48.000000,516.7,507390,1435410,30,510,600
2025-06-11 09:31:49.000000,515.15,507390,1435410,30,510,600
2025-06-11 09:31:49.000000,516.0,507480,1435410,30,450,1080
2025-06-11 09:31:50.000000,513.95,507480,1435410,30,450,1080
2025-06-11 09:31:50.000000,513.95,507720,1435410,30,240,930
2025-06-11 09:31:51.000000,515.05,507720,1435410,30,240,930
2025-06-11 09:31:51.000000,514.9,507840,1435410,30,660,480
2025-06-11 09:31:52.000000,514.9,507840,1435410,30,660,480
2025-06-11 09:31:52.000000,514.9,507840,1435410,30,510,420
2025-06-11 09:31:53.000000,513.9,507840,1435410,30,510,420
2025-06-11 09:31:54.000000,513.9,507870,1435410,30,900,480
2025-06-11 09:31:54.000000,511.5,507870,1435410,90,900,480
2025-06-11 09:31:55.000000,512.45,507870,1435410,180,900,480
2025-06-11 09:31:55.000000,512.55,510450,1435410,30,210,450
2025-06-11 09:31:56.000000,512.55,510450,1435410,30,210,450
2025-06-11 09:31:56.000000,512.55,510450,1435410,30,450,720
2025-06-11 09:31:57.000000,514.1,510450,1435410,30,450,720
2025-06-11 09:31:57.000000,514.3,513510,1435410,150,1170,450
2025-06-11 09:31:58.000000,514.3,513510,1435410,150,1170,450
2025-06-11 09:31:59.000000,514.2,513510,1435410,90,1170,450
2025-06-11 09:31:59.000000,514.2,513960,1435410,90,840,420
2025-06-11 09:32:00.000000,514.45,513960,1435410,150,840,420
2025-06-11 09:32:00.000000,514.45,513960,1435410,150,840,420
2025-06-11 09:32:00.000000,514.45,514740,1435410,150,420,330
2025-06-11 09:32:01.000000,514.8,514740,1435410,30,420,330
2025-06-11 09:32:01.000000,514.8,514770,1435410,30,360,330
2025-06-11 09:32:02.000000,514.8,514770,1435410,30,1110,480
2025-06-11 09:32:03.000000,515.4,514770,1435410,30,1110,480
2025-06-11 09:32:03.000000,515.75,515070,1435410,30,450,600
2025-06-11 09:32:04.000000,515.75,515070,1435410,30,450,600
2025-06-11 09:32:05.000000,514.5,515070,1435410,30,450,600
2025-06-11 09:32:05.000000,514.5,515190,1435410,30,480,690
2025-06-11 09:32:06.000000,514.45,515190,1435410,30,480,690
2025-06-11 09:32:06.000000,514.45,515310,1435410,30,660,420
2025-06-11 09:32:07.000000,513.3,515310,1435410,30,660,420
2025-06-11 09:32:07.000000,513.3,515640,1435410,30,690,450
2025-06-11 09:32:08.000000,513.85,515640,1435410,30,690,450
2025-06-11 09:32:08.000000,515.85,516120,1435410,30,600,390
2025-06-11 09:32:09.000000,515.85,516120,1435410,30,600,390
2025-06-11 09:32:10.000000,515.85,516120,1435410,30,630,510
2025-06-11 09:32:11.000000,517.25,516120,1435410,30,630,510
2025-06-11 09:32:11.000000,517.25,516150,1435410,30,210,540
2025-06-11 09:32:12.000000,520.5,516150,1435410,30,210,540
2025-06-11 09:32:12.000000,518.95,517080,1435410,60,390,420
2025-06-11 09:32:13.000000,518.25,517080,1435410,30,390,420
2025-06-11 09:32:13.000000,518.25,517110,1435410,30,810,330
2025-06-11 09:32:14.000000,517.75,517110,1435410,30,810,330
2025-06-11 09:32:14.000000,519.2,517980,1435410,60,360,420
2025-06-11 09:32:15.000000,519.3,517980,1435410,30,360,420
2025-06-11 09:32:16.000000,518.2,517980,1435410,60,360,420
2025-06-11 09:32:16.000000,518.2,518700,1435410,60,210,360
2025-06-11 09:32:17.000000,518.25,518700,1435410,30,210,360
2025-06-11 09:32:17.000000,518.25,519000,1435410,30,240,630
2025-06-11 09:32:18.000000,519.85,519000,1435410,30,240,630
2025-06-11 09:32:18.000000,518.95,520140,1435410,30,420,420
2025-06-11 09:32:19.000000,518.0,520140,1435410,90,420,420
2025-06-11 09:32:19.000000,519.75,521820,1435410,30,660,390
2025-06-11 09:32:20.000000,519.75,521820,1435410,30,660,390
2025-06-11 09:32:21.000000,517.75,521820,1435410,210,660,390
2025-06-11 09:32:21.000000,517.75,522870,1435410,210,390,300
2025-06-11 09:32:22.000000,519.4,522870,1435410,30,390,300
2025-06-11 09:32:22.000000,521.0,523050,1435410,30,720,690
2025-06-11 09:32:23.000000,518.6,523050,1435410,60,720,690
2025-06-11 09:32:23.000000,518.0,523800,1435410,30,1080,540
2025-06-11 09:32:24.000000,514.4,523800,1435410,60,1080,540
2025-06-11 09:32:24.000000,515.4,524670,1435410,30,510,780
2025-06-11 09:32:25.000000,515.4,524670,1435410,30,510,780
2025-06-11 09:32:26.000000,515.3,524670,1435410,30,510,780
2025-06-11 09:32:26.000000,517.0,525540,1435410,30,300,570
2025-06-11 09:32:27.000000,517.75,525540,1435410,30,300,570
2025-06-11 09:32:27.000000,516.95,525630,1435410,30,360,480
2025-06-11 09:32:28.000000,516.95,525630,1435410,30,360,480
2025-06-11 09:32:28.000000,517.8,525660,1435410,30,540,450
2025-06-11 09:32:29.000000,515.85,525660,1435410,30,540,450
2025-06-11 09:32:29.000000,516.2,526770,1435410,30,840,540
2025-06-11 09:32:30.000000,516.15,526770,1435410,30,840,540
2025-06-11 09:32:30.000000,516.15,526770,1435410,30,840,540
2025-06-11 09:32:31.000000,516.0,526770,1435410,120,840,540
2025-06-11 09:32:31.000000,515.6,527790,1435410,30,480,390
2025-06-11 09:32:32.000000,515.6,527790,1435410,30,480,390
2025-06-11 09:32:32.000000,516.35,527940,1435410,30,300,420
2025-06-11 09:32:33.000000,515.0,527940,1435410,30,300,420
2025-06-11 09:32:33.000000,514.85,528060,1435410,30,330,630
2025-06-11 09:32:34.000000,514.85,528060,1435410,30,330,630
2025-06-11 09:32:34.000000,517.5,528780,1435410,30,360,480
2025-06-11 09:32:35.000000,517.5,528780,1435410,120,360,480
2025-06-11 09:32:36.000000,516.35,528780,1435410,30,360,480
2025-06-11 09:32:36.000000,516.35,529140,1435410,30,180,390
2025-06-11 09:32:37.000000,517.9,529140,1435410,30,180,390
2025-06-11 09:32:37.000000,516.5,529200,1435410,30,480,840
2025-06-11 09:32:38.000000,515.3,529200,1435410,30,480,840
2025-06-11 09:32:38.000000,515.3,529260,1435410,30,570,540
2025-06-11 09:32:39.000000,515.0,529260,1435410,30,570,540
2025-06-11 09:32:39.000000,515.0,529290,1435410,30,450,480
2025-06-11 09:32:40.000000,515.45,529290,1435410,30,450,480
2025-06-11 09:32:41.000000,515.7,529290,1435410,30,450,480
2025-06-11 09:32:41.000000,516.8,529500,1435410,30,600,270
2025-06-11 09:32:42.000000,515.5,529500,1435410,60,600,270
2025-06-11 09:32:42.000000,516.05,529980,1435410,30,540,450
2025-06-11 09:32:43.000000,514.45,529980,1435410,30,540,450
2025-06-11 09:32:43.000000,514.4,530850,1435410,30,480,360
2025-06-11 09:32:44.000000,513.85,530850,1435410,30,480,360
2025-06-11 09:32:44.000000,516.05,531060,1435410,30,330,330
2025-06-11 09:32:45.000000,516.2,531060,1435410,30,330,330
2025-06-11 09:32:46.000000,515.45,531060,1435410,30,330,330
2025-06-11 09:32:46.000000,515.45,531180,1435410,30,570,420
2025-06-11 09:32:47.000000,514.3,531180,1435410,60,570,420
2025-06-11 09:32:47.000000,514.3,531270,1435410,60,480,330
2025-06-11 09:32:48.000000,515.7,531270,1435410,30,480,330
2025-06-11 09:32:48.000000,515.7,531390,1435410,30,330,540
2025-06-11 09:32:49.000000,515.7,531390,1435410,30,300,300
2025-06-11 09:32:50.000000,515.6,531390,1435410,30,300,300
2025-06-11 09:32:51.000000,515.35,531390,1435410,30,300,300
2025-06-11 09:32:51.000000,515.35,531450,1435410,30,900,270
2025-06-11 09:32:52.000000,515.35,531450,1435410,90,900,270
2025-06-11 09:32:52.000000,515.35,531660,1435410,90,240,420
2025-06-11 09:32:53.000000,515.15,531660,1435410,30,240,420
2025-06-11 09:32:53.000000,515.2,531840,1435410,30,450,630
2025-06-11 09:32:54.000000,515.2,531840,1435410,30,450,630
2025-06-11 09:32:54.000000,515.8,531930,1435410,30,390,390
2025-06-11 09:32:55.000000,515.8,531930,1435410,30,390,390
2025-06-11 09:32:56.000000,515.35,531930,1435410,30,390,390
2025-06-11 09:32:56.000000,515.35,532110,1435410,30,270,450
2025-06-11 09:32:57.000000,515.35,532110,1435410,30,300,480
2025-06-11 09:32:57.000000,514.95,532110,1435410,30,300,480
2025-06-11 09:32:58.000000,515.4,532110,1435410,30,300,480
2025-06-11 09:32:58.000000,516.0,532290,1435410,30,360,390
2025-06-11 09:32:59.000000,515.85,532290,1435410,30,360,390
2025-06-11 09:32:59.000000,516.8,532410,1435410,30,420,480
2025-06-11 09:33:00.000000,516.8,532410,1435410,30,420,480
2025-06-11 09:33:00.000000,515.95,532410,1435410,30,420,480
2025-06-11 09:33:00.000000,515.95,532800,1435410,30,840,420
2025-06-11 09:33:01.000000,513.85,532800,1435410,600,840,420
2025-06-11 09:33:02.000000,513.85,533550,1435410,600,300,660
2025-06-11 09:33:03.000000,513.85,533550,1435410,600,600,330
2025-06-11 09:33:04.000000,516.25,533550,1435410,60,600,330
2025-06-11 09:33:04.000000,516.25,533640,1435410,60,330,660
2025-06-11 09:33:05.000000,517.0,533640,1435410,30,330,660
2025-06-11 09:33:05.000000,517.0,533910,1435410,30,450,570
2025-06-11 09:33:06.000000,517.0,533910,1435410,30,450,570
2025-06-11 09:33:07.000000,517.0,533970,1435410,30,510,510
2025-06-11 09:33:07.000000,518.1,533970,1435410,30,510,510
2025-06-11 09:33:08.000000,518.1,534000,1435410,30,330,450
2025-06-11 09:33:09.000000,516.3,534000,1435410,30,330,450
2025-06-11 09:33:09.000000,516.3,534030,1435410,30,180,540
2025-06-11 09:33:11.000000,516.3,534030,1435410,30,300,450
2025-06-11 09:33:11.000000,516.0,534030,1435410,30,300,450
2025-06-11 09:33:12.000000,516.05,534030,1435410,30,300,450
2025-06-11 09:33:12.000000,516.05,534120,1435410,30,420,390
2025-06-11 09:33:13.000000,516.1,534120,1435410,30,420,390
2025-06-11 09:33:13.000000,516.1,534150,1435410,30,360,240
2025-06-11 09:33:14.000000,516.1,534150,1435410,30,360,180
2025-06-11 09:33:14.000000,516.4,534150,1435410,30,360,180
2025-06-11 09:33:15.000000,516.8,534150,1435410,30,360,180
2025-06-11 09:33:16.000000,516.9,534360,1435410,30,300,480
2025-06-11 09:33:16.000000,516.9,534360,1435410,30,300,480
2025-06-11 09:33:17.000000,516.9,534360,1435410,30,810,480
2025-06-11 09:33:17.000000,516.7,534360,1435410,30,810,480
2025-06-11 09:33:18.000000,516.7,534420,1435410,30,360,570
2025-06-11 09:33:18.000000,515.45,534420,1435410,150,360,570
2025-06-11 09:33:19.000000,515.4,534420,1435410,60,360,570
2025-06-11 09:33:19.000000,515.4,536490,1435410,30,930,510
2025-06-11 09:33:20.000000,515.2,536490,1435410,90,930,510
2025-06-11 09:33:20.000000,515.2,536790,1435410,90,300,510
2025-06-11 09:33:21.000000,515.8,536790,1435410,30,300,510
2025-06-11 09:33:22.000000,515.45,537270,1435410,30,210,480
2025-06-11 09:33:22.000000,515.45,537270,1435410,30,210,480
2025-06-11 09:33:23.000000,515.0,537270,1435410,90,210,480
2025-06-11 09:33:23.000000,515.0,537450,1435410,90,900,360
2025-06-11 09:33:24.000000,512.0,537450,1435410,30,900,360
2025-06-11 09:33:24.000000,513.0,538440,1435410,30,750,870
2025-06-11 09:33:25.000000,513.6,538440,1435410,30,750,870
2025-06-11 09:33:25.000000,515.0,538890,1435410,30,510,150
2025-06-11 09:33:26.000000,515.0,538890,1435410,30,510,150
2025-06-11 09:33:27.000000,513.75,539250,1435410,30,390,720
2025-06-11 09:33:27.000000,513.75,539250,1435410,30,390,720
2025-06-11 09:33:28.000000,513.8,539250,1435410,30,390,720
2025-06-11 09:33:28.000000,513.4,539460,1435410,30,690,690
2025-06-11 09:33:29.000000,513.4,539460,1435410,30,690,690
2025-06-11 09:33:29.000000,513.4,539460,1435410,30,330,480
2025-06-11 09:33:30.000000,513.4,539460,1435410,30,330,480
2025-06-11 09:33:30.000000,513.95,539460,1435410,30,330,480
2025-06-11 09:33:30.000000,513.95,539790,1435410,30,240,540
2025-06-11 09:33:31.000000,514.2,539790,1435410,30,240,540
2025-06-11 09:33:32.000000,513.95,539850,1435410,30,450,510
2025-06-11 09:33:32.000000,513.95,539850,1439730,30,450,510
2025-06-11 09:33:33.000000,512.5,539850,1439730,90,450,510
2025-06-11 09:33:33.000000,512.5,540000,1439730,90,810,390
2025-06-11 09:33:34.000000,514.05,540000,1439730,60,810,390
2025-06-11 09:33:34.000000,512.0,540720,1439730,30,390,420
2025-06-11 09:33:35.000000,513.6,540720,1439730,30,390,420
2025-06-11 09:33:35.000000,512.95,540900,1439730,30,1170,540
2025-06-11 09:33:36.000000,512.95,540900,1439730,30,1170,540
2025-06-11 09:33:36.000000,513.8,541110,1439730,30,300,390
2025-06-11 09:33:37.000000,515.0,541110,1439730,30,300,390
2025-06-11 09:33:38.000000,516.45,541650,1439730,60,330,360
2025-06-11 09:33:38.000000,516.45,541650,1439730,60,330,360
2025-06-11 09:33:39.000000,517.5,541650,1439730,30,330,360
2025-06-11 09:33:39.000000,517.5,541680,1439730,30,330,600
2025-06-11 09:33:40.000000,516.35,541680,1439730,30,330,600
2025-06-11 09:33:40.000000,516.25,542100,1439730,30,390,450
2025-06-11 09:33:41.000000,514.0,542100,1439730,90,390,450
2025-06-11 09:33:41.000000,515.95,542430,1439730,30,420,330
2025-06-11 09:33:42.000000,515.95,542430,1439730,30,420,330
2025-06-11 09:33:43.000000,515.95,542430,1439730,30,270,480
2025-06-11 09:33:43.000000,516.4,542430,1439730,30,270,480
2025-06-11 09:33:44.000000,515.15,542430,1439730,30,270,480
2025-06-11 09:33:44.000000,515.15,542490,1439730,30,510,570
2025-06-11 09:33:45.000000,517.9,542490,1439730,30,510,570
2025-06-11 09:33:45.000000,517.9,542670,1439730,30,420,600
2025-06-11 09:33:46.000000,518.0,542670,1439730,120,420,600
2025-06-11 09:33:46.000000,518.0,542850,1439730,120,330,630
2025-06-11 09:33:47.000000,518.9,542850,1439730,30,330,630
2025-06-11 09:33:48.000000,520.0,543570,1439730,30,900,390
2025-06-11 09:33:48.000000,520.0,543570,1439730,30,900,390
2025-06-11 09:33:49.000000,519.4,543570,1439730,30,900,390
2025-06-11 09:33:49.000000,519.4,544290,1439730,30,270,450
2025-06-11 09:33:50.000000,520.0,544290,1439730,30,270,450
2025-06-11 09:33:50.000000,520.0,544680,1439730,60,630,270
2025-06-11 09:33:51.000000,520.0,544680,1439730,60,630,270
2025-06-11 09:33:51.000000,521.05,544710,1439730,30,690,300
2025-06-11 09:33:52.000000,522.5,544710,1439730,30,690,300
2025-06-11 09:33:52.000000,520.0,544920,1439730,30,330,540
2025-06-11 09:33:53.000000,520.0,544920,1439730,30,330,540
2025-06-11 09:33:54.000000,518.85,545130,1439730,30,300,390
2025-06-11 09:33:54.000000,518.85,545130,1439730,30,300,390
2025-06-11 09:33:55.000000,520.0,545130,1439730,30,300,390
2025-06-11 09:33:55.000000,520.0,545190,1439730,30,390,600
2025-06-11 09:33:56.000000,520.7,545190,1439730,30,390,600
2025-06-11 09:33:56.000000,520.7,545220,1439730,30,810,480
2025-06-11 09:33:57.000000,518.6,545220,1439730,150,810,480
2025-06-11 09:33:57.000000,517.95,545550,1439730,30,450,480
2025-06-11 09:33:58.000000,517.95,545550,1439730,30,450,480
2025-06-11 09:33:59.000000,519.5,545580,1439730,30,390,510
2025-06-11 09:33:59.000000,519.4,545580,1439730,30,390,510
2025-06-11 09:34:00.000000,519.4,545580,1439730,30,390,510
2025-06-11 09:34:00.000000,519.4,545610,1439730,30,510,510
2025-06-11 09:34:01.000000,519.4,545610,1439730,30,540,420
2025-06-11 09:34:02.000000,521.1,545610,1439730,30,540,420
2025-06-11 09:34:02.000000,521.1,545640,1439730,30,390,300
2025-06-11 09:34:03.000000,519.5,545640,1439730,30,390,300
2025-06-11 09:34:04.000000,519.5,545700,1439730,30,330,450
2025-06-11 09:34:05.000000,518.7,545700,1439730,30,330,450
2025-06-11 09:34:05.000000,517.9,545790,1439730,30,330,390
2025-06-11 09:34:06.000000,517.8,545790,1439730,30,330,390
2025-06-11 09:34:06.000000,517.75,546060,1439730,60,300,510
2025-06-11 09:34:07.000000,517.75,546060,1439730,60,300,510
2025-06-11 09:34:07.000000,517.85,546120,1439730,30,360,630
2025-06-11 09:34:08.000000,516.35,546120,1439730,30,360,630
2025-06-11 09:34:08.000000,518.9,546390,1439730,30,450,390
2025-06-11 09:34:09.000000,518.9,546390,1439730,30,450,390
2025-06-11 09:34:10.000000,516.9,546390,1439730,30,450,390
2025-06-11 09:34:10.000000,516.9,546420,1439730,30,330,600
2025-06-11 09:34:11.000000,516.9,546420,1439730,30,390,420
2025-06-11 09:34:11.000000,517.8,546420,1439730,30,390,420
2025-06-11 09:34:12.000000,518.7,546600,1439730,30,1290,420
2025-06-11 09:34:13.000000,517.6,546600,1439730,30,1290,420
2025-06-11 09:34:13.000000,518.95,546840,1439730,30,450,360
2025-06-11 09:34:14.000000,518.95,546840,1439730,30,450,360
2025-06-11 09:34:15.000000,517.55,546840,1439730,30,450,360
2025-06-11 09:34:15.000000,517.5,547080,1439730,150,1230,450
2025-06-11 09:34:16.000000,517.5,547080,1439730,150,1230,450
2025-06-11 09:34:16.000000,517.5,547080,1439730,150,1440,570
2025-06-11 09:34:17.000000,517.85,547080,1439730,30,1440,570
2025-06-11 09:34:17.000000,517.9,547230,1439730,30,1440,360
2025-06-11 09:34:18.000000,517.9,547230,1439730,30,1440,360
2025-06-11 09:34:18.000000,515.95,548250,1439730,30,360,510
2025-06-11 09:34:19.000000,517.35,548250,1439730,30,360,510
2025-06-11 09:34:20.000000,516.75,548250,1439730,30,360,510
2025-06-11 09:34:20.000000,516.75,548580,1439730,30,360,540
2025-06-11 09:34:21.000000,516.75,548580,1439730,30,240,600
2025-06-11 09:34:21.000000,519.05,548580,1439730,30,240,600
2025-06-11 09:34:22.000000,516.8,548580,1439730,30,240,600
2025-06-11 09:34:22.000000,516.8,548850,1439730,30,510,540
2025-06-11 09:34:23.000000,519.95,548850,1439730,30,510,540
2025-06-11 09:34:23.000000,519.95,548880,1439730,30,540,480
2025-06-11 09:34:24.000000,519.8,548880,1439730,30,540,480
2025-06-11 09:34:25.000000,518.6,548880,1439730,30,540,480
2025-06-11 09:34:25.000000,518.6,549360,1439730,30,390,300
2025-06-11 09:34:26.000000,518.6,549360,1439730,30,450,630
2025-06-11 09:34:27.000000,519.2,549360,1439730,30,450,630
2025-06-11 09:34:27.000000,519.2,549390,1439730,30,480,480
2025-06-11 09:34:28.000000,521.2,549390,1439730,90,480,480
2025-06-11 09:34:28.000000,519.5,549930,1439730,90,300,690
2025-06-11 09:34:29.000000,519.5,549930,1439730,90,300,690
2025-06-11 09:34:30.000000,519.5,549930,1439730,90,300,690
2025-06-11 09:34:30.000000,522.2,549930,1439730,30,300,690
2025-06-11 09:34:30.000000,522.2,550230,1439730,30,540,330
2025-06-11 09:34:31.000000,522.2,550230,1439730,30,570,330
2025-06-11 09:34:32.000000,522.2,550230,1439730,30,480,420
2025-06-11 09:34:33.000000,520.5,550230,1439730,30,480,420
2025-06-11 09:34:33.000000,521.6,550530,1439730,30,510,540
2025-06-11 09:34:34.000000,521.6,550530,1439730,30,510,540
2025-06-11 09:34:35.000000,520.25,550680,1439730,30,510,510
2025-06-11 09:34:35.000000,520.25,550680,1439730,30,510,510
2025-06-11 09:34:36.000000,521.05,550680,1439730,30,510,510
2025-06-11 09:34:36.000000,521.05,550950,1439730,30,480,390
2025-06-11 09:34:37.000000,519.3,550950,1439730,30,480,390
2025-06-11 09:34:37.000000,519.3,551070,1439730,30,540,300
2025-06-11 09:34:38.000000,520.0,551070,1439730,60,540,300
2025-06-11 09:34:38.000000,520.6,551190,1439730,30,510,330
2025-06-11 09:34:39.000000,521.1,551190,1439730,30,510,330
2025-06-11 09:34:40.000000,520.25,551250,1439730,30,390,360
2025-06-11 09:34:40.000000,520.25,551250,1439730,30,390,360
2025-06-11 09:34:41.000000,519.85,551250,1439730,30,390,360
2025-06-11 09:34:41.000000,518.55,551550,1439730,30,300,480
2025-06-11 09:34:42.000000,518.55,551550,1439730,30,300,480
2025-06-11 09:34:42.000000,518.3,551640,1439730,30,360,390
2025-06-11 09:34:43.000000,518.0,551640,1439730,30,360,390
2025-06-11 09:34:43.000000,518.0,551730,1439730,30,300,420
2025-06-11 09:34:44.000000,518.05,551730,1439730,30,300,420
2025-06-11 09:34:45.000000,516.75,552750,1439730,30,330,720
2025-06-11 09:34:45.000000,516.75,552750,1439730,30,330,720
2025-06-11 09:34:46.000000,517.7,552750,1439730,30,330,720
2025-06-11 09:34:46.000000,517.7,552780,1439730,30,180,330
2025-06-11 09:34:47.000000,517.5,552780,1439730,30,180,330
2025-06-11 09:34:47.000000,517.5,552870,1439730,30,360,360
2025-06-11 09:34:48.000000,517.65,552870,1439730,30,360,360
2025-06-11 09:34:48.000000,518.5,553080,1439730,30,420,900
