Timestamp,LTP,Volume,OI,LastQty,BidQty,AskQty
Timestamp,LTP,Volume,OI,LastQty,BidQty,AskQty
2025-06-11 09:19:55.809000,56785.0,36420,2037240,30,180,360
2025-06-11 09:19:56.000000,56795.0,36420,2037240,30,180,360
2025-06-11 09:19:56.866000,56795.0,36420,2037240,30,180,360
2025-06-11 09:19:57.000000,56795.0,36450,2037240,30,210,300
2025-06-11 09:19:57.207000,56795.0,36450,2037240,30,210,300
2025-06-11 09:19:57.000000,56784.2,36450,2037240,30,210,300
2025-06-11 09:19:57.266000,56784.2,36450,2037240,30,210,300
2025-06-11 09:19:58.000000,56784.0,36450,2037240,30,210,300
2025-06-11 09:19:58.067000,56784.0,36450,2037240,30,210,300
2025-06-11 09:19:58.000000,56784.0,36600,2037240,30,180,300
2025-06-11 09:19:58.410000,56784.0,36600,2037240,30,180,300
2025-06-11 09:19:59.000000,56784.0,36600,2037240,30,180,540
2025-06-11 09:19:59.613000,56784.0,36600,2037240,30,180,540
2025-06-11 09:20:00.000000,56784.0,36600,2037240,30,180,540
2025-06-11 09:20:00.000000,56789.0,36600,2037240,30,180,540
2025-06-11 09:20:00.669000,56789.0,36600,2037240,30,180,540
2025-06-11 09:20:00.000000,56782.6,36840,2037240,30,210,270
2025-06-11 09:20:00.816000,56782.6,36840,2037240,30,210,270
2025-06-11 09:20:01.000000,56782.6,36840,2037240,30,210,270
2025-06-11 09:20:01.070000,56782.6,36840,2037240,30,210,270
2025-06-11 09:20:02.000000,56791.4,36870,2037240,30,210,270
2025-06-11 09:20:02.214000,56791.4,36870,2037240,30,210,270
2025-06-11 09:20:02.000000,56791.4,36870,2037240,30,210,270
2025-06-11 09:20:02.270000,56791.4,36870,2037240,30,210,270
2025-06-11 09:20:03.000000,56791.4,36870,2037240,30,390,390
2025-06-11 09:20:03.417000,56791.4,36870,2037240,30,390,390
2025-06-11 09:20:04.000000,56791.4,36870,2037240,30,240,210
2025-06-11 09:20:04.620000,56791.4,36870,2037240,30,240,210
2025-06-11 09:20:05.000000,56791.4,36870,2037240,30,240,360
2025-06-11 09:20:05.823000,56791.4,36870,2037240,30,240,360
2025-06-11 09:20:06.000000,56793.6,36870,2037240,30,240,360
2025-06-11 09:20:06.273000,56793.6,36870,2037240,30,240,360
2025-06-11 09:20:07.000000,56793.6,36930,2037240,30,270,180
2025-06-11 09:20:07.222000,56793.6,36930,2037240,30,270,180
2025-06-11 09:20:07.000000,56792.0,36930,2037240,30,270,180
2025-06-11 09:20:07.473000,56792.0,36930,2037240,30,270,180
2025-06-11 09:20:08.000000,56782.2,37110,2037240,30,300,630
2025-06-11 09:20:08.425000,56782.2,37110,2037240,30,300,630
2025-06-11 09:20:08.000000,56782.2,37110,2037240,30,300,630
2025-06-11 09:20:08.474000,56782.2,37110,2037240,30,300,630
2025-06-11 09:20:09.000000,56791.4,37110,2037240,30,300,630
2025-06-11 09:20:09.074000,56791.4,37110,2037240,30,300,630
2025-06-11 09:20:09.000000,56791.4,37140,2037240,30,300,1170
2025-06-11 09:20:09.627000,56791.4,37140,2037240,30,300,1170
2025-06-11 09:20:10.000000,56791.4,37170,2037240,30,270,150
2025-06-11 09:20:10.830000,56791.4,37170,2037240,30,270,150
2025-06-11 09:20:10.000000,56791.4,37170,2037240,30,270,150
2025-06-11 09:20:10.875000,56791.4,37170,2037240,30,270,150
2025-06-11 09:20:12.000000,56788.4,37200,2037240,30,240,540
2025-06-11 09:20:12.031000,56788.4,37200,2037240,30,240,540
2025-06-11 09:20:12.000000,56788.4,37200,2037240,30,240,540
2025-06-11 09:20:12.076000,56788.4,37200,2037240,30,240,540
2025-06-11 09:20:13.000000,56788.4,37200,2037240,30,240,300
2025-06-11 09:20:13.234000,56788.4,37200,2037240,30,240,300
2025-06-11 09:20:14.000000,56791.4,37200,2037240,30,240,300
2025-06-11 09:20:14.276000,56791.4,37200,2037240,30,240,300
2025-06-11 09:20:14.000000,56791.4,37320,2037240,30,240,300
2025-06-11 09:20:14.633000,56791.4,37320,2037240,30,240,300
2025-06-11 09:20:15.000000,56797.0,37320,2037240,30,240,300
2025-06-11 09:20:15.077000,56797.0,37320,2037240,30,240,300
2025-06-11 09:20:15.000000,56797.0,37380,2037240,30,180,1530
2025-06-11 09:20:15.836000,56797.0,37380,2037240,30,180,1530
2025-06-11 09:20:17.000000,56797.0,37380,2037240,30,240,1530
2025-06-11 09:20:17.038000,56797.0,37380,2037240,30,240,1530
2025-06-11 09:20:18.000000,56797.0,37380,2037240,30,240,1200
2025-06-11 09:20:18.240000,56797.0,37380,2037240,30,240,1200
2025-06-11 09:20:19.000000,56797.0,37380,2037240,30,240,1260
2025-06-11 09:20:19.640000,56797.0,37380,2037240,30,240,1260
2025-06-11 09:20:20.000000,56789.0,37380,2037240,30,240,1260
2025-06-11 09:20:20.079000,56789.0,37380,2037240,30,240,1260
2025-06-11 09:20:20.000000,56798.0,37440,2037240,30,240,1350
2025-06-11 09:20:20.842000,56798.0,37440,2037240,30,240,1350
2025-06-11 09:20:21.000000,56789.4,37440,2037240,30,240,1350
2025-06-11 09:20:21.080000,56789.4,37440,2037240,30,240,1350
2025-06-11 09:20:22.000000,56789.4,37470,2037240,30,180,1410
2025-06-11 09:20:22.043000,56789.4,37470,2037240,30,180,1410
2025-06-11 09:20:23.000000,56797.4,37500,2037240,30,210,1350
2025-06-11 09:20:23.245000,56797.4,37500,2037240,30,210,1350
2025-06-11 09:20:23.000000,56795.0,37500,2037240,30,210,1350
2025-06-11 09:20:23.282000,56795.0,37500,2037240,30,210,1350
2025-06-11 09:20:24.000000,56795.0,37560,2037240,30,240,1500
2025-06-11 09:20:24.249000,56795.0,37560,2037240,30,240,1500
2025-06-11 09:20:25.000000,56788.8,37560,2037240,30,240,1500
2025-06-11 09:20:25.082000,56788.8,37560,2037240,30,240,1500
2025-06-11 09:20:25.000000,56788.4,37680,2037240,30,360,480
2025-06-11 09:20:25.451000,56788.4,37680,2037240,30,360,480
2025-06-11 09:20:26.000000,56794.0,37680,2037240,30,360,480
2025-06-11 09:20:26.082000,56794.0,37680,2037240,30,360,480
2025-06-11 09:20:26.000000,56788.2,37890,2037240,30,300,750
2025-06-11 09:20:26.653000,56788.2,37890,2037240,30,300,750
2025-06-11 09:20:27.000000,56788.2,37890,2037240,30,300,750
2025-06-11 09:20:27.084000,56788.2,37890,2037240,30,300,750
2025-06-11 09:20:28.000000,56788.2,37890,2037240,30,300,510
2025-06-11 09:20:28.052000,56788.2,37890,2037240,30,300,510
2025-06-11 09:20:28.000000,56785.0,37890,2037240,30,300,510
2025-06-11 09:20:28.884000,56785.0,37890,2037240,30,300,510
2025-06-11 09:20:29.000000,56785.0,37920,2037240,30,300,810
2025-06-11 09:20:29.254000,56785.0,37920,2037240,30,300,810
2025-06-11 09:20:29.000000,56791.0,37920,2037240,30,300,810
2025-06-11 09:20:29.284000,56791.0,37920,2037240,30,300,810
2025-06-11 09:20:30.000000,56791.0,37920,2037240,30,300,810
2025-06-11 09:20:30.000000,56791.0,38040,2037240,30,300,630
2025-06-11 09:20:30.457000,56791.0,38040,2037240,30,300,630
2025-06-11 09:20:31.000000,56791.0,38040,2037240,30,300,660
2025-06-11 09:20:31.659000,56791.0,38040,2037240,30,300,660
2025-06-11 09:20:32.000000,56780.8,38040,2037240,30,300,660
2025-06-11 09:20:32.486000,56780.8,38040,2037240,30,300,660
2025-06-11 09:20:32.000000,56780.8,38070,2037240,30,390,660
2025-06-11 09:20:32.862000,56780.8,38070,2037240,30,390,660
2025-06-11 09:20:34.000000,56780.8,38070,2037240,30,300,600
2025-06-11 09:20:34.064000,56780.8,38070,2037240,30,300,600
2025-06-11 09:20:35.000000,56780.8,38070,2037240,30,300,600
2025-06-11 09:20:35.462000,56780.8,38070,2037240,30,300,600
2025-06-11 09:20:35.000000,56788.4,38070,2037240,30,300,600
2025-06-11 09:20:35.889000,56788.4,38070,2037240,30,300,600
2025-06-11 09:20:36.000000,56788.4,38100,2037240,30,300,720
2025-06-11 09:20:36.665000,56788.4,38100,2037240,30,300,720
2025-06-11 09:20:37.000000,56788.4,38100,2037240,30,270,990
2025-06-11 09:20:37.868000,56788.4,38100,2037240,30,270,990
2025-06-11 09:20:39.000000,56788.4,38100,2037240,30,360,420
2025-06-11 09:20:39.071000,56788.4,38100,2037240,30,360,420
2025-06-11 09:20:39.000000,56788.0,38100,2037240,30,360,420
2025-06-11 09:20:39.691000,56788.0,38100,2037240,30,360,420
2025-06-11 09:20:40.000000,56788.0,38130,2037240,30,390,180
2025-06-11 09:20:40.470000,56788.0,38130,2037240,30,390,180
2025-06-11 09:20:41.000000,56788.0,38130,2037240,30,390,450
2025-06-11 09:20:41.673000,56788.0,38130,2037240,30,390,450
2025-06-11 09:20:42.000000,56788.0,38130,2037240,30,390,990
2025-06-11 09:20:42.876000,56788.0,38130,2037240,30,390,990
2025-06-11 09:20:43.000000,56785.4,38130,2037240,30,390,990
2025-06-11 09:20:43.692000,56785.4,38130,2037240,30,390,990
2025-06-11 09:20:44.000000,56785.4,38160,2037240,30,360,480
2025-06-11 09:20:44.079000,56785.4,38160,2037240,30,360,480
2025-06-11 09:20:45.000000,56785.4,38160,2037240,30,360,930
2025-06-11 09:20:45.477000,56785.4,38160,2037240,30,360,930
2025-06-11 09:20:46.000000,56780.8,38160,2037240,30,360,930
2025-06-11 09:20:46.493000,56780.8,38160,2037240,30,360,930
2025-06-11 09:20:46.000000,56780.8,38190,2037240,30,330,960
2025-06-11 09:20:46.681000,56780.8,38190,2037240,30,330,960
2025-06-11 09:20:47.000000,56785.4,38190,2037240,30,330,960
2025-06-11 09:20:47.494000,56785.4,38190,2037240,30,330,960
2025-06-11 09:20:47.000000,56785.4,38340,2037240,30,330,600
2025-06-11 09:20:47.883000,56785.4,38340,2037240,30,330,600
2025-06-11 09:20:49.000000,56785.4,38340,2037240,30,360,270
2025-06-11 09:20:49.087000,56785.4,38340,2037240,30,360,270
2025-06-11 09:20:50.000000,56780.0,38340,2037240,60,360,270
2025-06-11 09:20:50.296000,56780.0,38340,2037240,60,360,270
2025-06-11 09:20:50.000000,56780.0,38490,2037240,60,240,420
2025-06-11 09:20:50.485000,56780.0,38490,2037240,60,240,420
2025-06-11 09:20:51.000000,56776.0,38490,2037240,30,240,420
2025-06-11 09:20:51.297000,56776.0,38490,2037240,30,240,420
2025-06-11 09:20:51.000000,56776.0,38610,2037240,30,180,930
2025-06-11 09:20:51.688000,56776.0,38610,2037240,30,180,930
2025-06-11 09:20:52.000000,56775.0,38610,2037240,30,180,930
2025-06-11 09:20:52.498000,56775.0,38610,2037240,30,180,930
2025-06-11 09:20:52.000000,56775.0,38640,2037240,30,210,240
2025-06-11 09:20:52.891000,56775.0,38640,2037240,30,210,240
2025-06-11 09:20:54.000000,56775.0,38640,2037240,30,210,210
2025-06-11 09:20:54.094000,56775.0,38640,2037240,30,210,210
2025-06-11 09:20:55.000000,56774.0,38640,2037240,30,210,210
2025-06-11 09:20:55.100000,56774.0,38640,2037240,30,210,210
2025-06-11 09:20:55.000000,56774.0,38670,2037240,30,210,480
2025-06-11 09:20:55.493000,56774.0,38670,2037240,30,210,480
2025-06-11 09:20:56.000000,56770.0,38670,2037240,30,210,480
2025-06-11 09:20:56.300000,56770.0,38670,2037240,30,210,480
2025-06-11 09:20:56.000000,56770.0,38790,2037240,30,750,180
2025-06-11 09:20:56.696000,56770.0,38790,2037240,30,750,180
2025-06-11 09:20:57.000000,56770.0,38790,2037240,30,750,300
2025-06-11 09:20:57.898000,56770.0,38790,2037240,30,750,300
2025-06-11 09:20:58.000000,56765.0,38790,2037240,30,750,300
2025-06-11 09:20:58.102000,56765.0,38790,2037240,30,750,300
2025-06-11 09:20:59.000000,56774.0,38910,2037240,30,930,480
2025-06-11 09:20:59.100000,56774.0,38910,2037240,30,930,480
2025-06-11 09:20:59.000000,56774.0,38910,2037240,30,930,480
2025-06-11 09:20:59.102000,56774.0,38910,2037240,30,930,480
2025-06-11 09:21:00.000000,56771.8,38910,2037240,30,930,480
2025-06-11 09:21:00.103000,56771.8,38910,2037240,30,930,480
2025-06-11 09:21:00.000000,56771.8,38910,2037240,30,930,480
2025-06-11 09:21:00.000000,56760.0,39090,2037240,60,990,630
2025-06-11 09:21:00.303000,56760.0,39090,2037240,60,990,630
2025-06-11 09:21:01.000000,56760.0,39090,2037240,60,990,630
2025-06-11 09:21:01.103000,56760.0,39090,2037240,60,990,630
2025-06-11 09:21:01.000000,56760.0,39150,2037240,30,960,480
2025-06-11 09:21:01.702000,56760.0,39150,2037240,30,960,480
2025-06-11 09:21:02.000000,56760.0,39150,2037240,30,960,480
2025-06-11 09:21:02.104000,56760.0,39150,2037240,30,960,480
2025-06-11 09:21:02.000000,56756.0,39840,2037240,30,690,600
2025-06-11 09:21:02.905000,56756.0,39840,2037240,30,690,600
2025-06-11 09:21:03.000000,56756.0,39840,2037240,30,690,600
2025-06-11 09:21:03.104000,56756.0,39840,2037240,30,690,600
2025-06-11 09:21:04.000000,56756.0,39870,2037240,30,510,300
2025-06-11 09:21:04.108000,56756.0,39870,2037240,30,510,300
2025-06-11 09:21:05.000000,56759.8,39870,2037240,30,510,300
2025-06-11 09:21:05.106000,56759.8,39870,2037240,30,510,300
2025-06-11 09:21:05.000000,56759.6,39960,2037240,60,570,210
2025-06-11 09:21:05.310000,56759.6,39960,2037240,60,570,210
2025-06-11 09:21:06.000000,56756.0,39960,2037240,30,570,210
2025-06-11 09:21:06.106000,56756.0,39960,2037240,30,570,210
2025-06-11 09:21:06.000000,56756.0,39990,2037240,30,480,240
2025-06-11 09:21:06.709000,56756.0,39990,2037240,30,480,240
2025-06-11 09:21:07.000000,56756.0,39990,2037240,30,480,300
2025-06-11 09:21:07.912000,56756.0,39990,2037240,30,480,300
2025-06-11 09:21:08.000000,56756.0,39990,2037240,30,480,300
2025-06-11 09:21:08.707000,56756.0,39990,2037240,30,480,300
2025-06-11 09:21:09.000000,56765.4,40470,2037240,30,450,180
2025-06-11 09:21:09.114000,56765.4,40470,2037240,30,450,180
2025-06-11 09:21:09.000000,56765.4,40470,2037240,30,450,180
2025-06-11 09:21:09.307000,56765.4,40470,2037240,30,450,180
2025-06-11 09:21:10.000000,56756.0,40470,2037240,30,450,180
2025-06-11 09:21:10.108000,56756.0,40470,2037240,30,450,180
2025-06-11 09:21:10.000000,56756.0,40500,2037240,30,480,360
2025-06-11 09:21:10.317000,56756.0,40500,2037240,30,480,360
2025-06-11 09:21:11.000000,56756.0,40500,2037240,30,420,240
2025-06-11 09:21:11.520000,56756.0,40500,2037240,30,420,240
2025-06-11 09:21:12.000000,56769.4,40500,2037240,30,420,240
2025-06-11 09:21:12.709000,56769.4,40500,2037240,30,420,240
2025-06-11 09:21:12.000000,56769.4,40950,2037240,30,420,180
2025-06-11 09:21:12.722000,56769.4,40950,2037240,30,420,180
2025-06-11 09:21:13.000000,56756.2,40950,2037240,30,420,180
2025-06-11 09:21:13.308000,56756.2,40950,2037240,30,420,180
2025-06-11 09:21:14.000000,56759.0,40950,2037240,30,420,180
2025-06-11 09:21:14.109000,56759.0,40950,2037240,30,420,180
2025-06-11 09:21:14.000000,56759.0,41010,2037240,30,510,630
2025-06-11 09:21:14.121000,56759.0,41010,2037240,30,510,630
2025-06-11 09:21:15.000000,56759.0,41010,2037240,30,420,540
2025-06-11 09:21:15.324000,56759.0,41010,2037240,30,420,540
2025-06-11 09:21:15.000000,56769.0,41010,2037240,30,420,540
2025-06-11 09:21:15.510000,56769.0,41010,2037240,30,420,540
2025-06-11 09:21:16.000000,56768.4,41010,2037240,150,420,540
2025-06-11 09:21:16.511000,56768.4,41010,2037240,150,420,540
2025-06-11 09:21:16.000000,56768.4,41610,2037240,150,510,810
2025-06-11 09:21:16.525000,56768.4,41610,2037240,150,510,810
2025-06-11 09:21:17.000000,56751.2,41610,2037240,30,510,810
2025-06-11 09:21:17.111000,56751.2,41610,2037240,30,510,810
2025-06-11 09:21:17.000000,56751.2,41760,2037240,30,330,270
2025-06-11 09:21:17.728000,56751.2,41760,2037240,30,330,270
2025-06-11 09:21:18.000000,56751.2,41760,2037240,30,360,390
2025-06-11 09:21:18.931000,56751.2,41760,2037240,30,360,390
2025-06-11 09:21:20.000000,56751.2,41760,2037240,30,480,270
2025-06-11 09:21:20.133000,56751.2,41760,2037240,30,480,270
2025-06-11 09:21:20.000000,56760.0,41760,2037240,30,480,270
2025-06-11 09:21:20.914000,56760.0,41760,2037240,30,480,270
2025-06-11 09:21:21.000000,56768.8,41760,2037240,30,480,270
2025-06-11 09:21:21.314000,56768.8,41760,2037240,30,480,270
2025-06-11 09:21:21.000000,56768.8,41880,2037240,30,330,630
2025-06-11 09:21:21.532000,56768.8,41880,2037240,30,330,630
2025-06-11 09:21:22.000000,56768.8,41880,2037240,30,330,630
2025-06-11 09:21:22.115000,56768.8,41880,2037240,30,330,630
2025-06-11 09:21:22.000000,56771.4,42330,2037240,90,240,360
2025-06-11 09:21:22.736000,56771.4,42330,2037240,90,240,360
2025-06-11 09:21:23.000000,56772.0,42330,2037240,30,240,360
2025-06-11 09:21:23.115000,56772.0,42330,2037240,30,240,360
2025-06-11 09:21:23.000000,56772.0,42450,2037240,30,240,900
2025-06-11 09:21:23.941000,56772.0,42450,2037240,30,240,900
2025-06-11 09:21:25.000000,56772.0,42450,2037240,30,240,1020
2025-06-11 09:21:25.140000,56772.0,42450,2037240,30,240,1020
2025-06-11 09:21:25.000000,56757.2,42450,2037240,30,240,1020
2025-06-11 09:21:25.717000,56757.2,42450,2037240,30,240,1020
2025-06-11 09:21:26.000000,56757.2,42480,2037240,30,240,360
2025-06-11 09:21:26.343000,56757.2,42480,2037240,30,240,360
2025-06-11 09:21:27.000000,56757.2,42480,2037240,30,300,540
2025-06-11 09:21:27.742000,56757.2,42480,2037240,30,300,540
2025-06-11 09:21:28.000000,56760.2,42480,2037240,30,300,540
2025-06-11 09:21:28.118000,56760.2,42480,2037240,30,300,540
2025-06-11 09:21:28.000000,56764.4,43080,2037240,30,300,360
2025-06-11 09:21:28.945000,56764.4,43080,2037240,30,300,360
2025-06-11 09:21:29.000000,56764.4,43080,2037240,30,300,360
2025-06-11 09:21:29.119000,56764.4,43080,2037240,30,300,360
2025-06-11 09:21:30.000000,56764.4,43080,2037240,30,210,480
2025-06-11 09:21:30.148000,56764.4,43080,2037240,30,210,480
2025-06-11 09:21:30.000000,56764.4,43080,2037240,30,210,480
2025-06-11 09:21:31.000000,56778.4,43080,2042010,30,210,480
2025-06-11 09:21:31.319000,56778.4,43080,2042010,30,210,480
2025-06-11 09:21:31.000000,56778.4,43530,2042010,30,270,1320
2025-06-11 09:21:31.351000,56778.4,43530,2042010,30,270,1320
2025-06-11 09:21:32.000000,56761.8,43530,2042010,30,270,1320
2025-06-11 09:21:32.520000,56761.8,43530,2042010,30,270,1320
2025-06-11 09:21:32.000000,56761.8,43560,2042010,30,240,1140
2025-06-11 09:21:32.750000,56761.8,43560,2042010,30,240,1140
2025-06-11 09:21:33.000000,56761.8,43560,2042010,30,240,180
2025-06-11 09:21:33.953000,56761.8,43560,2042010,30,240,180
2025-06-11 09:21:34.000000,56764.4,43560,2042010,30,240,180
2025-06-11 09:21:34.721000,56764.4,43560,2042010,30,240,180
2025-06-11 09:21:35.000000,56757.8,43560,2042010,30,240,180
2025-06-11 09:21:35.121000,56757.8,43560,2042010,30,240,180
2025-06-11 09:21:35.000000,56757.8,43620,2042010,30,360,450
2025-06-11 09:21:35.156000,56757.8,43620,2042010,30,360,450
2025-06-11 09:21:36.000000,56757.8,43620,2042010,30,360,450
2025-06-11 09:21:36.322000,56757.8,43620,2042010,30,360,450
2025-06-11 09:21:36.000000,56757.8,43650,2042010,30,240,840
2025-06-11 09:21:36.359000,56757.8,43650,2042010,30,240,840
2025-06-11 09:21:37.000000,56769.6,43650,2042010,30,240,840
2025-06-11 09:21:37.122000,56769.6,43650,2042010,30,240,840
2025-06-11 09:21:37.000000,56769.6,43980,2042010,30,300,1320
2025-06-11 09:21:37.758000,56769.6,43980,2042010,30,300,1320
2025-06-11 09:21:38.000000,56769.6,43980,2042010,30,270,600
2025-06-11 09:21:38.961000,56769.6,43980,2042010,30,270,600
2025-06-11 09:21:39.000000,56764.4,43980,2042010,30,270,600
2025-06-11 09:21:39.523000,56764.4,43980,2042010,30,270,600
2025-06-11 09:21:40.000000,56752.4,43980,2042010,30,270,600
2025-06-11 09:21:40.123000,56752.4,43980,2042010,30,270,600
2025-06-11 09:21:40.000000,56752.4,44250,2042010,30,390,900
2025-06-11 09:21:40.165000,56752.4,44250,2042010,30,390,900
2025-06-11 09:21:41.000000,56760.0,44250,2042010,30,390,900
2025-06-11 09:21:41.124000,56760.0,44250,2042010,30,390,900
2025-06-11 09:21:41.000000,56760.0,44310,2042010,30,390,1260
2025-06-11 09:21:41.368000,56760.0,44310,2042010,30,390,1260
2025-06-11 09:21:42.000000,56760.0,44310,2042010,30,450,780
2025-06-11 09:21:42.767000,56760.0,44310,2042010,30,450,780
2025-06-11 09:21:43.000000,56759.2,44310,2042010,30,450,780
2025-06-11 09:21:43.724000,56759.2,44310,2042010,30,450,780
2025-06-11 09:21:43.000000,56759.2,44340,2042010,30,720,1350
2025-06-11 09:21:43.970000,56759.2,44340,2042010,30,720,1350
2025-06-11 09:21:44.000000,56751.0,44340,2042010,60,720,1350
2025-06-11 09:21:44.325000,56751.0,44340,2042010,60,720,1350
2025-06-11 09:21:45.000000,56751.0,44400,2042010,60,660,150
2025-06-11 09:21:45.173000,56751.0,44400,2042010,60,660,150
2025-06-11 09:21:46.000000,56756.8,44400,2042010,30,660,150
2025-06-11 09:21:46.126000,56756.8,44400,2042010,30,660,150
2025-06-11 09:21:46.000000,56752.0,44460,2042010,30,570,180
2025-06-11 09:21:46.376000,56752.0,44460,2042010,30,570,180
2025-06-11 09:21:47.000000,56757.4,44460,2042010,30,570,180
2025-06-11 09:21:47.127000,56757.4,44460,2042010,30,570,180
2025-06-11 09:21:47.000000,56757.4,44520,2042010,30,570,960
2025-06-11 09:21:47.578000,56757.4,44520,2042010,30,570,960
2025-06-11 09:21:48.000000,56752.0,44520,2042010,30,570,960
2025-06-11 09:21:48.128000,56752.0,44520,2042010,30,570,960
2025-06-11 09:21:48.000000,56752.0,44550,2042010,30,630,180
2025-06-11 09:21:48.978000,56752.0,44550,2042010,30,630,180
2025-06-11 09:21:49.000000,56751.0,44550,2042010,30,630,180
2025-06-11 09:21:49.929000,56751.0,44550,2042010,30,630,180
2025-06-11 09:21:50.000000,56751.0,44610,2042010,30,570,360
2025-06-11 09:21:50.180000,56751.0,44610,2042010,30,570,360
2025-06-11 09:21:50.000000,56751.0,44610,2042010,30,570,360
2025-06-11 09:21:50.530000,56751.0,44610,2042010,30,570,360
2025-06-11 09:21:51.000000,56750.0,44610,2042010,30,570,360
2025-06-11 09:21:51.330000,56750.0,44610,2042010,30,570,360
2025-06-11 09:21:51.000000,56750.0,44910,2042010,30,420,1260
2025-06-11 09:21:51.383000,56750.0,44910,2042010,30,420,1260
2025-06-11 09:21:52.000000,56750.0,44910,2042010,30,420,1260
2025-06-11 09:21:52.130000,56750.0,44910,2042010,30,420,1260
2025-06-11 09:21:52.000000,56750.0,45030,2042010,30,420,1710
2025-06-11 09:21:52.585000,56750.0,45030,2042010,30,420,1710
2025-06-11 09:21:53.000000,56750.0,45030,2042010,30,420,1710
2025-06-11 09:21:53.131000,56750.0,45030,2042010,30,420,1710
2025-06-11 09:21:53.000000,56750.0,45060,2042010,30,420,840
2025-06-11 09:21:53.788000,56750.0,45060,2042010,30,420,840
2025-06-11 09:21:54.000000,56750.0,45060,2042010,30,420,840
2025-06-11 09:21:54.132000,56750.0,45060,2042010,30,420,840
2025-06-11 09:21:55.000000,56746.8,45060,2042010,30,420,840
2025-06-11 09:21:55.133000,56746.8,45060,2042010,30,420,840
2025-06-11 09:21:55.000000,56746.8,45120,2042010,30,360,1380
2025-06-11 09:21:55.187000,56746.8,45120,2042010,30,360,1380
2025-06-11 09:21:56.000000,56746.8,45120,2042010,30,360,1380
2025-06-11 09:21:56.133000,56746.8,45120,2042010,30,360,1380
2025-06-11 09:21:56.000000,56746.8,45150,2042010,30,330,570
2025-06-11 09:21:56.390000,56746.8,45150,2042010,30,330,570
2025-06-11 09:21:57.000000,56746.8,45150,2042010,30,300,1170
2025-06-11 09:21:57.592000,56746.8,45150,2042010,30,300,1170
2025-06-11 09:21:58.000000,56746.8,45150,2042010,30,300,1170
2025-06-11 09:21:58.135000,56746.8,45150,2042010,30,300,1170
2025-06-11 09:21:58.000000,56746.8,45180,2042010,30,330,1080
2025-06-11 09:21:58.795000,56746.8,45180,2042010,30,330,1080
2025-06-11 09:21:59.000000,56751.6,45180,2042010,30,330,1080
2025-06-11 09:21:59.935000,56751.6,45180,2042010,30,330,1080
2025-06-11 09:21:59.000000,56751.6,45210,2042010,30,420,840
2025-06-11 09:21:59.997000,56751.6,45210,2042010,30,420,840
2025-06-11 09:22:00.000000,56751.6,45210,2042010,30,420,840
2025-06-11 09:22:01.000000,56750.0,45210,2042010,30,420,840
2025-06-11 09:22:01.135000,56750.0,45210,2042010,30,420,840
2025-06-11 09:22:01.000000,56750.0,45480,2042010,30,330,360
2025-06-11 09:22:01.395000,56750.0,45480,2042010,30,330,360
2025-06-11 09:22:02.000000,56747.0,45480,2042010,30,330,360
2025-06-11 09:22:02.536000,56747.0,45480,2042010,30,330,360
2025-06-11 09:22:02.000000,56747.0,45510,2042010,30,390,360
2025-06-11 09:22:02.598000,56747.0,45510,2042010,30,390,360
2025-06-11 09:22:03.000000,56751.6,45510,2042010,30,390,360
2025-06-11 09:22:03.337000,56751.6,45510,2042010,30,390,360
2025-06-11 09:22:03.000000,56751.6,45540,2042010,30,330,630
2025-06-11 09:22:03.801000,56751.6,45540,2042010,30,330,630
2025-06-11 09:22:05.000000,56751.6,45540,2042010,30,450,780
2025-06-11 09:22:05.003000,56751.6,45540,2042010,30,450,780
2025-06-11 09:22:05.000000,56750.0,45540,2042010,30,450,780
2025-06-11 09:22:05.137000,56750.0,45540,2042010,30,450,780
2025-06-11 09:22:06.000000,56747.0,45540,2042010,30,450,780
2025-06-11 09:22:06.138000,56747.0,45540,2042010,30,450,780
2025-06-11 09:22:06.000000,56747.0,45600,2042010,30,270,510
2025-06-11 09:22:06.402000,56747.0,45600,2042010,30,270,510
2025-06-11 09:22:07.000000,56747.0,45600,2042010,30,270,510
2025-06-11 09:22:07.605000,56747.0,45600,2042010,30,270,510
2025-06-11 09:22:07.000000,56749.8,45600,2042010,30,270,510
2025-06-11 09:22:07.938000,56749.8,45600,2042010,30,270,510
2025-06-11 09:22:08.000000,56749.8,45660,2042010,30,300,630
2025-06-11 09:22:08.808000,56749.8,45660,2042010,30,300,630
2025-06-11 09:22:09.000000,56746.8,45660,2042010,30,300,630
2025-06-11 09:22:09.739000,56746.8,45660,2042010,30,300,630
2025-06-11 09:22:10.000000,56744.0,45720,2042010,30,390,510
2025-06-11 09:22:10.011000,56744.0,45720,2042010,30,390,510
2025-06-11 09:22:10.000000,56744.0,45720,2042010,30,390,510
2025-06-11 09:22:10.139000,56744.0,45720,2042010,30,390,510
2025-06-11 09:22:11.000000,56747.0,45720,2042010,30,390,510
2025-06-11 09:22:11.140000,56747.0,45720,2042010,30,390,510
2025-06-11 09:22:11.000000,56747.0,45780,2042010,30,330,540
2025-06-11 09:22:11.409000,56747.0,45780,2042010,30,330,540
2025-06-11 09:22:12.000000,56747.0,45780,2042010,30,360,720
2025-06-11 09:22:12.612000,56747.0,45780,2042010,30,360,720
2025-06-11 09:22:13.000000,56747.0,45780,2042010,30,300,510
2025-06-11 09:22:13.815000,56747.0,45780,2042010,30,300,510
2025-06-11 09:22:14.000000,56744.0,45780,2042010,30,300,510
2025-06-11 09:22:14.945000,56744.0,45780,2042010,30,300,510
2025-06-11 09:22:15.000000,56744.0,45840,2042010,30,390,540
2025-06-11 09:22:15.017000,56744.0,45840,2042010,30,390,540
2025-06-11 09:22:15.000000,56747.0,45840,2042010,30,390,540
2025-06-11 09:22:15.143000,56747.0,45840,2042010,30,390,540
2025-06-11 09:22:16.000000,56747.0,45870,2042010,30,420,720
2025-06-11 09:22:16.220000,56747.0,45870,2042010,30,420,720
2025-06-11 09:22:17.000000,56747.0,45870,2042010,30,390,720
2025-06-11 09:22:17.618000,56747.0,45870,2042010,30,390,720
2025-06-11 09:22:18.000000,56747.0,45870,2042010,30,240,690
2025-06-11 09:22:18.821000,56747.0,45870,2042010,30,240,690
2025-06-11 09:22:19.000000,56745.0,45870,2042010,30,240,690
2025-06-11 09:22:19.346000,56745.0,45870,2042010,30,240,690
2025-06-11 09:22:20.000000,56745.0,45960,2042010,30,300,780
2025-06-11 09:22:20.024000,56745.0,45960,2042010,30,300,780
2025-06-11 09:22:20.000000,56745.0,45960,2042010,30,300,780
2025-06-11 09:22:20.147000,56745.0,45960,2042010,30,300,780
2025-06-11 09:22:21.000000,56745.0,45990,2042010,30,390,360
2025-06-11 09:22:21.226000,56745.0,45990,2042010,30,390,360
2025-06-11 09:22:22.000000,56744.8,45990,2042010,30,390,360
2025-06-11 09:22:22.148000,56744.8,45990,2042010,30,390,360
2025-06-11 09:22:22.000000,56744.8,46050,2042010,30,300,510
2025-06-11 09:22:22.625000,56744.8,46050,2042010,30,300,510
2025-06-11 09:22:23.000000,56744.8,46050,2042010,30,300,510
2025-06-11 09:22:23.148000,56744.8,46050,2042010,30,300,510
2025-06-11 09:22:23.000000,56735.0,46170,2042010,30,540,930
2025-06-11 09:22:23.827000,56735.0,46170,2042010,30,540,930
2025-06-11 09:22:24.000000,56735.0,46170,2042010,30,540,930
2025-06-11 09:22:24.149000,56735.0,46170,2042010,30,540,930
2025-06-11 09:22:25.000000,56730.0,46230,2042010,30,450,450
2025-06-11 09:22:25.030000,56730.0,46230,2042010,30,450,450
2025-06-11 09:22:25.000000,56730.0,46230,2042010,30,450,450
2025-06-11 09:22:25.150000,56730.0,46230,2042010,30,450,450
2025-06-11 09:22:26.000000,56728.8,46230,2042010,30,450,450
2025-06-11 09:22:26.151000,56728.8,46230,2042010,30,450,450
2025-06-11 09:22:26.000000,56726.2,46380,2042010,90,330,1500
2025-06-11 09:22:26.233000,56726.2,46380,2042010,90,330,1500
2025-06-11 09:22:27.000000,56725.6,46380,2042010,30,330,1500
2025-06-11 09:22:27.151000,56725.6,46380,2042010,30,330,1500
2025-06-11 09:22:27.000000,56725.6,46620,2042010,30,480,1020
2025-06-11 09:22:27.434000,56725.6,46620,2042010,30,480,1020
2025-06-11 09:22:28.000000,56725.6,46620,2042010,30,270,480
2025-06-11 09:22:28.637000,56725.6,46620,2042010,30,270,480
2025-06-11 09:22:30.000000,56725.6,46620,2042010,30,480,780
2025-06-11 09:22:30.036000,56725.6,46620,2042010,30,480,780
2025-06-11 09:22:30.000000,56725.6,46620,2042010,30,480,780
2025-06-11 09:22:30.000000,56743.8,46620,2042010,30,480,780
2025-06-11 09:22:30.952000,56743.8,46620,2042010,30,480,780
2025-06-11 09:22:31.000000,56743.8,46650,2042010,30,240,930
2025-06-11 09:22:31.238000,56743.8,46650,2042010,30,240,930
2025-06-11 09:22:31.000000,56726.4,46650,2042010,30,240,930
2025-06-11 09:22:31.753000,56726.4,46650,2042010,30,240,930
2025-06-11 09:22:32.000000,56726.4,46710,2042010,30,510,510
2025-06-11 09:22:32.440000,56726.4,46710,2042010,30,510,510
2025-06-11 09:22:32.000000,56725.2,46710,2042010,120,510,510
2025-06-11 09:22:32.553000,56725.2,46710,2042010,120,510,510
2025-06-11 09:22:33.000000,56725.2,46830,2042010,120,420,510
2025-06-11 09:22:33.643000,56725.2,46830,2042010,120,420,510
2025-06-11 09:22:34.000000,56730.0,46830,2042010,30,420,510
2025-06-11 09:22:34.553000,56730.0,46830,2042010,30,420,510
2025-06-11 09:22:34.000000,56730.0,46860,2042010,30,480,480
2025-06-11 09:22:34.846000,56730.0,46860,2042010,30,480,480
2025-06-11 09:22:36.000000,56730.0,46860,2042010,30,420,480
2025-06-11 09:22:36.048000,56730.0,46860,2042010,30,420,480
2025-06-11 09:22:37.000000,56730.0,46860,2042010,30,420,480
2025-06-11 09:22:37.155000,56730.0,46860,2042010,30,420,480
2025-06-11 09:22:37.000000,56730.8,46920,2042010,30,150,570
2025-06-11 09:22:37.447000,56730.8,46920,2042010,30,150,570
2025-06-11 09:22:38.000000,56730.4,46920,2042010,30,150,570
2025-06-11 09:22:38.156000,56730.4,46920,2042010,30,150,570
2025-06-11 09:22:38.000000,56730.4,46950,2042010,30,240,1320
2025-06-11 09:22:38.649000,56730.4,46950,2042010,30,240,1320
2025-06-11 09:22:39.000000,56726.0,46950,2042010,30,240,1320
2025-06-11 09:22:39.757000,56726.0,46950,2042010,30,240,1320
2025-06-11 09:22:39.000000,56726.0,46980,2042010,30,480,1290
2025-06-11 09:22:39.852000,56726.0,46980,2042010,30,480,1290
2025-06-11 09:22:40.000000,56725.2,46980,2042010,30,480,1290
2025-06-11 09:22:40.157000,56725.2,46980,2042010,30,480,1290
2025-06-11 09:22:41.000000,56725.2,47100,2042010,30,450,660
2025-06-11 09:22:41.055000,56725.2,47100,2042010,30,450,660
2025-06-11 09:22:41.000000,56725.2,47100,2042010,30,450,660
2025-06-11 09:22:41.158000,56725.2,47100,2042010,30,450,660
2025-06-11 09:22:42.000000,56725.2,47100,2042010,30,510,420
2025-06-11 09:22:42.453000,56725.2,47100,2042010,30,510,420
2025-06-11 09:22:42.000000,56739.8,47100,2042010,30,510,420
2025-06-11 09:22:42.559000,56739.8,47100,2042010,30,510,420
2025-06-11 09:22:43.000000,56739.8,47130,2042010,30,600,1560
2025-06-11 09:22:43.656000,56739.8,47130,2042010,30,600,1560
2025-06-11 09:22:43.000000,56731.0,47130,2042010,30,600,1560
2025-06-11 09:22:43.759000,56731.0,47130,2042010,30,600,1560
2025-06-11 09:22:44.000000,56734.4,47130,2042010,30,600,1560
2025-06-11 09:22:44.160000,56734.4,47130,2042010,30,600,1560
2025-06-11 09:22:44.000000,56734.4,47460,2042010,30,720,1530
2025-06-11 09:22:44.859000,56734.4,47460,2042010,30,720,1530
2025-06-11 09:22:45.000000,56725.2,47460,2042010,30,720,1530
2025-06-11 09:22:45.961000,56725.2,47460,2042010,30,720,1530
2025-06-11 09:22:46.000000,56725.2,47520,2042010,30,870,810
2025-06-11 09:22:46.062000,56725.2,47520,2042010,30,870,810
2025-06-11 09:22:47.000000,56725.2,47520,2042010,30,750,750
2025-06-11 09:22:47.460000,56725.2,47520,2042010,30,750,750
2025-06-11 09:22:47.000000,56730.0,47520,2042010,30,750,750
2025-06-11 09:22:47.962000,56730.0,47520,2042010,30,750,750
2025-06-11 09:22:48.000000,56730.0,47550,2042010,30,780,930
2025-06-11 09:22:48.663000,56730.0,47550,2042010,30,780,930
2025-06-11 09:22:48.000000,56735.0,47550,2042010,30,780,930
2025-06-11 09:22:48.962000,56735.0,47550,2042010,30,780,930
2025-06-11 09:22:49.000000,56735.0,47580,2042010,30,1140,1050
2025-06-11 09:22:49.866000,56735.0,47580,2042010,30,1140,1050
2025-06-11 09:22:50.000000,56734.2,47580,2042010,30,1140,1050
2025-06-11 09:22:50.363000,56734.2,47580,2042010,30,1140,1050
2025-06-11 09:22:51.000000,56730.0,47640,2042010,30,1110,930
2025-06-11 09:22:51.068000,56730.0,47640,2042010,30,1110,930
2025-06-11 09:22:51.000000,56730.0,47640,2042010,30,1110,930
2025-06-11 09:22:51.164000,56730.0,47640,2042010,30,1110,930
2025-06-11 09:22:52.000000,56733.4,47640,2042010,30,1110,930
2025-06-11 09:22:52.165000,56733.4,47640,2042010,30,1110,930
2025-06-11 09:22:52.000000,56733.4,47700,2042010,30,1110,960
2025-06-11 09:22:52.271000,56733.4,47700,2042010,30,1110,960
2025-06-11 09:22:53.000000,56733.4,47700,2042010,30,1140,1170
2025-06-11 09:22:53.669000,56733.4,47700,2042010,30,1140,1170
2025-06-11 09:22:53.000000,56730.0,47700,2042010,30,1140,1170
2025-06-11 09:22:53.965000,56730.0,47700,2042010,30,1140,1170
2025-06-11 09:22:54.000000,56730.0,47820,2042010,30,1020,720
2025-06-11 09:22:54.872000,56730.0,47820,2042010,30,1020,720
2025-06-11 09:22:55.000000,56726.0,47820,2042010,30,1020,720
2025-06-11 09:22:55.166000,56726.0,47820,2042010,30,1020,720
2025-06-11 09:22:56.000000,56726.0,48240,2042010,30,690,840
2025-06-11 09:22:56.075000,56726.0,48240,2042010,30,690,840
2025-06-11 09:22:56.000000,56726.0,48240,2042010,30,690,840
2025-06-11 09:22:56.167000,56726.0,48240,2042010,30,690,840
2025-06-11 09:22:57.000000,56726.0,48240,2042010,30,630,1020
2025-06-11 09:22:57.278000,56726.0,48240,2042010,30,630,1020
2025-06-11 09:22:58.000000,56726.0,48240,2042010,30,660,930
2025-06-11 09:22:58.677000,56726.0,48240,2042010,30,660,930
2025-06-11 09:22:59.000000,56726.0,48240,2042010,30,660,930
2025-06-11 09:22:59.879000,56726.0,48240,2042010,30,660,930
2025-06-11 09:22:59.000000,56731.0,48240,2042010,30,660,930
2025-06-11 09:22:59.968000,56731.0,48240,2042010,30,660,930
2025-06-11 09:23:00.000000,56731.0,48240,2042010,30,660,930
2025-06-11 09:23:01.000000,56731.0,48390,2042010,30,390,1020
2025-06-11 09:23:01.082000,56731.0,48390,2042010,30,390,1020
2025-06-11 09:23:01.000000,56730.0,48390,2042010,90,390,1020
2025-06-11 09:23:01.768000,56730.0,48390,2042010,90,390,1020
2025-06-11 09:23:02.000000,56730.0,48510,2042010,90,330,720
2025-06-11 09:23:02.283000,56730.0,48510,2042010,90,330,720
2025-06-11 09:23:02.000000,56734.0,48510,2042010,30,330,720
2025-06-11 09:23:02.969000,56734.0,48510,2042010,30,330,720
2025-06-11 09:23:03.000000,56734.0,48540,2042010,30,330,1140
2025-06-11 09:23:03.486000,56734.0,48540,2042010,30,330,1140
2025-06-11 09:23:04.000000,56732.0,48540,2042010,30,330,1140
2025-06-11 09:23:04.569000,56732.0,48540,2042010,30,330,1140
2025-06-11 09:23:04.000000,56732.0,48570,2042010,30,360,1470
2025-06-11 09:23:04.687000,56732.0,48570,2042010,30,360,1470
2025-06-11 09:23:05.000000,56732.0,48570,2042010,30,420,270
2025-06-11 09:23:05.891000,56732.0,48570,2042010,30,420,270
2025-06-11 09:23:07.000000,56732.0,48570,2042010,30,540,270
2025-06-11 09:23:07.290000,56732.0,48570,2042010,30,540,270
2025-06-11 09:23:08.000000,56732.0,48570,2042010,30,420,270
2025-06-11 09:23:08.295000,56732.0,48570,2042010,30,420,270
2025-06-11 09:23:09.000000,56732.0,48570,2042010,30,420,270
2025-06-11 09:23:09.573000,56732.0,48570,2042010,30,420,270
2025-06-11 09:23:09.000000,56732.0,48600,2042010,30,540,270
2025-06-11 09:23:09.693000,56732.0,48600,2042010,30,540,270
2025-06-11 09:23:10.000000,56732.0,48600,2042010,30,540,240
2025-06-11 09:23:10.896000,56732.0,48600,2042010,30,540,240
2025-06-11 09:23:11.000000,56735.0,48600,2042010,30,540,240
2025-06-11 09:23:11.375000,56735.0,48600,2042010,30,540,240
2025-06-11 09:23:12.000000,56741.4,48990,2042010,30,480,1440
2025-06-11 09:23:12.103000,56741.4,48990,2042010,30,480,1440
2025-06-11 09:23:12.000000,56741.4,48990,2042010,30,480,1440
2025-06-11 09:23:12.183000,56741.4,48990,2042010,30,480,1440
2025-06-11 09:23:13.000000,56740.0,48990,2042010,30,480,1440
2025-06-11 09:23:13.176000,56740.0,48990,2042010,30,480,1440
2025-06-11 09:23:13.000000,56740.0,49050,2042010,30,510,1230
2025-06-11 09:23:13.301000,56740.0,49050,2042010,30,510,1230
2025-06-11 09:23:14.000000,56726.2,49050,2042010,60,510,1230
2025-06-11 09:23:14.377000,56726.2,49050,2042010,60,510,1230
2025-06-11 09:23:14.000000,56726.2,49590,2042010,60,240,570
2025-06-11 09:23:14.502000,56726.2,49590,2042010,60,240,570
2025-06-11 09:23:15.000000,56725.0,49590,2042010,30,240,570
2025-06-11 09:23:15.177000,56725.0,49590,2042010,30,240,570
2025-06-11 09:23:15.000000,56725.0,50070,2042010,30,150,540
2025-06-11 09:23:15.705000,56725.0,50070,2042010,30,150,540
2025-06-11 09:23:16.000000,56724.8,50070,2042010,30,150,540
2025-06-11 09:23:16.578000,56724.8,50070,2042010,30,150,540
2025-06-11 09:23:17.000000,56724.8,50130,2042010,30,210,420
2025-06-11 09:23:17.104000,56724.8,50130,2042010,30,210,420
2025-06-11 09:23:17.000000,56723.0,50130,2042010,30,210,420
2025-06-11 09:23:17.779000,56723.0,50130,2042010,30,210,420
2025-06-11 09:23:18.000000,56721.6,50130,2042010,30,210,420
2025-06-11 09:23:18.180000,56721.6,50130,2042010,30,210,420
2025-06-11 09:23:18.000000,56721.6,50520,2042010,30,660,450
2025-06-11 09:23:18.307000,56721.6,50520,2042010,30,660,450
2025-06-11 09:23:19.000000,56722.4,50520,2042010,30,660,450
2025-06-11 09:23:19.180000,56722.4,50520,2042010,30,660,450
2025-06-11 09:23:19.000000,56722.4,50940,2042010,30,720,570
2025-06-11 09:23:19.510000,56722.4,50940,2042010,30,720,570
2025-06-11 09:23:20.000000,56722.4,50940,2042010,30,150,570
2025-06-11 09:23:20.711000,56722.4,50940,2042010,30,150,570
2025-06-11 09:23:21.000000,56722.4,50940,2042010,30,180,420
2025-06-11 09:23:21.915000,56722.4,50940,2042010,30,180,420
2025-06-11 09:23:23.000000,56722.4,50940,2042010,30,270,240
2025-06-11 09:23:23.313000,56722.4,50940,2042010,30,270,240
2025-06-11 09:23:24.000000,56721.4,50940,2042010,30,270,240
2025-06-11 09:23:24.382000,56721.4,50940,2042010,30,270,240
2025-06-11 09:23:24.000000,56721.4,51090,2042010,30,1110,180
2025-06-11 09:23:24.516000,56721.4,51090,2042010,30,1110,180
2025-06-11 09:23:25.000000,56721.4,51090,2042010,30,330,240
2025-06-11 09:23:25.718000,56721.4,51090,2042010,30,330,240
2025-06-11 09:23:26.000000,56721.4,51090,2042010,30,600,180
2025-06-11 09:23:26.920000,56721.4,51090,2042010,30,600,180
2025-06-11 09:23:28.000000,56721.4,51090,2042010,30,450,180
2025-06-11 09:23:28.124000,56721.4,51090,2042010,30,450,180
2025-06-11 09:23:29.000000,56721.4,51090,2042010,30,510,180
2025-06-11 09:23:29.523000,56721.4,51090,2042010,30,510,180
2025-06-11 09:23:30.000000,56721.4,51090,2042010,30,510,180
2025-06-11 09:23:30.000000,56721.4,51090,2042010,30,390,300
2025-06-11 09:23:30.725000,56721.4,51090,2042010,30,390,300
2025-06-11 09:23:31.000000,56721.4,51090,2042010,30,300,300
2025-06-11 09:23:31.928000,56721.4,51090,2042010,30,300,300
2025-06-11 09:23:33.000000,56721.4,51090,2042010,30,300,420
2025-06-11 09:23:33.130000,56721.4,51090,2042010,30,300,420
2025-06-11 09:23:34.000000,56721.4,51090,2042010,30,300,480
2025-06-11 09:23:34.333000,56721.4,51090,2042010,30,300,480
2025-06-11 09:23:35.000000,56733.2,51090,2042010,30,300,480
2025-06-11 09:23:35.588000,56733.2,51090,2042010,30,300,480
2025-06-11 09:23:35.000000,56733.2,51120,2042010,30,300,330
2025-06-11 09:23:35.732000,56733.2,51120,2042010,30,300,330
2025-06-11 09:23:36.000000,56733.2,51120,2042010,30,300,390
2025-06-11 09:23:36.935000,56733.2,51120,2042010,30,300,390
2025-06-11 09:23:38.000000,56733.2,51120,2042010,30,300,540
2025-06-11 09:23:38.138000,56733.2,51120,2042010,30,300,540
2025-06-11 09:23:39.000000,56733.2,51120,2042010,30,300,510
2025-06-11 09:23:39.340000,56733.2,51120,2042010,30,300,510
2025-06-11 09:23:40.000000,56733.2,51120,2042010,30,300,510
2025-06-11 09:23:40.543000,56733.2,51120,2042010,30,300,510
2025-06-11 09:23:41.000000,56733.2,51120,2042010,30,330,420
2025-06-11 09:23:41.942000,56733.2,51120,2042010,30,330,420
2025-06-11 09:23:43.000000,56733.2,51120,2042010,30,330,270
2025-06-11 09:23:43.144000,56733.2,51120,2042010,30,330,270
2025-06-11 09:23:44.000000,56733.2,51120,2042010,30,330,510
2025-06-11 09:23:44.346000,56733.2,51120,2042010,30,330,510
2025-06-11 09:23:44.000000,56734.8,51120,2042010,30,330,510
2025-06-11 09:23:44.594000,56734.8,51120,2042010,30,330,510
2025-06-11 09:23:45.000000,56734.8,51150,2042010,30,270,480
2025-06-11 09:23:45.549000,56734.8,51150,2042010,30,270,480
2025-06-11 09:23:45.000000,56730.0,51150,2042010,30,270,480
2025-06-11 09:23:45.795000,56730.0,51150,2042010,30,270,480
2025-06-11 09:23:46.000000,56730.0,51180,2042010,30,330,360
2025-06-11 09:23:46.752000,56730.0,51180,2042010,30,330,360
2025-06-11 09:23:48.000000,56730.0,51180,2042010,30,330,480
2025-06-11 09:23:48.151000,56730.0,51180,2042010,30,330,480
2025-06-11 09:23:49.000000,56730.0,51180,2042010,30,330,390
2025-06-11 09:23:49.354000,56730.0,51180,2042010,30,330,390
2025-06-11 09:23:50.000000,56730.0,51180,2042010,30,330,390
2025-06-11 09:23:50.557000,56730.0,51180,2042010,30,330,390
2025-06-11 09:23:51.000000,56730.0,51180,2042010,30,270,390
2025-06-11 09:23:51.760000,56730.0,51180,2042010,30,270,390
2025-06-11 09:23:52.000000,56730.0,51180,2042010,30,270,390
2025-06-11 09:23:52.998000,56730.0,51180,2042010,30,270,390
2025-06-11 09:23:53.000000,56730.0,51240,2042010,30,270,540
2025-06-11 09:23:53.158000,56730.0,51240,2042010,30,270,540
2025-06-11 09:23:54.000000,56730.0,51240,2042010,30,270,480
2025-06-11 09:23:54.361000,56730.0,51240,2042010,30,270,480
2025-06-11 09:23:55.000000,56730.0,51240,2042010,30,270,450
2025-06-11 09:23:55.564000,56730.0,51240,2042010,30,270,450
2025-06-11 09:23:55.000000,56725.0,51240,2042010,120,270,450
2025-06-11 09:23:55.800000,56725.0,51240,2042010,120,270,450
2025-06-11 09:23:56.000000,56720.0,51240,2042010,30,270,450
2025-06-11 09:23:56.200000,56720.0,51240,2042010,30,270,450
2025-06-11 09:23:56.000000,56721.2,51720,2042010,30,600,600
2025-06-11 09:23:56.767000,56721.2,51720,2042010,30,600,600
2025-06-11 09:23:57.000000,56721.2,51720,2042010,30,600,600
2025-06-11 09:23:57.200000,56721.2,51720,2042010,30,600,600
2025-06-11 09:23:58.000000,56717.2,51780,2042010,30,1200,1140
2025-06-11 09:23:58.167000,56717.2,51780,2042010,30,1200,1140
2025-06-11 09:23:58.000000,56717.2,51780,2042010,30,1200,1140
2025-06-11 09:23:58.201000,56717.2,51780,2042010,30,1200,1140
2025-06-11 09:23:59.000000,56717.2,51780,2042010,30,1200,1050
2025-06-11 09:23:59.369000,56717.2,51780,2042010,30,1200,1050
2025-06-11 09:23:59.000000,56717.0,51780,2042010,30,1200,1050
2025-06-11 09:23:59.602000,56717.0,51780,2042010,30,1200,1050
2025-06-11 09:24:00.000000,56717.0,51780,2042010,30,1200,1050
2025-06-11 09:24:00.000000,56717.0,51810,2042010,30,630,570
2025-06-11 09:24:00.572000,56717.0,51810,2042010,30,630,570
2025-06-11 09:24:01.000000,56722.4,51810,2042010,30,630,570
2025-06-11 09:24:01.203000,56722.4,51810,2042010,30,630,570
2025-06-11 09:24:01.000000,56722.4,51870,2042010,30,1320,1530
2025-06-11 09:24:01.775000,56722.4,51870,2042010,30,1320,1530
2025-06-11 09:24:02.000000,56720.8,51870,2042010,30,1320,1530
2025-06-11 09:24:02.204000,56720.8,51870,2042010,30,1320,1530
2025-06-11 09:24:03.000000,56710.2,52020,2042010,120,600,390
2025-06-11 09:24:03.174000,56710.2,52020,2042010,120,600,390
2025-06-11 09:24:03.000000,56710.2,52020,2042010,120,600,390
2025-06-11 09:24:03.204000,56710.2,52020,2042010,120,600,390
2025-06-11 09:24:04.000000,56710.2,52020,2042010,120,600,330
2025-06-11 09:24:04.377000,56710.2,52020,2042010,120,600,330
2025-06-11 09:24:04.000000,56710.0,52020,2042010,30,600,330
2025-06-11 09:24:04.805000,56710.0,52020,2042010,30,600,330
2025-06-11 09:24:05.000000,56710.0,52050,2042010,30,570,480
2025-06-11 09:24:05.579000,56710.0,52050,2042010,30,570,480
2025-06-11 09:24:06.000000,56716.8,52050,2042010,30,570,480
2025-06-11 09:24:06.006000,56716.8,52050,2042010,30,570,480
2025-06-11 09:24:06.000000,56716.8,52080,2042010,30,1170,420
2025-06-11 09:24:06.782000,56716.8,52080,2042010,30,1170,420
2025-06-11 09:24:07.000000,56718.6,52080,2042010,30,1170,420
2025-06-11 09:24:07.407000,56718.6,52080,2042010,30,1170,420
2025-06-11 09:24:07.000000,56718.6,52110,2042010,30,1230,570
2025-06-11 09:24:07.985000,56718.6,52110,2042010,30,1230,570
2025-06-11 09:24:08.000000,56710.0,52110,2042010,30,1230,570
2025-06-11 09:24:08.408000,56710.0,52110,2042010,30,1230,570
2025-06-11 09:24:09.000000,56710.0,52230,2042010,30,540,540
2025-06-11 09:24:09.384000,56710.0,52230,2042010,30,540,540
2025-06-11 09:24:10.000000,56715.6,52230,2042010,30,540,540
2025-06-11 09:24:10.208000,56715.6,52230,2042010,30,540,540
2025-06-11 09:24:10.000000,56718.6,52380,2042010,90,600,450
2025-06-11 09:24:10.587000,56718.6,52380,2042010,90,600,450
2025-06-11 09:24:11.000000,56718.6,52380,2042010,90,600,450
2025-06-11 09:24:11.209000,56718.6,52380,2042010,90,600,450
2025-06-11 09:24:11.000000,56718.6,52380,2042010,90,150,360
2025-06-11 09:24:11.789000,56718.6,52380,2042010,90,150,360
2025-06-11 09:24:12.000000,56725.2,52380,2042010,30,150,360
2025-06-11 09:24:12.210000,56725.2,52380,2042010,30,150,360
2025-06-11 09:24:12.000000,56725.2,52470,2042010,30,150,300
2025-06-11 09:24:12.992000,56725.2,52470,2042010,30,150,300
2025-06-11 09:24:14.000000,56725.2,52470,2042010,30,330,240
2025-06-11 09:24:14.194000,56725.2,52470,2042010,30,330,240
2025-06-11 09:24:15.000000,56725.2,52470,2042010,30,210,270
2025-06-11 09:24:15.593000,56725.2,52470,2042010,30,210,270
2025-06-11 09:24:16.000000,56725.2,52470,2042010,30,180,240
2025-06-11 09:24:16.795000,56725.2,52470,2042010,30,180,240
2025-06-11 09:24:17.000000,56739.2,52740,2042010,30,300,390
2025-06-11 09:24:17.998000,56739.2,52740,2042010,30,300,390
2025-06-11 09:24:18.000000,56739.2,52740,2042010,30,300,390
2025-06-11 09:24:18.012000,56739.2,52740,2042010,30,300,390
2025-06-11 09:24:18.000000,56739.6,52740,2042010,30,300,390
2025-06-11 09:24:18.813000,56739.6,52740,2042010,30,300,390
2025-06-11 09:24:19.000000,56725.0,52860,2042010,30,420,390
2025-06-11 09:24:19.201000,56725.0,52860,2042010,30,420,390
2025-06-11 09:24:19.000000,56725.0,52860,2042010,30,420,390
2025-06-11 09:24:19.213000,56725.0,52860,2042010,30,420,390
2025-06-11 09:24:20.000000,56725.0,52860,2042010,30,150,480
2025-06-11 09:24:20.600000,56725.0,52860,2042010,30,150,480
2025-06-11 09:24:20.000000,56720.2,52860,2042010,30,150,480
2025-06-11 09:24:20.813000,56720.2,52860,2042010,30,150,480
2025-06-11 09:24:21.000000,56720.2,52890,2042010,30,180,240
2025-06-11 09:24:21.803000,56720.2,52890,2042010,30,180,240
2025-06-11 09:24:22.000000,56732.2,52890,2042010,30,180,240
2025-06-11 09:24:22.614000,56732.2,52890,2042010,30,180,240
2025-06-11 09:24:23.000000,56732.2,52920,2042010,30,180,570
2025-06-11 09:24:23.006000,56732.2,52920,2042010,30,180,570
2025-06-11 09:24:24.000000,56732.2,52920,2042010,30,270,390
2025-06-11 09:24:24.210000,56732.2,52920,2042010,30,270,390
2025-06-11 09:24:25.000000,56725.2,52950,2042010,30,300,150
2025-06-11 09:24:25.608000,56725.2,52950,2042010,30,300,150
2025-06-11 09:24:25.000000,56725.2,52950,2042010,30,300,150
2025-06-11 09:24:25.616000,56725.2,52950,2042010,30,300,150
2025-06-11 09:24:26.000000,56726.6,52950,2042010,30,300,150
2025-06-11 09:24:26.217000,56726.6,52950,2042010,30,300,150
2025-06-11 09:24:26.000000,56722.0,53160,2042010,30,180,360
2025-06-11 09:24:26.811000,56722.0,53160,2042010,30,180,360
2025-06-11 09:24:27.000000,56722.0,53160,2042010,30,180,360
2025-06-11 09:24:27.218000,56722.0,53160,2042010,30,180,360
2025-06-11 09:24:28.000000,56722.0,53160,2042010,30,150,360
2025-06-11 09:24:28.014000,56722.0,53160,2042010,30,150,360
2025-06-11 09:24:29.000000,56722.0,53160,2042010,30,600,480
2025-06-11 09:24:29.217000,56722.0,53160,2042010,30,600,480
2025-06-11 09:24:30.000000,56722.0,53160,2042010,30,600,480
2025-06-11 09:24:30.000000,56722.0,53160,2042010,30,840,450
2025-06-11 09:24:30.616000,56722.0,53160,2042010,30,840,450
2025-06-11 09:24:31.000000,56722.0,53160,2043630,30,840,450
2025-06-11 09:24:31.620000,56722.0,53160,2043630,30,840,450
2025-06-11 09:24:31.000000,56722.0,53190,2043630,30,810,630
2025-06-11 09:24:31.819000,56722.0,53190,2043630,30,810,630
2025-06-11 09:24:33.000000,56722.0,53190,2043630,30,810,480
2025-06-11 09:24:33.022000,56722.0,53190,2043630,30,810,480
2025-06-11 09:24:34.000000,56722.0,53190,2043630,30,810,1020
2025-06-11 09:24:34.224000,56722.0,53190,2043630,30,810,1020
2025-06-11 09:24:35.000000,56722.0,53190,2043630,30,810,690
2025-06-11 09:24:35.623000,56722.0,53190,2043630,30,810,690
2025-06-11 09:24:36.000000,56722.0,53190,2043630,30,810,450
2025-06-11 09:24:36.831000,56722.0,53190,2043630,30,810,450
2025-06-11 09:24:38.000000,56722.0,53190,2043630,30,810,660
2025-06-11 09:24:38.030000,56722.0,53190,2043630,30,810,660
2025-06-11 09:24:39.000000,56730.0,53190,2043630,30,810,660
2025-06-11 09:24:39.023000,56730.0,53190,2043630,30,810,660
2025-06-11 09:24:39.000000,56731.2,53190,2043630,60,810,660
2025-06-11 09:24:39.224000,56731.2,53190,2043630,60,810,660
2025-06-11 09:24:39.000000,56731.2,53280,2043630,60,810,600
2025-06-11 09:24:39.233000,56731.2,53280,2043630,60,810,600
2025-06-11 09:24:40.000000,56731.2,53280,2043630,60,840,450
2025-06-11 09:24:40.632000,56731.2,53280,2043630,60,840,450
2025-06-11 09:24:41.000000,56731.0,53280,2043630,30,840,450
2025-06-11 09:24:41.826000,56731.0,53280,2043630,30,840,450
2025-06-11 09:24:41.000000,56731.0,53340,2043630,30,810,720
2025-06-11 09:24:41.834000,56731.0,53340,2043630,30,810,720
2025-06-11 09:24:43.000000,56731.0,53340,2043630,30,810,480
2025-06-11 09:24:43.038000,56731.0,53340,2043630,30,810,480
2025-06-11 09:24:44.000000,56731.0,53340,2043630,30,840,270
2025-06-11 09:24:44.241000,56731.0,53340,2043630,30,840,270
2025-06-11 09:24:45.000000,56731.0,53340,2043630,30,870,390
2025-06-11 09:24:45.640000,56731.0,53340,2043630,30,870,390
2025-06-11 09:24:46.000000,56725.6,53340,2043630,30,870,390
2025-06-11 09:24:46.028000,56725.6,53340,2043630,30,870,390
2025-06-11 09:24:46.000000,56725.6,53370,2043630,30,870,540
2025-06-11 09:24:46.843000,56725.6,53370,2043630,30,870,540
2025-06-11 09:24:47.000000,56722.0,53370,2043630,30,870,540
2025-06-11 09:24:47.429000,56722.0,53370,2043630,30,870,540
2025-06-11 09:24:48.000000,56722.0,53430,2043630,30,810,600
2025-06-11 09:24:48.046000,56722.0,53430,2043630,30,810,600
2025-06-11 09:24:49.000000,56722.0,53430,2043630,30,840,510
2025-06-11 09:24:49.249000,56722.0,53430,2043630,30,840,510
2025-06-11 09:24:50.000000,56722.0,53430,2043630,30,870,2160
2025-06-11 09:24:50.648000,56722.0,53430,2043630,30,870,2160
2025-06-11 09:24:50.000000,56722.0,53430,2043630,30,870,2160
2025-06-11 09:24:50.829000,56722.0,53430,2043630,30,870,2160
2025-06-11 09:24:51.000000,56722.0,53460,2043630,30,840,540
2025-06-11 09:24:51.850000,56722.0,53460,2043630,30,840,540
2025-06-11 09:24:53.000000,56722.0,53460,2043630,30,840,540
2025-06-11 09:24:53.031000,56722.0,53460,2043630,30,840,540
2025-06-11 09:24:53.000000,56722.0,53490,2043630,30,870,690
2025-06-11 09:24:53.053000,56722.0,53490,2043630,30,870,690
2025-06-11 09:24:54.000000,56722.0,53490,2043630,30,870,690
2025-06-11 09:24:54.256000,56722.0,53490,2043630,30,870,690
2025-06-11 09:24:55.000000,56722.0,53490,2043630,30,870,1680
2025-06-11 09:24:55.459000,56722.0,53490,2043630,30,870,1680
2025-06-11 09:24:56.000000,56722.0,53490,2043630,30,870,510
2025-06-11 09:24:56.857000,56722.0,53490,2043630,30,870,510
2025-06-11 09:24:58.000000,56722.0,53490,2043630,30,870,1530
2025-06-11 09:24:58.060000,56722.0,53490,2043630,30,870,1530
2025-06-11 09:24:58.000000,56722.0,53490,2043630,30,870,1530
2025-06-11 09:24:58.235000,56722.0,53490,2043630,30,870,1530
2025-06-11 09:24:59.000000,56722.0,53790,2043630,30,660,300
2025-06-11 09:24:59.263000,56722.0,53790,2043630,30,660,300
2025-06-11 09:25:00.000000,56722.0,53790,2043630,30,660,300
2025-06-11 09:25:00.000000,56722.0,53790,2043630,30,720,420
2025-06-11 09:25:00.466000,56722.0,53790,2043630,30,720,420
2025-06-11 09:25:00.000000,56722.0,53790,2043630,30,720,420
2025-06-11 09:25:00.836000,56722.0,53790,2043630,30,720,420
2025-06-11 09:25:01.000000,56722.0,53820,2043630,30,690,810
2025-06-11 09:25:01.864000,56722.0,53820,2043630,30,690,810
2025-06-11 09:25:03.000000,56721.4,53850,2043630,30,690,510
2025-06-11 09:25:03.067000,56721.4,53850,2043630,30,690,510
2025-06-11 09:25:03.000000,56721.4,53850,2043630,30,690,510
2025-06-11 09:25:03.238000,56721.4,53850,2043630,30,690,510
2025-06-11 09:25:04.000000,56710.2,53850,2043630,30,690,510
2025-06-11 09:25:04.238000,56710.2,53850,2043630,30,690,510
2025-06-11 09:25:04.000000,56710.2,54600,2043630,30,1440,780
2025-06-11 09:25:04.269000,56710.2,54600,2043630,30,1440,780
2025-06-11 09:25:05.000000,56710.0,54600,2043630,30,1440,780
2025-06-11 09:25:05.439000,56710.0,54600,2043630,30,1440,780
2025-06-11 09:25:05.000000,56710.0,54630,2043630,30,1410,300
2025-06-11 09:25:05.472000,56710.0,54630,2043630,30,1410,300
2025-06-11 09:25:06.000000,56713.8,54630,2043630,30,1410,300
2025-06-11 09:25:06.240000,56713.8,54630,2043630,30,1410,300
2025-06-11 09:25:06.000000,56713.8,54660,2043630,30,1410,510
2025-06-11 09:25:06.871000,56713.8,54660,2043630,30,1410,510
2025-06-11 09:25:07.000000,56710.0,54660,2043630,30,1410,510
2025-06-11 09:25:07.240000,56710.0,54660,2043630,30,1410,510
2025-06-11 09:25:08.000000,56708.0,55260,2043630,30,960,510
2025-06-11 09:25:08.073000,56708.0,55260,2043630,30,960,510
2025-06-11 09:25:08.000000,56708.0,55260,2043630,30,960,510
2025-06-11 09:25:08.241000,56708.0,55260,2043630,30,960,510
2025-06-11 09:25:09.000000,56705.0,55260,2043630,30,960,510
2025-06-11 09:25:09.242000,56705.0,55260,2043630,30,960,510
2025-06-11 09:25:09.000000,56705.0,55530,2043630,30,840,750
2025-06-11 09:25:09.276000,56705.0,55530,2043630,30,840,750
2025-06-11 09:25:10.000000,56709.4,55530,2043630,60,840,750
2025-06-11 09:25:10.242000,56709.4,55530,2043630,60,840,750
2025-06-11 09:25:10.000000,56709.4,55950,2043630,60,720,420
2025-06-11 09:25:10.479000,56709.4,55950,2043630,60,720,420
2025-06-11 09:25:11.000000,56707.6,55950,2043630,30,720,420
2025-06-11 09:25:11.242000,56707.6,55950,2043630,30,720,420
2025-06-11 09:25:11.000000,56707.6,56100,2043630,30,720,480
2025-06-11 09:25:11.877000,56707.6,56100,2043630,30,720,480
2025-06-11 09:25:13.000000,56707.6,56100,2043630,30,720,480
2025-06-11 09:25:13.080000,56707.6,56100,2043630,30,720,480
2025-06-11 09:25:14.000000,56707.6,56100,2043630,30,690,510
2025-06-11 09:25:14.282000,56707.6,56100,2043630,30,690,510
2025-06-11 09:25:15.000000,56707.6,56100,2043630,30,750,960
2025-06-11 09:25:15.484000,56707.6,56100,2043630,30,750,960
2025-06-11 09:25:16.000000,56705.0,56100,2043630,30,750,960
2025-06-11 09:25:16.045000,56705.0,56100,2043630,30,750,960
2025-06-11 09:25:16.000000,56705.0,56400,2043630,30,450,300
2025-06-11 09:25:16.687000,56705.0,56400,2043630,30,450,300
2025-06-11 09:25:17.000000,56705.0,56400,2043630,30,450,300
2025-06-11 09:25:17.245000,56705.0,56400,2043630,30,450,300
2025-06-11 09:25:18.000000,56705.0,56550,2043630,30,330,1170
2025-06-11 09:25:18.085000,56705.0,56550,2043630,30,330,1170
2025-06-11 09:25:18.000000,56707.6,56550,2043630,30,330,1170
2025-06-11 09:25:18.645000,56707.6,56550,2043630,30,330,1170
2025-06-11 09:25:19.000000,56707.6,56580,2043630,30,330,420
2025-06-11 09:25:19.293000,56707.6,56580,2043630,30,330,420
2025-06-11 09:25:20.000000,56707.6,56580,2043630,30,360,1080
2025-06-11 09:25:20.492000,56707.6,56580,2043630,30,360,1080
2025-06-11 09:25:20.000000,56703.0,56580,2043630,60,360,1080
2025-06-11 09:25:20.647000,56703.0,56580,2043630,60,360,1080
2025-06-11 09:25:21.000000,56708.8,56580,2043630,30,360,1080
2025-06-11 09:25:21.647000,56708.8,56580,2043630,30,360,1080
2025-06-11 09:25:21.000000,56708.8,56910,2043630,30,1050,990
2025-06-11 09:25:21.694000,56708.8,56910,2043630,30,1050,990
2025-06-11 09:25:22.000000,56708.8,56910,2043630,30,1050,990
2025-06-11 09:25:22.248000,56708.8,56910,2043630,30,1050,990
2025-06-11 09:25:23.000000,56702.0,57180,2043630,30,1080,1140
2025-06-11 09:25:23.092000,56702.0,57180,2043630,30,1080,1140
2025-06-11 09:25:23.000000,56702.0,57180,2043630,30,1080,1140
2025-06-11 09:25:23.249000,56702.0,57180,2043630,30,1080,1140
2025-06-11 09:25:24.000000,56705.2,57180,2043630,30,1080,1140
2025-06-11 09:25:24.249000,56705.2,57180,2043630,30,1080,1140
2025-06-11 09:25:24.000000,56705.2,57570,2043630,30,750,630
2025-06-11 09:25:24.295000,56705.2,57570,2043630,30,750,630
2025-06-11 09:25:25.000000,56705.2,57570,2043630,30,630,1530
2025-06-11 09:25:25.497000,56705.2,57570,2043630,30,630,1530
2025-06-11 09:25:26.000000,56705.2,57570,2043630,30,810,780
2025-06-11 09:25:26.700000,56705.2,57570,2043630,30,810,780
2025-06-11 09:25:27.000000,56700.0,57570,2043630,60,810,780
2025-06-11 09:25:27.852000,56700.0,57570,2043630,60,810,780
2025-06-11 09:25:28.000000,56700.0,58050,2043630,60,360,1200
2025-06-11 09:25:28.099000,56700.0,58050,2043630,60,360,1200
2025-06-11 09:25:28.000000,56699.4,58050,2043630,30,360,1200
2025-06-11 09:25:28.452000,56699.4,58050,2043630,30,360,1200
2025-06-11 09:25:29.000000,56685.8,58050,2043630,30,360,1200
2025-06-11 09:25:29.252000,56685.8,58050,2043630,30,360,1200
2025-06-11 09:25:29.000000,56685.8,58740,2043630,30,210,420
2025-06-11 09:25:29.301000,56685.8,58740,2043630,30,210,420
2025-06-11 09:25:30.000000,56684.2,58740,2043630,30,210,420
2025-06-11 09:25:30.254000,56684.2,58740,2043630,30,210,420
2025-06-11 09:25:30.000000,56684.2,58740,2043630,30,210,420
2025-06-11 09:25:30.000000,56684.2,58800,2043630,30,180,270
2025-06-11 09:25:30.504000,56684.2,58800,2043630,30,180,270
2025-06-11 09:25:31.000000,56684.2,58800,2043630,30,180,270
2025-06-11 09:25:31.453000,56684.2,58800,2043630,30,180,270
2025-06-11 09:25:31.000000,56684.2,58920,2043630,30,300,450
2025-06-11 09:25:31.707000,56684.2,58920,2043630,30,300,450
2025-06-11 09:25:32.000000,56698.4,58920,2043630,30,300,450
2025-06-11 09:25:32.254000,56698.4,58920,2043630,30,300,450
2025-06-11 09:25:33.000000,56696.8,59310,2043630,30,180,420
2025-06-11 09:25:33.105000,56696.8,59310,2043630,30,180,420
2025-06-11 09:25:33.000000,56696.8,59310,2043630,30,180,420
2025-06-11 09:25:33.255000,56696.8,59310,2043630,30,180,420
2025-06-11 09:25:34.000000,56680.4,59310,2043630,30,180,420
2025-06-11 09:25:34.255000,56680.4,59310,2043630,30,180,420
2025-06-11 09:25:34.000000,56680.4,59400,2043630,30,660,240
2025-06-11 09:25:34.310000,56680.4,59400,2043630,30,660,240
2025-06-11 09:25:35.000000,56680.4,59400,2043630,30,240,330
2025-06-11 09:25:35.512000,56680.4,59400,2043630,30,240,330
2025-06-11 09:25:35.000000,56691.2,59400,2043630,30,240,330
2025-06-11 09:25:35.856000,56691.2,59400,2043630,30,240,330
2025-06-11 09:25:36.000000,56691.2,59460,2043630,30,180,180
2025-06-11 09:25:36.714000,56691.2,59460,2043630,30,180,180
2025-06-11 09:25:37.000000,56698.4,59460,2043630,30,180,180
2025-06-11 09:25:37.657000,56698.4,59460,2043630,30,180,180
2025-06-11 09:25:38.000000,56698.4,59490,2043630,30,180,240
2025-06-11 09:25:38.118000,56698.4,59490,2043630,30,180,240
2025-06-11 09:25:38.000000,56698.6,59490,2043630,30,180,240
2025-06-11 09:25:38.457000,56698.6,59490,2043630,30,180,240
2025-06-11 09:25:39.000000,56698.6,60000,2043630,30,660,300
2025-06-11 09:25:39.315000,56698.6,60000,2043630,30,660,300
2025-06-11 09:25:39.000000,56693.0,60000,2043630,60,660,300
2025-06-11 09:25:39.857000,56693.0,60000,2043630,60,660,300
2025-06-11 09:25:40.000000,56693.0,60060,2043630,60,360,150
2025-06-11 09:25:40.517000,56693.0,60060,2043630,60,360,150
2025-06-11 09:25:41.000000,56690.0,60060,2043630,30,360,150
2025-06-11 09:25:41.658000,56690.0,60060,2043630,30,360,150
2025-06-11 09:25:41.000000,56690.0,60090,2043630,30,240,210
2025-06-11 09:25:41.720000,56690.0,60090,2043630,30,240,210
2025-06-11 09:25:42.000000,56698.4,60090,2043630,30,240,210
2025-06-11 09:25:42.659000,56698.4,60090,2043630,30,240,210
2025-06-11 09:25:42.000000,56698.4,60150,2043630,30,210,270
2025-06-11 09:25:42.923000,56698.4,60150,2043630,30,210,270
2025-06-11 09:25:44.000000,56698.4,60150,2043630,30,180,300
2025-06-11 09:25:44.322000,56698.4,60150,2043630,30,180,300
2025-06-11 09:25:45.000000,56698.4,60150,2043630,30,150,270
2025-06-11 09:25:45.525000,56698.4,60150,2043630,30,150,270
2025-06-11 09:25:46.000000,56700.0,60150,2043630,30,150,270
2025-06-11 09:25:46.260000,56700.0,60150,2043630,30,150,270
2025-06-11 09:25:46.000000,56700.0,60180,2043630,30,240,240
2025-06-11 09:25:46.727000,56700.0,60180,2043630,30,240,240
2025-06-11 09:25:47.000000,56693.2,60180,2043630,30,240,240
2025-06-11 09:25:47.261000,56693.2,60180,2043630,30,240,240
2025-06-11 09:25:47.000000,56695.2,60330,2043630,30,450,270
2025-06-11 09:25:47.930000,56695.2,60330,2043630,30,450,270
2025-06-11 09:25:48.000000,56695.2,60330,2043630,30,450,270
2025-06-11 09:25:48.262000,56695.2,60330,2043630,30,450,270
2025-06-11 09:25:49.000000,56700.0,60330,2043630,60,450,270
2025-06-11 09:25:49.262000,56700.0,60330,2043630,60,450,270
2025-06-11 09:25:49.000000,56700.0,60420,2043630,60,420,540
2025-06-11 09:25:49.329000,56700.0,60420,2043630,60,420,540
2025-06-11 09:25:50.000000,56700.0,60420,2043630,30,420,540
2025-06-11 09:25:50.463000,56700.0,60420,2043630,30,420,540
2025-06-11 09:25:50.000000,56700.0,60450,2043630,30,390,420
2025-06-11 09:25:50.532000,56700.0,60450,2043630,30,390,420
2025-06-11 09:25:51.000000,56700.0,60450,2043630,30,270,360
2025-06-11 09:25:51.735000,56700.0,60450,2043630,30,270,360
2025-06-11 09:25:52.000000,56709.8,60450,2043630,30,270,360
2025-06-11 09:25:52.265000,56709.8,60450,2043630,30,270,360
2025-06-11 09:25:52.000000,56709.0,60720,2043630,30,150,600
2025-06-11 09:25:52.937000,56709.0,60720,2043630,30,150,600
2025-06-11 09:25:53.000000,56705.4,60720,2043630,30,150,600
2025-06-11 09:25:53.265000,56705.4,60720,2043630,30,150,600
2025-06-11 09:25:54.000000,56705.4,60750,2043630,30,180,360
2025-06-11 09:25:54.336000,56705.4,60750,2043630,30,180,360
2025-06-11 09:25:54.000000,56706.6,60750,2043630,30,180,360
2025-06-11 09:25:54.666000,56706.6,60750,2043630,30,180,360
2025-06-11 09:25:55.000000,56706.6,60810,2043630,30,210,480
2025-06-11 09:25:55.541000,56706.6,60810,2043630,30,210,480
2025-06-11 09:25:55.000000,56720.2,60810,2043630,30,210,480
2025-06-11 09:25:55.866000,56720.2,60810,2043630,30,210,480
2025-06-11 09:25:56.000000,56704.2,60810,2043630,30,210,480
2025-06-11 09:25:56.467000,56704.2,60810,2043630,30,210,480
2025-06-11 09:25:56.000000,56704.2,60870,2043630,30,390,810
2025-06-11 09:25:56.742000,56704.2,60870,2043630,30,390,810
2025-06-11 09:25:57.000000,56718.6,60870,2043630,30,390,810
2025-06-11 09:25:57.268000,56718.6,60870,2043630,30,390,810
2025-06-11 09:25:57.000000,56700.0,61200,2043630,30,330,480
2025-06-11 09:25:57.945000,56700.0,61200,2043630,30,330,480
2025-06-11 09:25:58.000000,56700.0,61200,2043630,30,330,480
2025-06-11 09:25:58.268000,56700.0,61200,2043630,30,330,480
2025-06-11 09:25:59.000000,56700.0,61200,2043630,30,870,510
2025-06-11 09:25:59.343000,56700.0,61200,2043630,30,870,510
2025-06-11 09:25:59.000000,56719.2,61200,2043630,30,870,510
2025-06-11 09:25:59.670000,56719.2,61200,2043630,30,870,510
2025-06-11 09:26:00.000000,56720.0,61200,2043630,30,870,510
2025-06-11 09:26:00.269000,56720.0,61200,2043630,30,870,510
2025-06-11 09:26:00.000000,56720.0,61200,2043630,30,870,510
2025-06-11 09:26:00.000000,56720.0,61260,2043630,30,360,510
2025-06-11 09:26:00.546000,56720.0,61260,2043630,30,360,510
2025-06-11 09:26:01.000000,56723.0,61260,2043630,90,360,510
2025-06-11 09:26:01.271000,56723.0,61260,2043630,90,360,510
2025-06-11 09:26:01.000000,56723.0,61380,2043630,90,630,570
2025-06-11 09:26:01.749000,56723.0,61380,2043630,90,630,570
2025-06-11 09:26:02.000000,56720.0,61410,2043630,30,420,420
2025-06-11 09:26:02.952000,56720.0,61410,2043630,30,420,420
2025-06-11 09:26:03.000000,56720.0,61410,2043630,30,420,420
2025-06-11 09:26:03.071000,56720.0,61410,2043630,30,420,420
2025-06-11 09:26:04.000000,56720.0,61410,2043630,30,360,570
2025-06-11 09:26:04.351000,56720.0,61410,2043630,30,360,570
2025-06-11 09:26:04.000000,56702.2,61410,2043630,30,360,570
2025-06-11 09:26:04.872000,56702.2,61410,2043630,30,360,570
2025-06-11 09:26:05.000000,56702.2,61440,2043630,30,360,780
2025-06-11 09:26:05.554000,56702.2,61440,2043630,30,360,780
2025-06-11 09:26:06.000000,56702.2,61440,2043630,30,390,360
2025-06-11 09:26:06.757000,56702.2,61440,2043630,30,390,360
2025-06-11 09:26:07.000000,56702.2,61440,2043630,30,240,1050
2025-06-11 09:26:07.960000,56702.2,61440,2043630,30,240,1050
2025-06-11 09:26:08.000000,56719.0,61440,2043630,30,240,1050
2025-06-11 09:26:08.274000,56719.0,61440,2043630,30,240,1050
2025-06-11 09:26:09.000000,56719.0,61560,2043630,30,780,1080
2025-06-11 09:26:09.359000,56719.0,61560,2043630,30,780,1080
2025-06-11 09:26:10.000000,56708.0,61560,2043630,30,780,1080
2025-06-11 09:26:10.275000,56708.0,61560,2043630,30,780,1080
2025-06-11 09:26:10.000000,56707.4,61620,2043630,30,600,600
2025-06-11 09:26:10.562000,56707.4,61620,2043630,30,600,600
2025-06-11 09:26:11.000000,56706.0,61620,2043630,30,600,600
2025-06-11 09:26:11.274000,56706.0,61620,2043630,30,600,600
2025-06-11 09:26:11.000000,56706.0,61650,2043630,30,840,630
2025-06-11 09:26:11.764000,56706.0,61650,2043630,30,840,630
2025-06-11 09:26:12.000000,56718.8,61650,2043630,60,840,630
2025-06-11 09:26:12.275000,56718.8,61650,2043630,60,840,630
2025-06-11 09:26:12.000000,56705.0,61770,2043630,30,960,630
2025-06-11 09:26:12.967000,56705.0,61770,2043630,30,960,630
2025-06-11 09:26:13.000000,56705.0,61770,2043630,30,960,630
2025-06-11 09:26:13.275000,56705.0,61770,2043630,30,960,630
2025-06-11 09:26:14.000000,56718.2,62070,2043630,120,1200,720
2025-06-11 09:26:14.169000,56718.2,62070,2043630,120,1200,720
2025-06-11 09:26:14.000000,56705.0,62070,2043630,60,1200,720
2025-06-11 09:26:14.277000,56705.0,62070,2043630,60,1200,720
2025-06-11 09:26:15.000000,56716.6,62070,2043630,30,1200,720
2025-06-11 09:26:15.277000,56716.6,62070,2043630,30,1200,720
2025-06-11 09:26:15.000000,56716.6,62190,2043630,30,1170,360
2025-06-11 09:26:15.568000,56716.6,62190,2043630,30,1170,360
2025-06-11 09:26:16.000000,56702.2,62190,2043630,30,1170,360
2025-06-11 09:26:16.278000,56702.2,62190,2043630,30,1170,360
2025-06-11 09:26:16.000000,56702.0,62280,2043630,30,480,540
2025-06-11 09:26:16.771000,56702.0,62280,2043630,30,480,540
2025-06-11 09:26:17.000000,56702.0,62280,2043630,30,480,540
2025-06-11 09:26:17.278000,56702.0,62280,2043630,30,480,540
2025-06-11 09:26:17.000000,56702.0,62280,2043630,30,1080,570
2025-06-11 09:26:17.974000,56702.0,62280,2043630,30,1080,570
2025-06-11 09:26:19.000000,56702.0,62280,2043630,30,1170,930
2025-06-11 09:26:19.177000,56702.0,62280,2043630,30,1170,930
2025-06-11 09:26:20.000000,56702.0,62280,2043630,30,1200,990
2025-06-11 09:26:20.576000,56702.0,62280,2043630,30,1200,990
2025-06-11 09:26:20.000000,56714.8,62280,2043630,60,1200,990
2025-06-11 09:26:20.681000,56714.8,62280,2043630,60,1200,990
2025-06-11 09:26:21.000000,56707.4,62370,2043630,30,1320,600
2025-06-11 09:26:21.779000,56707.4,62370,2043630,30,1320,600
2025-06-11 09:26:21.000000,56707.4,62370,2043630,30,1320,600
2025-06-11 09:26:21.882000,56707.4,62370,2043630,30,1320,600
2025-06-11 09:26:22.000000,56707.4,62400,2043630,30,1320,1530
2025-06-11 09:26:22.982000,56707.4,62400,2043630,30,1320,1530
2025-06-11 09:26:24.000000,56707.4,62400,2043630,30,1200,1050
2025-06-11 09:26:24.184000,56707.4,62400,2043630,30,1200,1050
2025-06-11 09:26:25.000000,56705.0,62400,2043630,30,1200,1050
2025-06-11 09:26:25.083000,56705.0,62400,2043630,30,1200,1050
2025-06-11 09:26:25.000000,56705.0,62460,2043630,30,1260,1350
2025-06-11 09:26:25.584000,56705.0,62460,2043630,30,1260,1350
2025-06-11 09:26:26.000000,56702.0,62460,2043630,30,1260,1350
2025-06-11 09:26:26.084000,56702.0,62460,2043630,30,1260,1350
2025-06-11 09:26:26.000000,56702.0,62550,2043630,30,1200,420
2025-06-11 09:26:26.787000,56702.0,62550,2043630,30,1200,420
2025-06-11 09:26:26.000000,56702.0,62550,2043630,30,1200,420
2025-06-11 09:26:26.885000,56702.0,62550,2043630,30,1200,420
2025-06-11 09:26:27.000000,56702.0,62580,2043630,30,1170,510
2025-06-11 09:26:27.990000,56702.0,62580,2043630,30,1170,510
2025-06-11 09:26:29.000000,56702.0,62610,2043630,30,1140,510
2025-06-11 09:26:29.192000,56702.0,62610,2043630,30,1140,510
2025-06-11 09:26:29.000000,56702.0,62610,2043630,30,1140,510
2025-06-11 09:26:29.286000,56702.0,62610,2043630,30,1140,510
2025-06-11 09:26:30.000000,56710.6,62610,2043630,30,1140,510
2025-06-11 09:26:30.286000,56710.6,62610,2043630,30,1140,510
2025-06-11 09:26:30.000000,56710.6,62610,2043630,30,1140,510
2025-06-11 09:26:30.000000,56702.0,62700,2043630,30,1080,420
2025-06-11 09:26:30.592000,56702.0,62700,2043630,30,1080,420
2025-06-11 09:26:31.000000,56702.0,62700,2043630,30,1080,420
2025-06-11 09:26:31.287000,56702.0,62700,2043630,30,1080,420
2025-06-11 09:26:31.000000,56702.0,62700,2043630,30,1080,240
2025-06-11 09:26:31.795000,56702.0,62700,2043630,30,1080,240
2025-06-11 09:26:32.000000,56702.0,62700,2043630,30,1080,360
2025-06-11 09:26:32.997000,56702.0,62700,2043630,30,1080,360
2025-06-11 09:26:33.000000,56700.0,62700,2043630,30,1080,360
2025-06-11 09:26:33.488000,56700.0,62700,2043630,30,1080,360
2025-06-11 09:26:34.000000,56702.0,62820,2043630,30,1170,390
2025-06-11 09:26:34.200000,56702.0,62820,2043630,30,1170,390
2025-06-11 09:26:34.000000,56702.0,62820,2043630,30,1170,390
2025-06-11 09:26:34.288000,56702.0,62820,2043630,30,1170,390
2025-06-11 09:26:35.000000,56706.0,62820,2043630,30,1170,390
2025-06-11 09:26:35.289000,56706.0,62820,2043630,30,1170,390
2025-06-11 09:26:35.000000,56706.0,63030,2043630,30,990,990
2025-06-11 09:26:35.600000,56706.0,63030,2043630,30,990,990
2025-06-11 09:26:36.000000,56703.0,63030,2043630,30,990,990
2025-06-11 09:26:36.289000,56703.0,63030,2043630,30,990,990
2025-06-11 09:26:36.000000,56703.0,63240,2043630,60,1140,720
2025-06-11 09:26:36.804000,56703.0,63240,2043630,60,1140,720
2025-06-11 09:26:37.000000,56703.0,63240,2043630,60,1140,720
2025-06-11 09:26:37.290000,56703.0,63240,2043630,60,1140,720
2025-06-11 09:26:38.000000,56700.0,63570,2043630,30,990,510
2025-06-11 09:26:38.006000,56700.0,63570,2043630,30,990,510
2025-06-11 09:26:38.000000,56700.0,63570,2043630,60,990,510
2025-06-11 09:26:38.290000,56700.0,63570,2043630,60,990,510
2025-06-11 09:26:39.000000,56702.8,63810,2043630,30,780,1200
2025-06-11 09:26:39.209000,56702.8,63810,2043630,30,780,1200
2025-06-11 09:26:39.000000,56702.8,63810,2043630,30,780,1200
2025-06-11 09:26:39.290000,56702.8,63810,2043630,30,780,1200
2025-06-11 09:26:40.000000,56700.0,63810,2043630,30,780,1200
2025-06-11 09:26:40.291000,56700.0,63810,2043630,30,780,1200
2025-06-11 09:26:40.000000,56700.0,63870,2043630,30,810,960
2025-06-11 09:26:40.608000,56700.0,63870,2043630,30,810,960
2025-06-11 09:26:41.000000,56700.0,63870,2043630,30,810,960
2025-06-11 09:26:41.292000,56700.0,63870,2043630,30,810,960
2025-06-11 09:26:41.000000,56703.0,63900,2043630,30,810,960
2025-06-11 09:26:41.811000,56703.0,63900,2043630,30,810,960
2025-06-11 09:26:42.000000,56700.0,63900,2043630,30,810,960
2025-06-11 09:26:42.293000,56700.0,63900,2043630,30,810,960
2025-06-11 09:26:43.000000,56700.0,63960,2043630,30,720,570
2025-06-11 09:26:43.014000,56700.0,63960,2043630,30,720,570
2025-06-11 09:26:43.000000,56703.0,63960,2043630,90,720,570
2025-06-11 09:26:43.293000,56703.0,63960,2043630,90,720,570
2025-06-11 09:26:44.000000,56700.0,64140,2043630,30,690,540
2025-06-11 09:26:44.217000,56700.0,64140,2043630,30,690,540
2025-06-11 09:26:44.000000,56700.0,64140,2043630,30,690,540
2025-06-11 09:26:44.294000,56700.0,64140,2043630,30,690,540
2025-06-11 09:26:45.000000,56702.6,64140,2043630,30,690,540
2025-06-11 09:26:45.294000,56702.6,64140,2043630,30,690,540
2025-06-11 09:26:45.000000,56702.6,64260,2043630,30,630,300
2025-06-11 09:26:45.616000,56702.6,64260,2043630,30,630,300
2025-06-11 09:26:46.000000,56700.0,64260,2043630,30,630,300
2025-06-11 09:26:46.496000,56700.0,64260,2043630,30,630,300
2025-06-11 09:26:46.000000,56700.0,64320,2043630,30,570,630
2025-06-11 09:26:46.820000,56700.0,64320,2043630,30,570,630
2025-06-11 09:26:47.000000,56700.0,64320,2043630,30,570,630
2025-06-11 09:26:47.296000,56700.0,64320,2043630,30,570,630
2025-06-11 09:26:48.000000,56702.4,64350,2043630,30,570,390
2025-06-11 09:26:48.023000,56702.4,64350,2043630,30,570,390
2025-06-11 09:26:48.000000,56702.4,64350,2043630,30,570,390
2025-06-11 09:26:48.296000,56702.4,64350,2043630,30,570,390
2025-06-11 09:26:49.000000,56702.2,64380,2043630,30,570,330
2025-06-11 09:26:49.225000,56702.2,64380,2043630,30,570,330
2025-06-11 09:26:49.000000,56702.2,64380,2043630,30,570,330
2025-06-11 09:26:49.297000,56702.2,64380,2043630,30,570,330
2025-06-11 09:26:50.000000,56700.0,64380,2043630,90,570,330
2025-06-11 09:26:50.298000,56700.0,64380,2043630,90,570,330
2025-06-11 09:26:50.000000,56700.0,64500,2043630,90,450,420
2025-06-11 09:26:50.625000,56700.0,64500,2043630,90,450,420
2025-06-11 09:26:51.000000,56700.0,64500,2043630,90,450,390
2025-06-11 09:26:51.828000,56700.0,64500,2043630,90,450,390
2025-06-11 09:26:52.000000,56702.0,64500,2043630,30,450,390
2025-06-11 09:26:52.699000,56702.0,64500,2043630,30,450,390
2025-06-11 09:26:53.000000,56702.0,64560,2043630,30,480,360
2025-06-11 09:26:53.031000,56702.0,64560,2043630,30,480,360
2025-06-11 09:26:53.000000,56702.0,64560,2043630,30,480,360
2025-06-11 09:26:53.300000,56702.0,64560,2043630,30,480,360
2025-06-11 09:26:54.000000,56701.8,64590,2043630,30,510,270
2025-06-11 09:26:54.234000,56701.8,64590,2043630,30,510,270
2025-06-11 09:26:54.000000,56701.8,64590,2043630,30,510,270
2025-06-11 09:26:54.300000,56701.8,64590,2043630,30,510,270
2025-06-11 09:26:55.000000,56701.0,64590,2043630,30,510,270
2025-06-11 09:26:55.300000,56701.0,64590,2043630,30,510,270
2025-06-11 09:26:55.000000,56700.0,64680,2043630,60,540,360
2025-06-11 09:26:55.639000,56700.0,64680,2043630,60,540,360
2025-06-11 09:26:56.000000,56700.0,64680,2043630,60,540,360
2025-06-11 09:26:56.301000,56700.0,64680,2043630,60,540,360
2025-06-11 09:26:56.000000,56700.0,64680,2043630,60,750,390
2025-06-11 09:26:56.837000,56700.0,64680,2043630,60,750,390
2025-06-11 09:26:57.000000,56703.0,64680,2043630,30,750,390
2025-06-11 09:26:57.302000,56703.0,64680,2043630,30,750,390
2025-06-11 09:26:58.000000,56715.0,65070,2043630,30,420,570
2025-06-11 09:26:58.040000,56715.0,65070,2043630,30,420,570
2025-06-11 09:26:58.000000,56715.0,65070,2043630,30,420,570
2025-06-11 09:26:58.302000,56715.0,65070,2043630,30,420,570
2025-06-11 09:26:59.000000,56705.0,65100,2043630,30,420,480
2025-06-11 09:26:59.243000,56705.0,65100,2043630,30,420,480
2025-06-11 09:26:59.000000,56704.8,65100,2043630,30,420,480
2025-06-11 09:26:59.302000,56704.8,65100,2043630,30,420,480
2025-06-11 09:27:00.000000,56704.8,65100,2043630,30,420,480
2025-06-11 09:27:00.000000,56714.8,65100,2043630,30,420,480
2025-06-11 09:27:00.302000,56714.8,65100,2043630,30,420,480
2025-06-11 09:27:00.000000,56714.8,65160,2043630,30,390,900
2025-06-11 09:27:00.642000,56714.8,65160,2043630,30,390,900
2025-06-11 09:27:01.000000,56714.8,65160,2043630,30,390,900
2025-06-11 09:27:01.303000,56714.8,65160,2043630,30,390,900
2025-06-11 09:27:01.000000,56714.8,65220,2043630,30,450,780
2025-06-11 09:27:01.845000,56714.8,65220,2043630,30,450,780
2025-06-11 09:27:03.000000,56714.8,65220,2043630,30,420,720
2025-06-11 09:27:03.047000,56714.8,65220,2043630,30,420,720
2025-06-11 09:27:03.000000,56714.6,65220,2043630,30,420,720
2025-06-11 09:27:03.503000,56714.6,65220,2043630,30,420,720
2025-06-11 09:27:04.000000,56710.0,65340,2043630,30,420,840
2025-06-11 09:27:04.249000,56710.0,65340,2043630,30,420,840
2025-06-11 09:27:04.000000,56710.0,65340,2043630,30,420,840
2025-06-11 09:27:04.304000,56710.0,65340,2043630,30,420,840
2025-06-11 09:27:05.000000,56710.0,65340,2043630,60,420,840
2025-06-11 09:27:05.304000,56710.0,65340,2043630,60,420,840
2025-06-11 09:27:05.000000,56710.0,65400,2043630,60,360,630
2025-06-11 09:27:05.452000,56710.0,65400,2043630,60,360,630
2025-06-11 09:27:06.000000,56715.0,65400,2043630,30,360,630
2025-06-11 09:27:06.306000,56715.0,65400,2043630,30,360,630
2025-06-11 09:27:06.000000,56715.0,65970,2043630,30,240,870
2025-06-11 09:27:06.656000,56715.0,65970,2043630,30,240,870
2025-06-11 09:27:07.000000,56715.0,65970,2043630,30,270,1380
2025-06-11 09:27:07.858000,56715.0,65970,2043630,30,270,1380
2025-06-11 09:27:08.000000,56718.8,65970,2043630,30,270,1380
2025-06-11 09:27:08.107000,56718.8,65970,2043630,30,270,1380
2025-06-11 09:27:09.000000,56718.8,66000,2043630,30,270,540
2025-06-11 09:27:09.257000,56718.8,66000,2043630,30,270,540
2025-06-11 09:27:10.000000,56718.8,66000,2043630,30,480,390
2025-06-11 09:27:10.459000,56718.8,66000,2043630,30,480,390
2025-06-11 09:27:11.000000,56708.6,66000,2043630,90,480,390
2025-06-11 09:27:11.109000,56708.6,66000,2043630,90,480,390
2025-06-11 09:27:11.000000,56708.6,66150,2043630,90,390,390
2025-06-11 09:27:11.662000,56708.6,66150,2043630,90,390,390
2025-06-11 09:27:12.000000,56708.6,66150,2043630,90,330,390
2025-06-11 09:27:12.865000,56708.6,66150,2043630,90,330,390
2025-06-11 09:27:13.000000,56718.4,66150,2043630,30,330,390
2025-06-11 09:27:13.911000,56718.4,66150,2043630,30,330,390
2025-06-11 09:27:14.000000,56718.4,66180,2043630,30,420,390
2025-06-11 09:27:14.066000,56718.4,66180,2043630,30,420,390
2025-06-11 09:27:15.000000,56718.4,66180,2043630,30,330,360
2025-06-11 09:27:15.267000,56718.4,66180,2043630,30,330,360
2025-06-11 09:27:16.000000,56718.4,66180,2043630,30,360,390
2025-06-11 09:27:16.471000,56718.4,66180,2043630,30,360,390
2025-06-11 09:27:16.000000,56708.4,66180,2043630,30,360,390
2025-06-11 09:27:16.913000,56708.4,66180,2043630,30,360,390
2025-06-11 09:27:17.000000,56708.4,66240,2043630,30,300,360
2025-06-11 09:27:17.674000,56708.4,66240,2043630,30,300,360
2025-06-11 09:27:19.000000,56708.4,66240,2043630,30,300,450
2025-06-11 09:27:19.073000,56708.4,66240,2043630,30,300,450
2025-06-11 09:27:20.000000,56707.0,66240,2043630,30,300,450
2025-06-11 09:27:20.115000,56707.0,66240,2043630,30,300,450
2025-06-11 09:27:20.000000,56707.0,66270,2043630,30,300,600
2025-06-11 09:27:20.274000,56707.0,66270,2043630,30,300,600
2025-06-11 09:27:20.000000,56718.2,66270,2043630,30,300,600
2025-06-11 09:27:20.715000,56718.2,66270,2043630,30,300,600
2025-06-11 09:27:21.000000,56718.2,66360,2043630,30,480,690
2025-06-11 09:27:21.476000,56718.2,66360,2043630,30,480,690
2025-06-11 09:27:22.000000,56718.2,66360,2043630,30,360,1350
2025-06-11 09:27:22.678000,56718.2,66360,2043630,30,360,1350
2025-06-11 09:27:23.000000,56718.2,66360,2043630,30,390,570
2025-06-11 09:27:23.881000,56718.2,66360,2043630,30,390,570
2025-06-11 09:27:25.000000,56718.2,66360,2043630,30,360,450
2025-06-11 09:27:25.084000,56718.2,66360,2043630,30,360,450
2025-06-11 09:27:25.000000,56718.0,66360,2043630,30,360,450
2025-06-11 09:27:25.718000,56718.0,66360,2043630,30,360,450
2025-06-11 09:27:26.000000,56718.0,66390,2043630,30,360,660
2025-06-11 09:27:26.285000,56718.0,66390,2043630,30,360,660
2025-06-11 09:27:26.000000,56707.0,66390,2043630,30,360,660
2025-06-11 09:27:26.918000,56707.0,66390,2043630,30,360,660
2025-06-11 09:27:27.000000,56707.0,66420,2043630,30,570,1890
2025-06-11 09:27:27.684000,56707.0,66420,2043630,30,570,1890
2025-06-11 09:27:28.000000,56707.0,66420,2043630,30,600,1560
2025-06-11 09:27:28.887000,56707.0,66420,2043630,30,600,1560
2025-06-11 09:27:30.000000,56707.0,66420,2043630,30,600,1500
2025-06-11 09:27:30.089000,56707.0,66420,2043630,30,600,1500
2025-06-11 09:27:30.000000,56707.0,66420,2043630,30,600,1500
2025-06-11 09:27:31.000000,56707.0,66420,2043630,30,660,510
2025-06-11 09:27:31.292000,56707.0,66420,2043630,30,660,510
2025-06-11 09:27:32.000000,56705.0,66420,2044590,30,660,510
2025-06-11 09:27:32.321000,56705.0,66420,2044590,30,660,510
2025-06-11 09:27:32.000000,56705.0,66450,2044590,30,780,540
2025-06-11 09:27:32.493000,56705.0,66450,2044590,30,780,540
2025-06-11 09:27:33.000000,56705.0,66450,2044590,30,870,390
2025-06-11 09:27:33.695000,56705.0,66450,2044590,30,870,390
2025-06-11 09:27:35.000000,56705.0,66450,2044590,30,510,360
2025-06-11 09:27:35.094000,56705.0,66450,2044590,30,510,360
2025-06-11 09:27:36.000000,56705.0,66450,2044590,30,720,390
2025-06-11 09:27:36.297000,56705.0,66450,2044590,30,720,390
2025-06-11 09:27:37.000000,56712.6,66480,2044590,30,270,480
2025-06-11 09:27:37.499000,56712.6,66480,2044590,30,270,480
2025-06-11 09:27:37.000000,56712.6,66480,2044590,30,270,480
2025-06-11 09:27:37.523000,56712.6,66480,2044590,30,270,480
2025-06-11 09:27:38.000000,56712.6,66480,2044590,30,330,510
2025-06-11 09:27:38.702000,56712.6,66480,2044590,30,330,510
2025-06-11 09:27:40.000000,56712.6,66480,2044590,30,330,270
2025-06-11 09:27:40.101000,56712.6,66480,2044590,30,330,270
2025-06-11 09:27:40.000000,56712.2,66480,2044590,30,330,270
2025-06-11 09:27:40.525000,56712.2,66480,2044590,30,330,270
2025-06-11 09:27:41.000000,56712.2,66510,2044590,30,240,270
2025-06-11 09:27:41.303000,56712.2,66510,2044590,30,240,270
2025-06-11 09:27:42.000000,56712.2,66510,2044590,30,240,270
2025-06-11 09:27:42.505000,56712.2,66510,2044590,30,240,270
2025-06-11 09:27:42.000000,56710.0,66510,2044590,30,240,270
2025-06-11 09:27:42.926000,56710.0,66510,2044590,30,240,270
2025-06-11 09:27:43.000000,56710.0,66570,2044590,30,180,1260
2025-06-11 09:27:43.708000,56710.0,66570,2044590,30,180,1260
2025-06-11 09:27:44.000000,56710.0,66570,2044590,30,570,1050
2025-06-11 09:27:44.911000,56710.0,66570,2044590,30,570,1050
2025-06-11 09:27:46.000000,56710.0,66570,2044590,30,600,330
2025-06-11 09:27:46.309000,56710.0,66570,2044590,30,600,330
2025-06-11 09:27:47.000000,56709.4,66600,2044590,30,570,1200
2025-06-11 09:27:47.512000,56709.4,66600,2044590,30,570,1200
2025-06-11 09:27:47.000000,56709.4,66600,2044590,30,570,1200
2025-06-11 09:27:47.529000,56709.4,66600,2044590,30,570,1200
2025-06-11 09:27:48.000000,56709.4,66600,2044590,30,570,1350
2025-06-11 09:27:48.715000,56709.4,66600,2044590,30,570,1350
2025-06-11 09:27:49.000000,56709.4,66600,2044590,30,570,1260
2025-06-11 09:27:49.917000,56709.4,66600,2044590,30,570,1260
2025-06-11 09:27:50.000000,56705.0,66600,2044590,30,570,1260
2025-06-11 09:27:50.131000,56705.0,66600,2044590,30,570,1260
2025-06-11 09:27:50.000000,56708.4,66600,2044590,30,570,1260
2025-06-11 09:27:50.331000,56708.4,66600,2044590,30,570,1260
2025-06-11 09:27:51.000000,56709.0,66750,2044590,30,630,360
2025-06-11 09:27:51.120000,56709.0,66750,2044590,30,630,360
2025-06-11 09:27:51.000000,56709.0,66750,2044590,30,630,360
2025-06-11 09:27:51.331000,56709.0,66750,2044590,30,630,360
2025-06-11 09:27:52.000000,56709.4,66750,2044590,30,630,360
2025-06-11 09:27:52.332000,56709.4,66750,2044590,30,630,360
2025-06-11 09:27:52.000000,56709.4,66780,2044590,30,690,420
2025-06-11 09:27:52.518000,56709.4,66780,2044590,30,690,420
2025-06-11 09:27:53.000000,56709.4,66780,2044590,30,660,1560
2025-06-11 09:27:53.721000,56709.4,66780,2044590,30,660,1560
2025-06-11 09:27:54.000000,56709.4,66780,2044590,30,720,390
2025-06-11 09:27:54.924000,56709.4,66780,2044590,30,720,390
2025-06-11 09:27:56.000000,56709.4,66780,2044590,30,750,450
2025-06-11 09:27:56.132000,56709.4,66780,2044590,30,750,450
2025-06-11 09:27:57.000000,56709.4,66780,2044590,30,720,360
2025-06-11 09:27:57.328000,56709.4,66780,2044590,30,720,360
2025-06-11 09:27:57.000000,56709.0,66780,2044590,30,720,360
2025-06-11 09:27:57.539000,56709.0,66780,2044590,30,720,360
2025-06-11 09:27:58.000000,56708.8,66780,2044590,30,720,360
2025-06-11 09:27:58.535000,56708.8,66780,2044590,30,720,360
2025-06-11 09:27:58.000000,56705.0,66870,2044590,30,720,1170
2025-06-11 09:27:58.727000,56705.0,66870,2044590,30,720,1170
2025-06-11 09:27:59.000000,56705.0,66870,2044590,30,720,1170
2025-06-11 09:27:59.335000,56705.0,66870,2044590,30,720,1170
2025-06-11 09:27:59.000000,56705.0,66870,2044590,30,720,1020
2025-06-11 09:27:59.930000,56705.0,66870,2044590,30,720,1020
2025-06-11 09:28:00.000000,56705.0,66870,2044590,30,720,1020
2025-06-11 09:28:01.000000,56705.0,66870,2044590,30,780,390
2025-06-11 09:28:01.133000,56705.0,66870,2044590,30,780,390
2025-06-11 09:28:02.000000,56705.8,66870,2044590,30,780,390
2025-06-11 09:28:02.136000,56705.8,66870,2044590,30,780,390
2025-06-11 09:28:02.000000,56705.8,66900,2044590,30,810,930
2025-06-11 09:28:02.336000,56705.8,66900,2044590,30,810,930
2025-06-11 09:28:03.000000,56705.8,66900,2044590,30,810,510
2025-06-11 09:28:03.537000,56705.8,66900,2044590,30,810,510
2025-06-11 09:28:04.000000,56705.8,66900,2044590,30,690,630
2025-06-11 09:28:04.936000,56705.8,66900,2044590,30,690,630
2025-06-11 09:28:05.000000,56705.6,66900,2044590,30,690,630
2025-06-11 09:28:05.338000,56705.6,66900,2044590,30,690,630
2025-06-11 09:28:06.000000,56705.6,66930,2044590,30,690,720
2025-06-11 09:28:06.139000,56705.6,66930,2044590,30,690,720
2025-06-11 09:28:06.000000,56701.0,66930,2044590,30,690,720
2025-06-11 09:28:06.339000,56701.0,66930,2044590,30,690,720
2025-06-11 09:28:07.000000,56705.0,66930,2044590,30,690,720
2025-06-11 09:28:07.340000,56705.0,66930,2044590,30,690,720
2025-06-11 09:28:07.000000,56705.0,66990,2044590,30,660,540
2025-06-11 09:28:07.342000,56705.0,66990,2044590,30,660,540
2025-06-11 09:28:08.000000,56701.0,66990,2044590,30,660,540
2025-06-11 09:28:08.341000,56701.0,66990,2044590,30,660,540
2025-06-11 09:28:08.000000,56701.0,67020,2044590,30,660,1590
2025-06-11 09:28:08.544000,56701.0,67020,2044590,30,660,1590
2025-06-11 09:28:09.000000,56702.0,67020,2044590,30,660,1590
2025-06-11 09:28:09.941000,56702.0,67020,2044590,30,660,1590
2025-06-11 09:28:09.000000,56702.0,67050,2044590,30,540,870
2025-06-11 09:28:09.943000,56702.0,67050,2044590,30,540,870
2025-06-11 09:28:11.000000,56702.0,67050,2044590,30,540,540
2025-06-11 09:28:11.146000,56702.0,67050,2044590,30,540,540
2025-06-11 09:28:12.000000,56702.0,67050,2044590,30,660,1170
2025-06-11 09:28:12.349000,56702.0,67050,2044590,30,660,1170
2025-06-11 09:28:12.000000,56701.0,67050,2044590,30,660,1170
2025-06-11 09:28:12.743000,56701.0,67050,2044590,30,660,1170
2025-06-11 09:28:13.000000,56701.0,67080,2044590,30,600,300
2025-06-11 09:28:13.552000,56701.0,67080,2044590,30,600,300
2025-06-11 09:28:13.000000,56702.0,67080,2044590,30,600,300
2025-06-11 09:28:13.944000,56702.0,67080,2044590,30,600,300
2025-06-11 09:28:14.000000,56701.8,67080,2044590,30,600,300
2025-06-11 09:28:14.345000,56701.8,67080,2044590,30,600,300
2025-06-11 09:28:14.000000,56702.0,67200,2044590,60,600,510
2025-06-11 09:28:14.753000,56702.0,67200,2044590,60,600,510
2025-06-11 09:28:15.000000,56702.0,67200,2044590,60,600,510
2025-06-11 09:28:15.345000,56702.0,67200,2044590,60,600,510
2025-06-11 09:28:16.000000,56702.0,67200,2044590,60,510,840
2025-06-11 09:28:16.152000,56702.0,67200,2044590,60,510,840
2025-06-11 09:28:16.000000,56711.2,67200,2044590,150,510,840
2025-06-11 09:28:16.945000,56711.2,67200,2044590,150,510,840
2025-06-11 09:28:17.000000,56711.2,67590,2044590,150,600,300
2025-06-11 09:28:17.355000,56711.2,67590,2044590,150,600,300
2025-06-11 09:28:18.000000,56711.2,67590,2044590,150,690,150
2025-06-11 09:28:18.557000,56711.2,67590,2044590,150,690,150
2025-06-11 09:28:19.000000,56702.0,67590,2044590,30,690,150
2025-06-11 09:28:19.146000,56702.0,67590,2044590,30,690,150
2025-06-11 09:28:19.000000,56701.0,67590,2044590,150,690,150
2025-06-11 09:28:19.547000,56701.0,67590,2044590,150,690,150
2025-06-11 09:28:19.000000,56701.0,68130,2044590,150,570,540
2025-06-11 09:28:19.760000,56701.0,68130,2044590,150,570,540
2025-06-11 09:28:21.000000,56701.0,68130,2044590,150,600,180
2025-06-11 09:28:21.159000,56701.0,68130,2044590,150,600,180
2025-06-11 09:28:22.000000,56701.8,68160,2044590,30,570,180
2025-06-11 09:28:22.362000,56701.8,68160,2044590,30,570,180
2025-06-11 09:28:22.000000,56701.8,68160,2044590,30,570,180
2025-06-11 09:28:22.549000,56701.8,68160,2044590,30,570,180
2025-06-11 09:28:23.000000,56702.0,68160,2044590,30,570,180
2025-06-11 09:28:23.549000,56702.0,68160,2044590,30,570,180
2025-06-11 09:28:23.000000,56702.0,68190,2044590,30,600,1530
2025-06-11 09:28:23.565000,56702.0,68190,2044590,30,600,1530
2025-06-11 09:28:24.000000,56702.0,68190,2044590,30,600,1560
2025-06-11 09:28:24.768000,56702.0,68190,2044590,30,600,1560
2025-06-11 09:28:26.000000,56702.0,68190,2044590,30,630,1020
2025-06-11 09:28:26.167000,56702.0,68190,2044590,30,630,1020
2025-06-11 09:28:27.000000,56708.0,68190,2044590,30,630,1020
2025-06-11 09:28:27.150000,56708.0,68190,2044590,30,630,1020
2025-06-11 09:28:27.000000,56708.0,68220,2044590,30,630,630
2025-06-11 09:28:27.369000,56708.0,68220,2044590,30,630,630
2025-06-11 09:28:28.000000,56708.0,68220,2044590,30,600,1080
2025-06-11 09:28:28.572000,56708.0,68220,2044590,30,600,1080
2025-06-11 09:28:29.000000,56708.0,68220,2044590,30,600,360
2025-06-11 09:28:29.774000,56708.0,68220,2044590,30,600,360
2025-06-11 09:28:30.000000,56710.0,68220,2044590,30,600,360
2025-06-11 09:28:30.152000,56710.0,68220,2044590,30,600,360
2025-06-11 09:28:30.000000,56710.0,68220,2044590,30,600,360
2025-06-11 09:28:31.000000,56710.0,68250,2044590,30,600,450
2025-06-11 09:28:31.173000,56710.0,68250,2044590,30,600,450
2025-06-11 09:28:32.000000,56701.0,68250,2044590,30,600,450
2025-06-11 09:28:32.153000,56701.0,68250,2044590,30,600,450
2025-06-11 09:28:32.000000,56701.0,68310,2044590,30,570,330
2025-06-11 09:28:32.376000,56701.0,68310,2044590,30,570,330
2025-06-11 09:28:33.000000,56701.0,68310,2044590,30,570,270
2025-06-11 09:28:33.579000,56701.0,68310,2044590,30,570,270
2025-06-11 09:28:34.000000,56701.0,68310,2044590,30,570,360
2025-06-11 09:28:34.782000,56701.0,68310,2044590,30,570,360
2025-06-11 09:28:36.000000,56701.0,68310,2044590,30,600,600
2025-06-11 09:28:36.181000,56701.0,68310,2044590,30,600,600
2025-06-11 09:28:36.000000,56702.0,68310,2044590,30,600,600
2025-06-11 09:28:36.356000,56702.0,68310,2044590,30,600,600
2025-06-11 09:28:37.000000,56702.0,68340,2044590,30,570,1050
2025-06-11 09:28:37.383000,56702.0,68340,2044590,30,570,1050
2025-06-11 09:28:38.000000,56702.0,68340,2044590,30,570,1140
2025-06-11 09:28:38.586000,56702.0,68340,2044590,30,570,1140
2025-06-11 09:28:39.000000,56702.0,68340,2044590,30,570,870
2025-06-11 09:28:39.789000,56702.0,68340,2044590,30,570,870
2025-06-11 09:28:41.000000,56702.0,68340,2044590,30,600,660
2025-06-11 09:28:41.188000,56702.0,68340,2044590,30,600,660
2025-06-11 09:28:42.000000,56702.0,68340,2044590,30,600,660
2025-06-11 09:28:42.360000,56702.0,68340,2044590,30,600,660
2025-06-11 09:28:42.000000,56702.0,68370,2044590,30,570,960
2025-06-11 09:28:42.390000,56702.0,68370,2044590,30,570,960
2025-06-11 09:28:43.000000,56702.0,68370,2044590,30,570,810
2025-06-11 09:28:43.594000,56702.0,68370,2044590,30,570,810
2025-06-11 09:28:44.000000,56705.0,68370,2044590,30,570,810
2025-06-11 09:28:44.362000,56705.0,68370,2044590,30,570,810
2025-06-11 09:28:44.000000,56705.0,68490,2044590,30,540,1320
2025-06-11 09:28:44.796000,56705.0,68490,2044590,30,540,1320
2025-06-11 09:28:45.000000,56702.0,68490,2044590,30,540,1320
2025-06-11 09:28:45.363000,56702.0,68490,2044590,30,540,1320
2025-06-11 09:28:46.000000,56701.0,68580,2044590,30,540,1050
2025-06-11 09:28:46.195000,56701.0,68580,2044590,30,540,1050
2025-06-11 09:28:46.000000,56701.0,68580,2044590,30,540,1050
2025-06-11 09:28:46.363000,56701.0,68580,2044590,30,540,1050
2025-06-11 09:28:47.000000,56702.0,68580,2044590,30,540,1050
2025-06-11 09:28:47.364000,56702.0,68580,2044590,30,540,1050
2025-06-11 09:28:47.000000,56702.0,68760,2044590,30,420,900
2025-06-11 09:28:47.398000,56702.0,68760,2044590,30,420,900
2025-06-11 09:28:48.000000,56700.0,68760,2044590,60,420,900
2025-06-11 09:28:48.364000,56700.0,68760,2044590,60,420,900
2025-06-11 09:28:48.000000,56700.0,68850,2044590,60,330,1200
2025-06-11 09:28:48.601000,56700.0,68850,2044590,60,330,1200
2025-06-11 09:28:49.000000,56700.0,68850,2044590,30,330,1200
2025-06-11 09:28:49.364000,56700.0,68850,2044590,30,330,1200
2025-06-11 09:28:49.000000,56700.0,68940,2044590,30,450,330
2025-06-11 09:28:49.803000,56700.0,68940,2044590,30,450,330
2025-06-11 09:28:50.000000,56700.0,68940,2044590,60,450,330
2025-06-11 09:28:50.565000,56700.0,68940,2044590,60,450,330
2025-06-11 09:28:51.000000,56700.0,69000,2044590,60,450,360
2025-06-11 09:28:51.202000,56700.0,69000,2044590,60,450,360
2025-06-11 09:28:51.000000,56700.0,69000,2044590,30,450,360
2025-06-11 09:28:51.965000,56700.0,69000,2044590,30,450,360
2025-06-11 09:28:52.000000,56698.6,69000,2044590,30,450,360
2025-06-11 09:28:52.365000,56698.6,69000,2044590,30,450,360
2025-06-11 09:28:52.000000,56698.6,69060,2044590,30,330,450
2025-06-11 09:28:52.405000,56698.6,69060,2044590,30,330,450
2025-06-11 09:28:53.000000,56700.0,69060,2044590,30,330,450
2025-06-11 09:28:53.366000,56700.0,69060,2044590,30,330,450
2025-06-11 09:28:53.000000,56700.0,69090,2044590,30,330,180
2025-06-11 09:28:53.607000,56700.0,69090,2044590,30,330,180
2025-06-11 09:28:54.000000,56695.4,69090,2044590,30,330,180
2025-06-11 09:28:54.367000,56695.4,69090,2044590,30,330,180
2025-06-11 09:28:54.000000,56700.0,69150,2044590,30,360,150
2025-06-11 09:28:54.811000,56700.0,69150,2044590,30,360,150
2025-06-11 09:28:55.000000,56700.0,69150,2044590,30,360,150
2025-06-11 09:28:55.367000,56700.0,69150,2044590,30,360,150
2025-06-11 09:28:56.000000,56700.0,69210,2044590,30,360,450
2025-06-11 09:28:56.210000,56700.0,69210,2044590,30,360,450
2025-06-11 09:28:56.000000,56700.0,69210,2044590,30,360,450
2025-06-11 09:28:56.367000,56700.0,69210,2044590,30,360,450
2025-06-11 09:28:57.000000,56700.0,69210,2044590,30,450,600
2025-06-11 09:28:57.412000,56700.0,69210,2044590,30,450,600
2025-06-11 09:28:58.000000,56700.0,69210,2044590,30,450,600
2025-06-11 09:28:58.369000,56700.0,69210,2044590,30,450,600
2025-06-11 09:28:58.000000,56701.4,69270,2044590,30,420,390
2025-06-11 09:28:58.615000,56701.4,69270,2044590,30,420,390
2025-06-11 09:28:59.000000,56700.0,69270,2044590,30,420,390
2025-06-11 09:28:59.369000,56700.0,69270,2044590,30,420,390
2025-06-11 09:28:59.000000,56700.0,69300,2044590,30,390,240
2025-06-11 09:28:59.818000,56700.0,69300,2044590,30,390,240
2025-06-11 09:29:00.000000,56700.0,69300,2044590,30,390,240
2025-06-11 09:29:00.000000,56700.0,69300,2044590,30,390,240
2025-06-11 09:29:00.371000,56700.0,69300,2044590,30,390,240
2025-06-11 09:29:01.000000,56691.0,69480,2044590,30,360,360
2025-06-11 09:29:01.217000,56691.0,69480,2044590,30,360,360
2025-06-11 09:29:01.000000,56691.0,69480,2044590,30,360,360
2025-06-11 09:29:01.372000,56691.0,69480,2044590,30,360,360
2025-06-11 09:29:02.000000,56695.8,69480,2044590,60,360,360
2025-06-11 09:29:02.372000,56695.8,69480,2044590,60,360,360
2025-06-11 09:29:02.000000,56695.8,69720,2044590,60,330,780
2025-06-11 09:29:02.419000,56695.8,69720,2044590,60,330,780
2025-06-11 09:29:03.000000,56690.0,69720,2044590,30,330,780
2025-06-11 09:29:03.573000,56690.0,69720,2044590,30,330,780
2025-06-11 09:29:03.000000,56690.0,69780,2044590,30,300,1050
2025-06-11 09:29:03.622000,56690.0,69780,2044590,30,300,1050
2025-06-11 09:29:04.000000,56685.0,69780,2044590,30,300,1050
2025-06-11 09:29:04.373000,56685.0,69780,2044590,30,300,1050
2025-06-11 09:29:04.000000,56692.2,70140,2044590,30,540,1050
2025-06-11 09:29:04.825000,56692.2,70140,2044590,30,540,1050
2025-06-11 09:29:05.000000,56692.2,70140,2044590,30,540,1050
2025-06-11 09:29:05.374000,56692.2,70140,2044590,30,540,1050
2025-06-11 09:29:06.000000,56690.8,70230,2044590,30,1230,900
2025-06-11 09:29:06.027000,56690.8,70230,2044590,30,1230,900
2025-06-11 09:29:06.000000,56690.8,70230,2044590,30,1230,900
2025-06-11 09:29:06.374000,56690.8,70230,2044590,30,1230,900
2025-06-11 09:29:07.000000,56690.8,70230,2044590,30,1230,930
2025-06-11 09:29:07.426000,56690.8,70230,2044590,30,1230,930
2025-06-11 09:29:07.000000,56690.8,70230,2044590,30,1230,930
2025-06-11 09:29:07.775000,56690.8,70230,2044590,30,1230,930
2025-06-11 09:29:08.000000,56690.8,70290,2044590,30,1230,1170
2025-06-11 09:29:08.629000,56690.8,70290,2044590,30,1230,1170
2025-06-11 09:29:08.000000,56689.6,70290,2044590,30,1230,1170
2025-06-11 09:29:08.776000,56689.6,70290,2044590,30,1230,1170
2025-06-11 09:29:09.000000,56689.6,70320,2044590,30,570,300
2025-06-11 09:29:09.833000,56689.6,70320,2044590,30,570,300
2025-06-11 09:29:10.000000,56689.4,70320,2044590,30,570,300
2025-06-11 09:29:10.377000,56689.4,70320,2044590,30,570,300
2025-06-11 09:29:11.000000,56691.0,70380,2044590,30,600,270
2025-06-11 09:29:11.035000,56691.0,70380,2044590,30,600,270
2025-06-11 09:29:11.000000,56691.0,70380,2044590,30,600,270
2025-06-11 09:29:11.378000,56691.0,70380,2044590,30,600,270
2025-06-11 09:29:12.000000,56683.6,70380,2044590,30,600,270
2025-06-11 09:29:12.378000,56683.6,70380,2044590,30,600,270
2025-06-11 09:29:12.000000,56683.6,70440,2044590,30,210,390
2025-06-11 09:29:12.434000,56683.6,70440,2044590,30,210,390
2025-06-11 09:29:13.000000,56683.6,70440,2044590,30,570,930
2025-06-11 09:29:13.637000,56683.6,70440,2044590,30,570,930
2025-06-11 09:29:14.000000,56691.0,70440,2044590,30,570,930
2025-06-11 09:29:14.379000,56691.0,70440,2044590,30,570,930
2025-06-11 09:29:14.000000,56696.4,70500,2044590,30,150,1200
2025-06-11 09:29:14.839000,56696.4,70500,2044590,30,150,1200
2025-06-11 09:29:15.000000,56696.4,70500,2044590,30,150,1200
2025-06-11 09:29:15.380000,56696.4,70500,2044590,30,150,1200
2025-06-11 09:29:16.000000,56696.4,70500,2044590,30,150,510
2025-06-11 09:29:16.043000,56696.4,70500,2044590,30,150,510
2025-06-11 09:29:16.000000,56696.2,70500,2044590,30,150,510
2025-06-11 09:29:16.380000,56696.2,70500,2044590,30,150,510
2025-06-11 09:29:17.000000,56696.2,70560,2044590,30,510,150
2025-06-11 09:29:17.245000,56696.2,70560,2044590,30,510,150
2025-06-11 09:29:18.000000,56690.0,70560,2044590,30,510,150
2025-06-11 09:29:18.181000,56690.0,70560,2044590,30,510,150
2025-06-11 09:29:18.000000,56690.0,70590,2044590,30,540,720
2025-06-11 09:29:18.643000,56690.0,70590,2044590,30,540,720
2025-06-11 09:29:19.000000,56690.0,70590,2044590,30,540,330
2025-06-11 09:29:19.846000,56690.0,70590,2044590,30,540,330
2025-06-11 09:29:19.000000,56691.0,70590,2044590,30,540,330
2025-06-11 09:29:19.981000,56691.0,70590,2044590,30,540,330
2025-06-11 09:29:20.000000,56685.0,70590,2044590,30,540,330
2025-06-11 09:29:20.382000,56685.0,70590,2044590,30,540,330
2025-06-11 09:29:21.000000,56685.0,70650,2044590,30,600,180
2025-06-11 09:29:21.049000,56685.0,70650,2044590,30,600,180
2025-06-11 09:29:21.000000,56691.0,70650,2044590,30,600,180
2025-06-11 09:29:21.382000,56691.0,70650,2044590,30,600,180
2025-06-11 09:29:22.000000,56691.0,70710,2044590,30,600,240
2025-06-11 09:29:22.251000,56691.0,70710,2044590,30,600,240
2025-06-11 09:29:22.000000,56691.0,70710,2044590,30,600,240
2025-06-11 09:29:22.382000,56691.0,70710,2044590,30,600,240
2025-06-11 09:29:23.000000,56683.6,70710,2044590,30,600,240
2025-06-11 09:29:23.383000,56683.6,70710,2044590,30,600,240
2025-06-11 09:29:23.000000,56683.6,70740,2044590,30,600,360
2025-06-11 09:29:23.454000,56683.6,70740,2044590,30,600,360
2025-06-11 09:29:24.000000,56690.6,70740,2044590,30,600,360
2025-06-11 09:29:24.384000,56690.6,70740,2044590,30,600,360
2025-06-11 09:29:24.000000,56690.6,70770,2044590,30,660,210
2025-06-11 09:29:24.656000,56690.6,70770,2044590,30,660,210
2025-06-11 09:29:25.000000,56681.0,70770,2044590,30,660,210
2025-06-11 09:29:25.384000,56681.0,70770,2044590,30,660,210
