Timestamp,LTP,Volume,OI,LastQty,BidQty,AskQty
2025-06-11 09:19:39.000000,657.35,112080,322950,30,510,240
2025-06-11 09:19:40.000000,657.35,112080,322950,30,240,210
2025-06-11 09:19:41.000000,657.35,112080,322950,30,330,330
2025-06-11 09:19:42.000000,659.25,112080,322950,30,330,330
2025-06-11 09:19:42.000000,659.25,112110,322950,30,300,300
2025-06-11 09:19:43.000000,660.45,112110,322950,30,300,300
2025-06-11 09:19:44.000000,660.45,112140,322950,30,330,420
2025-06-11 09:19:44.000000,658.55,112140,322950,30,330,420
2025-06-11 09:19:45.000000,658.55,112170,322950,30,510,270
2025-06-11 09:19:45.000000,658.8,112170,322950,30,510,270
2025-06-11 09:19:46.000000,658.0,112530,322950,120,300,2520
2025-06-11 09:19:46.000000,658.0,112530,322950,120,300,2520
2025-06-11 09:19:47.000000,657.9,112530,322950,30,300,2520
2025-06-11 09:19:47.000000,657.9,112710,322950,30,420,2490
2025-06-11 09:19:48.000000,658.75,112710,322950,30,420,2490
2025-06-11 09:19:49.000000,658.75,112770,322950,30,540,390
2025-06-11 09:19:49.000000,657.1,112770,322950,30,540,390
2025-06-11 09:19:50.000000,657.4,113070,322950,30,510,2670
2025-06-11 09:19:50.000000,658.45,113070,322950,30,510,2670
2025-06-11 09:19:51.000000,656.5,113310,322950,30,480,570
2025-06-11 09:19:51.000000,656.5,113310,322950,30,480,570
2025-06-11 09:19:52.000000,656.5,113310,322950,30,420,2850
2025-06-11 09:19:55.000000,653.85,114570,322950,30,510,1830
2025-06-11 09:19:56.000000,653.85,114600,322950,30,210,330
2025-06-11 09:19:56.000000,655.75,114600,322950,30,210,330
2025-06-11 09:19:57.000000,655.75,114630,322950,30,300,2040
2025-06-11 09:19:58.000000,655.7,114630,322950,30,300,2040
2025-06-11 09:19:58.000000,655.05,114630,322950,30,300,2040
2025-06-11 09:19:59.000000,652.8,114870,322950,30,150,480
2025-06-11 09:19:59.000000,652.8,114870,322950,30,150,480
2025-06-11 09:20:00.000000,652.8,114870,322950,30,510,240
2025-06-11 09:20:00.000000,652.8,114870,322950,30,510,240
2025-06-11 09:20:00.000000,649.9,114870,322950,30,510,240
2025-06-11 09:20:01.000000,648.2,115590,322950,30,420,270
2025-06-11 09:20:01.000000,646.65,115590,322950,30,420,270
2025-06-11 09:20:02.000000,646.7,115590,322950,30,420,270
2025-06-11 09:20:02.000000,645.95,118380,322950,30,420,300
2025-06-11 09:20:03.000000,645.2,118380,322950,30,420,300
2025-06-11 09:20:04.000000,645.0,123270,322950,60,360,330
2025-06-11 09:20:04.000000,644.6,123270,322950,30,360,330
2025-06-11 09:20:05.000000,644.05,123750,322950,30,270,360
2025-06-11 09:20:05.000000,644.05,123750,322950,30,270,360
2025-06-11 09:20:06.000000,647.4,124140,322950,30,390,300
2025-06-11 09:20:06.000000,648.35,124140,322950,30,390,300
2025-06-11 09:20:07.000000,645.0,125310,322950,150,360,270
2025-06-11 09:20:07.000000,644.9,125310,322950,30,360,270
2025-06-11 09:20:08.000000,646.2,125310,322950,30,360,270
2025-06-11 09:20:09.000000,646.1,126000,322950,30,480,150
2025-06-11 09:20:09.000000,646.15,126000,322950,30,480,150
2025-06-11 09:20:10.000000,646.15,126120,322950,30,510,210
2025-06-11 09:20:10.000000,645.25,126120,322950,60,510,210
2025-06-11 09:20:11.000000,648.35,127380,322950,30,450,180
2025-06-11 09:20:11.000000,648.35,127380,322950,30,450,180
2025-06-11 09:20:12.000000,648.35,127380,322950,30,330,300
2025-06-11 09:20:13.000000,651.55,127380,322950,30,330,300
2025-06-11 09:20:14.000000,651.55,127410,322950,30,600,390
2025-06-11 09:20:14.000000,651.6,127410,322950,30,600,390
2025-06-11 09:20:15.000000,651.6,127440,322950,30,660,240
2025-06-11 09:20:15.000000,652.1,127440,322950,60,660,240
2025-06-11 09:20:16.000000,653.65,127530,322950,30,390,240
2025-06-11 09:20:16.000000,652.95,127530,322950,30,390,240
2025-06-11 09:20:17.000000,654.0,128730,322950,30,660,180
2025-06-11 09:20:17.000000,654.0,128730,322950,30,660,180
2025-06-11 09:20:18.000000,658.55,128730,322950,60,660,180
2025-06-11 09:20:18.000000,658.55,129510,322950,60,510,240
2025-06-11 09:20:19.000000,658.3,129510,322950,30,510,240
2025-06-11 09:20:20.000000,661.35,129840,322950,30,270,240
2025-06-11 09:20:20.000000,659.65,129840,322950,30,270,240
2025-06-11 09:20:21.000000,662.25,130530,322950,30,450,240
2025-06-11 09:20:21.000000,662.25,130530,322950,30,450,240
2025-06-11 09:20:22.000000,659.3,130590,322950,60,660,480
2025-06-11 09:20:22.000000,659.3,130590,322950,60,660,480
2025-06-11 09:20:23.000000,656.5,130590,322950,30,660,480
2025-06-11 09:20:23.000000,656.5,130680,322950,30,480,390
2025-06-11 09:20:24.000000,656.8,130680,322950,30,480,390
2025-06-11 09:20:24.000000,654.85,130950,322950,30,360,360
2025-06-11 09:20:25.000000,653.3,130950,322950,30,360,360
2025-06-11 09:20:26.000000,653.3,131070,322950,30,450,360
2025-06-11 09:20:26.000000,653.3,131070,322950,30,450,360
2025-06-11 09:20:27.000000,651.85,131130,322950,30,450,480
2025-06-11 09:20:27.000000,651.85,131130,322950,30,450,480
2025-06-11 09:20:28.000000,654.25,131130,322950,30,450,480
2025-06-11 09:20:28.000000,654.6,132030,322950,30,240,330
2025-06-11 09:20:29.000000,654.6,132030,322950,30,240,330
2025-06-11 09:20:29.000000,654.6,132030,322950,30,570,390
2025-06-11 09:20:30.000000,654.6,132030,322950,30,570,390
2025-06-11 09:20:31.000000,654.6,132030,322950,30,510,240
2025-06-11 09:20:31.000000,652.35,132030,322950,30,510,240
2025-06-11 09:20:32.000000,652.35,132120,322950,30,180,240
2025-06-11 09:20:32.000000,652.85,132120,322950,30,180,240
2025-06-11 09:20:33.000000,653.25,132660,322950,30,510,240
2025-06-11 09:20:33.000000,653.25,132660,322950,30,510,240
2025-06-11 09:20:34.000000,651.55,132660,322950,30,510,240
2025-06-11 09:20:34.000000,651.55,132810,322950,30,450,240
2025-06-11 09:20:35.000000,652.4,132810,322950,30,450,240
2025-06-11 09:20:36.000000,652.4,132840,322950,30,690,300
2025-06-11 09:20:37.000000,651.25,132840,322950,30,690,300
2025-06-11 09:20:37.000000,650.0,133170,322950,90,210,390
2025-06-11 09:20:37.000000,650.0,133170,322950,90,210,390
2025-06-11 09:20:38.000000,650.55,133230,322950,30,600,300
2025-06-11 09:20:38.000000,650.55,133230,322950,30,600,300
2025-06-11 09:20:39.000000,652.5,133230,322950,180,600,300
2025-06-11 09:20:39.000000,652.5,135150,322950,180,390,450
2025-06-11 09:20:40.000000,648.35,135150,322950,30,390,450
2025-06-11 09:20:40.000000,648.35,135450,322950,30,240,330
2025-06-11 09:20:41.000000,647.8,135450,322950,30,240,330
2025-06-11 09:20:42.000000,649.4,135540,322950,30,630,240
2025-06-11 09:20:42.000000,649.55,135540,322950,30,630,240
2025-06-11 09:20:43.000000,650.2,135750,322950,30,240,300
2025-06-11 09:20:43.000000,649.95,135750,322950,30,240,300
2025-06-11 09:20:44.000000,650.5,135750,322950,30,240,300
2025-06-11 09:20:44.000000,650.5,135810,322950,30,360,300
2025-06-11 09:20:45.000000,649.05,135810,322950,30,360,300
2025-06-11 09:20:45.000000,649.8,135900,322950,30,210,330
2025-06-11 09:20:46.000000,649.8,135900,322950,30,210,330
2025-06-11 09:20:47.000000,650.45,135960,322950,30,450,360
2025-06-11 09:20:47.000000,651.4,135960,322950,30,450,360
2025-06-11 09:20:48.000000,649.25,136290,322950,30,330,240
2025-06-11 09:20:48.000000,649.25,136290,322950,30,330,240
2025-06-11 09:20:49.000000,649.4,136410,322950,30,180,330
2025-06-11 09:20:49.000000,649.4,136410,322950,30,180,330
2025-06-11 09:20:50.000000,649.0,136410,322950,30,180,330
2025-06-11 09:20:50.000000,649.0,136470,322950,30,1290,270
2025-06-11 09:20:51.000000,645.15,136470,322950,30,1290,270
2025-06-11 09:20:52.000000,645.15,136800,322950,30,360,330
2025-06-11 09:20:52.000000,645.0,136800,322950,30,360,330
2025-06-11 09:20:53.000000,645.0,136830,322950,30,750,210
2025-06-11 09:20:53.000000,645.35,136830,322950,30,750,210
2025-06-11 09:20:54.000000,647.5,136980,322950,30,450,330
2025-06-11 09:20:54.000000,647.5,136980,322950,30,450,330
2025-06-11 09:20:55.000000,644.25,136980,322950,30,450,330
2025-06-11 09:20:55.000000,644.25,137070,322950,30,510,210
2025-06-11 09:20:56.000000,646.1,137070,322950,30,510,210
2025-06-11 09:20:56.000000,646.1,137220,322950,30,390,270
2025-06-11 09:20:58.000000,645.25,137220,322950,30,390,270
2025-06-11 09:20:58.000000,645.25,137340,322950,30,510,240
2025-06-11 09:20:58.000000,643.9,137340,322950,30,510,240
2025-06-11 09:20:59.000000,642.0,138030,322950,30,600,270
2025-06-11 09:20:59.000000,642.0,138030,322950,30,600,270
2025-06-11 09:21:00.000000,642.0,138030,322950,30,600,270
2025-06-11 09:21:00.000000,638.9,138030,322950,30,600,270
2025-06-11 09:21:00.000000,638.9,138720,322950,30,390,360
2025-06-11 09:21:01.000000,638.05,138720,322950,30,390,360
2025-06-11 09:21:01.000000,636.8,139320,322950,30,630,630
2025-06-11 09:21:02.000000,636.05,139320,322950,30,630,630
2025-06-11 09:21:03.000000,635.5,139740,322950,30,480,180
2025-06-11 09:21:03.000000,635.5,139740,322950,60,480,180
2025-06-11 09:21:04.000000,637.5,140460,322950,30,390,180
2025-06-11 09:21:04.000000,637.5,140460,322950,30,390,180
2025-06-11 09:21:05.000000,636.05,140460,322950,30,390,180
2025-06-11 09:21:05.000000,636.05,140640,322950,30,570,390
2025-06-11 09:21:06.000000,637.85,140640,322950,30,570,390
2025-06-11 09:21:06.000000,641.6,141120,322950,30,360,300
2025-06-11 09:21:07.000000,640.1,141120,322950,30,360,300
2025-06-11 09:21:08.000000,639.35,142680,322950,30,240,300
2025-06-11 09:21:08.000000,637.3,142680,322950,30,240,300
2025-06-11 09:21:09.000000,637.45,142860,322950,30,300,300
2025-06-11 09:21:09.000000,637.6,142860,322950,30,300,300
2025-06-11 09:21:10.000000,638.0,142860,322950,30,300,300
2025-06-11 09:21:10.000000,638.0,143130,322950,30,660,270
2025-06-11 09:21:11.000000,638.65,143130,322950,30,660,270
2025-06-11 09:21:11.000000,638.5,143310,322950,30,330,180
2025-06-11 09:21:12.000000,639.4,143310,322950,150,330,180
2025-06-11 09:21:13.000000,640.3,144210,322950,30,330,360
2025-06-11 09:21:13.000000,639.15,144210,322950,90,330,360
2025-06-11 09:21:14.000000,639.25,144810,322950,30,360,210
2025-06-11 09:21:14.000000,639.25,144810,322950,30,360,210
2025-06-11 09:21:15.000000,640.8,144960,322950,30,240,210
2025-06-11 09:21:15.000000,640.8,144960,322950,30,240,210
2025-06-11 09:21:16.000000,640.0,144960,322950,60,240,210
2025-06-11 09:21:16.000000,640.0,145230,322950,60,240,210
2025-06-11 09:21:17.000000,640.5,145230,322950,30,240,210
2025-06-11 09:21:17.000000,640.5,145260,322950,30,420,270
2025-06-11 09:21:18.000000,639.25,145260,322950,30,420,270
2025-06-11 09:21:19.000000,640.55,145650,322950,30,780,390
2025-06-11 09:21:19.000000,640.55,145650,322950,30,780,390
2025-06-11 09:21:20.000000,640.95,145740,322950,30,300,390
2025-06-11 09:21:20.000000,640.95,145740,322950,30,300,390
2025-06-11 09:21:21.000000,642.15,145740,322950,30,300,390
2025-06-11 09:21:21.000000,642.15,146070,322950,30,300,450
2025-06-11 09:21:22.000000,642.05,146070,322950,30,300,450
2025-06-11 09:21:22.000000,642.05,146340,322950,30,210,180
2025-06-11 09:21:23.000000,643.1,146340,322950,30,210,180
2025-06-11 09:21:24.000000,643.7,146640,322950,60,390,270
2025-06-11 09:21:24.000000,643.7,146640,322950,60,390,270
2025-06-11 09:21:25.000000,643.35,146670,322950,30,180,300
2025-06-11 09:21:25.000000,642.0,146670,322950,30,180,300
2025-06-11 09:21:26.000000,643.75,146670,322950,30,180,300
2025-06-11 09:21:26.000000,643.75,146790,322950,30,300,330
2025-06-11 09:21:27.000000,645.15,146790,322950,30,300,330
2025-06-11 09:21:27.000000,645.15,146880,322950,30,300,360
2025-06-11 09:21:28.000000,645.65,146880,322950,30,300,360
2025-06-11 09:21:29.000000,646.4,147030,322950,30,750,480
2025-06-11 09:21:29.000000,646.4,147030,327690,30,750,480
2025-06-11 09:21:30.000000,646.4,147030,327690,30,750,480
2025-06-11 09:21:30.000000,647.05,147180,327690,30,360,480
2025-06-11 09:21:30.000000,647.05,147180,327690,30,360,480
2025-06-11 09:21:31.000000,646.95,147180,327690,30,360,480
2025-06-11 09:21:31.000000,646.95,147210,327690,30,210,270
2025-06-11 09:21:32.000000,645.5,147210,327690,30,210,270
2025-06-11 09:21:32.000000,645.5,147390,327690,30,660,480
2025-06-11 09:21:33.000000,645.85,147390,327690,30,660,480
2025-06-11 09:21:34.000000,644.8,147510,327690,30,420,300
2025-06-11 09:21:34.000000,644.8,147510,327690,30,420,300
2025-06-11 09:21:35.000000,644.8,147600,327690,30,240,360
2025-06-11 09:21:35.000000,644.8,147600,327690,30,240,360
2025-06-11 09:21:36.000000,641.95,147600,327690,30,240,360
2025-06-11 09:21:36.000000,641.95,147960,327690,30,510,360
2025-06-11 09:21:37.000000,641.9,147960,327690,30,510,360
2025-06-11 09:21:37.000000,641.9,148110,327690,30,570,210
2025-06-11 09:21:39.000000,642.3,148110,327690,30,570,210
2025-06-11 09:21:39.000000,642.3,148200,327690,30,390,150
2025-06-11 09:21:39.000000,642.15,148200,327690,30,390,150
2025-06-11 09:21:40.000000,642.2,148380,327690,30,360,270
2025-06-11 09:21:40.000000,642.2,148380,327690,30,360,270
2025-06-11 09:21:41.000000,642.4,148380,327690,30,360,270
2025-06-11 09:21:41.000000,642.4,148410,327690,30,900,210
2025-06-11 09:21:42.000000,642.05,148410,327690,30,900,210
2025-06-11 09:21:42.000000,642.05,148560,327690,30,630,180
2025-06-11 09:21:43.000000,640.7,148560,327690,30,630,180
2025-06-11 09:21:44.000000,638.35,149760,327690,30,360,210
2025-06-11 09:21:44.000000,635.6,149760,327690,30,360,210
2025-06-11 09:21:45.000000,638.55,150030,327690,30,540,210
2025-06-11 09:21:45.000000,638.55,150030,327690,30,540,210
2025-06-11 09:21:46.000000,637.3,150030,327690,30,540,210
2025-06-11 09:21:46.000000,637.3,150150,327690,30,690,390
2025-06-11 09:21:47.000000,636.6,150150,327690,30,690,390
2025-06-11 09:21:47.000000,635.45,151260,327690,360,270,180
2025-06-11 09:21:48.000000,635.4,151260,327690,30,270,180
2025-06-11 09:21:49.000000,635.4,151350,327690,30,360,180
2025-06-11 09:21:50.000000,636.3,151350,327690,30,360,180
2025-06-11 09:21:50.000000,633.4,151830,327690,120,570,330
2025-06-11 09:21:50.000000,633.4,151830,327690,120,570,330
2025-06-11 09:21:51.000000,631.0,151830,327690,30,570,330
2025-06-11 09:21:51.000000,630.2,153960,327690,30,330,330
2025-06-11 09:21:52.000000,632.8,153960,327690,30,330,330
2025-06-11 09:21:52.000000,631.75,154230,327690,60,270,210
2025-06-11 09:21:53.000000,631.75,154230,327690,30,270,210
2025-06-11 09:21:54.000000,633.05,154350,327690,30,450,420
2025-06-11 09:21:54.000000,633.05,154350,327690,30,450,420
2025-06-11 09:21:55.000000,632.95,154470,327690,30,210,390
2025-06-11 09:21:55.000000,632.95,154470,327690,30,210,390
2025-06-11 09:21:56.000000,635.0,154470,327690,60,210,390
2025-06-11 09:21:56.000000,635.0,154740,327690,60,480,180
2025-06-11 09:21:57.000000,635.6,154740,327690,30,480,180
2025-06-11 09:21:57.000000,635.6,154770,327690,30,270,510
2025-06-11 09:21:58.000000,634.8,154770,327690,30,270,510
2025-06-11 09:21:59.000000,634.8,154830,327690,30,390,330
2025-06-11 09:21:59.000000,635.2,154830,327690,30,390,330
2025-06-11 09:22:00.000000,635.2,154830,327690,30,390,330
2025-06-11 09:22:00.000000,637.2,154950,327690,30,300,150
2025-06-11 09:22:00.000000,637.2,154950,327690,30,300,150
2025-06-11 09:22:01.000000,637.75,154950,327690,30,300,150
2025-06-11 09:22:01.000000,637.75,155040,327690,30,630,240
2025-06-11 09:22:02.000000,636.65,155040,327690,30,630,240
2025-06-11 09:22:02.000000,636.65,155070,327690,30,240,270
2025-06-11 09:22:04.000000,638.4,155070,327690,30,240,270
2025-06-11 09:22:04.000000,638.4,155100,327690,30,480,360
2025-06-11 09:22:05.000000,639.0,155100,327690,30,480,360
2025-06-11 09:22:05.000000,639.0,155250,327690,30,570,330
2025-06-11 09:22:05.000000,637.45,155250,327690,30,570,330
2025-06-11 09:22:06.000000,635.0,155250,327690,30,570,330
2025-06-11 09:22:06.000000,635.0,155340,327690,30,480,330
2025-06-11 09:22:07.000000,636.45,155340,327690,30,480,330
2025-06-11 09:22:08.000000,636.45,155400,327690,30,240,240
2025-06-11 09:22:09.000000,636.55,155400,327690,30,240,240
2025-06-11 09:22:09.000000,636.55,155430,327690,30,390,210
2025-06-11 09:22:09.000000,637.75,155430,327690,30,390,210
2025-06-11 09:22:10.000000,637.75,155460,327690,30,360,270
2025-06-11 09:22:11.000000,634.8,155460,327690,30,360,270
2025-06-11 09:22:11.000000,634.8,155520,327690,30,330,270
2025-06-11 09:22:13.000000,634.8,155520,327690,30,420,360
2025-06-11 09:22:14.000000,634.8,155520,327690,30,480,360
2025-06-11 09:22:14.000000,634.25,155520,327690,30,480,360
2025-06-11 09:22:14.000000,632.85,155520,327690,90,480,360
2025-06-11 09:22:15.000000,634.15,155790,327690,30,240,270
2025-06-11 09:22:15.000000,634.15,155790,327690,30,240,270
2025-06-11 09:22:16.000000,634.15,155790,327690,30,420,330
2025-06-11 09:22:17.000000,633.6,155790,327690,30,420,330
2025-06-11 09:22:17.000000,631.9,155790,327690,30,420,330
2025-06-11 09:22:18.000000,632.4,155940,327690,30,630,270
2025-06-11 09:22:18.000000,632.95,155940,327690,30,630,270
2025-06-11 09:22:19.000000,632.95,156090,327690,30,600,600
2025-06-11 09:22:19.000000,631.9,156090,327690,30,600,600
2025-06-11 09:22:20.000000,631.9,156150,327690,30,420,510
2025-06-11 09:22:20.000000,630.0,156150,327690,30,420,510
2025-06-11 09:22:21.000000,629.9,156150,327690,90,420,510
2025-06-11 09:22:21.000000,629.9,157050,327690,90,420,300
2025-06-11 09:22:22.000000,627.25,157050,327690,30,420,300
2025-06-11 09:22:23.000000,627.25,157140,327690,30,420,390
2025-06-11 09:22:23.000000,626.4,157140,327690,30,420,390
2025-06-11 09:22:24.000000,626.0,157350,327690,30,240,270
2025-06-11 09:22:24.000000,627.9,157350,327690,30,240,270
2025-06-11 09:22:25.000000,627.9,157440,327690,30,330,240
2025-06-11 09:22:26.000000,626.0,157440,327690,30,330,240
2025-06-11 09:22:26.000000,626.0,157470,327690,30,360,300
2025-06-11 09:22:27.000000,626.35,157470,327690,30,360,300
2025-06-11 09:22:27.000000,626.3,157470,327690,30,360,300
2025-06-11 09:22:28.000000,626.3,157680,327690,30,330,180
2025-06-11 09:22:28.000000,625.1,157680,327690,30,330,180
2025-06-11 09:22:29.000000,625.1,157800,327690,30,270,270
2025-06-11 09:22:29.000000,625.9,157800,327690,30,270,270
2025-06-11 09:22:30.000000,625.9,157800,327690,30,270,270
2025-06-11 09:22:30.000000,625.7,157950,327690,30,510,210
2025-06-11 09:22:30.000000,625.7,157950,327690,30,510,210
2025-06-11 09:22:31.000000,626.85,157950,327690,30,510,210
2025-06-11 09:22:31.000000,626.85,158010,327690,30,480,270
2025-06-11 09:22:32.000000,625.7,158010,327690,30,480,270
2025-06-11 09:22:33.000000,625.7,158070,327690,30,270,330
2025-06-11 09:22:33.000000,626.7,158070,327690,30,270,330
2025-06-11 09:22:34.000000,626.75,158190,327690,30,240,330
2025-06-11 09:22:34.000000,626.8,158190,327690,30,240,330
2025-06-11 09:22:35.000000,626.85,158250,327690,30,210,300
2025-06-11 09:22:35.000000,626.85,158250,327690,30,210,300
2025-06-11 09:22:36.000000,627.5,158250,327690,30,210,300
2025-06-11 09:22:36.000000,627.5,158670,327690,30,240,540
2025-06-11 09:22:37.000000,628.45,158670,327690,30,240,540
2025-06-11 09:22:38.000000,628.45,158880,327690,30,270,390
2025-06-11 09:22:39.000000,621.0,158880,327690,60,270,390
2025-06-11 09:22:39.000000,621.0,159540,327690,60,210,300
2025-06-11 09:22:39.000000,624.95,159540,327690,30,210,300
2025-06-11 09:22:40.000000,625.2,159600,327690,30,330,210
2025-06-11 09:22:40.000000,625.2,159600,327690,30,330,210
2025-06-11 09:22:41.000000,626.05,159600,327690,30,330,210
2025-06-11 09:22:41.000000,626.05,159660,327690,30,600,330
2025-06-11 09:22:42.000000,625.0,159660,327690,90,600,330
2025-06-11 09:22:43.000000,625.0,160170,327690,90,300,330
2025-06-11 09:22:43.000000,624.95,160170,327690,30,300,330
2025-06-11 09:22:44.000000,624.95,160260,327690,30,360,270
2025-06-11 09:22:44.000000,623.1,160260,327690,30,360,270
2025-06-11 09:22:45.000000,622.25,160350,327690,30,210,300
2025-06-11 09:22:45.000000,622.25,160350,327690,30,210,300
2025-06-11 09:22:46.000000,623.2,160350,327690,30,210,300
2025-06-11 09:22:46.000000,623.2,160470,327690,30,390,270
2025-06-11 09:22:47.000000,623.05,160470,327690,30,390,270
2025-06-11 09:22:48.000000,623.4,160590,327690,30,240,150
2025-06-11 09:22:48.000000,623.7,160590,327690,30,240,150
2025-06-11 09:22:49.000000,624.0,160800,327690,30,240,330
2025-06-11 09:22:49.000000,624.0,160800,327690,30,240,330
2025-06-11 09:22:50.000000,622.05,160920,327690,30,240,390
2025-06-11 09:22:50.000000,622.85,160920,327690,30,240,390
2025-06-11 09:22:51.000000,623.25,161100,327690,30,270,420
2025-06-11 09:22:51.000000,623.25,161100,327690,30,270,420
2025-06-11 09:22:52.000000,623.35,161100,327690,30,270,420
2025-06-11 09:22:53.000000,623.2,161250,327690,30,240,300
2025-06-11 09:22:53.000000,622.1,161250,327690,30,240,300
2025-06-11 09:22:54.000000,622.75,161460,327690,30,390,210
2025-06-11 09:22:54.000000,622.75,161460,327690,30,390,210
2025-06-11 09:22:55.000000,621.75,161700,327690,30,420,180
2025-06-11 09:22:55.000000,621.75,161700,327690,30,420,180
2025-06-11 09:22:56.000000,624.0,161790,327690,30,210,180
2025-06-11 09:22:56.000000,624.0,161790,327690,30,210,180
2025-06-11 09:22:57.000000,624.3,161790,327690,30,210,180
2025-06-11 09:22:58.000000,623.95,162090,327690,30,180,270
2025-06-11 09:22:58.000000,624.0,162090,327690,30,180,270
2025-06-11 09:22:59.000000,624.0,162210,327690,30,210,210
2025-06-11 09:23:00.000000,621.75,162210,327690,60,210,210
2025-06-11 09:23:00.000000,621.75,162210,327690,60,210,210
2025-06-11 09:23:00.000000,622.8,162330,327690,30,390,330
2025-06-11 09:23:00.000000,622.8,162330,327690,30,390,330
2025-06-11 09:23:01.000000,622.45,162480,327690,30,690,270
2025-06-11 09:23:01.000000,622.45,162480,327690,30,690,270
2025-06-11 09:23:02.000000,621.9,162480,327690,30,690,270
2025-06-11 09:23:03.000000,622.75,162630,327690,30,240,210
2025-06-11 09:23:03.000000,622.55,162630,327690,30,240,210
2025-06-11 09:23:04.000000,621.85,162930,327690,30,270,450
2025-06-11 09:23:04.000000,622.95,162930,327690,30,270,450
2025-06-11 09:23:05.000000,623.6,163140,327690,30,210,390
2025-06-11 09:23:05.000000,625.0,163140,327690,30,210,390
2025-06-11 09:23:06.000000,625.65,163830,327690,30,330,570
2025-06-11 09:23:06.000000,625.65,163830,327690,30,330,570
2025-06-11 09:23:07.000000,628.65,163830,327690,30,330,570
2025-06-11 09:23:08.000000,629.7,164160,327690,30,300,240
2025-06-11 09:23:08.000000,629.7,164160,327690,30,300,240
2025-06-11 09:23:09.000000,627.8,164280,327690,30,270,420
2025-06-11 09:23:09.000000,627.3,164280,327690,30,270,420
2025-06-11 09:23:10.000000,627.7,164520,327690,30,180,360
2025-06-11 09:23:10.000000,627.7,164520,327690,30,180,360
2025-06-11 09:23:11.000000,626.2,164550,327690,30,150,390
2025-06-11 09:23:11.000000,626.2,164550,327690,30,150,390
2025-06-11 09:23:13.000000,626.2,164580,327690,30,330,240
2025-06-11 09:23:14.000000,625.9,164580,327690,30,330,240
2025-06-11 09:23:14.000000,628.0,164820,327690,30,210,450
2025-06-11 09:23:14.000000,626.05,164820,327690,30,210,450
2025-06-11 09:23:15.000000,629.3,165240,327690,30,330,240
2025-06-11 09:23:15.000000,629.3,165240,327690,30,330,240
2025-06-11 09:23:16.000000,627.1,165270,327690,30,360,270
2025-06-11 09:23:16.000000,627.1,165270,327690,30,360,270
2025-06-11 09:23:17.000000,626.85,165270,327690,30,360,270
2025-06-11 09:23:18.000000,625.35,165420,327690,30,180,390
2025-06-11 09:23:18.000000,626.05,165420,327690,30,180,390
2025-06-11 09:23:19.000000,625.0,165600,327690,30,180,240
2025-06-11 09:23:19.000000,625.0,165600,327690,30,180,240
2025-06-11 09:23:20.000000,625.25,165660,327690,30,240,510
2025-06-11 09:23:20.000000,625.25,165660,327690,30,240,510
2025-06-11 09:23:21.000000,625.4,165690,327690,30,300,270
2025-06-11 09:23:21.000000,625.4,165690,327690,30,300,270
2025-06-11 09:23:22.000000,624.8,165690,327690,30,300,270
2025-06-11 09:23:23.000000,624.8,165720,327690,30,390,210
2025-06-11 09:23:24.000000,626.25,165720,327690,30,390,210
2025-06-11 09:23:24.000000,626.25,165810,327690,30,180,390
2025-06-11 09:23:24.000000,625.0,165810,327690,30,180,390
2025-06-11 09:23:25.000000,626.1,165900,327690,30,300,540
2025-06-11 09:23:25.000000,626.1,165900,327690,30,300,540
2025-06-11 09:23:26.000000,626.05,166170,327690,30,240,450
2025-06-11 09:23:26.000000,626.05,166170,327690,30,240,450
2025-06-11 09:23:27.000000,627.55,166170,327690,30,240,450
2025-06-11 09:23:27.000000,627.3,166350,327690,30,330,330
2025-06-11 09:23:28.000000,626.75,166350,327690,30,330,330
2025-06-11 09:23:29.000000,626.75,166560,327690,30,420,240
2025-06-11 09:23:29.000000,627.1,166560,327690,30,420,240
2025-06-11 09:23:30.000000,627.1,166560,327690,30,420,240
2025-06-11 09:23:30.000000,625.0,166650,327690,30,360,210
2025-06-11 09:23:30.000000,625.0,166650,327690,30,360,210
2025-06-11 09:23:31.000000,625.0,166650,327690,30,330,330
2025-06-11 09:23:32.000000,624.35,166650,327690,30,330,330
2025-06-11 09:23:32.000000,624.35,166710,327690,30,300,300
2025-06-11 09:23:33.000000,622.8,166710,327690,30,300,300
2025-06-11 09:23:34.000000,622.8,166740,327690,30,450,600
2025-06-11 09:23:35.000000,622.8,166740,327690,30,360,270
2025-06-11 09:23:35.000000,623.85,166740,327690,30,360,270
2025-06-11 09:23:36.000000,623.5,166740,327690,30,360,270
2025-06-11 09:23:36.000000,623.5,166800,327690,30,300,240
2025-06-11 09:23:37.000000,624.55,166800,327690,30,300,240
2025-06-11 09:23:37.000000,624.55,166860,327690,30,450,240
2025-06-11 09:23:39.000000,624.55,166860,327690,30,360,210
2025-06-11 09:23:40.000000,624.55,166860,327690,30,390,270
2025-06-11 09:23:41.000000,622.0,166890,327690,30,300,210
2025-06-11 09:23:41.000000,622.0,166890,327690,30,300,210
2025-06-11 09:23:42.000000,622.0,166890,327690,30,360,240
2025-06-11 09:23:43.000000,623.9,166890,327690,30,360,240
2025-06-11 09:23:43.000000,624.25,166890,327690,30,360,240
2025-06-11 09:23:44.000000,624.25,167040,327690,30,420,240
2025-06-11 09:23:45.000000,624.25,167040,327690,30,270,660
2025-06-11 09:23:46.000000,624.25,167040,327690,30,300,240
2025-06-11 09:23:47.000000,623.75,167040,327690,30,300,240
2025-06-11 09:23:47.000000,623.75,167070,327690,30,420,330
2025-06-11 09:23:48.000000,625.75,167070,327690,30,420,330
2025-06-11 09:23:49.000000,625.75,167100,327690,30,330,210
2025-06-11 09:23:50.000000,626.55,167100,327690,30,330,210
2025-06-11 09:23:50.000000,626.55,167130,327690,30,270,480
2025-06-11 09:23:51.000000,626.55,167130,327690,30,180,420
2025-06-11 09:23:52.000000,626.2,167130,327690,30,180,420
2025-06-11 09:23:52.000000,624.25,167130,327690,60,180,420
2025-06-11 09:23:52.000000,624.25,167220,327690,60,270,210
2025-06-11 09:23:53.000000,624.15,167220,327690,30,270,210
2025-06-11 09:23:54.000000,623.4,167310,327690,30,300,270
2025-06-11 09:23:54.000000,622.0,167310,327690,60,300,270
2025-06-11 09:23:55.000000,622.0,167760,327690,60,300,210
2025-06-11 09:23:55.000000,620.0,167760,327690,30,300,210
2025-06-11 09:23:56.000000,616.9,168480,327690,30,420,420
2025-06-11 09:23:56.000000,616.9,168480,327690,30,420,420
2025-06-11 09:23:57.000000,615.0,168480,327690,30,420,420
2025-06-11 09:23:57.000000,614.15,168720,327690,30,360,330
2025-06-11 09:23:58.000000,613.65,168720,327690,30,360,330
2025-06-11 09:23:59.000000,612.2,169140,327690,30,210,150
2025-06-11 09:23:59.000000,612.9,169140,327690,30,210,150
2025-06-11 09:24:00.000000,615.8,169560,327690,30,180,240
2025-06-11 09:24:00.000000,615.8,169560,327690,30,180,240
2025-06-11 09:24:00.000000,614.7,169560,327690,30,180,240
2025-06-11 09:24:01.000000,613.35,170010,327690,30,270,390
2025-06-11 09:24:01.000000,613.35,170010,327690,30,270,390
2025-06-11 09:24:02.000000,617.25,170010,327690,30,270,390
2025-06-11 09:24:02.000000,617.25,170250,327690,30,240,180
2025-06-11 09:24:03.000000,617.85,170250,327690,30,240,180
2025-06-11 09:24:04.000000,617.65,170640,327690,30,300,150
2025-06-11 09:24:04.000000,616.25,170640,327690,30,300,150
2025-06-11 09:24:05.000000,618.95,171240,327690,30,180,240
2025-06-11 09:24:05.000000,618.95,171240,327690,30,180,240
2025-06-11 09:24:06.000000,618.3,171390,327690,30,270,480
2025-06-11 09:24:06.000000,618.3,171390,327690,30,270,480
2025-06-11 09:24:07.000000,616.65,171390,327690,30,270,480
2025-06-11 09:24:07.000000,616.65,171600,327690,30,330,210
2025-06-11 09:24:08.000000,618.05,171600,327690,30,330,210
2025-06-11 09:24:09.000000,620.35,172320,327690,30,210,240
2025-06-11 09:24:09.000000,621.2,172320,327690,30,210,240
2025-06-11 09:24:10.000000,621.15,172410,327690,30,180,450
2025-06-11 09:24:10.000000,622.4,172410,327690,30,180,450
2025-06-11 09:24:11.000000,624.2,172770,327690,30,240,330
2025-06-11 09:24:11.000000,624.2,172770,327690,30,240,330
2025-06-11 09:24:12.000000,626.05,172770,327690,30,240,330
2025-06-11 09:24:12.000000,627.8,173280,327690,30,210,600
2025-06-11 09:24:13.000000,629.5,173280,327690,30,210,600
2025-06-11 09:24:14.000000,631.65,177330,327690,60,510,450
2025-06-11 09:24:14.000000,631.65,177330,327690,60,510,450
2025-06-11 09:24:15.000000,628.9,177480,327690,30,450,540
2025-06-11 09:24:15.000000,628.9,177480,327690,30,450,540
2025-06-11 09:24:16.000000,629.1,177570,327690,30,330,390
2025-06-11 09:24:16.000000,629.1,177570,327690,30,330,390
2025-06-11 09:24:17.000000,628.95,177570,327690,90,330,390
2025-06-11 09:24:17.000000,628.95,177840,327690,90,270,480
2025-06-11 09:24:18.000000,628.85,177840,327690,30,270,480
2025-06-11 09:24:19.000000,628.85,177900,327690,30,300,240
2025-06-11 09:24:19.000000,628.95,177900,327690,30,300,240
2025-06-11 09:24:20.000000,628.95,178020,327690,30,300,360
2025-06-11 09:24:21.000000,626.15,178020,327690,30,300,360
2025-06-11 09:24:21.000000,627.35,178110,327690,30,420,240
2025-06-11 09:24:21.000000,627.35,178110,327690,30,420,240
2025-06-11 09:24:22.000000,627.4,178110,327690,30,420,240
2025-06-11 09:24:22.000000,627.4,178260,327690,30,300,420
2025-06-11 09:24:23.000000,627.95,178260,327690,30,300,420
2025-06-11 09:24:24.000000,627.95,178290,327690,30,390,630
2025-06-11 09:24:25.000000,627.95,178290,327690,30,300,420
2025-06-11 09:24:25.000000,628.0,178290,327690,30,300,420
2025-06-11 09:24:26.000000,626.95,178710,327690,30,330,240
2025-06-11 09:24:26.000000,626.95,178710,327690,30,330,240
2025-06-11 09:24:27.000000,627.05,178710,327690,30,330,240
2025-06-11 09:24:27.000000,627.05,178800,327690,30,330,270
2025-06-11 09:24:29.000000,627.05,178800,327690,30,300,330
2025-06-11 09:24:29.000000,624.0,178800,332520,30,300,330
2025-06-11 09:24:30.000000,624.0,178800,332520,30,300,330
2025-06-11 09:24:30.000000,624.0,178830,332520,30,420,150
2025-06-11 09:24:30.000000,622.15,178830,332520,30,420,150
2025-06-11 09:24:31.000000,622.15,178860,332520,30,420,270
2025-06-11 09:24:31.000000,622.6,178860,332520,30,420,270
2025-06-11 09:24:33.000000,622.6,178890,332520,30,420,330
2025-06-11 09:24:34.000000,622.6,178890,332520,30,210,750
2025-06-11 09:24:35.000000,621.0,178890,332520,30,210,750
2025-06-11 09:24:35.000000,621.0,178950,332520,30,420,300
2025-06-11 09:24:35.000000,621.6,178950,332520,30,420,300
2025-06-11 09:24:36.000000,620.7,179220,332520,30,630,180
2025-06-11 09:24:36.000000,620.7,179220,332520,30,630,180
2025-06-11 09:24:38.000000,620.7,179220,332520,30,360,240
2025-06-11 09:24:38.000000,622.6,179220,332520,30,360,240
2025-06-11 09:24:39.000000,622.6,179370,332520,30,390,330
2025-06-11 09:24:39.000000,623.95,179370,332520,30,390,330
2025-06-11 09:24:40.000000,623.95,179430,332520,30,450,240
2025-06-11 09:24:41.000000,623.55,179430,332520,30,450,240
2025-06-11 09:24:41.000000,623.55,179460,332520,30,450,270
2025-06-11 09:24:42.000000,624.55,179460,332520,30,450,270
2025-06-11 09:24:43.000000,624.55,179550,332520,30,240,780
2025-06-11 09:24:44.000000,625.0,179550,332520,60,240,780
2025-06-11 09:24:44.000000,625.0,179610,332520,60,420,240
2025-06-11 09:24:44.000000,625.0,179610,332520,30,420,240
2025-06-11 09:24:45.000000,625.0,179640,332520,30,270,510
2025-06-11 09:24:45.000000,626.5,179640,332520,30,270,510
2025-06-11 09:24:46.000000,626.5,179670,332520,30,480,270
2025-06-11 09:24:48.000000,626.5,179670,332520,30,300,450
2025-06-11 09:24:49.000000,626.5,179670,332520,30,570,390
2025-06-11 09:24:49.000000,627.0,179670,332520,90,570,390
2025-06-11 09:24:50.000000,625.0,179670,332520,30,570,390
2025-06-11 09:24:50.000000,625.0,179790,332520,30,240,390
2025-06-11 09:24:50.000000,626.35,179790,332520,30,240,390
2025-06-11 09:24:51.000000,626.35,179850,332520,30,210,300
2025-06-11 09:24:52.000000,624.55,179850,332520,30,210,300
2025-06-11 09:24:53.000000,624.55,179910,332520,30,240,240
2025-06-11 09:24:53.000000,623.65,179910,332520,30,240,240
2025-06-11 09:24:54.000000,622.9,179910,332520,30,240,240
2025-06-11 09:24:54.000000,622.9,180060,332520,30,300,150
2025-06-11 09:24:55.000000,622.9,180060,332520,30,210,330
2025-06-11 09:24:56.000000,622.9,180060,332520,30,270,270
2025-06-11 09:24:56.000000,622.85,180060,332520,30,270,270
2025-06-11 09:24:58.000000,622.85,180090,332520,30,300,210
2025-06-11 09:24:58.000000,623.15,180090,332520,30,300,210
2025-06-11 09:24:59.000000,623.15,180120,332520,30,330,450
2025-06-11 09:24:59.000000,622.75,180120,332520,30,330,450
2025-06-11 09:25:00.000000,622.75,180120,332520,30,330,450
2025-06-11 09:25:00.000000,622.6,180330,332520,30,450,210
2025-06-11 09:25:00.000000,622.6,180330,332520,30,450,210
2025-06-11 09:25:01.000000,618.05,180570,332520,30,330,180
2025-06-11 09:25:01.000000,618.05,180570,332520,30,330,180
2025-06-11 09:25:02.000000,618.2,180570,332520,30,330,180
2025-06-11 09:25:03.000000,619.35,180690,332520,30,330,210
2025-06-11 09:25:03.000000,616.5,180690,332520,30,330,210
2025-06-11 09:25:04.000000,616.5,180750,332520,30,330,270
2025-06-11 09:25:04.000000,616.55,180750,332520,30,330,270
2025-06-11 09:25:05.000000,616.55,181110,332520,30,660,210
2025-06-11 09:25:06.000000,615.0,181110,332520,150,660,210
2025-06-11 09:25:06.000000,614.5,181440,332520,30,390,270
2025-06-11 09:25:06.000000,614.5,181440,332520,30,390,270
2025-06-11 09:25:07.000000,612.85,181440,332520,30,390,270
2025-06-11 09:25:08.000000,614.05,181830,332520,30,300,270
2025-06-11 09:25:08.000000,612.6,181830,332520,30,300,270
2025-06-11 09:25:09.000000,612.6,181860,332520,30,390,360
2025-06-11 09:25:09.000000,613.6,181860,332520,30,390,360
2025-06-11 09:25:10.000000,614.75,182040,332520,30,300,300
2025-06-11 09:25:10.000000,615.65,182040,332520,30,300,300
2025-06-11 09:25:11.000000,615.65,182100,332520,30,210,420
2025-06-11 09:25:12.000000,613.6,182100,332520,30,210,420
2025-06-11 09:25:12.000000,616.5,182100,332520,120,210,420
2025-06-11 09:25:13.000000,616.5,182310,332520,120,420,360
2025-06-11 09:25:13.000000,618.25,182310,332520,30,420,360
2025-06-11 09:25:14.000000,616.55,182400,332520,30,450,210
2025-06-11 09:25:14.000000,616.55,182400,332520,30,450,210
2025-06-11 09:25:15.000000,614.8,182430,332520,30,240,300
2025-06-11 09:25:15.000000,614.8,182430,332520,30,240,300
2025-06-11 09:25:16.000000,615.15,182460,332520,30,360,300
2025-06-11 09:25:16.000000,615.15,182460,332520,30,360,300
2025-06-11 09:25:17.000000,616.75,182460,332520,30,360,300
2025-06-11 09:25:17.000000,616.75,182820,332520,30,300,210
2025-06-11 09:25:18.000000,615.9,182820,332520,30,300,210
2025-06-11 09:25:19.000000,615.9,182940,332520,30,540,210
2025-06-11 09:25:20.000000,614.5,182940,332520,30,540,210
2025-06-11 09:25:20.000000,615.4,183030,332520,60,300,270
2025-06-11 09:25:20.000000,615.4,183030,332520,60,300,270
2025-06-11 09:25:21.000000,616.4,183060,332520,30,360,390
2025-06-11 09:25:21.000000,616.4,183060,332520,30,360,390
2025-06-11 09:25:22.000000,612.6,183060,332520,30,360,390
2025-06-11 09:25:22.000000,612.6,183090,332520,30,210,360
2025-06-11 09:25:23.000000,612.0,183090,332520,30,210,360
2025-06-11 09:25:24.000000,612.25,183360,332520,30,300,210
2025-06-11 09:25:24.000000,614.9,183360,332520,30,300,210
2025-06-11 09:25:25.000000,614.85,183630,332520,30,270,390
2025-06-11 09:25:25.000000,614.85,183630,332520,30,270,390
2025-06-11 09:25:26.000000,614.85,183630,332520,30,360,420
2025-06-11 09:25:27.000000,613.7,183630,332520,30,360,420
2025-06-11 09:25:27.000000,608.9,183630,332520,30,360,420
2025-06-11 09:25:27.000000,608.9,184860,332520,30,210,300
2025-06-11 09:25:28.000000,610.55,184860,332520,30,210,300
2025-06-11 09:25:29.000000,610.55,184920,332520,30,270,330
2025-06-11 09:25:29.000000,611.9,184920,332520,30,270,330
2025-06-11 09:25:30.000000,611.9,184920,332520,30,270,330
2025-06-11 09:25:30.000000,612.4,185400,332520,30,720,420
2025-06-11 09:25:30.000000,610.5,185400,332520,60,720,420
2025-06-11 09:25:31.000000,611.3,185640,332520,60,240,240
2025-06-11 09:25:31.000000,611.05,185640,332520,30,240,240
2025-06-11 09:25:32.000000,612.3,185640,332520,30,240,240
2025-06-11 09:25:32.000000,612.3,185880,332520,30,330,420
2025-06-11 09:25:33.000000,612.65,185880,332520,30,330,420
2025-06-11 09:25:34.000000,610.55,186300,332520,30,600,300
2025-06-11 09:25:34.000000,610.55,186300,332520,30,600,300
2025-06-11 09:25:35.000000,610.55,186300,332520,30,390,210
2025-06-11 09:25:35.000000,612.5,186300,332520,30,390,210
2025-06-11 09:25:36.000000,612.5,186630,332520,30,360,600
2025-06-11 09:25:37.000000,613.35,186630,332520,30,360,600
2025-06-11 09:25:37.000000,614.9,186630,332520,30,360,600
2025-06-11 09:25:37.000000,614.9,186750,332520,30,270,360
2025-06-11 09:25:39.000000,614.9,186750,332520,30,240,240
2025-06-11 09:25:39.000000,615.0,186750,332520,30,240,240
2025-06-11 09:25:40.000000,615.4,186750,332520,30,240,240
2025-06-11 09:25:40.000000,615.4,186810,332520,30,390,600
2025-06-11 09:25:40.000000,615.0,186810,332520,30,390,600
2025-06-11 09:25:41.000000,614.2,186990,332520,30,420,540
2025-06-11 09:25:41.000000,614.2,186990,332520,30,420,540
2025-06-11 09:25:42.000000,618.6,186990,332520,30,420,540
2025-06-11 09:25:42.000000,618.6,187680,332520,30,330,660
2025-06-11 09:25:43.000000,616.35,187680,332520,30,330,660
2025-06-11 09:25:44.000000,617.6,187830,332520,30,390,420
2025-06-11 09:25:44.000000,617.6,187830,332520,30,390,420
2025-06-11 09:25:45.000000,615.8,187890,332520,30,300,540
2025-06-11 09:25:45.000000,615.75,187890,332520,30,300,540
2025-06-11 09:25:46.000000,615.75,187920,332520,30,360,300
2025-06-11 09:25:47.000000,617.0,187920,332520,180,360,300
2025-06-11 09:25:47.000000,617.0,189360,332520,180,450,390
2025-06-11 09:25:49.000000,617.0,189360,332520,180,360,360
2025-06-11 09:25:50.000000,617.0,189360,332520,180,480,240
2025-06-11 09:25:51.000000,619.0,189360,332520,120,480,240
2025-06-11 09:25:51.000000,620.65,189570,332520,30,450,720
2025-06-11 09:25:51.000000,620.65,189570,332520,30,450,720
2025-06-11 09:25:52.000000,623.35,189630,332520,30,450,810
2025-06-11 09:25:52.000000,623.35,189630,332520,30,450,810
2025-06-11 09:25:53.000000,620.2,189630,332520,30,450,810
2025-06-11 09:25:54.000000,620.2,189660,332520,30,300,360
2025-06-11 09:25:54.000000,622.25,189660,332520,30,300,360
2025-06-11 09:25:55.000000,622.25,189720,332520,30,270,540
2025-06-11 09:25:55.000000,619.3,189720,332520,30,270,540
2025-06-11 09:25:56.000000,619.3,190590,332520,30,360,210
2025-06-11 09:25:57.000000,619.1,190590,332520,30,360,210
2025-06-11 09:25:57.000000,619.1,190740,332520,30,330,270
2025-06-11 09:25:57.000000,618.1,190740,332520,30,330,270
2025-06-11 09:25:58.000000,618.1,190770,332520,30,330,270
2025-06-11 09:25:59.000000,618.45,190770,332520,30,330,270
2025-06-11 09:26:00.000000,620.3,190770,332520,30,330,270
2025-06-11 09:26:00.000000,620.3,190860,332520,30,300,240
2025-06-11 09:26:00.000000,620.3,190860,332520,30,300,240
2025-06-11 09:26:00.000000,620.1,190860,332520,30,300,240
2025-06-11 09:26:01.000000,621.45,190920,332520,30,420,210
2025-06-11 09:26:01.000000,620.4,190920,332520,30,420,210
2025-06-11 09:26:02.000000,621.9,191640,332520,30,540,450
2025-06-11 09:26:02.000000,621.9,191640,332520,30,540,450
2025-06-11 09:26:03.000000,619.55,191640,332520,30,540,450
2025-06-11 09:26:03.000000,619.55,191760,332520,30,300,450
2025-06-11 09:26:04.000000,619.65,191760,332520,30,300,450
2025-06-11 09:26:05.000000,619.65,191790,332520,30,180,330
2025-06-11 09:26:05.000000,623.05,191790,332520,30,180,330
2025-06-11 09:26:06.000000,623.05,192000,332520,30,390,510
2025-06-11 09:26:07.000000,623.05,192000,332520,30,450,450
2025-06-11 09:26:08.000000,620.1,192000,332520,30,450,450
2025-06-11 09:26:08.000000,620.1,192180,332520,30,390,210
2025-06-11 09:26:09.000000,621.35,192180,332520,30,390,210
2025-06-11 09:26:10.000000,620.9,192180,332520,30,390,210
2025-06-11 09:26:10.000000,620.9,192240,332520,30,270,150
2025-06-11 09:26:10.000000,620.25,192240,332520,30,270,150
2025-06-11 09:26:11.000000,621.0,192300,332520,30,330,330
2025-06-11 09:26:11.000000,618.1,192300,332520,30,330,330
2025-06-11 09:26:12.000000,617.5,192360,332520,30,330,450
2025-06-11 09:26:12.000000,617.5,192360,332520,30,330,450
2025-06-11 09:26:13.000000,617.5,192360,332520,30,780,480
2025-06-11 09:26:14.000000,618.0,192360,332520,30,780,480
2025-06-11 09:26:14.000000,618.0,192390,332520,30,840,210
2025-06-11 09:26:15.000000,617.1,192390,332520,30,840,210
2025-06-11 09:26:16.000000,617.1,192450,332520,30,330,420
2025-06-11 09:26:16.000000,617.6,192450,332520,30,330,420
2025-06-11 09:26:17.000000,619.15,192540,332520,60,810,360
2025-06-11 09:26:17.000000,618.7,192540,332520,30,810,360
2025-06-11 09:26:18.000000,617.0,193140,332520,90,240,360
2025-06-11 09:26:18.000000,617.0,193140,332520,90,240,360
2025-06-11 09:26:19.000000,615.4,193140,332520,30,240,360
2025-06-11 09:26:19.000000,615.4,193200,332520,30,210,270
2025-06-11 09:26:21.000000,615.4,193200,332520,30,390,210
2025-06-11 09:26:22.000000,615.4,193200,332520,30,300,540
2025-06-11 09:26:23.000000,617.2,193200,332520,30,300,540
2025-06-11 09:26:23.000000,617.25,193350,332520,30,330,360
2025-06-11 09:26:23.000000,617.25,193350,332520,30,330,360
2025-06-11 09:26:24.000000,616.1,193440,332520,30,240,270
2025-06-11 09:26:25.000000,616.1,193440,332520,30,240,270
2025-06-11 09:26:25.000000,616.8,193440,332520,30,240,270
2025-06-11 09:26:26.000000,616.25,194580,332520,30,240,510
2025-06-11 09:26:26.000000,616.25,194580,332520,30,240,510
2025-06-11 09:26:27.000000,616.25,194580,332520,30,330,240
2025-06-11 09:26:28.000000,616.25,194580,332520,30,300,720
2025-06-11 09:26:29.000000,616.25,194580,332520,30,390,180
2025-06-11 09:26:30.000000,616.25,194580,332520,30,390,180
2025-06-11 09:26:31.000000,616.25,194580,332520,30,270,180
2025-06-11 09:26:31.000000,616.1,194580,332520,30,270,180
2025-06-11 09:26:32.000000,616.1,194610,332520,30,180,570
2025-06-11 09:26:33.000000,615.4,194610,332520,30,180,570
2025-06-11 09:26:33.000000,613.7,194940,332520,30,330,300
2025-06-11 09:26:33.000000,613.7,194940,332520,30,330,300
2025-06-11 09:26:34.000000,614.95,194940,332520,30,330,300
2025-06-11 09:26:34.000000,614.95,195000,332520,30,360,330
2025-06-11 09:26:35.000000,612.9,195000,332520,30,360,330
2025-06-11 09:26:36.000000,612.9,195060,332520,30,420,390
2025-06-11 09:26:36.000000,611.35,195060,332520,30,420,390
2025-06-11 09:26:37.000000,612.2,195300,332520,60,330,210
2025-06-11 09:26:37.000000,610.65,195300,332520,30,330,210
2025-06-11 09:26:38.000000,611.2,195480,332520,30,600,210
2025-06-11 09:26:38.000000,611.2,195480,332520,30,600,210
2025-06-11 09:26:39.000000,611.6,195480,332520,30,600,210
2025-06-11 09:26:40.000000,611.6,195960,332520,30,690,510
2025-06-11 09:26:40.000000,610.6,195960,332520,30,690,510
2025-06-11 09:26:41.000000,610.6,196020,332520,30,690,450
2025-06-11 09:26:42.000000,612.4,196020,332520,30,690,450
2025-06-11 09:26:42.000000,613.7,196110,332520,60,330,300
2025-06-11 09:26:42.000000,613.7,196110,332520,60,330,300
2025-06-11 09:26:43.000000,612.7,196140,332520,30,360,390
2025-06-11 09:26:43.000000,612.7,196140,332520,30,360,390
2025-06-11 09:26:44.000000,614.0,196140,332520,30,360,390
2025-06-11 09:26:45.000000,614.7,196290,332520,30,240,330
2025-06-11 09:26:45.000000,614.7,196290,332520,30,240,330
2025-06-11 09:26:46.000000,614.7,196290,332520,30,270,270
2025-06-11 09:26:47.000000,615.25,196290,332520,30,270,270
2025-06-11 09:26:47.000000,615.25,196320,332520,30,360,360
2025-06-11 09:26:48.000000,615.45,196320,332520,30,360,360
2025-06-11 09:26:48.000000,615.45,196350,332520,30,390,390
2025-06-11 09:26:49.000000,616.6,196350,332520,30,390,390
2025-06-11 09:26:50.000000,616.7,196560,332520,30,330,210
2025-06-11 09:26:50.000000,616.7,196560,332520,30,330,210
2025-06-11 09:26:51.000000,617.05,196560,332520,30,330,210
2025-06-11 09:26:51.000000,617.05,196590,332520,30,270,240
2025-06-11 09:26:52.000000,616.5,196590,332520,30,270,240
2025-06-11 09:26:52.000000,616.5,196740,332520,30,300,270
2025-06-11 09:26:52.000000,616.25,196740,332520,30,300,270
2025-06-11 09:26:53.000000,616.25,196860,332520,30,330,270
2025-06-11 09:26:54.000000,619.3,196860,332520,30,330,270
2025-06-11 09:26:54.000000,616.25,196860,332520,30,330,270
2025-06-11 09:26:55.000000,616.25,197010,332520,30,330,510
2025-06-11 09:26:56.000000,616.25,197010,332520,30,450,330
2025-06-11 09:26:57.000000,622.0,197010,332520,120,450,330
2025-06-11 09:26:57.000000,621.1,197460,332520,30,330,420
2025-06-11 09:26:57.000000,620.95,197460,332520,30,330,420
2025-06-11 09:26:58.000000,622.7,197550,332520,30,390,180
2025-06-11 09:26:58.000000,622.7,197550,332520,30,390,180
2025-06-11 09:26:59.000000,620.5,197550,332520,30,390,180
2025-06-11 09:27:00.000000,620.5,197610,332520,30,180,180
2025-06-11 09:27:00.000000,620.5,197610,332520,30,180,180
2025-06-11 09:27:01.000000,620.5,197610,332520,30,270,270
2025-06-11 09:27:01.000000,619.5,197610,332520,30,270,270
2025-06-11 09:27:02.000000,619.3,197700,332520,30,450,360
2025-06-11 09:27:02.000000,619.3,197700,332520,30,450,360
2025-06-11 09:27:03.000000,620.5,197730,332520,30,300,450
2025-06-11 09:27:03.000000,620.5,197730,332520,30,300,450
2025-06-11 09:27:04.000000,622.3,197730,332520,210,300,450
2025-06-11 09:27:05.000000,622.3,198060,332520,210,330,540
2025-06-11 09:27:05.000000,621.9,198060,332520,30,330,540
2025-06-11 09:27:06.000000,621.2,198120,332520,30,210,690
2025-06-11 09:27:06.000000,621.2,198120,332520,30,210,690
2025-06-11 09:27:07.000000,620.45,198150,332520,30,270,480
2025-06-11 09:27:07.000000,620.45,198150,332520,30,270,480
2025-06-11 09:27:08.000000,620.45,198180,332520,30,240,270
2025-06-11 09:27:08.000000,620.45,198180,332520,30,240,270
2025-06-11 09:27:09.000000,620.05,198180,332520,30,240,270
2025-06-11 09:27:10.000000,622.3,198240,332520,30,270,390
2025-06-11 09:27:10.000000,622.75,198240,332520,30,270,390
2025-06-11 09:27:11.000000,622.75,198270,332520,30,390,240
2025-06-11 09:27:11.000000,622.45,198270,332520,30,390,240
2025-06-11 09:27:12.000000,622.65,198420,332520,30,570,540
2025-06-11 09:27:12.000000,622.65,198420,332520,30,570,540
2025-06-11 09:27:13.000000,624.25,198450,332520,30,240,1410
2025-06-11 09:27:13.000000,624.45,198450,332520,30,240,1410
2025-06-11 09:27:14.000000,622.5,198450,332520,30,240,1410
2025-06-11 09:27:15.000000,623.4,198720,332520,30,360,240
2025-06-11 09:27:15.000000,623.4,198720,332520,30,360,240
2025-06-11 09:27:16.000000,623.15,198750,332520,30,240,390
2025-06-11 09:27:16.000000,623.15,198750,332520,30,240,390
2025-06-11 09:27:17.000000,621.0,198840,332520,30,360,480
2025-06-11 09:27:17.000000,622.7,198840,332520,30,360,480
2025-06-11 09:27:18.000000,622.7,198990,332520,30,420,330
2025-06-11 09:27:20.000000,622.7,198990,332520,30,330,270
2025-06-11 09:27:20.000000,622.15,198990,332520,30,330,270
2025-06-11 09:27:21.000000,621.95,199110,332520,30,420,690
2025-06-11 09:27:21.000000,620.0,199110,332520,30,420,690
2025-06-11 09:27:22.000000,620.0,199290,332520,30,420,420
2025-06-11 09:27:23.000000,620.0,199290,332520,30,270,180
2025-06-11 09:27:24.000000,621.6,199290,332520,30,270,180
2025-06-11 09:27:25.000000,621.6,199350,332520,30,330,210
2025-06-11 09:27:26.000000,621.6,199350,332520,30,270,180
2025-06-11 09:27:26.000000,620.1,199350,332520,30,270,180
2025-06-11 09:27:27.000000,620.1,199380,332520,30,300,210
2025-06-11 09:27:27.000000,619.35,199380,332520,30,300,210
2025-06-11 09:27:28.000000,619.35,199410,332520,30,210,600
2025-06-11 09:27:29.000000,618.25,199410,332520,30,210,600
2025-06-11 09:27:30.000000,618.25,199470,332520,30,390,240
2025-06-11 09:27:30.000000,618.25,199470,332520,30,390,240
2025-06-11 09:27:30.000000,618.6,199470,336600,30,390,240
2025-06-11 09:27:31.000000,618.6,199590,336600,30,480,270
2025-06-11 09:27:31.000000,619.9,199590,336600,30,480,270
2025-06-11 09:27:32.000000,619.9,199680,336600,30,330,240
2025-06-11 09:27:32.000000,618.95,199680,336600,30,330,240
2025-06-11 09:27:33.000000,620.0,199800,336600,30,390,210
2025-06-11 09:27:33.000000,620.0,199800,336600,30,390,210
2025-06-11 09:27:34.000000,621.6,199800,336600,30,390,210
2025-06-11 09:27:35.000000,620.1,199860,336600,30,330,390
2025-06-11 09:27:35.000000,620.1,199860,336600,30,330,390
2025-06-11 09:27:36.000000,620.1,199860,336600,30,390,570
2025-06-11 09:27:36.000000,621.1,199860,336600,30,390,570
2025-06-11 09:27:37.000000,620.95,199920,336600,30,240,210
2025-06-11 09:27:37.000000,620.9,199920,336600,30,240,210
2025-06-11 09:27:38.000000,620.75,200040,336600,30,300,300
2025-06-11 09:27:38.000000,620.75,200040,336600,30,300,300
2025-06-11 09:27:40.000000,620.75,200040,336600,30,270,510
2025-06-11 09:27:40.000000,620.0,200040,336600,30,270,510
2025-06-11 09:27:41.000000,620.0,200070,336600,30,420,240
2025-06-11 09:27:41.000000,619.95,200070,336600,30,420,240
2025-06-11 09:27:42.000000,619.95,200100,336600,30,180,660
2025-06-11 09:27:42.000000,618.0,200100,336600,30,180,660
2025-06-11 09:27:43.000000,618.0,200130,336600,30,270,270
2025-06-11 09:27:44.000000,617.1,200130,336600,30,270,270
2025-06-11 09:27:44.000000,617.0,200130,336600,30,270,270
2025-06-11 09:27:45.000000,617.0,200250,336600,30,300,210
2025-06-11 09:27:45.000000,617.15,200250,336600,30,300,210
2025-06-11 09:27:46.000000,617.15,200280,336600,30,330,270
2025-06-11 09:27:46.000000,616.95,200280,336600,30,330,270
2025-06-11 09:27:47.000000,616.95,200520,336600,30,330,600
2025-06-11 09:27:48.000000,617.45,200520,336600,30,330,600
2025-06-11 09:27:48.000000,615.5,200670,336600,30,330,270
2025-06-11 09:27:48.000000,615.5,200670,336600,30,330,270
2025-06-11 09:27:49.000000,617.1,200670,336600,30,330,270
2025-06-11 09:27:50.000000,616.45,200730,336600,30,450,180
2025-06-11 09:27:50.000000,616.75,200730,336600,90,450,180
2025-06-11 09:27:51.000000,616.75,200850,336600,90,300,240
2025-06-11 09:27:51.000000,618.3,200850,336600,30,300,240
2025-06-11 09:27:52.000000,618.45,200940,336600,30,210,300
2025-06-11 09:27:52.000000,616.8,200940,336600,30,210,300
2025-06-11 09:27:53.000000,616.8,201180,336600,30,450,240
2025-06-11 09:27:54.000000,616.45,201180,336600,30,450,240
2025-06-11 09:27:55.000000,616.8,201390,336600,30,480,210
2025-06-11 09:27:55.000000,616.2,201390,336600,30,480,210
2025-06-11 09:27:56.000000,616.2,201420,336600,30,390,210
2025-06-11 09:27:57.000000,616.2,201420,336600,30,240,210
2025-06-11 09:27:58.000000,615.0,201420,336600,30,240,210
2025-06-11 09:27:58.000000,615.0,201540,336600,30,300,270
2025-06-11 09:27:59.000000,615.0,201540,336600,30,300,270
2025-06-11 09:28:00.000000,614.6,201690,336600,30,300,210
2025-06-11 09:28:00.000000,614.6,201690,336600,30,300,210
2025-06-11 09:28:00.000000,614.6,201690,336600,30,300,210
2025-06-11 09:28:00.000000,615.25,201690,336600,30,300,210
2025-06-11 09:28:01.000000,616.65,201840,336600,30,390,300
2025-06-11 09:28:01.000000,616.65,201840,336600,30,390,300
2025-06-11 09:28:02.000000,614.8,201870,336600,30,330,210
2025-06-11 09:28:02.000000,614.8,201870,336600,30,330,210
2025-06-11 09:28:03.000000,614.1,202200,336600,30,360,240
2025-06-11 09:28:03.000000,614.1,202200,336600,30,360,240
2025-06-11 09:28:04.000000,613.55,202200,336600,30,360,240
2025-06-11 09:28:05.000000,613.55,202230,336600,30,360,270
2025-06-11 09:28:06.000000,613.55,202230,336600,30,330,510
2025-06-11 09:28:06.000000,612.4,202230,336600,30,330,510
2025-06-11 09:28:07.000000,613.8,202230,336600,30,330,510
2025-06-11 09:28:07.000000,613.8,202290,336600,30,390,240
2025-06-11 09:28:08.000000,613.0,202290,336600,30,390,240
2025-06-11 09:28:08.000000,613.0,202320,336600,30,240,270
2025-06-11 09:28:09.000000,614.0,202320,336600,30,240,270
2025-06-11 09:28:10.000000,614.0,202380,336600,30,390,270
2025-06-11 09:28:10.000000,614.0,202380,336600,30,390,270
2025-06-11 09:28:11.000000,614.0,202380,336600,30,330,300
2025-06-11 09:28:12.000000,614.0,202380,336600,30,240,450
2025-06-11 09:28:12.000000,615.0,202380,336600,60,240,450
2025-06-11 09:28:13.000000,616.5,202530,336600,30,450,270
2025-06-11 09:28:13.000000,616.5,202530,336600,30,450,270
2025-06-11 09:28:14.000000,615.85,202530,336600,30,450,270
2025-06-11 09:28:15.000000,617.65,202740,336600,30,450,450
2025-06-11 09:28:15.000000,617.1,202740,336600,30,450,450
2025-06-11 09:28:16.000000,617.1,202830,336600,60,540,180
2025-06-11 09:28:16.000000,617.1,202830,336600,60,540,180
2025-06-11 09:28:17.000000,617.0,202860,336600,30,270,450
2025-06-11 09:28:17.000000,617.0,202860,336600,30,270,450
2025-06-11 09:28:18.000000,617.1,202860,336600,30,270,450
2025-06-11 09:28:18.000000,617.1,202890,336600,30,420,450
2025-06-11 09:28:19.000000,617.65,202890,336600,30,420,450
2025-06-11 09:28:20.000000,617.65,202950,336600,30,360,420
2025-06-11 09:28:21.000000,617.65,202950,336600,30,480,210
2025-06-11 09:28:21.000000,617.1,202950,336600,90,480,210
2025-06-11 09:28:22.000000,616.25,202950,336600,30,480,210
2025-06-11 09:28:22.000000,616.25,203070,336600,30,420,270
2025-06-11 09:28:23.000000,616.85,203070,336600,30,420,270
2025-06-11 09:28:23.000000,616.85,203100,336600,30,300,270
2025-06-11 09:28:24.000000,616.3,203100,336600,30,300,270
2025-06-11 09:28:24.000000,616.2,203100,336600,30,300,270
2025-06-11 09:28:25.000000,616.2,203310,336600,30,450,360
2025-06-11 09:28:25.000000,616.2,203310,336600,30,450,360
2025-06-11 09:28:26.000000,616.3,203430,336600,30,270,390
2025-06-11 09:28:26.000000,616.35,203430,336600,30,270,390
2025-06-11 09:28:27.000000,616.3,203520,336600,30,420,300
2025-06-11 09:28:27.000000,616.3,203520,336600,30,420,300
2025-06-11 09:28:28.000000,616.3,203520,336600,30,480,300
2025-06-11 09:28:29.000000,613.4,203520,336600,30,480,300
2025-06-11 09:28:29.000000,614.35,203520,336600,30,480,300
2025-06-11 09:28:30.000000,614.35,203610,336600,30,390,210
2025-06-11 09:28:30.000000,614.35,203610,336600,30,390,210
2025-06-11 09:28:30.000000,616.15,203610,336600,60,390,210
2025-06-11 09:28:31.000000,616.15,203670,336600,60,390,300
2025-06-11 09:28:32.000000,616.5,203670,336600,30,390,300
2025-06-11 09:28:32.000000,616.5,203700,336600,30,270,270
2025-06-11 09:28:33.000000,616.5,203700,336600,30,420,210
2025-06-11 09:28:34.000000,615.65,203700,336600,30,420,210
2025-06-11 09:28:34.000000,613.65,203700,336600,30,420,210
2025-06-11 09:28:35.000000,613.65,203760,336600,30,390,270
2025-06-11 09:28:36.000000,613.2,203760,336600,30,390,270
2025-06-11 09:28:36.000000,613.2,203790,336600,30,630,390
2025-06-11 09:28:36.000000,613.3,203790,336600,30,630,390
2025-06-11 09:28:37.000000,613.3,203850,336600,30,630,450
2025-06-11 09:28:38.000000,612.0,203850,336600,30,630,450
2025-06-11 09:28:38.000000,612.0,204120,336600,30,360,210
2025-06-11 09:28:39.000000,612.55,204120,336600,60,360,210
2025-06-11 09:28:39.000000,613.0,204120,336600,30,360,210
2025-06-11 09:28:40.000000,613.0,204600,336600,30,480,240
2025-06-11 09:28:40.000000,613.1,204600,336600,30,480,240
2025-06-11 09:28:41.000000,613.1,204630,336600,30,420,330
2025-06-11 09:28:41.000000,613.2,204630,336600,30,420,330
2025-06-11 09:28:42.000000,613.2,204660,336600,30,330,420
2025-06-11 09:28:43.000000,611.05,204660,336600,60,330,420
2025-06-11 09:28:43.000000,611.05,205080,336600,60,360,330
2025-06-11 09:28:44.000000,611.2,205080,336600,30,360,330
2025-06-11 09:28:45.000000,611.2,205110,336600,30,450,240
2025-06-11 09:28:45.000000,610.6,205110,336600,30,450,240
2025-06-11 09:28:45.000000,610.05,205110,336600,60,450,240
2025-06-11 09:28:46.000000,612.25,205500,336600,60,360,300
2025-06-11 09:28:46.000000,612.25,205500,336600,60,360,300
2025-06-11 09:28:47.000000,611.6,205560,336600,30,990,330
2025-06-11 09:28:47.000000,611.7,205560,336600,30,990,330
2025-06-11 09:28:48.000000,612.15,205560,336600,30,990,330
2025-06-11 09:28:48.000000,612.15,205650,336600,30,360,300
2025-06-11 09:28:49.000000,612.45,205650,336600,30,360,300
2025-06-11 09:28:50.000000,612.45,205800,336600,30,420,270
2025-06-11 09:28:50.000000,613.0,205800,336600,30,420,270
2025-06-11 09:28:51.000000,613.05,205920,336600,30,420,390
2025-06-11 09:28:51.000000,613.05,205920,336600,30,420,390
2025-06-11 09:28:52.000000,613.5,206010,336600,30,390,240
2025-06-11 09:28:52.000000,613.2,206010,336600,30,390,240
2025-06-11 09:28:53.000000,613.2,206070,336600,30,360,150
2025-06-11 09:28:55.000000,613.2,206070,336600,30,300,210
2025-06-11 09:28:56.000000,613.2,206070,336600,30,300,210
2025-06-11 09:28:57.000000,613.0,206070,336600,120,300,210
2025-06-11 09:28:57.000000,613.0,206220,336600,120,300,540
2025-06-11 09:28:58.000000,611.7,206220,336600,60,300,540
2025-06-11 09:28:58.000000,611.7,206310,336600,60,360,360
2025-06-11 09:29:00.000000,611.7,206310,336600,60,600,240
2025-06-11 09:29:00.000000,611.7,206310,336600,60,600,240
2025-06-11 09:29:00.000000,609.0,206310,336600,30,600,240
2025-06-11 09:29:01.000000,609.0,207090,336600,30,390,300
2025-06-11 09:29:01.000000,609.7,207090,336600,30,390,300
2025-06-11 09:29:01.000000,608.6,207090,336600,30,390,300
2025-06-11 09:29:02.000000,607.7,207300,336600,30,360,210
2025-06-11 09:29:02.000000,607.75,207300,336600,30,360,210
2025-06-11 09:29:03.000000,606.95,207300,336600,30,360,210
2025-06-11 09:29:04.000000,606.95,207570,336600,30,240,270
2025-06-11 09:29:04.000000,606.25,207570,336600,30,240,270
2025-06-11 09:29:05.000000,606.25,207690,336600,30,270,300
2025-06-11 09:29:05.000000,606.0,207690,336600,30,270,300
2025-06-11 09:29:06.000000,606.0,207750,336600,30,270,330
2025-06-11 09:29:07.000000,606.8,207750,336600,30,270,330
2025-06-11 09:29:07.000000,606.8,207780,336600,30,450,270
2025-06-11 09:29:08.000000,605.5,207780,336600,30,450,270
2025-06-11 09:29:08.000000,605.75,207780,336600,90,450,270
2025-06-11 09:29:09.000000,605.75,207990,336600,90,420,300
2025-06-11 09:29:09.000000,606.65,207990,336600,30,420,300
2025-06-11 09:29:10.000000,608.9,208560,336600,30,330,270
2025-06-11 09:29:10.000000,608.9,208560,336600,30,330,270
2025-06-11 09:29:11.000000,610.25,208590,336600,30,270,270
2025-06-11 09:29:11.000000,610.25,208590,336600,30,270,270
2025-06-11 09:29:12.000000,611.85,208770,336600,30,330,360
2025-06-11 09:29:12.000000,611.85,208770,336600,30,330,360
2025-06-11 09:29:13.000000,609.2,208770,336600,30,330,360
2025-06-11 09:29:14.000000,609.2,208830,336600,30,420,210
2025-06-11 09:29:14.000000,609.2,208830,336600,30,420,210
2025-06-11 09:29:15.000000,609.2,208920,336600,30,270,300
2025-06-11 09:29:15.000000,609.2,208920,336600,30,270,300
2025-06-11 09:29:16.000000,608.2,208950,336600,30,450,240
2025-06-11 09:29:16.000000,609.7,208950,336600,30,450,240
2025-06-11 09:29:17.000000,609.45,209250,336600,30,270,240
2025-06-11 09:29:17.000000,609.4,209250,336600,30,270,240
2025-06-11 09:29:18.000000,609.4,209310,336600,30,570,360
2025-06-11 09:29:19.000000,607.9,209310,336600,30,570,360
2025-06-11 09:29:20.000000,607.9,209370,336600,30,420,360
2025-06-11 09:29:20.000000,609.6,209370,336600,30,420,360
2025-06-11 09:29:21.000000,610.0,209460,336600,30,270,360
2025-06-11 09:29:21.000000,609.5,209460,336600,30,270,360
2025-06-11 09:29:22.000000,609.5,209520,336600,30,390,360
2025-06-11 09:29:23.000000,609.2,209520,336600,30,390,360
2025-06-11 09:29:23.000000,609.2,209550,336600,30,360,330
2025-06-11 09:29:24.000000,609.45,209550,336600,30,360,330
2025-06-11 09:29:25.000000,609.45,209670,336600,30,210,210
2025-06-11 09:29:25.000000,610.25,209670,336600,30,210,210
2025-06-11 09:29:25.000000,608.85,209670,336600,30,210,210
2025-06-11 09:29:26.000000,609.1,209970,336600,30,300,240
2025-06-11 09:29:26.000000,609.1,209970,336600,30,300,240
2025-06-11 09:29:27.000000,610.15,210090,336600,30,270,330
2025-06-11 09:29:27.000000,610.15,210090,336600,30,270,330
2025-06-11 09:29:28.000000,610.2,210120,336600,30,540,210
2025-06-11 09:29:28.000000,611.15,210120,336600,30,540,210
2025-06-11 09:29:29.000000,609.85,210120,336600,30,540,210
2025-06-11 09:29:30.000000,609.85,210270,336600,30,660,270
2025-06-11 09:29:30.000000,609.85,210270,336600,30,660,270
2025-06-11 09:29:30.000000,608.0,210270,336600,30,660,270
2025-06-11 09:29:31.000000,608.0,210660,336600,30,480,270
2025-06-11 09:29:32.000000,608.0,210660,336600,30,300,240
2025-06-11 09:29:33.000000,608.0,210660,336600,30,210,240
2025-06-11 09:29:34.000000,605.45,210660,336600,30,210,240
2025-06-11 09:29:34.000000,606.9,210840,336600,30,390,240
2025-06-11 09:29:34.000000,606.9,210840,336600,30,390,240
2025-06-11 09:29:35.000000,607.15,210840,336600,30,390,240
2025-06-11 09:29:36.000000,608.5,210960,336600,30,330,180
2025-06-11 09:29:36.000000,606.85,210960,336600,30,330,180
2025-06-11 09:29:37.000000,608.75,211260,336600,30,210,270
2025-06-11 09:29:37.000000,607.95,211260,336600,30,210,270
2025-06-11 09:29:38.000000,607.95,211920,336600,30,360,390
2025-06-11 09:29:38.000000,610.0,211920,336600,120,360,390
2025-06-11 09:29:39.000000,610.6,212100,336600,30,330,270
2025-06-11 09:29:39.000000,610.6,212100,336600,30,330,270
2025-06-11 09:29:40.000000,610.9,212100,336600,30,330,270
2025-06-11 09:29:41.000000,610.9,212250,336600,30,270,300
2025-06-11 09:29:41.000000,610.8,212250,336600,30,270,300
2025-06-11 09:29:42.000000,611.2,212310,336600,30,270,180
2025-06-11 09:29:42.000000,611.2,212310,336600,30,270,180
2025-06-11 09:29:43.000000,611.0,212340,336600,30,330,330
2025-06-11 09:29:43.000000,610.3,212340,336600,30,330,330
2025-06-11 09:29:44.000000,609.25,212520,336600,30,360,270
2025-06-11 09:29:44.000000,609.25,212520,336600,30,360,270
2025-06-11 09:29:46.000000,609.25,212520,336600,30,330,240
2025-06-11 09:29:46.000000,608.4,212520,336600,30,330,240
2025-06-11 09:29:47.000000,610.15,212520,336600,30,330,240
2025-06-11 09:29:47.000000,610.15,212580,336600,30,300,390
2025-06-11 09:29:47.000000,610.25,212580,336600,30,300,390
2025-06-11 09:29:48.000000,610.3,212730,336600,30,270,360
2025-06-11 09:29:48.000000,610.3,212730,336600,30,270,360
2025-06-11 09:29:49.000000,610.6,212760,336600,30,330,360
2025-06-11 09:29:49.000000,609.6,212760,336600,30,330,360
2025-06-11 09:29:50.000000,608.4,213210,336600,60,240,270
2025-06-11 09:29:50.000000,608.4,213210,336600,60,240,270
2025-06-11 09:29:51.000000,609.85,213210,336600,30,240,270
2025-06-11 09:29:52.000000,609.85,213240,336600,30,390,150
2025-06-11 09:29:52.000000,610.2,213240,336600,30,390,150
2025-06-11 09:29:53.000000,610.2,213270,336600,30,300,360
2025-06-11 09:29:54.000000,608.4,213270,336600,30,300,360
2025-06-11 09:29:54.000000,608.4,213330,336600,30,420,270
2025-06-11 09:29:55.000000,608.4,213330,336600,30,570,360
2025-06-11 09:29:56.000000,607.7,213330,336600,30,570,360
2025-06-11 09:29:57.000000,607.7,213420,336600,30,180,330
2025-06-11 09:29:57.000000,609.35,213420,336600,30,180,330
2025-06-11 09:29:57.000000,610.25,213420,336600,30,180,330
2025-06-11 09:29:58.000000,610.25,213570,336600,30,420,270
2025-06-11 09:29:59.000000,610.25,213570,336600,30,420,270
2025-06-11 09:29:59.000000,608.85,213600,336600,30,300,450
2025-06-11 09:30:00.000000,608.85,213600,336600,30,300,450
2025-06-11 09:30:00.000000,608.85,213600,336600,30,300,450
2025-06-11 09:30:00.000000,607.7,213660,336600,30,420,240
2025-06-11 09:30:01.000000,607.7,213660,336600,30,420,240
2025-06-11 09:30:02.000000,607.0,213660,336600,30,420,240
2025-06-11 09:30:02.000000,607.0,213810,336600,30,450,330
2025-06-11 09:30:03.000000,604.0,213810,336600,30,450,330
2025-06-11 09:30:03.000000,603.3,214440,336600,30,420,360
2025-06-11 09:30:04.000000,603.15,214440,336600,30,420,360
2025-06-11 09:30:04.000000,604.35,214560,336600,60,360,300
2025-06-11 09:30:05.000000,604.35,214560,336600,60,360,300
2025-06-11 09:30:05.000000,606.85,214620,336600,30,630,330
2025-06-11 09:30:06.000000,606.85,214620,336600,30,630,330
2025-06-11 09:30:07.000000,605.65,214620,336600,30,630,330
2025-06-11 09:30:07.000000,605.65,214800,336600,30,270,240
2025-06-11 09:30:08.000000,605.65,214800,336600,30,330,390
2025-06-11 09:30:08.000000,605.7,214800,336600,30,330,390
2025-06-11 09:30:09.000000,605.7,214830,336600,30,390,300
2025-06-11 09:30:09.000000,606.75,214830,336600,30,390,300
2025-06-11 09:30:10.000000,605.9,214830,336600,30,390,300
2025-06-11 09:30:10.000000,605.45,215190,336600,30,330,240
2025-06-11 09:30:11.000000,606.95,215190,336600,30,330,240
2025-06-11 09:30:12.000000,606.95,215280,336600,30,270,240
2025-06-11 09:30:12.000000,605.65,215280,336600,30,270,240
2025-06-11 09:30:13.000000,605.4,215280,336600,30,270,240
2025-06-11 09:30:13.000000,604.0,215460,336600,30,300,330
2025-06-11 09:30:14.000000,603.1,215460,336600,30,300,330
2025-06-11 09:30:14.000000,603.75,216210,336600,30,210,240
2025-06-11 09:30:15.000000,604.3,216210,336600,30,210,240
2025-06-11 09:30:15.000000,602.35,216330,336600,30,270,300
2025-06-11 09:30:16.000000,602.35,216330,336600,30,270,300
2025-06-11 09:30:17.000000,600.0,216330,336600,30,270,300
2025-06-11 09:30:17.000000,600.0,216480,336600,30,1230,360
2025-06-11 09:30:18.000000,600.0,216480,336600,30,1230,360
2025-06-11 09:30:18.000000,600.0,216750,336600,30,960,1200
2025-06-11 09:30:19.000000,603.45,216750,336600,30,960,1200
2025-06-11 09:30:19.000000,603.45,216900,336600,30,420,390
2025-06-11 09:30:20.000000,602.95,216900,336600,30,420,390
2025-06-11 09:30:20.000000,604.35,217200,336600,30,330,270
2025-06-11 09:30:21.000000,605.3,217200,336600,30,330,270
2025-06-11 09:30:22.000000,605.0,217200,336600,30,330,270
2025-06-11 09:30:22.000000,605.0,217350,336600,30,510,510
2025-06-11 09:30:23.000000,608.5,217350,336600,30,510,510
2025-06-11 09:30:23.000000,609.05,217830,336600,30,300,480
2025-06-11 09:30:24.000000,609.05,217830,336600,30,300,480
2025-06-11 09:30:24.000000,609.2,217860,336600,30,360,360
2025-06-11 09:30:25.000000,609.85,217860,336600,30,360,360
2025-06-11 09:30:25.000000,610.5,218250,336600,60,510,270
2025-06-11 09:30:26.000000,610.5,218250,336600,60,510,270
2025-06-11 09:30:27.000000,612.4,218250,336600,30,510,270
2025-06-11 09:30:27.000000,612.4,218280,336600,30,270,330
2025-06-11 09:30:28.000000,612.6,218280,336600,30,270,330
2025-06-11 09:30:28.000000,612.0,218550,336600,30,420,240
2025-06-11 09:30:29.000000,610.85,218550,336600,30,420,240
2025-06-11 09:30:29.000000,610.85,218610,336600,30,390,360
2025-06-11 09:30:30.000000,610.0,218610,336600,30,390,360
2025-06-11 09:30:30.000000,610.0,218610,336600,30,390,360
2025-06-11 09:30:30.000000,609.5,218730,336600,30,480,300
2025-06-11 09:30:31.000000,609.5,218730,339330,30,480,300
2025-06-11 09:30:32.000000,610.55,218730,339330,30,480,300
2025-06-11 09:30:32.000000,610.55,218760,339330,30,270,210
2025-06-11 09:30:33.000000,611.0,218760,339330,30,270,210
2025-06-11 09:30:33.000000,612.5,218880,339330,30,270,240
2025-06-11 09:30:34.000000,610.85,218880,339330,30,270,240
2025-06-11 09:30:34.000000,612.0,219000,339330,30,450,210
2025-06-11 09:30:35.000000,612.55,219000,339330,30,450,210
2025-06-11 09:30:35.000000,611.35,219150,339330,30,630,300
2025-06-11 09:30:36.000000,610.45,219150,339330,30,630,300
2025-06-11 09:30:37.000000,609.65,219150,339330,30,630,300
2025-06-11 09:30:37.000000,609.65,219330,339330,30,330,450
2025-06-11 09:30:38.000000,610.0,219330,339330,30,330,450
2025-06-11 09:30:38.000000,610.0,219870,339330,30,390,420
2025-06-11 09:30:39.000000,610.2,219870,339330,30,390,420
2025-06-11 09:30:39.000000,610.2,219960,339330,30,330,300
2025-06-11 09:30:40.000000,611.45,219960,339330,30,330,300
2025-06-11 09:30:40.000000,611.45,219990,339330,30,330,360
2025-06-11 09:30:41.000000,612.0,219990,339330,30,330,360
2025-06-11 09:30:42.000000,612.0,220020,339330,30,390,210
2025-06-11 09:30:43.000000,612.0,220020,339330,30,630,270
2025-06-11 09:30:43.000000,612.0,220020,339330,30,630,270
2025-06-11 09:30:44.000000,612.75,220080,339330,30,330,600
2025-06-11 09:30:44.000000,612.75,220080,339330,30,330,600
2025-06-11 09:30:45.000000,612.75,220080,339330,60,330,600
2025-06-11 09:30:45.000000,612.75,220140,339330,60,570,510
2025-06-11 09:30:46.000000,612.0,220140,339330,30,570,510
2025-06-11 09:30:47.000000,612.75,220140,339330,30,570,510
2025-06-11 09:30:47.000000,616.5,221850,339330,30,540,570
2025-06-11 09:30:48.000000,614.2,221850,339330,60,540,570
2025-06-11 09:30:48.000000,614.2,221970,339330,60,300,570
2025-06-11 09:30:49.000000,613.75,221970,339330,30,300,570
2025-06-11 09:30:49.000000,615.0,222630,339330,30,330,210
2025-06-11 09:30:50.000000,614.95,222630,339330,30,330,210
2025-06-11 09:30:50.000000,614.95,222660,339330,30,390,240
2025-06-11 09:30:51.000000,613.2,222660,339330,30,390,240
2025-06-11 09:30:52.000000,613.85,222660,339330,30,390,240
2025-06-11 09:30:52.000000,613.85,222870,339330,30,330,360
2025-06-11 09:30:53.000000,614.15,222870,339330,30,330,360
2025-06-11 09:30:53.000000,614.15,222930,339330,30,360,330
2025-06-11 09:30:54.000000,613.95,222930,339330,30,360,330
2025-06-11 09:30:54.000000,614.2,223110,339330,30,570,270
2025-06-11 09:30:55.000000,614.2,223110,339330,30,570,270
2025-06-11 09:30:55.000000,614.2,223110,339330,30,450,360
2025-06-11 09:30:57.000000,614.2,223110,339330,30,480,360
2025-06-11 09:30:58.000000,615.35,223110,339330,30,480,360
2025-06-11 09:30:58.000000,615.35,223140,339330,30,780,300
2025-06-11 09:30:59.000000,614.8,223140,339330,30,780,300
2025-06-11 09:30:59.000000,614.8,223170,339330,30,450,450
2025-06-11 09:31:00.000000,618.75,223170,339330,30,450,450
2025-06-11 09:31:00.000000,618.75,223170,339330,30,450,450
2025-06-11 09:31:00.000000,617.7,223410,339330,30,390,660
2025-06-11 09:31:01.000000,617.7,223410,339330,30,390,660
2025-06-11 09:31:02.000000,620.05,223410,339330,30,390,660
2025-06-11 09:31:02.000000,620.05,223770,339330,30,360,570
2025-06-11 09:31:03.000000,622.6,223770,339330,30,360,570
2025-06-11 09:31:03.000000,622.6,223860,339330,30,240,420
2025-06-11 09:31:04.000000,622.35,223860,339330,30,240,420
2025-06-11 09:31:04.000000,622.35,224070,339330,60,390,810
2025-06-11 09:31:05.000000,620.0,224070,339330,30,390,810
2025-06-11 09:31:05.000000,621.75,224250,339330,150,450,570
2025-06-11 09:31:06.000000,620.45,224250,339330,30,450,570
2025-06-11 09:31:07.000000,620.15,224250,339330,30,450,570
2025-06-11 09:31:07.000000,619.4,225510,339330,30,630,240
2025-06-11 09:31:08.000000,619.4,225510,339330,30,630,240
2025-06-11 09:31:08.000000,621.65,225540,339330,30,240,240
2025-06-11 09:31:09.000000,621.65,225540,339330,30,240,240
2025-06-11 09:31:09.000000,619.45,225630,339330,30,150,510
2025-06-11 09:31:10.000000,615.0,225630,339330,30,150,510
2025-06-11 09:31:10.000000,616.7,225780,339330,60,480,450
2025-06-11 09:31:11.000000,617.75,225780,339330,30,480,450
2025-06-11 09:31:12.000000,619.1,225780,339330,30,480,450
2025-06-11 09:31:12.000000,619.1,226350,339330,30,450,450
2025-06-11 09:31:13.000000,619.65,226350,339330,30,450,450
2025-06-11 09:31:13.000000,619.65,226380,339330,30,300,330
2025-06-11 09:31:14.000000,620.5,226380,339330,30,300,330
2025-06-11 09:31:14.000000,620.5,226440,339330,30,300,240
2025-06-11 09:31:15.000000,619.55,226440,339330,30,300,240
2025-06-11 09:31:15.000000,620.15,226740,339330,30,480,240
2025-06-11 09:31:16.000000,619.65,226740,339330,30,480,240
2025-06-11 09:31:17.000000,619.45,226830,339330,30,450,360
2025-06-11 09:31:17.000000,619.45,226830,339330,30,450,360
2025-06-11 09:31:18.000000,617.05,226920,339330,30,420,270
2025-06-11 09:31:18.000000,617.05,226920,339330,30,420,270
2025-06-11 09:31:19.000000,617.6,226920,339330,30,420,270
2025-06-11 09:31:19.000000,617.6,226950,339330,30,390,270
2025-06-11 09:31:20.000000,617.1,226950,339330,30,390,270
2025-06-11 09:31:20.000000,617.1,227040,339330,30,300,270
2025-06-11 09:31:21.000000,617.35,227040,339330,30,300,270
2025-06-11 09:31:22.000000,617.35,227190,339330,30,480,240
2025-06-11 09:31:22.000000,617.35,227190,339330,30,480,240
2025-06-11 09:31:23.000000,618.75,227190,339330,30,480,240
2025-06-11 09:31:23.000000,618.75,227220,339330,30,270,390
2025-06-11 09:31:24.000000,618.75,227220,339330,30,300,270
2025-06-11 09:31:25.000000,617.3,227220,339330,30,300,270
2025-06-11 09:31:25.000000,617.1,227280,339330,30,390,510
2025-06-11 09:31:26.000000,617.35,227280,339330,30,390,510
2025-06-11 09:31:27.000000,617.35,227370,339330,30,630,240
2025-06-11 09:31:27.000000,615.4,227370,339330,30,630,240
2025-06-11 09:31:28.000000,615.4,227430,339330,30,270,270
2025-06-11 09:31:28.000000,615.35,227430,339330,30,270,270
2025-06-11 09:31:29.000000,615.35,227640,339330,30,270,150
2025-06-11 09:31:29.000000,616.85,227640,339330,30,270,150
2025-06-11 09:31:30.000000,616.55,227640,339330,30,270,150
2025-06-11 09:31:30.000000,616.55,227640,339330,30,270,150
2025-06-11 09:31:30.000000,617.15,227790,339330,30,240,330
2025-06-11 09:31:31.000000,617.15,227790,339330,30,240,330
2025-06-11 09:31:32.000000,617.05,227850,339330,30,390,180
2025-06-11 09:31:32.000000,617.05,227850,339330,30,390,180
2025-06-11 09:31:33.000000,612.7,227850,339330,30,390,180
2025-06-11 09:31:33.000000,612.7,228150,339330,30,270,270
2025-06-11 09:31:34.000000,613.85,228150,339330,30,270,270
2025-06-11 09:31:34.000000,615.6,228270,339330,30,240,270
2025-06-11 09:31:35.000000,614.45,228270,339330,30,240,270
2025-06-11 09:31:35.000000,616.3,228360,339330,30,330,330
2025-06-11 09:31:36.000000,616.3,228360,339330,30,330,330
2025-06-11 09:31:37.000000,614.9,228390,339330,30,330,240
2025-06-11 09:31:37.000000,614.9,228390,339330,30,330,240
2025-06-11 09:31:38.000000,614.2,228390,339330,30,330,240
2025-06-11 09:31:38.000000,614.2,228420,339330,30,150,300
2025-06-11 09:31:39.000000,614.2,228420,339330,30,300,330
2025-06-11 09:31:40.000000,612.0,228420,339330,30,300,330
2025-06-11 09:31:40.000000,610.05,228750,339330,30,810,270
2025-06-11 09:31:41.000000,611.35,228750,339330,30,810,270
2025-06-11 09:31:42.000000,610.0,229320,339330,30,390,300
2025-06-11 09:31:42.000000,610.0,229320,339330,30,390,300
2025-06-11 09:31:43.000000,608.8,229320,339330,30,390,300
2025-06-11 09:31:43.000000,608.8,229620,339330,30,240,450
2025-06-11 09:31:44.000000,608.0,229620,339330,30,240,450
2025-06-11 09:31:44.000000,608.0,230010,339330,30,240,240
2025-06-11 09:31:45.000000,610.05,230010,339330,30,240,240
2025-06-11 09:31:45.000000,610.4,230070,339330,30,360,540
2025-06-11 09:31:46.000000,610.4,230070,339330,30,360,540
2025-06-11 09:31:47.000000,608.2,230100,339330,30,360,210
2025-06-11 09:31:47.000000,608.2,230100,339330,30,360,210
2025-06-11 09:31:48.000000,608.2,230100,339330,30,330,330
2025-06-11 09:31:48.000000,610.25,230100,339330,60,330,330
2025-06-11 09:31:49.000000,608.5,230100,339330,30,330,330
2025-06-11 09:31:49.000000,608.5,230400,339330,30,360,390
2025-06-11 09:31:50.000000,608.5,230400,339330,30,360,390
2025-06-11 09:31:50.000000,608.75,230520,339330,30,180,390
2025-06-11 09:31:51.000000,608.75,230520,339330,30,180,390
2025-06-11 09:31:52.000000,608.35,230550,339330,30,330,330
2025-06-11 09:31:52.000000,608.35,230550,339330,30,330,330
2025-06-11 09:31:53.000000,606.25,230550,339330,30,330,330
2025-06-11 09:31:53.000000,606.25,230580,339330,30,390,450
2025-06-11 09:31:54.000000,606.2,230580,339330,30,390,450
2025-06-11 09:31:54.000000,607.45,230700,339330,30,270,330
2025-06-11 09:31:55.000000,607.45,230700,339330,30,270,330
2025-06-11 09:31:55.000000,607.45,230700,339330,30,390,330
2025-06-11 09:31:56.000000,606.95,230700,339330,30,390,330
2025-06-11 09:31:57.000000,606.6,231060,339330,30,270,240
2025-06-11 09:31:57.000000,606.6,231060,339330,30,270,240
2025-06-11 09:31:58.000000,607.35,231060,339330,30,270,240
2025-06-11 09:31:58.000000,608.75,231270,339330,30,210,390
2025-06-11 09:31:59.000000,607.4,231270,339330,30,210,390
2025-06-11 09:31:59.000000,609.15,231390,339330,30,390,390
2025-06-11 09:32:00.000000,609.15,231390,339330,30,390,390
2025-06-11 09:32:00.000000,609.15,231390,339330,30,390,390
2025-06-11 09:32:00.000000,609.15,231390,339330,30,360,270
2025-06-11 09:32:02.000000,609.15,231390,339330,30,240,360
2025-06-11 09:32:02.000000,609.4,231390,339330,30,240,360
2025-06-11 09:32:03.000000,609.4,231450,339330,30,390,300
2025-06-11 09:32:04.000000,607.8,231450,339330,30,390,300
2025-06-11 09:32:04.000000,607.8,231570,339330,30,390,420
2025-06-11 09:32:05.000000,608.15,231570,339330,30,390,420
2025-06-11 09:32:05.000000,608.15,231630,339330,30,330,270
2025-06-11 09:32:07.000000,608.15,231630,339330,30,360,240
2025-06-11 09:32:07.000000,608.85,231630,339330,30,360,240
2025-06-11 09:32:08.000000,608.85,231660,339330,30,180,300
2025-06-11 09:32:09.000000,608.85,231660,339330,30,330,450
2025-06-11 09:32:10.000000,608.85,231660,339330,30,360,450
2025-06-11 09:32:11.000000,610.9,231660,339330,30,360,450
2025-06-11 09:32:12.000000,610.9,231690,339330,30,450,360
2025-06-11 09:32:12.000000,614.05,231690,339330,30,450,360
2025-06-11 09:32:13.000000,614.05,232020,339330,30,240,330
2025-06-11 09:32:14.000000,614.05,232020,339330,30,450,240
2025-06-11 09:32:15.000000,614.05,232020,339330,30,300,210
2025-06-11 09:32:16.000000,612.1,232110,339330,30,600,240
2025-06-11 09:32:17.000000,612.1,232110,339330,30,600,240
2025-06-11 09:32:18.000000,612.1,232110,339330,30,420,390
2025-06-11 09:32:19.000000,612.1,232110,339330,30,390,210
2025-06-11 09:32:20.000000,612.1,232110,339330,30,510,270
2025-06-11 09:32:21.000000,612.1,232110,339330,30,810,150
2025-06-11 09:32:22.000000,613.7,232110,339330,30,810,150
2025-06-11 09:32:23.000000,613.7,232140,339330,30,510,180
2025-06-11 09:32:23.000000,612.05,232140,339330,30,510,180
2025-06-11 09:32:24.000000,609.9,232140,339330,30,510,180
2025-06-11 09:32:24.000000,609.9,232350,339330,30,270,510
2025-06-11 09:32:25.000000,610.7,232350,339330,60,270,510
2025-06-11 09:32:25.000000,610.7,232410,339330,60,300,360
2025-06-11 09:32:26.000000,610.7,232410,339330,60,450,390
2025-06-11 09:32:27.000000,610.7,232410,339330,60,360,270
2025-06-11 09:32:28.000000,611.7,232410,339330,30,360,270
2025-06-11 09:32:29.000000,611.7,232470,339330,30,210,390
2025-06-11 09:32:29.000000,610.95,232470,339330,30,210,390
2025-06-11 09:32:30.000000,611.4,232470,339330,30,210,390
2025-06-11 09:32:30.000000,611.4,232470,339330,30,210,390
2025-06-11 09:32:30.000000,611.4,232530,339330,30,390,330
2025-06-11 09:32:31.000000,610.0,232530,339330,90,390,330
2025-06-11 09:32:31.000000,610.15,232920,339330,30,300,360
2025-06-11 09:32:32.000000,609.0,232920,339330,30,300,360
2025-06-11 09:32:32.000000,610.4,233010,339330,60,330,540
2025-06-11 09:32:33.000000,609.0,233010,339330,30,330,540
2025-06-11 09:32:34.000000,608.5,233010,339330,30,330,540
2025-06-11 09:32:34.000000,608.5,233190,339330,30,330,570
2025-06-11 09:32:35.000000,610.85,233190,339330,30,330,570
2025-06-11 09:32:35.000000,610.85,233310,339330,30,360,300
2025-06-11 09:32:36.000000,610.85,233310,339330,30,360,300
2025-06-11 09:32:36.000000,610.85,233550,339330,60,270,180
2025-06-11 09:32:37.000000,610.85,233550,339330,60,270,180
2025-06-11 09:32:37.000000,610.85,233550,339330,60,300,390
2025-06-11 09:32:38.000000,609.1,233550,339330,30,300,390
2025-06-11 09:32:39.000000,609.1,233580,339330,30,300,210
2025-06-11 09:32:40.000000,610.5,233580,339330,30,300,210
2025-06-11 09:32:40.000000,610.5,233640,339330,30,300,420
2025-06-11 09:32:41.000000,610.5,233640,339330,30,300,420
2025-06-11 09:32:42.000000,608.55,233640,339330,30,300,420
2025-06-11 09:32:42.000000,608.55,233670,339330,30,360,300
2025-06-11 09:32:43.000000,609.0,233670,339330,30,360,300
2025-06-11 09:32:43.000000,608.4,233790,339330,30,480,270
2025-06-11 09:32:44.000000,608.4,233790,339330,30,480,270
2025-06-11 09:32:45.000000,609.85,233790,339330,30,480,270
2025-06-11 09:32:45.000000,609.85,233850,339330,30,180,420
2025-06-11 09:32:46.000000,608.75,233850,339330,30,180,420
2025-06-11 09:32:46.000000,608.4,233910,339330,30,240,270
2025-06-11 09:32:47.000000,608.4,233910,339330,30,240,270
2025-06-11 09:32:47.000000,608.4,233940,339330,30,300,240
2025-06-11 09:32:48.000000,610.0,233940,339330,30,300,240
2025-06-11 09:32:48.000000,610.0,233970,339330,30,300,360
2025-06-11 09:32:50.000000,609.8,233970,339330,30,300,360
2025-06-11 09:32:50.000000,609.8,234000,339330,30,270,390
2025-06-11 09:32:51.000000,609.35,234000,339330,30,270,390
2025-06-11 09:32:51.000000,609.35,234090,339330,30,450,360
2025-06-11 09:32:52.000000,608.0,234090,339330,30,450,360
2025-06-11 09:32:52.000000,608.0,234150,339330,30,420,510
2025-06-11 09:32:53.000000,608.1,234150,339330,60,420,510
2025-06-11 09:32:53.000000,608.05,234360,339330,30,450,600
2025-06-11 09:32:54.000000,608.05,234360,339330,30,450,600
2025-06-11 09:32:55.000000,608.05,234360,339330,30,360,270
2025-06-11 09:32:56.000000,608.55,234360,339330,30,360,270
2025-06-11 09:32:56.000000,608.55,234420,339330,30,240,420
2025-06-11 09:32:57.000000,608.55,234420,339330,30,300,240
2025-06-11 09:32:58.000000,611.0,234420,339330,30,300,240
2025-06-11 09:32:58.000000,611.0,234480,339330,30,420,240
2025-06-11 09:32:59.000000,609.2,234480,339330,30,420,240
2025-06-11 09:33:00.000000,609.2,234570,339330,30,240,360
2025-06-11 09:33:00.000000,609.2,234570,339330,30,240,360
2025-06-11 09:33:00.000000,609.1,234570,339330,90,240,360
2025-06-11 09:33:01.000000,607.0,234570,339330,30,240,360
2025-06-11 09:33:01.000000,607.0,234960,339330,30,210,210
2025-06-11 09:33:02.000000,607.85,234960,339330,30,210,210
2025-06-11 09:33:02.000000,607.85,234990,339330,30,510,240
2025-06-11 09:33:03.000000,607.85,234990,339330,30,390,270
2025-06-11 09:33:04.000000,607.85,234990,339330,30,300,240
2025-06-11 09:33:06.000000,607.85,234990,339330,30,420,180
2025-06-11 09:33:07.000000,607.85,234990,339330,30,210,300
2025-06-11 09:33:08.000000,611.2,234990,339330,30,210,300
2025-06-11 09:33:08.000000,611.2,235140,339330,30,270,510
2025-06-11 09:33:09.000000,609.7,235140,339330,30,270,510
2025-06-11 09:33:09.000000,609.7,235170,339330,30,570,270
2025-06-11 09:33:10.000000,611.0,235170,339330,30,570,270
2025-06-11 09:33:11.000000,611.0,235200,339330,30,270,210
2025-06-11 09:33:11.000000,611.15,235200,339330,30,270,210
2025-06-11 09:33:12.000000,611.15,235230,339330,30,180,300
2025-06-11 09:33:13.000000,611.15,235230,339330,30,360,330
2025-06-11 09:33:14.000000,611.15,235230,339330,30,330,270
2025-06-11 09:33:16.000000,611.15,235230,339330,30,240,870
2025-06-11 09:33:17.000000,611.15,235230,339330,30,270,360
2025-06-11 09:33:17.000000,610.2,235230,339330,30,270,360
2025-06-11 09:33:18.000000,610.9,235230,339330,30,270,360
2025-06-11 09:33:18.000000,610.9,235350,339330,30,360,540
2025-06-11 09:33:19.000000,610.65,235350,339330,30,360,540
2025-06-11 09:33:19.000000,610.65,235440,339330,30,240,690
2025-06-11 09:33:21.000000,610.65,235440,339330,30,330,570
2025-06-11 09:33:21.000000,611.4,235440,339330,30,330,570
2025-06-11 09:33:22.000000,611.4,235470,339330,30,300,300
2025-06-11 09:33:23.000000,608.9,235470,339330,30,300,300
2025-06-11 09:33:23.000000,608.9,235650,339330,30,210,150
2025-06-11 09:33:24.000000,605.6,235650,339330,30,210,150
2025-06-11 09:33:24.000000,605.6,235800,339330,30,360,360
2025-06-11 09:33:25.000000,605.9,235800,339330,30,360,360
2025-06-11 09:33:26.000000,607.75,235860,339330,30,270,240
2025-06-11 09:33:26.000000,607.75,235860,339330,30,270,240
2025-06-11 09:33:27.000000,606.5,235860,339330,30,270,240
2025-06-11 09:33:27.000000,606.5,236070,339330,30,390,510
2025-06-11 09:33:28.000000,606.5,236070,339330,30,540,330
2025-06-11 09:33:29.000000,606.5,236070,339330,30,240,600
2025-06-11 09:33:30.000000,606.0,236070,339330,30,240,600
2025-06-11 09:33:30.000000,606.0,236070,339330,30,240,600
2025-06-11 09:33:31.000000,606.0,236100,339330,30,270,480
2025-06-11 09:33:32.000000,606.0,236100,339330,30,270,480
2025-06-11 09:33:32.000000,606.5,236100,344580,30,270,480
2025-06-11 09:33:33.000000,606.5,236160,344580,30,270,570
2025-06-11 09:33:33.000000,607.45,236160,344580,30,270,570
2025-06-11 09:33:34.000000,605.95,236160,344580,30,270,570
2025-06-11 09:33:34.000000,605.95,236310,344580,30,570,450
2025-06-11 09:33:35.000000,606.55,236310,344580,30,570,450
2025-06-11 09:33:36.000000,606.15,236610,344580,30,390,240
2025-06-11 09:33:36.000000,606.15,236610,344580,30,390,240
2025-06-11 09:33:37.000000,606.45,236610,344580,30,390,240
2025-06-11 09:33:37.000000,606.45,236670,344580,30,390,510
2025-06-11 09:33:38.000000,610.5,236670,344580,150,390,510
2025-06-11 09:33:38.000000,610.5,236880,344580,150,240,240
2025-06-11 09:33:39.000000,610.5,236880,344580,150,300,330
2025-06-11 09:33:40.000000,610.5,236880,344580,150,240,420
2025-06-11 09:33:42.000000,610.5,236880,344580,150,300,390
2025-06-11 09:33:43.000000,610.5,236880,344580,150,390,510
2025-06-11 09:33:44.000000,610.5,236880,344580,30,390,510
2025-06-11 09:33:44.000000,610.5,236910,344580,30,600,300
2025-06-11 09:33:45.000000,610.5,236910,344580,30,390,300
2025-06-11 09:33:47.000000,613.0,237120,344580,30,1080,240
2025-06-11 09:33:47.000000,613.0,237120,344580,30,1080,240
2025-06-11 09:33:48.000000,612.9,237120,344580,30,1080,240
2025-06-11 09:33:48.000000,612.9,237210,344580,30,480,240
2025-06-11 09:33:49.000000,615.0,237210,344580,30,480,240
2025-06-11 09:33:49.000000,615.0,237270,344580,30,300,270
2025-06-11 09:33:50.000000,615.1,237270,344580,30,300,270
2025-06-11 09:33:50.000000,615.1,237300,344580,30,210,600
2025-06-11 09:33:52.000000,615.1,237300,344580,30,390,210
2025-06-11 09:33:52.000000,616.9,237300,344580,30,390,210
2025-06-11 09:33:53.000000,614.35,237300,344580,30,390,210
2025-06-11 09:33:53.000000,612.65,237480,344580,60,270,240
2025-06-11 09:33:54.000000,612.75,237480,344580,30,270,240
2025-06-11 09:33:54.000000,612.75,237600,344580,30,420,300
2025-06-11 09:33:55.000000,612.75,237600,344580,30,480,750
2025-06-11 09:33:56.000000,614.4,237600,344580,30,480,750
2025-06-11 09:33:57.000000,614.4,237630,344580,30,510,300
2025-06-11 09:33:57.000000,613.6,237630,344580,30,510,300
2025-06-11 09:33:58.000000,613.6,237660,344580,30,420,210
2025-06-11 09:33:58.000000,613.1,237660,344580,30,420,210
2025-06-11 09:33:59.000000,613.1,237840,344580,30,300,390
2025-06-11 09:34:00.000000,613.25,237840,344580,30,300,390
2025-06-11 09:34:00.000000,613.25,237840,344580,30,300,390
2025-06-11 09:34:00.000000,614.0,237930,344580,30,510,870
2025-06-11 09:34:01.000000,615.0,237930,344580,570,510,870
2025-06-11 09:34:02.000000,616.0,238590,344580,60,210,240
2025-06-11 09:34:02.000000,616.0,238590,344580,60,210,240
2025-06-11 09:34:03.000000,616.0,238590,344580,60,180,270
2025-06-11 09:34:03.000000,613.65,238590,344580,30,180,270
2025-06-11 09:34:04.000000,612.65,238590,344580,30,180,270
2025-06-11 09:34:04.000000,612.55,238800,344580,30,390,300
2025-06-11 09:34:05.000000,610.95,238800,344580,30,390,300
2025-06-11 09:34:05.000000,610.95,238920,344580,30,360,450
2025-06-11 09:34:06.000000,610.1,238920,344580,30,360,450
2025-06-11 09:34:06.000000,610.25,239070,344580,30,330,300
2025-06-11 09:34:07.000000,610.25,239070,344580,30,330,300
2025-06-11 09:34:08.000000,610.6,239490,344580,30,210,330
2025-06-11 09:34:08.000000,610.6,239490,344580,30,210,330
2025-06-11 09:34:09.000000,611.45,239490,344580,30,210,330
2025-06-11 09:34:09.000000,610.65,239820,344580,30,300,360
2025-06-11 09:34:10.000000,612.3,239820,344580,30,300,360
2025-06-11 09:34:10.000000,612.4,240120,344580,30,210,240
2025-06-11 09:34:11.000000,611.4,240120,344580,30,210,240
2025-06-11 09:34:11.000000,611.55,240360,344580,30,390,270
2025-06-11 09:34:12.000000,611.35,240360,344580,30,390,270
2025-06-11 09:34:13.000000,611.2,240600,344580,30,390,180
2025-06-11 09:34:13.000000,611.0,240600,344580,30,390,180
2025-06-11 09:34:14.000000,611.2,240600,344580,30,390,180
2025-06-11 09:34:14.000000,611.15,240810,344580,30,450,300
2025-06-11 09:34:15.000000,610.9,240810,344580,30,450,300
2025-06-11 09:34:15.000000,609.6,241110,344580,30,270,450
2025-06-11 09:34:16.000000,609.6,241110,344580,30,270,450
2025-06-11 09:34:16.000000,609.95,241260,344580,30,270,210
2025-06-11 09:34:17.000000,609.85,241260,344580,30,270,210
2025-06-11 09:34:18.000000,610.3,241260,344580,30,270,210
2025-06-11 09:34:18.000000,610.3,241410,344580,30,420,330
2025-06-11 09:34:19.000000,609.2,241410,344580,30,420,330
2025-06-11 09:34:19.000000,608.75,241530,344580,30,300,540
2025-06-11 09:34:20.000000,608.35,241530,344580,30,300,540
2025-06-11 09:34:20.000000,609.65,241770,344580,30,300,390
2025-06-11 09:34:21.000000,608.95,241770,344580,30,300,390
2025-06-11 09:34:21.000000,611.4,241890,344580,30,390,210
2025-06-11 09:34:22.000000,610.75,241890,344580,30,390,210
2025-06-11 09:34:23.000000,612.05,242040,344580,30,510,330
2025-06-11 09:34:24.000000,612.3,242040,344580,30,510,330
2025-06-11 09:34:24.000000,612.3,242070,344580,30,300,270
2025-06-11 09:34:25.000000,611.65,242070,344580,30,300,270
2025-06-11 09:34:25.000000,611.65,242100,344580,30,210,450
2025-06-11 09:34:26.000000,611.75,242100,344580,30,210,450
2025-06-11 09:34:26.000000,611.2,242220,344580,30,390,390
2025-06-11 09:34:27.000000,611.2,242220,344580,30,390,390
2025-06-11 09:34:28.000000,612.05,242220,344580,60,390,390
2025-06-11 09:34:28.000000,612.05,242490,344580,60,360,210
2025-06-11 09:34:29.000000,616.0,242490,344580,30,360,210
2025-06-11 09:34:29.000000,616.0,242790,344580,30,360,330
2025-06-11 09:34:30.000000,614.85,242790,344580,30,360,330
2025-06-11 09:34:30.000000,614.85,242790,344580,30,360,330
2025-06-11 09:34:30.000000,614.55,242940,344580,30,300,300
2025-06-11 09:34:31.000000,614.4,242940,344580,30,300,300
2025-06-11 09:34:31.000000,614.7,243090,344580,30,240,330
2025-06-11 09:34:32.000000,614.7,243090,344580,30,240,330
2025-06-11 09:34:33.000000,613.25,243090,344580,30,240,330
2025-06-11 09:34:33.000000,613.65,243180,344580,30,240,240
2025-06-11 09:34:34.000000,613.7,243180,344580,30,240,240
2025-06-11 09:34:34.000000,613.45,243330,344580,30,390,270
2025-06-11 09:34:35.000000,613.45,243330,344580,30,390,270
2025-06-11 09:34:35.000000,612.8,243510,344580,30,420,210
2025-06-11 09:34:36.000000,612.8,243510,344580,30,420,210
2025-06-11 09:34:36.000000,612.8,243510,344580,30,510,240
2025-06-11 09:34:37.000000,614.8,243510,344580,30,510,240
2025-06-11 09:34:38.000000,613.3,243510,344580,30,510,240
2025-06-11 09:34:38.000000,613.6,243630,344580,30,480,300
2025-06-11 09:34:39.000000,613.25,243630,344580,30,480,300
2025-06-11 09:34:39.000000,613.35,243750,344580,30,330,630
2025-06-11 09:34:40.000000,613.05,243750,344580,30,330,630
2025-06-11 09:34:40.000000,613.05,243780,344580,30,540,240
2025-06-11 09:34:41.000000,612.1,243780,344580,30,540,240
2025-06-11 09:34:41.000000,612.05,243990,344580,90,270,270
2025-06-11 09:34:42.000000,612.05,243990,344580,90,270,270
2025-06-11 09:34:43.000000,612.05,243990,344580,90,270,330
2025-06-11 09:34:44.000000,612.05,243990,344580,90,270,330
2025-06-11 09:34:45.000000,610.25,243990,344580,30,270,330
2025-06-11 09:34:45.000000,611.7,244470,344580,30,270,360
2025-06-11 09:34:46.000000,611.3,244470,344580,30,270,360
2025-06-11 09:34:46.000000,611.3,244530,344580,30,210,390
2025-06-11 09:34:47.000000,611.85,244530,344580,30,210,390
2025-06-11 09:34:48.000000,611.85,244650,344580,30,360,600
2025-06-11 09:34:49.000000,611.85,244650,344580,30,300,630
2025-06-11 09:34:50.000000,611.85,244650,344580,30,180,540
2025-06-11 09:34:51.000000,611.85,244650,344580,30,360,630
2025-06-11 09:34:52.000000,612.0,244650,344580,30,360,630
2025-06-11 09:34:53.000000,612.0,244680,344580,30,540,750
2025-06-11 09:34:53.000000,612.0,244680,344580,30,540,750
2025-06-11 09:34:54.000000,611.4,244680,344580,30,540,750
2025-06-11 09:34:54.000000,611.4,244740,344580,30,450,750
2025-06-11 09:34:55.000000,612.0,244740,344580,60,450,750
2025-06-11 09:34:55.000000,612.0,244980,344580,60,540,270
2025-06-11 09:34:56.000000,612.9,244980,344580,30,540,270
2025-06-11 09:34:56.000000,612.85,245070,344580,30,540,210
2025-06-11 09:34:57.000000,612.7,245070,344580,30,540,210
2025-06-11 09:34:58.000000,612.75,245370,344580,30,330,480
2025-06-11 09:34:58.000000,612.75,245370,344580,30,330,480
2025-06-11 09:34:59.000000,613.6,245370,344580,30,330,480
2025-06-11 09:34:59.000000,613.6,245400,344580,30,300,270
2025-06-11 09:35:00.000000,613.6,245400,344580,30,300,270
2025-06-11 09:35:00.000000,613.6,245400,344580,30,240,240
2025-06-11 09:35:00.000000,612.35,245400,344580,60,240,240
2025-06-11 09:35:01.000000,611.9,245400,344580,30,240,240
2025-06-11 09:35:01.000000,611.9,245670,344580,30,330,330
2025-06-11 09:35:03.000000,611.9,245670,344580,30,450,180
2025-06-11 09:35:04.000000,611.9,245670,344580,30,210,360
2025-06-11 09:35:05.000000,613.6,245670,344580,30,210,360
2025-06-11 09:35:05.000000,613.6,245700,344580,30,300,300
2025-06-11 09:35:06.000000,613.55,245730,344580,30,450,330
2025-06-11 09:35:06.000000,613.55,245730,344580,30,450,330
2025-06-11 09:35:08.000000,613.55,245730,344580,30,180,330
2025-06-11 09:35:09.000000,612.05,245730,344580,30,180,330
2025-06-11 09:35:09.000000,612.05,245790,344580,30,390,240
2025-06-11 09:35:10.000000,612.05,245790,344580,30,330,240
2025-06-11 09:35:11.000000,612.05,245790,344580,30,300,270
2025-06-11 09:35:13.000000,612.05,245790,344580,30,420,270
2025-06-11 09:35:13.000000,611.25,245790,344580,30,420,270
2025-06-11 09:35:14.000000,611.25,245820,344580,30,300,210
2025-06-11 09:35:15.000000,611.25,245820,344580,30,300,210
2025-06-11 09:35:15.000000,611.25,245850,344580,30,240,300
2025-06-11 09:35:16.000000,611.85,245850,344580,30,240,300
2025-06-11 09:35:16.000000,611.85,245880,344580,30,300,450
2025-06-11 09:35:18.000000,611.9,245880,344580,30,300,450
2025-06-11 09:35:18.000000,611.9,245940,344580,30,330,330
2025-06-11 09:35:19.000000,613.95,245940,344580,30,330,330
2025-06-11 09:35:19.000000,613.4,246060,344580,30,270,510
2025-06-11 09:35:20.000000,618.0,246060,344580,60,270,510
2025-06-11 09:35:20.000000,618.0,246330,344580,60,270,480
2025-06-11 09:35:21.000000,620.8,246330,344580,30,270,480
2025-06-11 09:35:21.000000,622.55,246990,344580,30,480,630
2025-06-11 09:35:22.000000,622.6,246990,344580,30,480,630
2025-06-11 09:35:23.000000,619.55,246990,344580,30,480,630
2025-06-11 09:35:23.000000,620.0,247500,344580,30,270,900
2025-06-11 09:35:24.000000,616.75,247500,344580,30,270,900
2025-06-11 09:35:24.000000,616.75,247620,344580,30,330,330
2025-06-11 09:35:25.000000,616.75,247620,344580,30,390,300
2025-06-11 09:35:26.000000,619.1,247620,344580,30,390,300
2025-06-11 09:35:26.000000,619.1,247650,344580,30,390,450
2025-06-11 09:35:27.000000,619.7,247650,344580,30,390,450
2025-06-11 09:35:28.000000,620.8,247650,344580,150,390,450
2025-06-11 09:35:28.000000,620.8,248040,344580,150,330,390
2025-06-11 09:35:29.000000,621.85,248040,344580,30,330,390
2025-06-11 09:35:29.000000,621.85,248460,344580,30,240,210
2025-06-11 09:35:30.000000,620.85,248460,344580,30,240,210
2025-06-11 09:35:30.000000,620.85,248460,344580,30,240,210
2025-06-11 09:35:30.000000,620.0,248670,344580,30,300,720
2025-06-11 09:35:31.000000,620.0,248670,344580,30,300,720
2025-06-11 09:35:31.000000,620.1,248760,344580,30,390,540
2025-06-11 09:35:32.000000,620.1,248760,344580,30,390,540
2025-06-11 09:35:33.000000,616.85,248760,344580,30,390,540
2025-06-11 09:35:33.000000,616.85,248820,344580,30,270,270
2025-06-11 09:35:34.000000,616.55,248910,344580,30,210,330
2025-06-11 09:35:34.000000,616.55,248910,344580,30,210,330
2025-06-11 09:35:35.000000,618.35,248910,344580,30,210,330
2025-06-11 09:35:35.000000,618.35,248970,344580,30,300,240
2025-06-11 09:35:37.000000,617.35,249000,344580,30,420,420
2025-06-11 09:35:37.000000,617.35,249000,344580,30,420,420
2025-06-11 09:35:38.000000,617.35,249000,344580,30,330,240
2025-06-11 09:35:39.000000,618.3,249000,344580,30,330,240
2025-06-11 09:35:39.000000,618.3,249030,344580,30,300,450
2025-06-11 09:35:40.000000,619.05,249030,344580,30,300,450
2025-06-11 09:35:40.000000,619.05,249060,344580,30,270,360
2025-06-11 09:35:42.000000,619.05,249060,344580,30,270,240
2025-06-11 09:35:43.000000,617.75,249060,344580,30,270,240
2025-06-11 09:35:43.000000,617.75,249120,344580,30,210,210
2025-06-11 09:35:44.000000,616.7,249120,344580,30,210,210
2025-06-11 09:35:44.000000,616.45,249360,344580,30,330,240
2025-06-11 09:35:45.000000,616.45,249360,344580,30,330,240
2025-06-11 09:35:45.000000,616.45,249360,344580,30,480,570
2025-06-11 09:35:46.000000,616.5,249360,344580,30,480,570
2025-06-11 09:35:47.000000,616.5,249810,344580,120,270,600
2025-06-11 09:35:47.000000,616.5,249810,344580,120,270,600
2025-06-11 09:35:48.000000,615.5,249810,344580,30,270,600
2025-06-11 09:35:48.000000,615.5,249840,344580,30,270,510
2025-06-11 09:35:49.000000,617.6,249840,344580,150,270,510
2025-06-11 09:35:49.000000,616.25,250680,344580,30,270,540
2025-06-11 09:35:50.000000,614.25,250680,344580,30,270,540
2025-06-11 09:35:50.000000,614.25,252150,344580,30,240,420
2025-06-11 09:35:52.000000,614.25,252150,344580,30,240,420
2025-06-11 09:35:53.000000,614.25,252150,344580,30,300,450
2025-06-11 09:35:53.000000,617.55,252150,344580,30,300,450
2025-06-11 09:35:54.000000,617.6,252150,344580,60,300,450
2025-06-11 09:35:54.000000,618.3,252930,344580,120,210,270
2025-06-11 09:35:55.000000,618.3,252930,344580,120,210,270
2025-06-11 09:35:55.000000,620.1,253080,344580,30,300,270
2025-06-11 09:35:56.000000,619.7,253080,344580,30,300,270
2025-06-11 09:35:57.000000,619.9,253380,344580,60,300,390
2025-06-11 09:35:57.000000,619.9,253380,344580,60,300,390
2025-06-11 09:35:58.000000,614.85,253380,344580,30,300,390
2025-06-11 09:35:58.000000,614.85,255750,344580,30,300,240
2025-06-11 09:35:59.000000,611.75,255750,344580,30,300,240
2025-06-11 09:35:59.000000,613.6,256290,344580,30,300,540
2025-06-11 09:36:00.000000,614.0,256290,344580,30,300,540
2025-06-11 09:36:00.000000,614.0,256290,344580,30,300,540
2025-06-11 09:36:00.000000,614.75,256380,344580,30,210,420
2025-06-11 09:36:01.000000,614.75,256380,344580,30,210,420
2025-06-11 09:36:02.000000,614.9,256410,344580,30,480,240
2025-06-11 09:36:02.000000,614.9,256410,344580,30,480,240
2025-06-11 09:36:03.000000,615.6,256410,344580,60,480,240
2025-06-11 09:36:03.000000,615.6,256470,344580,60,420,300
2025-06-11 09:36:04.000000,617.15,256470,344580,60,420,300
2025-06-11 09:36:04.000000,618.65,256560,344580,30,360,360
2025-06-11 09:36:05.000000,617.4,256560,344580,30,360,360
2025-06-11 09:36:05.000000,617.4,256590,344580,30,540,510
2025-06-11 09:36:06.000000,619.7,256590,344580,30,540,510
2025-06-11 09:36:07.000000,619.8,256770,344580,30,360,330
2025-06-11 09:36:07.000000,619.8,256770,344580,30,360,330
2025-06-11 09:36:08.000000,619.8,256770,344580,30,540,360
2025-06-11 09:36:09.000000,618.55,256770,344580,30,540,360
2025-06-11 09:36:09.000000,618.55,256800,344580,30,420,270
2025-06-11 09:36:10.000000,617.15,256800,344580,30,420,270
2025-06-11 09:36:10.000000,617.15,256830,344580,30,360,450
2025-06-11 09:36:12.000000,617.15,256830,344580,30,540,360
