Timestamp,LTP,Volume,OI,LastQty,BidQty,AskQty
2025-06-12 09:28:55.736000,56673.6,65940,1999950,30,540,1170
2025-06-12 09:28:56.000000,56673.6,65940,1999950,30,420,480
2025-06-12 09:28:56.939000,56673.6,65940,1999950,30,420,480
2025-06-12 09:28:58.000000,56672.2,65940,1999950,30,420,480
2025-06-12 09:28:58.012000,56672.2,65940,1999950,30,420,480
2025-06-12 09:28:58.000000,56672.2,66060,1999950,30,300,540
2025-06-12 09:28:58.142000,56672.2,66060,1999950,30,300,540
2025-06-12 09:28:59.000000,56672.2,66060,1999950,30,240,570
2025-06-12 09:28:59.540000,56672.2,66060,1999950,30,240,570
2025-06-12 09:29:00.000000,56672.2,66060,1999950,30,240,570
2025-06-12 09:29:00.000000,56672.2,66060,1999950,30,270,660
2025-06-12 09:29:00.743000,56672.2,66060,1999950,30,270,660
2025-06-12 09:29:01.000000,56672.2,66060,1999950,30,270,600
2025-06-12 09:29:01.945000,56672.2,66060,1999950,30,270,600
2025-06-12 09:29:02.000000,56667.8,66060,1999950,30,270,600
2025-06-12 09:29:02.216000,56667.8,66060,1999950,30,270,600
2025-06-12 09:29:03.000000,56667.8,66120,1999950,30,300,210
2025-06-12 09:29:03.147000,56667.8,66120,1999950,30,300,210
2025-06-12 09:29:04.000000,56667.8,66120,1999950,30,270,420
2025-06-12 09:29:04.350000,56667.8,66120,1999950,30,270,420
2025-06-12 09:29:05.000000,56667.8,66120,1999950,30,330,330
2025-06-12 09:29:05.551000,56667.8,66120,1999950,30,330,330
2025-06-12 09:29:06.000000,56667.8,66120,1999950,30,390,240
2025-06-12 09:29:06.753000,56667.8,66120,1999950,30,390,240
2025-06-12 09:29:07.000000,56667.8,66120,1999950,30,390,240
2025-06-12 09:29:07.955000,56667.8,66120,1999950,30,390,240
2025-06-12 09:29:09.000000,56667.8,66120,1999950,30,450,330
2025-06-12 09:29:09.157000,56667.8,66120,1999950,30,450,330
2025-06-12 09:29:10.000000,56654.6,66750,1999950,30,390,390
2025-06-12 09:29:10.556000,56654.6,66750,1999950,30,390,390
2025-06-12 09:29:10.000000,56654.6,66750,1999950,30,390,390
2025-06-12 09:29:10.621000,56654.6,66750,1999950,30,390,390
2025-06-12 09:29:11.000000,56654.6,66750,1999950,30,1260,630
2025-06-12 09:29:11.759000,56654.6,66750,1999950,30,1260,630
2025-06-12 09:29:12.000000,56654.6,66750,1999950,30,420,780
2025-06-12 09:29:12.962000,56654.6,66750,1999950,30,420,780
2025-06-12 09:29:14.000000,56654.6,66750,1999950,30,1020,660
2025-06-12 09:29:14.163000,56654.6,66750,1999950,30,1020,660
2025-06-12 09:29:14.000000,56655.0,66750,1999950,30,1020,660
2025-06-12 09:29:14.423000,56655.0,66750,1999950,30,1020,660
2025-06-12 09:29:15.000000,56655.0,66810,1999950,30,510,720
2025-06-12 09:29:15.365000,56655.0,66810,1999950,30,510,720
2025-06-12 09:29:15.000000,56651.2,66810,1999950,30,510,720
2025-06-12 09:29:15.824000,56651.2,66810,1999950,30,510,720
2025-06-12 09:29:16.000000,56651.2,66840,1999950,30,870,480
2025-06-12 09:29:16.567000,56651.2,66840,1999950,30,870,480
2025-06-12 09:29:17.000000,56651.2,66840,1999950,30,480,570
2025-06-12 09:29:17.770000,56651.2,66840,1999950,30,480,570
2025-06-12 09:29:19.000000,56651.2,66840,1999950,30,480,570
2025-06-12 09:29:19.025000,56651.2,66840,1999950,30,480,570
2025-06-12 09:29:19.000000,56651.2,66870,1999950,30,1230,420
2025-06-12 09:29:19.169000,56651.2,66870,1999950,30,1230,420
2025-06-12 09:29:20.000000,56651.2,66870,1999950,30,1710,510
2025-06-12 09:29:20.372000,56651.2,66870,1999950,30,1710,510
2025-06-12 09:29:21.000000,56651.2,66870,1999950,30,510,390
2025-06-12 09:29:21.574000,56651.2,66870,1999950,30,510,390
2025-06-12 09:29:22.000000,56651.2,66870,1999950,30,540,450
2025-06-12 09:29:22.777000,56651.2,66870,1999950,30,540,450
2025-06-12 09:29:24.000000,56655.0,66870,1999950,30,540,450
2025-06-12 09:29:24.028000,56655.0,66870,1999950,30,540,450
2025-06-12 09:29:24.000000,56655.0,66960,1999950,30,360,540
2025-06-12 09:29:24.176000,56655.0,66960,1999950,30,360,540
2025-06-12 09:29:24.000000,56666.2,66960,1999950,30,360,540
2025-06-12 09:29:24.829000,56666.2,66960,1999950,30,360,540
2025-06-12 09:29:25.000000,56666.2,66990,1999950,30,990,150
2025-06-12 09:29:25.379000,56666.2,66990,1999950,30,990,150
2025-06-12 09:29:25.000000,56660.4,66990,1999950,60,990,150
2025-06-12 09:29:25.430000,56660.4,66990,1999950,60,990,150
2025-06-12 09:29:26.000000,56660.4,67500,1999950,60,480,510
2025-06-12 09:29:26.581000,56660.4,67500,1999950,60,480,510
2025-06-12 09:29:27.000000,56660.4,67500,1999950,60,1680,690
2025-06-12 09:29:27.783000,56660.4,67500,1999950,60,1680,690
2025-06-12 09:29:28.000000,56660.0,67500,1999950,30,1680,690
2025-06-12 09:29:28.230000,56660.0,67500,1999950,30,1680,690
2025-06-12 09:29:28.000000,56660.0,67530,1999950,30,2370,690
2025-06-12 09:29:28.986000,56660.0,67530,1999950,30,2370,690
2025-06-12 09:29:29.000000,56654.2,67530,1999950,30,2370,690
2025-06-12 09:29:29.832000,56654.2,67530,1999950,30,2370,690
2025-06-12 09:29:30.000000,56654.2,67530,1999950,30,2370,690
2025-06-12 09:29:30.000000,56654.2,67560,1999950,30,1320,690
2025-06-12 09:29:30.385000,56654.2,67560,1999950,30,1320,690
2025-06-12 09:29:31.000000,56654.2,67560,1999950,30,990,810
2025-06-12 09:29:31.587000,56654.2,67560,1999950,30,990,810
2025-06-12 09:29:32.000000,56657.0,67560,1999950,120,990,810
2025-06-12 09:29:32.435000,56657.0,67560,1999950,120,990,810
2025-06-12 09:29:32.000000,56657.0,68040,1999950,120,510,480
2025-06-12 09:29:32.791000,56657.0,68040,1999950,120,510,480
2025-06-12 09:29:33.000000,56657.0,68040,1999950,120,780,240
2025-06-12 09:29:33.993000,56657.0,68040,1999950,120,780,240
2025-06-12 09:29:35.000000,56657.0,68040,1999950,120,600,150
2025-06-12 09:29:35.392000,56657.0,68040,1999950,120,600,150
2025-06-12 09:29:36.000000,56660.6,68040,1999950,30,600,150
2025-06-12 09:29:36.237000,56660.6,68040,1999950,30,600,150
2025-06-12 09:29:36.000000,56660.6,68100,1999950,30,1320,750
2025-06-12 09:29:36.593000,56660.6,68100,1999950,30,1320,750
2025-06-12 09:29:37.000000,56660.6,68100,1999950,30,570,360
2025-06-12 09:29:37.796000,56660.6,68100,1999950,30,570,360
2025-06-12 09:29:38.000000,56660.6,68100,1999950,30,540,360
2025-06-12 09:29:39.000000,56660.6,68100,1999950,30,540,360
2025-06-12 09:29:40.000000,56665.0,68160,1999950,60,810,300
2025-06-12 09:29:40.203000,56665.0,68160,1999950,60,810,300
2025-06-12 09:29:40.000000,56665.0,68160,1999950,60,810,300
2025-06-12 09:29:40.239000,56665.0,68160,1999950,60,810,300
2025-06-12 09:29:40.000000,56660.0,68160,1999950,30,810,300
2025-06-12 09:29:40.840000,56660.0,68160,1999950,30,810,300
2025-06-12 09:29:41.000000,56660.0,68190,1999950,30,780,330
2025-06-12 09:29:41.601000,56660.0,68190,1999950,30,780,330
2025-06-12 09:29:42.000000,56660.0,68190,1999950,30,780,330
2025-06-12 09:29:42.241000,56660.0,68190,1999950,30,780,330
2025-06-12 09:29:42.000000,56660.0,68220,1999950,30,1200,240
2025-06-12 09:29:42.804000,56660.0,68220,1999950,30,1200,240
2025-06-12 09:29:44.000000,56660.0,68220,1999950,30,1230,300
2025-06-12 09:29:44.007000,56660.0,68220,1999950,30,1230,300
2025-06-12 09:29:45.000000,56660.0,68220,1999950,30,1110,390
2025-06-12 09:29:45.209000,56660.0,68220,1999950,30,1110,390
2025-06-12 09:29:46.000000,56660.0,68220,1999950,30,1080,390
2025-06-12 09:29:46.608000,56660.0,68220,1999950,30,1080,390
2025-06-12 09:29:47.000000,56660.0,68220,1999950,30,1620,390
2025-06-12 09:29:47.811000,56660.0,68220,1999950,30,1620,390
2025-06-12 09:29:49.000000,56660.0,68220,1999950,30,1530,390
2025-06-12 09:29:49.013000,56660.0,68220,1999950,30,1530,390
2025-06-12 09:29:49.000000,56660.0,68220,1999950,30,1530,390
2025-06-12 09:29:49.843000,56660.0,68220,1999950,30,1530,390
2025-06-12 09:29:50.000000,56660.0,68250,1999950,30,510,390
2025-06-12 09:29:50.216000,56660.0,68250,1999950,30,510,390
2025-06-12 09:29:51.000000,56660.0,68250,1999950,30,990,630
2025-06-12 09:29:51.418000,56660.0,68250,1999950,30,990,630
2025-06-12 09:29:52.000000,56660.0,68250,1999950,30,690,450
2025-06-12 09:29:52.817000,56660.0,68250,1999950,30,690,450
2025-06-12 09:29:54.000000,56662.4,68280,1999950,30,660,570
2025-06-12 09:29:54.020000,56662.4,68280,1999950,30,660,570
2025-06-12 09:29:54.000000,56662.4,68280,1999950,30,660,570
2025-06-12 09:29:54.046000,56662.4,68280,1999950,30,660,570
2025-06-12 09:29:55.000000,56662.4,68280,1999950,30,900,420
2025-06-12 09:29:55.223000,56662.4,68280,1999950,30,900,420
2025-06-12 09:29:56.000000,56662.4,68280,1999950,30,1200,420
2025-06-12 09:29:56.426000,56662.4,68280,1999950,30,1200,420
2025-06-12 09:29:57.000000,56664.8,68280,1999950,30,1200,420
2025-06-12 09:29:57.649000,56664.8,68280,1999950,30,1200,420
2025-06-12 09:29:57.000000,56664.8,68310,1999950,30,390,540
2025-06-12 09:29:57.824000,56664.8,68310,1999950,30,390,540
2025-06-12 09:29:59.000000,56664.8,68310,1999950,30,510,330
2025-06-12 09:29:59.026000,56664.8,68310,1999950,30,510,330
2025-06-12 09:30:00.000000,56664.8,68310,1999950,30,390,330
2025-06-12 09:30:00.229000,56664.8,68310,1999950,30,390,330
2025-06-12 09:30:00.000000,56664.8,68310,1999950,30,390,330
2025-06-12 09:30:00.000000,56669.6,68310,1999950,30,390,330
2025-06-12 09:30:00.852000,56669.6,68310,1999950,30,390,330
2025-06-12 09:30:01.000000,56669.6,68460,1999950,30,300,450
2025-06-12 09:30:01.433000,56669.6,68460,1999950,30,300,450
2025-06-12 09:30:01.000000,56669.2,68460,1999950,30,300,450
2025-06-12 09:30:01.852000,56669.2,68460,1999950,30,300,450
2025-06-12 09:30:02.000000,56664.0,68460,1999950,30,300,450
2025-06-12 09:30:02.454000,56664.0,68460,1999950,30,300,450
2025-06-12 09:30:02.000000,56664.0,68520,1999950,30,210,240
2025-06-12 09:30:02.635000,56664.0,68520,1999950,30,210,240
2025-06-12 09:30:03.000000,56665.0,68520,1999950,510,210,240
2025-06-12 09:30:03.454000,56665.0,68520,1999950,510,210,240
2025-06-12 09:30:04.000000,56665.0,69150,1999950,510,240,450
2025-06-12 09:30:04.034000,56665.0,69150,1999950,510,240,450
2025-06-12 09:30:05.000000,56665.0,69150,1999950,510,360,330
2025-06-12 09:30:05.237000,56665.0,69150,1999950,510,360,330
2025-06-12 09:30:05.000000,56665.0,69150,1999950,30,360,330
2025-06-12 09:30:05.456000,56665.0,69150,1999950,30,360,330
2025-06-12 09:30:06.000000,56665.0,69180,1999950,30,630,360
2025-06-12 09:30:06.440000,56665.0,69180,1999950,30,630,360
2025-06-12 09:30:07.000000,56665.0,69180,1999950,30,390,390
2025-06-12 09:30:07.641000,56665.0,69180,1999950,30,390,390
2025-06-12 09:30:08.000000,56668.8,69180,1999950,30,390,390
2025-06-12 09:30:08.258000,56668.8,69180,1999950,30,390,390
2025-06-12 09:30:08.000000,56668.8,69480,1999950,30,780,540
2025-06-12 09:30:08.844000,56668.8,69480,1999950,30,780,540
2025-06-12 09:30:10.000000,56668.8,69480,1999950,30,1950,390
2025-06-12 09:30:10.243000,56668.8,69480,1999950,30,1950,390
2025-06-12 09:30:10.000000,56674.8,69480,1999950,30,1950,390
2025-06-12 09:30:10.459000,56674.8,69480,1999950,30,1950,390
2025-06-12 09:30:11.000000,56675.0,69540,1999950,30,600,450
2025-06-12 09:30:11.446000,56675.0,69540,1999950,30,600,450
2025-06-12 09:30:11.000000,56675.0,69540,1999950,30,600,450
2025-06-12 09:30:11.460000,56675.0,69540,1999950,30,600,450
2025-06-12 09:30:12.000000,56670.4,69540,1999950,30,600,450
2025-06-12 09:30:12.460000,56670.4,69540,1999950,30,600,450
2025-06-12 09:30:12.000000,56670.4,69570,1999950,30,1350,330
2025-06-12 09:30:12.648000,56670.4,69570,1999950,30,1350,330
2025-06-12 09:30:13.000000,56674.8,69600,1999950,30,570,360
2025-06-12 09:30:13.851000,56674.8,69600,1999950,30,570,360
2025-06-12 09:30:13.000000,56674.8,69600,1999950,30,570,360
2025-06-12 09:30:13.860000,56674.8,69600,1999950,30,570,360
2025-06-12 09:30:14.000000,56676.0,69600,1999950,30,570,360
2025-06-12 09:30:14.460000,56676.0,69600,1999950,30,570,360
2025-06-12 09:30:15.000000,56676.0,69660,1999950,30,840,600
2025-06-12 09:30:15.053000,56676.0,69660,1999950,30,840,600
2025-06-12 09:30:15.000000,56687.0,69660,1999950,30,840,600
2025-06-12 09:30:15.462000,56687.0,69660,1999950,30,840,600
2025-06-12 09:30:16.000000,56687.0,69690,1999950,30,1020,480
2025-06-12 09:30:16.255000,56687.0,69690,1999950,30,1020,480
2025-06-12 09:30:17.000000,56682.8,69690,1999950,30,1020,480
2025-06-12 09:30:17.261000,56682.8,69690,1999950,30,1020,480
2025-06-12 09:30:17.000000,56683.0,69750,1999950,30,510,480
2025-06-12 09:30:17.654000,56683.0,69750,1999950,30,510,480
2025-06-12 09:30:17.000000,56683.0,69750,1999950,30,510,480
2025-06-12 09:30:17.661000,56683.0,69750,1999950,30,510,480
2025-06-12 09:30:18.000000,56691.0,69750,1999950,30,510,480
2025-06-12 09:30:18.662000,56691.0,69750,1999950,30,510,480
2025-06-12 09:30:18.000000,56691.0,69780,1999950,30,1500,450
2025-06-12 09:30:18.857000,56691.0,69780,1999950,30,1500,450
2025-06-12 09:30:19.000000,56691.0,69780,1999950,30,1500,450
2025-06-12 09:30:19.463000,56691.0,69780,1999950,30,1500,450
2025-06-12 09:30:20.000000,56691.0,69810,1999950,30,240,540
2025-06-12 09:30:20.060000,56691.0,69810,1999950,30,240,540
2025-06-12 09:30:21.000000,56691.0,69810,1999950,30,1050,570
2025-06-12 09:30:21.263000,56691.0,69810,1999950,30,1050,570
2025-06-12 09:30:22.000000,56692.0,69810,1999950,30,1050,570
2025-06-12 09:30:22.464000,56692.0,69810,1999950,30,1050,570
2025-06-12 09:30:22.000000,56692.0,69930,1999950,30,240,570
2025-06-12 09:30:22.662000,56692.0,69930,1999950,30,240,570
2025-06-12 09:30:23.000000,56685.0,69930,1999950,30,240,570
2025-06-12 09:30:23.665000,56685.0,69930,1999950,30,240,570
2025-06-12 09:30:23.000000,56685.0,69960,1999950,30,300,540
2025-06-12 09:30:23.865000,56685.0,69960,1999950,30,300,540
2025-06-12 09:30:24.000000,56675.0,69960,1999950,30,300,540
2025-06-12 09:30:24.466000,56675.0,69960,1999950,30,300,540
2025-06-12 09:30:25.000000,56675.0,69990,1999950,30,300,420
2025-06-12 09:30:25.068000,56675.0,69990,1999950,30,300,420
2025-06-12 09:30:26.000000,56675.0,69990,1999950,30,240,420
2025-06-12 09:30:26.269000,56675.0,69990,1999950,30,240,420
2025-06-12 09:30:26.000000,56683.8,69990,1999950,30,240,420
2025-06-12 09:30:26.667000,56683.8,69990,1999950,30,240,420
2025-06-12 09:30:27.000000,56683.8,70020,1999950,30,180,390
2025-06-12 09:30:27.473000,56683.8,70020,1999950,30,180,390
2025-06-12 09:30:28.000000,56672.2,70020,1999950,30,180,390
2025-06-12 09:30:28.668000,56672.2,70020,1999950,30,180,390
2025-06-12 09:30:28.000000,56672.2,70200,1999950,30,420,390
2025-06-12 09:30:28.871000,56672.2,70200,1999950,30,420,390
2025-06-12 09:30:29.000000,56683.8,70200,1999950,30,420,390
2025-06-12 09:30:29.469000,56683.8,70200,1999950,30,420,390
2025-06-12 09:30:30.000000,56683.8,70230,1999950,30,720,420
2025-06-12 09:30:30.074000,56683.8,70230,1999950,30,720,420
2025-06-12 09:30:30.000000,56683.8,70230,1999950,30,720,420
2025-06-12 09:30:31.000000,56683.8,70230,1999950,30,510,420
2025-06-12 09:30:31.277000,56683.8,70230,1999950,30,510,420
2025-06-12 09:30:32.000000,56683.8,70230,1999950,30,570,420
2025-06-12 09:30:32.479000,56683.8,70230,1999950,30,570,420
2025-06-12 09:30:33.000000,56683.2,70230,1999440,30,570,420
2025-06-12 09:30:33.670000,56683.2,70230,1999440,30,570,420
2025-06-12 09:30:33.000000,56683.2,70260,1999440,30,300,390
2025-06-12 09:30:33.681000,56683.2,70260,1999440,30,300,390
2025-06-12 09:30:35.000000,56683.2,70260,1999440,30,810,510
2025-06-12 09:30:35.080000,56683.2,70260,1999440,30,810,510
2025-06-12 09:30:35.000000,56683.2,70260,1999440,30,810,510
2025-06-12 09:30:35.472000,56683.2,70260,1999440,30,810,510
2025-06-12 09:30:36.000000,56683.2,70290,1999440,30,480,570
2025-06-12 09:30:36.288000,56683.2,70290,1999440,30,480,570
2025-06-12 09:30:37.000000,56683.2,70290,1999440,30,600,540
2025-06-12 09:30:37.486000,56683.2,70290,1999440,30,600,540
2025-06-12 09:30:38.000000,56683.2,70290,1999440,30,1110,600
2025-06-12 09:30:38.688000,56683.2,70290,1999440,30,1110,600
2025-06-12 09:30:39.000000,56683.2,70290,1999440,30,900,480
2025-06-12 09:30:39.890000,56683.2,70290,1999440,30,900,480
2025-06-12 09:30:41.000000,56683.2,70290,1999440,30,300,540
2025-06-12 09:30:41.289000,56683.2,70290,1999440,30,300,540
2025-06-12 09:30:42.000000,56683.2,70290,1999440,30,330,570
2025-06-12 09:30:42.492000,56683.2,70290,1999440,30,330,570
2025-06-12 09:30:43.000000,56679.8,70290,1999440,30,330,570
2025-06-12 09:30:43.076000,56679.8,70290,1999440,30,330,570
2025-06-12 09:30:43.000000,56679.8,70320,1999440,30,300,570
2025-06-12 09:30:43.694000,56679.8,70320,1999440,30,300,570
2025-06-12 09:30:44.000000,56679.8,70320,1999440,30,300,570
2025-06-12 09:30:44.898000,56679.8,70320,1999440,30,300,570
2025-06-12 09:30:46.000000,56679.8,70320,1999440,30,300,600
2025-06-12 09:30:46.296000,56679.8,70320,1999440,30,300,600
2025-06-12 09:30:47.000000,56679.8,70320,1999440,30,300,600
2025-06-12 09:30:47.499000,56679.8,70320,1999440,30,300,600
2025-06-12 09:30:48.000000,56679.8,70320,1999440,30,300,540
2025-06-12 09:30:48.701000,56679.8,70320,1999440,30,300,540
2025-06-12 09:30:49.000000,56683.6,70320,1999440,30,300,540
2025-06-12 09:30:49.879000,56683.6,70320,1999440,30,300,540
2025-06-12 09:30:49.000000,56683.6,70920,1999440,30,300,540
2025-06-12 09:30:49.905000,56683.6,70920,1999440,30,300,540
2025-06-12 09:30:51.000000,56683.6,70920,1999440,30,300,540
2025-06-12 09:30:51.304000,56683.6,70920,1999440,30,300,540
2025-06-12 09:30:52.000000,56683.6,70920,1999440,30,510,540
2025-06-12 09:30:52.507000,56683.6,70920,1999440,30,510,540
2025-06-12 09:30:52.000000,56679.6,70920,1999440,30,510,540
2025-06-12 09:30:52.680000,56679.6,70920,1999440,30,510,540
2025-06-12 09:30:53.000000,56674.2,70920,1999440,30,510,540
2025-06-12 09:30:53.680000,56674.2,70920,1999440,30,510,540
2025-06-12 09:30:53.000000,56674.2,70980,1999440,30,1260,990
2025-06-12 09:30:53.709000,56674.2,70980,1999440,30,1260,990
2025-06-12 09:30:54.000000,56679.6,71070,1999440,30,420,1710
2025-06-12 09:30:54.913000,56679.6,71070,1999440,30,420,1710
2025-06-12 09:30:55.000000,56679.6,71070,1999440,30,420,1710
2025-06-12 09:30:55.081000,56679.6,71070,1999440,30,420,1710
2025-06-12 09:30:56.000000,56679.6,71250,1999440,30,1320,1740
2025-06-12 09:30:56.315000,56679.6,71250,1999440,30,1320,1740
2025-06-12 09:30:56.000000,56679.6,71250,1999440,30,1320,1740
2025-06-12 09:30:56.483000,56679.6,71250,1999440,30,1320,1740
2025-06-12 09:30:57.000000,56678.4,71250,1999440,30,1320,1740
2025-06-12 09:30:57.483000,56678.4,71250,1999440,30,1320,1740
2025-06-12 09:30:57.000000,56678.4,71370,1999440,30,1770,1710
2025-06-12 09:30:57.513000,56678.4,71370,1999440,30,1770,1710
2025-06-12 09:30:58.000000,56678.4,71370,1999440,30,780,1620
2025-06-12 09:30:58.717000,56678.4,71370,1999440,30,780,1620
2025-06-12 09:30:59.000000,56677.2,71370,1999440,30,780,1620
2025-06-12 09:30:59.085000,56677.2,71370,1999440,30,780,1620
2025-06-12 09:30:59.000000,56677.2,71400,1999440,30,300,1620
2025-06-12 09:30:59.920000,56677.2,71400,1999440,30,300,1620
2025-06-12 09:31:00.000000,56677.2,71400,1999440,30,300,1620
2025-06-12 09:31:00.000000,56675.0,71400,1999440,30,300,1620
2025-06-12 09:31:00.286000,56675.0,71400,1999440,30,300,1620
2025-06-12 09:31:01.000000,56675.0,71430,1999440,30,1950,1620
2025-06-12 09:31:01.319000,56675.0,71430,1999440,30,1950,1620
2025-06-12 09:31:01.000000,56680.0,71430,1999440,30,1950,1620
2025-06-12 09:31:01.886000,56680.0,71430,1999440,30,1950,1620
2025-06-12 09:31:02.000000,56680.0,71610,1999440,30,1590,1740
2025-06-12 09:31:02.522000,56680.0,71610,1999440,30,1590,1740
2025-06-12 09:31:03.000000,56680.0,71610,1999440,30,900,1890
2025-06-12 09:31:03.723000,56680.0,71610,1999440,30,900,1890
2025-06-12 09:31:04.000000,56680.0,71610,1999440,30,1800,1890
2025-06-12 09:31:04.926000,56680.0,71610,1999440,30,1800,1890
2025-06-12 09:31:06.000000,56680.0,71610,1999440,30,1200,1920
2025-06-12 09:31:06.128000,56680.0,71610,1999440,30,1200,1920
2025-06-12 09:31:06.000000,56680.0,71610,1999440,30,1200,1920
2025-06-12 09:31:06.490000,56680.0,71610,1999440,30,1200,1920
2025-06-12 09:31:07.000000,56680.0,73470,1999440,30,1860,840
2025-06-12 09:31:07.331000,56680.0,73470,1999440,30,1860,840
2025-06-12 09:31:08.000000,56680.0,73470,1999440,30,900,840
2025-06-12 09:31:08.730000,56680.0,73470,1999440,30,900,840
2025-06-12 09:31:09.000000,56680.0,73470,1999440,30,450,840
2025-06-12 09:31:09.933000,56680.0,73470,1999440,30,450,840
2025-06-12 09:31:10.000000,56686.6,73470,1999440,30,450,840
2025-06-12 09:31:10.293000,56686.6,73470,1999440,30,450,840
2025-06-12 09:31:11.000000,56686.6,73500,1999440,30,780,840
2025-06-12 09:31:11.136000,56686.6,73500,1999440,30,780,840
2025-06-12 09:31:11.000000,56685.0,73500,1999440,30,780,840
2025-06-12 09:31:11.694000,56685.0,73500,1999440,30,780,840
2025-06-12 09:31:12.000000,56685.0,73530,1999440,30,1110,660
2025-06-12 09:31:12.338000,56685.0,73530,1999440,30,1110,660
2025-06-12 09:31:13.000000,56685.0,73530,1999440,30,840,840
2025-06-12 09:31:13.541000,56685.0,73530,1999440,30,840,840
2025-06-12 09:31:14.000000,56685.0,73530,1999440,30,780,840
2025-06-12 09:31:14.747000,56685.0,73530,1999440,30,780,840
2025-06-12 09:31:15.000000,56690.0,73530,1999440,30,780,840
2025-06-12 09:31:15.496000,56690.0,73530,1999440,30,780,840
2025-06-12 09:31:16.000000,56690.0,73710,1999440,30,390,780
2025-06-12 09:31:16.142000,56690.0,73710,1999440,30,390,780
2025-06-12 09:31:16.000000,56690.0,73710,1999440,30,390,780
2025-06-12 09:31:16.496000,56690.0,73710,1999440,30,390,780
2025-06-12 09:31:17.000000,56690.0,73740,1999440,30,150,840
2025-06-12 09:31:17.345000,56690.0,73740,1999440,30,150,840
2025-06-12 09:31:18.000000,56690.0,73740,1999440,60,150,840
2025-06-12 09:31:18.097000,56690.0,73740,1999440,60,150,840
2025-06-12 09:31:18.000000,56690.0,73800,1999440,60,270,840
2025-06-12 09:31:18.547000,56690.0,73800,1999440,60,270,840
2025-06-12 09:31:19.000000,56690.0,73800,1999440,60,240,840
2025-06-12 09:31:19.750000,56690.0,73800,1999440,60,240,840
2025-06-12 09:31:21.000000,56690.0,73800,1999440,60,420,930
2025-06-12 09:31:21.150000,56690.0,73800,1999440,60,420,930
2025-06-12 09:31:22.000000,56690.0,73800,1999440,60,150,930
2025-06-12 09:31:22.352000,56690.0,73800,1999440,60,150,930
2025-06-12 09:31:22.000000,56690.0,73800,1999440,30,150,930
2025-06-12 09:31:22.699000,56690.0,73800,1999440,30,150,930
2025-06-12 09:31:23.000000,56690.0,73830,1999440,30,480,930
2025-06-12 09:31:23.554000,56690.0,73830,1999440,30,480,930
2025-06-12 09:31:23.000000,56690.0,73830,1999440,60,480,930
2025-06-12 09:31:23.899000,56690.0,73830,1999440,60,480,930
2025-06-12 09:31:24.000000,56690.0,73830,1999440,30,480,930
2025-06-12 09:31:24.499000,56690.0,73830,1999440,30,480,930
2025-06-12 09:31:24.000000,56690.0,73950,1999440,30,390,930
2025-06-12 09:31:24.756000,56690.0,73950,1999440,30,390,930
2025-06-12 09:31:25.000000,56690.0,73950,1999440,30,390,930
2025-06-12 09:31:25.700000,56690.0,73950,1999440,30,390,930
2025-06-12 09:31:25.000000,56690.0,74010,1999440,30,1590,960
2025-06-12 09:31:25.959000,56690.0,74010,1999440,30,1590,960
2025-06-12 09:31:26.000000,56690.0,74010,1999440,30,1590,960
2025-06-12 09:31:26.501000,56690.0,74010,1999440,30,1590,960
2025-06-12 09:31:27.000000,56690.0,74010,1999440,30,450,960
2025-06-12 09:31:27.164000,56690.0,74010,1999440,30,450,960
2025-06-12 09:31:28.000000,56690.0,74010,1999440,30,510,960
2025-06-12 09:31:28.561000,56690.0,74010,1999440,30,510,960
2025-06-12 09:31:29.000000,56688.6,74010,1999440,30,510,960
2025-06-12 09:31:29.303000,56688.6,74010,1999440,30,510,960
2025-06-12 09:31:29.000000,56688.2,74010,1999440,30,510,960
2025-06-12 09:31:29.503000,56688.2,74010,1999440,30,510,960
2025-06-12 09:31:29.000000,56688.2,74100,1999440,30,1920,870
2025-06-12 09:31:29.764000,56688.2,74100,1999440,30,1920,870
2025-06-12 09:31:30.000000,56688.2,74100,1999440,30,1920,870
2025-06-12 09:31:30.000000,56688.6,74100,1999440,30,1920,870
2025-06-12 09:31:30.703000,56688.6,74100,1999440,30,1920,870
2025-06-12 09:31:30.000000,56688.6,74430,1999440,30,1710,840
2025-06-12 09:31:30.967000,56688.6,74430,1999440,30,1710,840
2025-06-12 09:31:31.000000,56688.6,74430,1999440,30,1710,840
2025-06-12 09:31:31.504000,56688.6,74430,1999440,30,1710,840
2025-06-12 09:31:32.000000,56694.4,75180,1999440,60,840,3330
2025-06-12 09:31:32.170000,56694.4,75180,1999440,60,840,3330
2025-06-12 09:31:32.000000,56688.6,75180,1999440,30,840,3330
2025-06-12 09:31:32.505000,56688.6,75180,1999440,30,840,3330
2025-06-12 09:31:33.000000,56688.6,75210,1999440,30,840,3300
2025-06-12 09:31:33.569000,56688.6,75210,1999440,30,840,3300
2025-06-12 09:31:33.000000,56688.6,75210,1999440,30,840,3300
2025-06-12 09:31:33.906000,56688.6,75210,1999440,30,840,3300
2025-06-12 09:31:34.000000,56688.6,75270,1999440,30,660,3330
2025-06-12 09:31:34.772000,56688.6,75270,1999440,30,660,3330
2025-06-12 09:31:35.000000,56688.6,75270,1999440,30,660,3330
2025-06-12 09:31:35.507000,56688.6,75270,1999440,30,660,3330
2025-06-12 09:31:35.000000,56688.6,75300,1999440,30,960,3360
2025-06-12 09:31:35.974000,56688.6,75300,1999440,30,960,3360
2025-06-12 09:31:37.000000,56688.6,75300,1999440,30,690,840
2025-06-12 09:31:37.176000,56688.6,75300,1999440,30,690,840
2025-06-12 09:31:38.000000,56688.6,75300,1999440,30,1230,3360
2025-06-12 09:31:38.378000,56688.6,75300,1999440,30,1230,3360
2025-06-12 09:31:39.000000,56688.6,75300,1999440,30,630,3360
2025-06-12 09:31:39.581000,56688.6,75300,1999440,30,630,3360
2025-06-12 09:31:40.000000,56688.6,75300,1999440,30,630,3360
2025-06-12 09:31:40.110000,56688.6,75300,1999440,30,630,3360
2025-06-12 09:31:40.000000,56688.6,75360,1999440,30,990,780
2025-06-12 09:31:40.783000,56688.6,75360,1999440,30,990,780
2025-06-12 09:31:41.000000,56688.6,75360,1999440,30,990,780
2025-06-12 09:31:41.712000,56688.6,75360,1999440,30,990,780
2025-06-12 09:31:41.000000,56688.6,75450,1999440,30,570,720
2025-06-12 09:31:41.985000,56688.6,75450,1999440,30,570,720
2025-06-12 09:31:42.000000,56685.0,75450,1999440,30,570,720
2025-06-12 09:31:42.512000,56685.0,75450,1999440,30,570,720
2025-06-12 09:31:43.000000,56685.0,75480,1999440,30,990,720
2025-06-12 09:31:43.188000,56685.0,75480,1999440,30,990,720
2025-06-12 09:31:44.000000,56694.4,75480,1999440,240,990,720
2025-06-12 09:31:44.113000,56694.4,75480,1999440,240,990,720
2025-06-12 09:31:44.000000,56694.4,76080,1999440,240,570,3030
2025-06-12 09:31:44.587000,56694.4,76080,1999440,240,570,3030
2025-06-12 09:31:45.000000,56695.8,76080,1999440,30,570,3030
2025-06-12 09:31:45.313000,56695.8,76080,1999440,30,570,3030
2025-06-12 09:31:45.000000,56695.8,76710,1999440,30,750,3060
2025-06-12 09:31:45.790000,56695.8,76710,1999440,30,750,3060
2025-06-12 09:31:46.000000,56696.0,76710,1999440,210,750,3060
2025-06-12 09:31:46.114000,56696.0,76710,1999440,210,750,3060
2025-06-12 09:31:46.000000,56696.0,76710,1999440,150,750,3060
2025-06-12 09:31:46.514000,56696.0,76710,1999440,150,750,3060
2025-06-12 09:31:46.000000,56696.0,77610,1999440,150,1080,2280
2025-06-12 09:31:46.993000,56696.0,77610,1999440,150,1080,2280
2025-06-12 09:31:47.000000,56696.0,77610,1999440,150,1080,2280
2025-06-12 09:31:47.714000,56696.0,77610,1999440,150,1080,2280
2025-06-12 09:31:48.000000,56696.0,78510,1999440,300,480,1350
2025-06-12 09:31:48.195000,56696.0,78510,1999440,300,480,1350
2025-06-12 09:31:48.000000,56696.0,78510,1999440,300,480,1350
2025-06-12 09:31:48.514000,56696.0,78510,1999440,300,480,1350
2025-06-12 09:31:49.000000,56696.0,79140,1999440,30,450,750
2025-06-12 09:31:49.398000,56696.0,79140,1999440,30,450,750
2025-06-12 09:31:49.000000,56696.0,79140,1999440,30,450,750
2025-06-12 09:31:49.515000,56696.0,79140,1999440,30,450,750
2025-06-12 09:31:50.000000,56685.0,79140,1999440,30,450,750
2025-06-12 09:31:50.715000,56685.0,79140,1999440,30,450,750
2025-06-12 09:31:50.000000,56685.0,79170,1999440,30,780,750
2025-06-12 09:31:50.797000,56685.0,79170,1999440,30,780,750
2025-06-12 09:31:51.000000,56685.0,79170,1999440,30,450,750
2025-06-12 09:31:52.004000,56685.0,79170,1999440,30,450,750
2025-06-12 09:31:53.000000,56685.0,79170,1999440,30,1320,750
2025-06-12 09:31:53.202000,56685.0,79170,1999440,30,1320,750
2025-06-12 09:31:54.000000,56685.0,79170,1999440,30,420,750
2025-06-12 09:31:54.406000,56685.0,79170,1999440,30,420,750
2025-06-12 09:31:55.000000,56685.0,79170,1999440,30,480,780
2025-06-12 09:31:55.609000,56685.0,79170,1999440,30,480,780
2025-06-12 09:31:56.000000,56696.0,79170,1999440,30,480,780
2025-06-12 09:31:56.118000,56696.0,79170,1999440,30,480,780
2025-06-12 09:31:56.000000,56700.0,79170,1999440,30,480,780
2025-06-12 09:31:56.518000,56700.0,79170,1999440,30,480,780
2025-06-12 09:31:56.000000,56700.0,80550,1999440,30,690,1920
2025-06-12 09:31:56.811000,56700.0,80550,1999440,30,690,1920
2025-06-12 09:31:58.000000,56700.0,80550,1999440,30,330,1920
2025-06-12 09:31:58.210000,56700.0,80550,1999440,30,330,1920
2025-06-12 09:31:59.000000,56700.0,80550,1999440,30,330,1920
2025-06-12 09:31:59.320000,56700.0,80550,1999440,30,330,1920
2025-06-12 09:31:59.000000,56700.0,80700,1999440,30,300,1770
2025-06-12 09:31:59.412000,56700.0,80700,1999440,30,300,1770
2025-06-12 09:31:59.000000,56700.0,80700,1999440,30,300,1770
2025-06-12 09:31:59.520000,56700.0,80700,1999440,30,300,1770
2025-06-12 09:32:00.000000,56700.0,80700,1999440,30,300,1770
2025-06-12 09:32:00.000000,56700.0,80700,1999440,30,330,1770
2025-06-12 09:32:00.614000,56700.0,80700,1999440,30,330,1770
2025-06-12 09:32:01.000000,56700.0,80700,1999440,30,330,1770
2025-06-12 09:32:01.323000,56700.0,80700,1999440,30,330,1770
2025-06-12 09:32:01.000000,56697.6,81180,1999440,30,300,1350
2025-06-12 09:32:01.816000,56697.6,81180,1999440,30,300,1350
2025-06-12 09:32:02.000000,56697.6,81180,1999440,30,300,1350
2025-06-12 09:32:02.523000,56697.6,81180,1999440,30,300,1350
2025-06-12 09:32:03.000000,56697.6,81180,1999440,30,210,1320
2025-06-12 09:32:03.019000,56697.6,81180,1999440,30,210,1320
2025-06-12 09:32:03.000000,56700.0,81180,1999440,30,210,1320
2025-06-12 09:32:03.524000,56700.0,81180,1999440,30,210,1320
2025-06-12 09:32:04.000000,56697.4,81360,1999440,30,1260,1200
2025-06-12 09:32:04.222000,56697.4,81360,1999440,30,1260,1200
2025-06-12 09:32:04.000000,56697.4,81360,1999440,30,1260,1200
2025-06-12 09:32:04.525000,56697.4,81360,1999440,30,1260,1200
2025-06-12 09:32:05.000000,56700.0,81750,1999440,90,480,870
2025-06-12 09:32:05.425000,56700.0,81750,1999440,90,480,870
2025-06-12 09:32:05.000000,56700.4,81750,1999440,30,480,870
2025-06-12 09:32:05.526000,56700.4,81750,1999440,30,480,870
2025-06-12 09:32:06.000000,56710.0,81750,1999440,30,480,870
2025-06-12 09:32:06.526000,56710.0,81750,1999440,30,480,870
2025-06-12 09:32:06.000000,56712.0,82590,1999440,30,720,330
2025-06-12 09:32:06.824000,56712.0,82590,1999440,30,720,330
2025-06-12 09:32:07.000000,56712.0,82590,1999440,30,720,330
2025-06-12 09:32:07.527000,56712.0,82590,1999440,30,720,330
2025-06-12 09:32:08.000000,56713.0,82620,1999440,30,540,300
2025-06-12 09:32:08.027000,56713.0,82620,1999440,30,540,300
2025-06-12 09:32:08.000000,56720.0,82620,1999440,30,540,300
2025-06-12 09:32:08.528000,56720.0,82620,1999440,30,540,300
2025-06-12 09:32:09.000000,56720.0,82830,1999440,30,180,330
2025-06-12 09:32:09.229000,56720.0,82830,1999440,30,180,330
2025-06-12 09:32:10.000000,56720.0,82830,1999440,30,180,330
2025-06-12 09:32:10.129000,56720.0,82830,1999440,30,180,330
2025-06-12 09:32:10.000000,56723.0,82950,1999440,30,210,390
2025-06-12 09:32:10.433000,56723.0,82950,1999440,30,210,390
2025-06-12 09:32:10.000000,56723.0,82950,1999440,30,210,390
2025-06-12 09:32:10.530000,56723.0,82950,1999440,30,210,390
2025-06-12 09:32:11.000000,56723.0,83010,1999440,30,1080,390
2025-06-12 09:32:11.635000,56723.0,83010,1999440,30,1080,390
2025-06-12 09:32:12.000000,56730.0,83010,1999440,30,1080,390
2025-06-12 09:32:12.530000,56730.0,83010,1999440,30,1080,390
2025-06-12 09:32:12.000000,56730.0,83220,1999440,30,1770,870
2025-06-12 09:32:12.836000,56730.0,83220,1999440,30,1770,870
2025-06-12 09:32:13.000000,56730.0,83220,1999440,30,1770,870
2025-06-12 09:32:13.731000,56730.0,83220,1999440,30,1770,870
2025-06-12 09:32:14.000000,56730.0,83340,1999440,60,1800,630
2025-06-12 09:32:14.040000,56730.0,83340,1999440,60,1800,630
2025-06-12 09:32:14.000000,56730.0,83340,1999440,60,1800,630
2025-06-12 09:32:14.531000,56730.0,83340,1999440,60,1800,630
2025-06-12 09:32:15.000000,56724.4,83400,1999440,30,1740,240
2025-06-12 09:32:15.439000,56724.4,83400,1999440,30,1740,240
2025-06-12 09:32:15.000000,56724.4,83400,1999440,30,1740,240
2025-06-12 09:32:15.532000,56724.4,83400,1999440,30,1740,240
2025-06-12 09:32:16.000000,56724.4,83460,1999440,30,1710,330
2025-06-12 09:32:16.641000,56724.4,83460,1999440,30,1710,330
2025-06-12 09:32:16.000000,56724.4,83460,1999440,30,1710,330
2025-06-12 09:32:16.732000,56724.4,83460,1999440,30,1710,330
2025-06-12 09:32:17.000000,56730.4,83460,1999440,30,1710,330
2025-06-12 09:32:17.533000,56730.4,83460,1999440,30,1710,330
2025-06-12 09:32:17.000000,56730.4,83520,1999440,30,1710,900
2025-06-12 09:32:17.843000,56730.4,83520,1999440,30,1710,900
2025-06-12 09:32:18.000000,56724.6,83520,1999440,30,1710,900
2025-06-12 09:32:18.733000,56724.6,83520,1999440,30,1710,900
2025-06-12 09:32:19.000000,56724.6,83670,1999440,30,1710,840
2025-06-12 09:32:19.045000,56724.6,83670,1999440,30,1710,840
2025-06-12 09:32:19.000000,56724.4,83670,1999440,30,1710,840
2025-06-12 09:32:19.533000,56724.4,83670,1999440,30,1710,840
2025-06-12 09:32:20.000000,56728.0,83730,1999440,30,1740,390
2025-06-12 09:32:20.248000,56728.0,83730,1999440,30,1740,390
2025-06-12 09:32:20.000000,56728.0,83730,1999440,30,1740,390
2025-06-12 09:32:20.534000,56728.0,83730,1999440,30,1740,390
2025-06-12 09:32:21.000000,56730.0,83820,1999440,30,1740,330
2025-06-12 09:32:21.450000,56730.0,83820,1999440,30,1740,330
2025-06-12 09:32:21.000000,56733.4,83820,1999440,120,1740,330
2025-06-12 09:32:21.534000,56733.4,83820,1999440,120,1740,330
2025-06-12 09:32:22.000000,56735.6,83820,1999440,30,1740,330
2025-06-12 09:32:22.535000,56735.6,83820,1999440,30,1740,330
2025-06-12 09:32:22.000000,56735.2,84840,1999440,30,1770,810
2025-06-12 09:32:22.849000,56735.2,84840,1999440,30,1770,810
2025-06-12 09:32:23.000000,56725.0,84840,1999440,30,1770,810
2025-06-12 09:32:23.535000,56725.0,84840,1999440,30,1770,810
2025-06-12 09:32:24.000000,56725.0,85830,1999440,30,1650,1320
2025-06-12 09:32:24.051000,56725.0,85830,1999440,30,1650,1320
2025-06-12 09:32:24.000000,56736.4,85830,1999440,30,1650,1320
2025-06-12 09:32:24.535000,56736.4,85830,1999440,30,1650,1320
2025-06-12 09:32:25.000000,56724.4,86220,1999440,30,1590,270
2025-06-12 09:32:25.254000,56724.4,86220,1999440,30,1590,270
2025-06-12 09:32:25.000000,56724.4,86220,1999440,30,1590,270
2025-06-12 09:32:25.536000,56724.4,86220,1999440,30,1590,270
2025-06-12 09:32:26.000000,56733.8,86340,1999440,30,1590,1230
2025-06-12 09:32:26.457000,56733.8,86340,1999440,30,1590,1230
2025-06-12 09:32:26.000000,56733.8,86340,1999440,30,1590,1230
2025-06-12 09:32:26.537000,56733.8,86340,1999440,30,1590,1230
2025-06-12 09:32:27.000000,56735.4,86340,1999440,30,1590,1230
2025-06-12 09:32:27.538000,56735.4,86340,1999440,30,1590,1230
2025-06-12 09:32:27.000000,56732.0,86490,1999440,30,1680,600
2025-06-12 09:32:27.855000,56732.0,86490,1999440,30,1680,600
2025-06-12 09:32:28.000000,56725.0,86490,1999440,30,1680,600
2025-06-12 09:32:28.539000,56725.0,86490,1999440,30,1680,600
2025-06-12 09:32:29.000000,56724.4,87270,1999440,120,1050,390
2025-06-12 09:32:29.057000,56724.4,87270,1999440,120,1050,390
2025-06-12 09:32:29.000000,56724.4,87270,1999440,120,1050,390
2025-06-12 09:32:29.540000,56724.4,87270,1999440,120,1050,390
2025-06-12 09:32:30.000000,56720.0,87330,1999440,30,1020,870
2025-06-12 09:32:30.261000,56720.0,87330,1999440,30,1020,870
2025-06-12 09:32:30.000000,56720.0,87330,1999440,30,1020,870
2025-06-12 09:32:30.000000,56720.0,87330,1999440,30,1020,870
2025-06-12 09:32:30.541000,56720.0,87330,1999440,30,1020,870
2025-06-12 09:32:31.000000,56724.4,87450,1999440,60,1020,870
2025-06-12 09:32:31.463000,56724.4,87450,1999440,60,1020,870
2025-06-12 09:32:31.000000,56726.4,87450,1999440,90,1020,870
2025-06-12 09:32:31.542000,56726.4,87450,1999440,90,1020,870
2025-06-12 09:32:32.000000,56729.2,87450,1999440,30,1020,870
2025-06-12 09:32:32.542000,56729.2,87450,1999440,30,1020,870
2025-06-12 09:32:32.000000,56729.2,88230,1999440,30,1110,540
2025-06-12 09:32:32.664000,56729.2,88230,1999440,30,1110,540
2025-06-12 09:32:33.000000,56726.0,88230,1999440,60,1110,540
2025-06-12 09:32:33.543000,56726.0,88230,1999440,60,1110,540
2025-06-12 09:32:33.000000,56726.0,88470,1999440,60,1500,1830
2025-06-12 09:32:33.867000,56726.0,88470,1999440,60,1500,1830
2025-06-12 09:32:34.000000,56726.0,88470,1999440,150,1500,1830
2025-06-12 09:32:34.544000,56726.0,88470,1999440,150,1500,1830
2025-06-12 09:32:35.000000,56726.0,88980,1999440,150,1110,930
2025-06-12 09:32:35.068000,56726.0,88980,1999440,150,1110,930
2025-06-12 09:32:35.000000,56729.4,88980,1999440,60,1110,930
2025-06-12 09:32:35.544000,56729.4,88980,1999440,60,1110,930
2025-06-12 09:32:36.000000,56729.4,89100,1999440,60,1110,210
2025-06-12 09:32:36.467000,56729.4,89100,1999440,60,1110,210
2025-06-12 09:32:36.000000,56727.0,89100,1999440,30,1110,210
2025-06-12 09:32:36.945000,56727.0,89100,1999440,30,1110,210
2025-06-12 09:32:37.000000,56727.0,89130,1999440,30,1110,1320
2025-06-12 09:32:37.668000,56727.0,89130,1999440,30,1110,1320
2025-06-12 09:32:38.000000,56720.0,89130,1999440,60,1110,1320
2025-06-12 09:32:38.547000,56720.0,89130,1999440,60,1110,1320
2025-06-12 09:32:38.000000,56720.0,89190,1999440,60,1050,360
2025-06-12 09:32:38.871000,56720.0,89190,1999440,60,1050,360
2025-06-12 09:32:39.000000,56725.0,89190,1999440,30,1050,360
2025-06-12 09:32:39.547000,56725.0,89190,1999440,30,1050,360
2025-06-12 09:32:40.000000,56725.0,89250,1999440,30,1020,210
2025-06-12 09:32:40.073000,56725.0,89250,1999440,30,1020,210
2025-06-12 09:32:41.000000,56720.0,89250,1999440,30,1020,210
2025-06-12 09:32:41.148000,56720.0,89250,1999440,30,1020,210
2025-06-12 09:32:41.000000,56720.0,89280,1999440,30,990,660
2025-06-12 09:32:41.275000,56720.0,89280,1999440,30,990,660
2025-06-12 09:32:41.000000,56720.0,89280,1999440,30,990,660
2025-06-12 09:32:41.548000,56720.0,89280,1999440,30,990,660
2025-06-12 09:32:42.000000,56732.0,89550,1999440,90,1170,600
2025-06-12 09:32:42.477000,56732.0,89550,1999440,90,1170,600
2025-06-12 09:32:42.000000,56732.0,89550,1999440,90,1170,600
2025-06-12 09:32:42.548000,56732.0,89550,1999440,90,1170,600
2025-06-12 09:32:43.000000,56725.0,89550,1999440,30,1170,600
2025-06-12 09:32:43.549000,56725.0,89550,1999440,30,1170,600
2025-06-12 09:32:43.000000,56725.0,89640,1999440,30,1290,1500
2025-06-12 09:32:43.681000,56725.0,89640,1999440,30,1290,1500
2025-06-12 09:32:44.000000,56729.6,89640,1999440,60,1290,1500
2025-06-12 09:32:44.750000,56729.6,89640,1999440,60,1290,1500
2025-06-12 09:32:44.000000,56729.6,89790,1999440,30,1170,900
2025-06-12 09:32:44.881000,56729.6,89790,1999440,30,1170,900
2025-06-12 09:32:45.000000,56733.2,89790,1999440,30,1170,900
2025-06-12 09:32:45.551000,56733.2,89790,1999440,30,1170,900
2025-06-12 09:32:46.000000,56733.2,89820,1999440,30,1020,1230
2025-06-12 09:32:46.280000,56733.2,89820,1999440,30,1020,1230
2025-06-12 09:32:47.000000,56729.6,89820,1999440,30,1020,1230
2025-06-12 09:32:47.151000,56729.6,89820,1999440,30,1020,1230
2025-06-12 09:32:47.000000,56729.6,89850,1999440,30,1140,840
2025-06-12 09:32:47.481000,56729.6,89850,1999440,30,1140,840
2025-06-12 09:32:48.000000,56729.6,89910,1999440,60,1110,900
2025-06-12 09:32:48.689000,56729.6,89910,1999440,60,1110,900
2025-06-12 09:32:48.000000,56729.6,89910,1999440,60,1110,900
2025-06-12 09:32:48.752000,56729.6,89910,1999440,60,1110,900
2025-06-12 09:32:49.000000,56729.6,89910,1999440,60,1110,270
2025-06-12 09:32:49.886000,56729.6,89910,1999440,60,1110,270
2025-06-12 09:32:51.000000,56729.6,89910,1999440,60,420,390
2025-06-12 09:32:51.088000,56729.6,89910,1999440,60,420,390
2025-06-12 09:32:51.000000,56740.0,89910,1999440,30,420,390
2025-06-12 09:32:51.953000,56740.0,89910,1999440,30,420,390
2025-06-12 09:32:52.000000,56740.0,90570,1999440,30,420,690
2025-06-12 09:32:52.291000,56740.0,90570,1999440,30,420,690
2025-06-12 09:32:53.000000,56736.8,90570,1999440,30,420,690
2025-06-12 09:32:53.553000,56736.8,90570,1999440,30,420,690
2025-06-12 09:32:53.000000,56736.8,90600,1999440,30,1050,1020
2025-06-12 09:32:53.690000,56736.8,90600,1999440,30,1050,1020
2025-06-12 09:32:54.000000,56736.8,90600,1999440,30,1110,1980
2025-06-12 09:32:54.891000,56736.8,90600,1999440,30,1110,1980
2025-06-12 09:32:55.000000,56720.0,90600,1999440,60,1110,1980
2025-06-12 09:32:55.556000,56720.0,90600,1999440,60,1110,1980
2025-06-12 09:32:56.000000,56732.0,91290,1999440,30,1140,780
2025-06-12 09:32:56.094000,56732.0,91290,1999440,30,1140,780
2025-06-12 09:32:56.000000,56732.0,91290,1999440,30,1140,780
2025-06-12 09:32:56.556000,56732.0,91290,1999440,30,1140,780
2025-06-12 09:32:57.000000,56732.0,91320,1999440,30,1080,2220
2025-06-12 09:32:57.296000,56732.0,91320,1999440,30,1080,2220
2025-06-12 09:32:58.000000,56732.0,91320,1999440,30,1050,1410
2025-06-12 09:32:58.499000,56732.0,91320,1999440,30,1050,1410
2025-06-12 09:32:59.000000,56732.0,91320,1999440,30,1080,1620
2025-06-12 09:32:59.700000,56732.0,91320,1999440,30,1080,1620
2025-06-12 09:32:59.000000,56733.0,91320,1999440,30,1080,1620
2025-06-12 09:32:59.958000,56733.0,91320,1999440,30,1080,1620
2025-06-12 09:33:00.000000,56733.0,91320,1999440,30,1080,1620
2025-06-12 09:33:00.000000,56721.8,91320,1999440,30,1080,1620
2025-06-12 09:33:00.559000,56721.8,91320,1999440,30,1080,1620
2025-06-12 09:33:00.000000,56721.8,91980,1999440,30,420,960
2025-06-12 09:33:00.903000,56721.8,91980,1999440,30,420,960
2025-06-12 09:33:01.000000,56734.8,91980,1999440,30,420,960
2025-06-12 09:33:01.560000,56734.8,91980,1999440,30,420,960
2025-06-12 09:33:02.000000,56734.8,92010,1999440,30,420,420
2025-06-12 09:33:02.301000,56734.8,92010,1999440,30,420,420
2025-06-12 09:33:03.000000,56734.8,92010,1999440,30,420,1050
2025-06-12 09:33:03.504000,56734.8,92010,1999440,30,420,1050
2025-06-12 09:33:03.000000,56736.4,92010,1999440,60,420,1050
2025-06-12 09:33:03.961000,56736.4,92010,1999440,60,420,1050
2025-06-12 09:33:04.000000,56722.8,92010,1999440,30,420,1050
2025-06-12 09:33:04.562000,56722.8,92010,1999440,30,420,1050
2025-06-12 09:33:04.000000,56722.8,92640,1999440,30,480,360
2025-06-12 09:33:04.707000,56722.8,92640,1999440,30,480,360
2025-06-12 09:33:05.000000,56727.0,92700,1999440,60,360,510
2025-06-12 09:33:05.910000,56727.0,92700,1999440,60,360,510
2025-06-12 09:33:05.000000,56727.0,92700,1999440,60,360,510
2025-06-12 09:33:05.962000,56727.0,92700,1999440,60,360,510
2025-06-12 09:33:06.000000,56726.6,92700,1999440,30,360,510
2025-06-12 09:33:06.563000,56726.6,92700,1999440,30,360,510
2025-06-12 09:33:07.000000,56742.6,93420,1999440,30,480,420
2025-06-12 09:33:07.309000,56742.6,93420,1999440,30,480,420
2025-06-12 09:33:07.000000,56727.4,93420,1999440,30,480,420
2025-06-12 09:33:07.564000,56727.4,93420,1999440,30,480,420
2025-06-12 09:33:08.000000,56741.2,93690,1999440,120,390,1350
2025-06-12 09:33:08.512000,56741.2,93690,1999440,120,390,1350
2025-06-12 09:33:08.000000,56741.2,93690,1999440,120,390,1350
2025-06-12 09:33:08.564000,56741.2,93690,1999440,120,390,1350
2025-06-12 09:33:09.000000,56738.4,93690,1999440,60,390,1350
2025-06-12 09:33:09.565000,56738.4,93690,1999440,60,390,1350
2025-06-12 09:33:09.000000,56722.8,93840,1999440,60,390,960
2025-06-12 09:33:09.714000,56722.8,93840,1999440,60,390,960
2025-06-12 09:33:10.000000,56722.8,93840,1999440,60,390,960
2025-06-12 09:33:10.566000,56722.8,93840,1999440,60,390,960
2025-06-12 09:33:10.000000,56722.8,93840,1999440,60,480,300
2025-06-12 09:33:10.916000,56722.8,93840,1999440,60,480,300
2025-06-12 09:33:11.000000,56740.4,93840,1999440,30,480,300
2025-06-12 09:33:11.566000,56740.4,93840,1999440,30,480,300
2025-06-12 09:33:12.000000,56733.6,94260,1999440,30,450,840
2025-06-12 09:33:12.315000,56733.6,94260,1999440,30,450,840
2025-06-12 09:33:12.000000,56733.6,94260,1999440,30,450,840
2025-06-12 09:33:12.567000,56733.6,94260,1999440,30,450,840
2025-06-12 09:33:13.000000,56733.0,94290,1999440,30,420,2070
2025-06-12 09:33:13.518000,56733.0,94290,1999440,30,420,2070
2025-06-12 09:33:13.000000,56733.0,94290,1999440,30,420,2070
2025-06-12 09:33:13.567000,56733.0,94290,1999440,30,420,2070
2025-06-12 09:33:14.000000,56722.6,94290,1999440,30,420,2070
2025-06-12 09:33:14.568000,56722.6,94290,1999440,30,420,2070
2025-06-12 09:33:14.000000,56722.6,94410,1999440,30,420,1050
2025-06-12 09:33:14.719000,56722.6,94410,1999440,30,420,1050
2025-06-12 09:33:15.000000,56737.0,94410,1999440,60,420,1050
2025-06-12 09:33:15.568000,56737.0,94410,1999440,60,420,1050
2025-06-12 09:33:15.000000,56737.0,94680,1999440,60,420,1770
2025-06-12 09:33:15.921000,56737.0,94680,1999440,60,420,1770
2025-06-12 09:33:17.000000,56737.6,94770,1999440,90,330,1320
2025-06-12 09:33:17.124000,56737.6,94770,1999440,90,330,1320
2025-06-12 09:33:17.000000,56737.6,94770,1999440,90,330,1320
2025-06-12 09:33:17.169000,56737.6,94770,1999440,90,330,1320
2025-06-12 09:33:17.000000,56737.4,94770,1999440,30,330,1320
2025-06-12 09:33:17.569000,56737.4,94770,1999440,30,330,1320
2025-06-12 09:33:18.000000,56737.4,94800,1999440,30,330,1230
2025-06-12 09:33:18.327000,56737.4,94800,1999440,30,330,1230
2025-06-12 09:33:18.000000,56735.4,94800,1999440,30,330,1230
2025-06-12 09:33:18.570000,56735.4,94800,1999440,30,330,1230
2025-06-12 09:33:19.000000,56735.4,94860,1999440,30,420,360
2025-06-12 09:33:19.529000,56735.4,94860,1999440,30,420,360
2025-06-12 09:33:19.000000,56735.4,94860,1999440,30,420,360
2025-06-12 09:33:19.770000,56735.4,94860,1999440,30,420,360
2025-06-12 09:33:20.000000,56723.2,95010,1999440,30,360,900
2025-06-12 09:33:20.731000,56723.2,95010,1999440,30,360,900
2025-06-12 09:33:21.000000,56738.2,95010,1999440,30,360,900
2025-06-12 09:33:21.571000,56738.2,95010,1999440,30,360,900
2025-06-12 09:33:21.000000,56735.0,95070,1999440,30,270,960
2025-06-12 09:33:21.933000,56735.0,95070,1999440,30,270,960
2025-06-12 09:33:22.000000,56735.0,95070,1999440,30,270,960
2025-06-12 09:33:22.571000,56735.0,95070,1999440,30,270,960
2025-06-12 09:33:23.000000,56736.4,95160,1999440,30,390,540
2025-06-12 09:33:23.333000,56736.4,95160,1999440,30,390,540
2025-06-12 09:33:23.000000,56736.4,95160,1999440,30,390,540
2025-06-12 09:33:23.572000,56736.4,95160,1999440,30,390,540
2025-06-12 09:33:24.000000,56736.4,95160,1999440,30,180,1350
2025-06-12 09:33:24.535000,56736.4,95160,1999440,30,180,1350
2025-06-12 09:33:25.000000,56725.0,95160,1999440,30,180,1350
2025-06-12 09:33:25.172000,56725.0,95160,1999440,30,180,1350
2025-06-12 09:33:25.000000,56725.0,95190,1999440,30,180,660
2025-06-12 09:33:25.737000,56725.0,95190,1999440,30,180,660
2025-06-12 09:33:26.000000,56725.0,95190,1999440,30,270,690
2025-06-12 09:33:26.940000,56725.0,95190,1999440,30,270,690
2025-06-12 09:33:28.000000,56725.0,95190,1999440,30,180,960
2025-06-12 09:33:28.141000,56725.0,95190,1999440,30,180,960
2025-06-12 09:33:28.000000,56735.0,95190,1999440,30,180,960
2025-06-12 09:33:28.375000,56735.0,95190,1999440,30,180,960
2025-06-12 09:33:28.000000,56730.2,95190,1999440,30,180,960
2025-06-12 09:33:28.775000,56730.2,95190,1999440,30,180,960
2025-06-12 09:33:29.000000,56730.2,95250,1999440,30,180,990
2025-06-12 09:33:29.343000,56730.2,95250,1999440,30,180,990
2025-06-12 09:33:30.000000,56730.2,95250,1999440,30,180,990
2025-06-12 09:33:30.000000,56730.2,95250,1999440,30,180,930
2025-06-12 09:33:30.546000,56730.2,95250,1999440,30,180,930
2025-06-12 09:33:31.000000,56730.2,95250,1999440,30,210,300
2025-06-12 09:33:31.944000,56730.2,95250,1999440,30,210,300
2025-06-12 09:33:32.000000,56725.0,95250,2007000,30,210,300
2025-06-12 09:33:32.178000,56725.0,95250,2007000,30,210,300
2025-06-12 09:33:33.000000,56725.0,95340,2007000,30,270,840
2025-06-12 09:33:33.146000,56725.0,95340,2007000,30,270,840
2025-06-12 09:33:34.000000,56725.0,95340,2007000,30,210,900
2025-06-12 09:33:34.150000,56725.0,95340,2007000,30,210,900
2025-06-12 09:33:34.000000,56734.0,95340,2007000,30,210,900
2025-06-12 09:33:34.379000,56734.0,95340,2007000,30,210,900
2025-06-12 09:33:35.000000,56734.0,95790,2007000,30,210,240
2025-06-12 09:33:35.352000,56734.0,95790,2007000,30,210,240
2025-06-12 09:33:36.000000,56730.2,95850,2007000,30,270,570
2025-06-12 09:33:36.555000,56730.2,95850,2007000,30,270,570
2025-06-12 09:33:36.000000,56730.2,95850,2007000,30,270,570
2025-06-12 09:33:36.581000,56730.2,95850,2007000,30,270,570
2025-06-12 09:33:37.000000,56730.2,95850,2007000,30,270,930
2025-06-12 09:33:37.756000,56730.2,95850,2007000,30,270,930
2025-06-12 09:33:38.000000,56730.2,95850,2007000,30,270,180
2025-06-12 09:33:38.957000,56730.2,95850,2007000,30,270,180
2025-06-12 09:33:39.000000,56730.0,95850,2007000,30,270,180
2025-06-12 09:33:39.382000,56730.0,95850,2007000,30,270,180
2025-06-12 09:33:40.000000,56730.0,95880,2007000,30,330,630
2025-06-12 09:33:40.356000,56730.0,95880,2007000,30,330,630
2025-06-12 09:33:41.000000,56730.0,95880,2007000,30,540,660
2025-06-12 09:33:41.559000,56730.0,95880,2007000,30,540,660
2025-06-12 09:33:42.000000,56730.0,95880,2007000,30,540,660
2025-06-12 09:33:42.383000,56730.0,95880,2007000,30,540,660
2025-06-12 09:33:42.000000,56730.0,95910,2007000,30,420,150
2025-06-12 09:33:42.760000,56730.0,95910,2007000,30,420,150
2025-06-12 09:33:43.000000,56734.8,95910,2007000,30,420,150
2025-06-12 09:33:43.585000,56734.8,95910,2007000,30,420,150
2025-06-12 09:33:43.000000,56734.8,95940,2007000,30,330,390
2025-06-12 09:33:43.963000,56734.8,95940,2007000,30,330,390
2025-06-12 09:33:45.000000,56734.8,95940,2007000,30,930,330
2025-06-12 09:33:45.167000,56734.8,95940,2007000,30,930,330
2025-06-12 09:33:46.000000,56734.8,95940,2007000,30,240,750
2025-06-12 09:33:46.566000,56734.8,95940,2007000,30,240,750
2025-06-12 09:33:46.000000,56723.6,95940,2007000,30,240,750
2025-06-12 09:33:46.986000,56723.6,95940,2007000,30,240,750
2025-06-12 09:33:47.000000,56723.6,95970,2007000,30,1050,1080
2025-06-12 09:33:47.768000,56723.6,95970,2007000,30,1050,1080
2025-06-12 09:33:48.000000,56723.6,95970,2007000,30,1050,1170
2025-06-12 09:33:48.969000,56723.6,95970,2007000,30,1050,1170
2025-06-12 09:33:49.000000,56733.8,95970,2007000,30,1050,1170
2025-06-12 09:33:49.387000,56733.8,95970,2007000,30,1050,1170
2025-06-12 09:33:49.000000,56720.0,95970,2007000,60,1050,1170
2025-06-12 09:33:49.988000,56720.0,95970,2007000,60,1050,1170
2025-06-12 09:33:50.000000,56720.0,96120,2007000,60,990,630
2025-06-12 09:33:50.173000,56720.0,96120,2007000,60,990,630
2025-06-12 09:33:51.000000,56720.0,96120,2007000,60,1110,990
2025-06-12 09:33:51.377000,56720.0,96120,2007000,60,1110,990
2025-06-12 09:33:52.000000,56720.0,96120,2007000,60,1080,960
2025-06-12 09:33:52.577000,56720.0,96120,2007000,60,1080,960
2025-06-12 09:33:53.000000,56720.0,96120,2007000,60,960,570
2025-06-12 09:33:53.780000,56720.0,96120,2007000,60,960,570
2025-06-12 09:33:54.000000,56720.0,96120,2007000,30,960,570
2025-06-12 09:33:54.590000,56720.0,96120,2007000,30,960,570
2025-06-12 09:33:55.000000,56720.0,96210,2007000,30,900,480
2025-06-12 09:33:55.179000,56720.0,96210,2007000,30,900,480
2025-06-12 09:33:55.000000,56720.0,96210,2007000,30,900,480
2025-06-12 09:33:55.590000,56720.0,96210,2007000,30,900,480
2025-06-12 09:33:56.000000,56720.0,96240,2007000,30,870,420
2025-06-12 09:33:56.381000,56720.0,96240,2007000,30,870,420
2025-06-12 09:33:56.000000,56724.6,96240,2007000,30,870,420
2025-06-12 09:33:56.590000,56724.6,96240,2007000,30,870,420
2025-06-12 09:33:57.000000,56720.0,96360,2007000,30,810,930
2025-06-12 09:33:57.584000,56720.0,96360,2007000,30,810,930
2025-06-12 09:33:57.000000,56720.0,96360,2007000,30,810,930
2025-06-12 09:33:57.591000,56720.0,96360,2007000,30,810,930
2025-06-12 09:33:58.000000,56720.0,96360,2007000,30,720,1200
2025-06-12 09:33:58.786000,56720.0,96360,2007000,30,720,1200
2025-06-12 09:33:59.000000,56720.0,96360,2007000,30,720,1590
2025-06-12 09:33:59.987000,56720.0,96360,2007000,30,720,1590
2025-06-12 09:34:00.000000,56720.0,96360,2007000,30,720,1590
2025-06-12 09:34:00.000000,56720.0,96360,2007000,60,720,1590
2025-06-12 09:34:00.793000,56720.0,96360,2007000,60,720,1590
2025-06-12 09:34:01.000000,56720.0,96450,2007000,60,750,750
2025-06-12 09:34:01.190000,56720.0,96450,2007000,60,750,750
2025-06-12 09:34:02.000000,56720.0,96450,2007000,60,750,360
2025-06-12 09:34:02.588000,56720.0,96450,2007000,60,750,360
2025-06-12 09:34:03.000000,56720.2,96450,2007000,30,750,360
2025-06-12 09:34:03.194000,56720.2,96450,2007000,30,750,360
2025-06-12 09:34:03.000000,56720.2,96480,2007000,30,750,300
2025-06-12 09:34:03.791000,56720.2,96480,2007000,30,750,300
2025-06-12 09:34:04.000000,56720.2,96480,2007000,30,750,270
2025-06-12 09:34:04.992000,56720.2,96480,2007000,30,750,270
2025-06-12 09:34:06.000000,56720.2,96480,2007000,30,780,240
2025-06-12 09:34:06.195000,56720.2,96480,2007000,30,780,240
2025-06-12 09:34:07.000000,56720.2,96480,2007000,30,810,690
2025-06-12 09:34:07.397000,56720.2,96480,2007000,30,810,690
2025-06-12 09:34:08.000000,56730.0,96510,2007000,30,900,510
2025-06-12 09:34:08.598000,56730.0,96510,2007000,30,900,510
2025-06-12 09:34:08.000000,56730.0,96510,2007000,30,900,510
2025-06-12 09:34:08.599000,56730.0,96510,2007000,30,900,510
2025-06-12 09:34:09.000000,56730.0,96510,2007000,30,900,330
2025-06-12 09:34:09.800000,56730.0,96510,2007000,30,900,330
2025-06-12 09:34:10.000000,56730.0,96510,2007000,60,900,330
2025-06-12 09:34:10.800000,56730.0,96510,2007000,60,900,330
2025-06-12 09:34:10.000000,56730.0,96600,2007000,60,810,420
2025-06-12 09:34:11.001000,56730.0,96600,2007000,60,810,420
2025-06-12 09:34:12.000000,56721.4,96600,2007000,30,810,420
2025-06-12 09:34:12.201000,56721.4,96600,2007000,30,810,420
2025-06-12 09:34:12.000000,56721.4,96630,2007000,30,420,420
2025-06-12 09:34:12.202000,56721.4,96630,2007000,30,420,420
2025-06-12 09:34:12.000000,56721.0,96630,2007000,30,420,420
2025-06-12 09:34:12.601000,56721.0,96630,2007000,30,420,420
2025-06-12 09:34:13.000000,56732.6,96720,2007000,30,750,690
2025-06-12 09:34:13.405000,56732.6,96720,2007000,30,750,690
2025-06-12 09:34:13.000000,56732.6,96720,2007000,30,750,690
2025-06-12 09:34:13.602000,56732.6,96720,2007000,30,750,690
2025-06-12 09:34:14.000000,56732.6,96720,2007000,30,750,1500
2025-06-12 09:34:14.607000,56732.6,96720,2007000,30,750,1500
2025-06-12 09:34:15.000000,56726.8,96720,2007000,30,750,1500
2025-06-12 09:34:15.603000,56726.8,96720,2007000,30,750,1500
2025-06-12 09:34:16.000000,56718.0,97530,2007000,150,330,1680
2025-06-12 09:34:16.005000,56718.0,97530,2007000,150,330,1680
2025-06-12 09:34:16.000000,56712.2,97530,2007000,30,330,1680
2025-06-12 09:34:16.604000,56712.2,97530,2007000,30,330,1680
2025-06-12 09:34:17.000000,56712.2,97560,2007000,30,420,540
2025-06-12 09:34:17.207000,56712.2,97560,2007000,30,420,540
2025-06-12 09:34:17.000000,56729.2,97560,2007000,30,420,540
2025-06-12 09:34:17.805000,56729.2,97560,2007000,30,420,540
2025-06-12 09:34:18.000000,56729.2,97590,2007000,30,450,930
2025-06-12 09:34:18.409000,56729.2,97590,2007000,30,450,930
2025-06-12 09:34:18.000000,56729.2,97590,2007000,30,450,930
2025-06-12 09:34:18.605000,56729.2,97590,2007000,30,450,930
2025-06-12 09:34:19.000000,56729.2,97620,2007000,30,450,930
2025-06-12 09:34:19.611000,56729.2,97620,2007000,30,450,930
2025-06-12 09:34:20.000000,56729.2,97620,2007000,30,450,600
2025-06-12 09:34:20.813000,56729.2,97620,2007000,30,450,600
2025-06-12 09:34:22.000000,56729.2,97620,2007000,30,450,540
2025-06-12 09:34:22.015000,56729.2,97620,2007000,30,450,540
2025-06-12 09:34:23.000000,56729.2,97620,2007000,30,450,210
2025-06-12 09:34:23.218000,56729.2,97620,2007000,30,450,210
2025-06-12 09:34:23.000000,56717.6,97620,2007000,60,450,210
2025-06-12 09:34:23.807000,56717.6,97620,2007000,60,450,210
2025-06-12 09:34:24.000000,56717.6,97680,2007000,60,360,390
2025-06-12 09:34:24.419000,56717.6,97680,2007000,60,360,390
2025-06-12 09:34:25.000000,56716.8,97680,2007000,30,360,390
2025-06-12 09:34:25.808000,56716.8,97680,2007000,30,360,390
2025-06-12 09:34:25.000000,56716.8,97710,2007000,30,420,330
2025-06-12 09:34:25.818000,56716.8,97710,2007000,30,420,330
2025-06-12 09:34:27.000000,56716.8,97710,2007000,30,420,510
2025-06-12 09:34:27.021000,56716.8,97710,2007000,30,420,510
2025-06-12 09:34:27.000000,56715.6,97710,2007000,30,420,510
2025-06-12 09:34:27.409000,56715.6,97710,2007000,30,420,510
2025-06-12 09:34:27.000000,56721.0,97710,2007000,30,420,510
2025-06-12 09:34:27.609000,56721.0,97710,2007000,30,420,510
2025-06-12 09:34:28.000000,56721.0,97770,2007000,30,420,600
2025-06-12 09:34:28.223000,56721.0,97770,2007000,30,420,600
2025-06-12 09:34:29.000000,56721.0,97770,2007000,30,900,720
2025-06-12 09:34:29.425000,56721.0,97770,2007000,30,900,720
2025-06-12 09:34:30.000000,56721.0,97770,2007000,30,900,720
2025-06-12 09:34:30.000000,56721.0,97770,2007000,30,660,720
2025-06-12 09:34:30.628000,56721.0,97770,2007000,30,660,720
2025-06-12 09:34:31.000000,56721.0,97770,2007000,30,510,810
2025-06-12 09:34:31.829000,56721.0,97770,2007000,30,510,810
2025-06-12 09:34:33.000000,56721.0,97770,2007000,30,390,450
2025-06-12 09:34:33.227000,56721.0,97770,2007000,30,390,450
2025-06-12 09:34:33.000000,56729.2,97770,2007000,30,390,450
2025-06-12 09:34:33.413000,56729.2,97770,2007000,30,390,450
2025-06-12 09:34:33.000000,56720.8,97770,2007000,30,390,450
2025-06-12 09:34:33.813000,56720.8,97770,2007000,30,390,450
2025-06-12 09:34:34.000000,56720.8,97920,2007000,30,510,540
2025-06-12 09:34:34.429000,56720.8,97920,2007000,30,510,540
2025-06-12 09:34:34.000000,56729.2,97920,2007000,60,510,540
2025-06-12 09:34:34.814000,56729.2,97920,2007000,60,510,540
2025-06-12 09:34:35.000000,56729.8,97920,2007000,30,510,540
2025-06-12 09:34:35.614000,56729.8,97920,2007000,30,510,540
2025-06-12 09:34:35.000000,56729.8,98010,2007000,30,600,1110
2025-06-12 09:34:35.632000,56729.8,98010,2007000,30,600,1110
2025-06-12 09:34:36.000000,56729.8,98010,2007000,30,570,1290
2025-06-12 09:34:36.834000,56729.8,98010,2007000,30,570,1290
2025-06-12 09:34:38.000000,56729.8,98010,2007000,30,540,1050
2025-06-12 09:34:38.036000,56729.8,98010,2007000,30,540,1050
2025-06-12 09:34:39.000000,56716.0,98010,2007000,30,540,1050
2025-06-12 09:34:39.218000,56716.0,98010,2007000,30,540,1050
2025-06-12 09:34:39.000000,56716.0,98040,2007000,30,390,1050
2025-06-12 09:34:39.239000,56716.0,98040,2007000,30,390,1050
2025-06-12 09:34:39.000000,56719.8,98040,2007000,30,390,1050
2025-06-12 09:34:39.618000,56719.8,98040,2007000,30,390,1050
2025-06-12 09:34:40.000000,56719.8,98070,2007000,30,480,450
2025-06-12 09:34:40.441000,56719.8,98070,2007000,30,480,450
2025-06-12 09:34:41.000000,56716.6,98070,2007000,30,480,450
2025-06-12 09:34:41.820000,56716.6,98070,2007000,30,480,450
2025-06-12 09:34:41.000000,56716.6,98100,2007000,30,240,480
2025-06-12 09:34:41.839000,56716.6,98100,2007000,30,240,480
2025-06-12 09:34:43.000000,56716.6,98100,2007000,30,330,390
2025-06-12 09:34:43.043000,56716.6,98100,2007000,30,330,390
2025-06-12 09:34:43.000000,56716.6,98100,2007000,30,330,390
2025-06-12 09:34:43.220000,56716.6,98100,2007000,30,330,390
2025-06-12 09:34:44.000000,56716.6,98130,2007000,30,240,450
2025-06-12 09:34:44.244000,56716.6,98130,2007000,30,240,450
2025-06-12 09:34:45.000000,56716.6,98130,2007000,30,240,450
2025-06-12 09:34:45.422000,56716.6,98130,2007000,30,240,450
2025-06-12 09:34:45.000000,56716.6,98160,2007000,30,240,420
2025-06-12 09:34:45.449000,56716.6,98160,2007000,30,240,420
2025-06-12 09:34:46.000000,56716.6,98160,2007000,30,240,420
2025-06-12 09:34:46.649000,56716.6,98160,2007000,30,240,420
2025-06-12 09:34:48.000000,56716.6,98160,2007000,30,240,420
2025-06-12 09:34:48.024000,56716.6,98160,2007000,30,240,420
2025-06-12 09:34:48.000000,56716.6,98190,2007000,30,240,420
2025-06-12 09:34:48.048000,56716.6,98190,2007000,30,240,420
2025-06-12 09:34:48.000000,56716.6,98190,2007000,30,240,420
2025-06-12 09:34:48.824000,56716.6,98190,2007000,30,240,420
2025-06-12 09:34:49.000000,56716.2,98250,2007000,30,240,450
2025-06-12 09:34:49.250000,56716.2,98250,2007000,30,240,450
2025-06-12 09:34:49.000000,56716.2,98250,2007000,30,240,450
2025-06-12 09:34:49.624000,56716.2,98250,2007000,30,240,450
2025-06-12 09:34:50.000000,56716.2,98250,2007000,30,240,510
2025-06-12 09:34:50.452000,56716.2,98250,2007000,30,240,510
2025-06-12 09:34:51.000000,56716.2,98250,2007000,30,240,450
2025-06-12 09:34:51.654000,56716.2,98250,2007000,30,240,450
2025-06-12 09:34:52.000000,56716.6,98250,2007000,30,240,450
2025-06-12 09:34:52.625000,56716.6,98250,2007000,30,240,450
2025-06-12 09:34:52.000000,56716.6,98280,2007000,30,240,420
2025-06-12 09:34:52.856000,56716.6,98280,2007000,30,240,420
2025-06-12 09:34:54.000000,56716.6,98280,2007000,30,240,960
2025-06-12 09:34:54.058000,56716.6,98280,2007000,30,240,960
2025-06-12 09:34:55.000000,56716.6,98280,2007000,30,240,960
2025-06-12 09:34:55.259000,56716.6,98280,2007000,30,240,960
2025-06-12 09:34:56.000000,56716.6,98280,2007000,30,240,930
2025-06-12 09:34:56.461000,56716.6,98280,2007000,30,240,930
2025-06-12 09:34:56.000000,56716.6,98280,2007000,60,240,930
2025-06-12 09:34:56.829000,56716.6,98280,2007000,60,240,930
2025-06-12 09:34:57.000000,56716.6,98340,2007000,60,330,990
2025-06-12 09:34:57.663000,56716.6,98340,2007000,60,330,990
2025-06-12 09:34:58.000000,56716.6,98340,2007000,30,330,990
2025-06-12 09:34:58.028000,56716.6,98340,2007000,30,330,990
2025-06-12 09:34:58.000000,56716.6,98460,2007000,30,390,1140
2025-06-12 09:34:58.866000,56716.6,98460,2007000,30,390,1140
2025-06-12 09:35:00.000000,56716.6,98460,2007000,30,450,1380
2025-06-12 09:35:00.067000,56716.6,98460,2007000,30,450,1380
2025-06-12 09:35:00.000000,56716.6,98460,2007000,30,450,1380
2025-06-12 09:35:01.000000,56727.8,98460,2007000,30,450,1380
2025-06-12 09:35:01.230000,56727.8,98460,2007000,30,450,1380
2025-06-12 09:35:01.000000,56727.6,98550,2007000,30,300,1200
2025-06-12 09:35:01.466000,56727.6,98550,2007000,30,300,1200
2025-06-12 09:35:01.000000,56727.6,98550,2007000,30,300,1200
2025-06-12 09:35:01.631000,56727.6,98550,2007000,30,300,1200
2025-06-12 09:35:02.000000,56727.4,98550,2007000,30,300,1200
2025-06-12 09:35:02.631000,56727.4,98550,2007000,30,300,1200
2025-06-12 09:35:02.000000,56727.4,98580,2007000,30,300,450
2025-06-12 09:35:02.673000,56727.4,98580,2007000,30,300,450
2025-06-12 09:35:03.000000,56716.2,98580,2007000,30,300,450
2025-06-12 09:35:03.632000,56716.2,98580,2007000,30,300,450
2025-06-12 09:35:03.000000,56716.2,98700,2007000,30,300,870
2025-06-12 09:35:03.871000,56716.2,98700,2007000,30,300,870
2025-06-12 09:35:04.000000,56716.0,98700,2007000,30,300,870
2025-06-12 09:35:04.632000,56716.0,98700,2007000,30,300,870
2025-06-12 09:35:05.000000,56716.0,98730,2007000,30,270,390
2025-06-12 09:35:05.073000,56716.0,98730,2007000,30,270,390
2025-06-12 09:35:06.000000,56716.0,98730,2007000,30,300,270
2025-06-12 09:35:06.276000,56716.0,98730,2007000,30,300,270
2025-06-12 09:35:07.000000,56725.0,98730,2007000,30,300,270
2025-06-12 09:35:07.034000,56725.0,98730,2007000,30,300,270
2025-06-12 09:35:07.000000,56725.0,98850,2007000,30,300,600
2025-06-12 09:35:07.478000,56725.0,98850,2007000,30,300,600
2025-06-12 09:35:08.000000,56725.0,98850,2007000,30,300,1050
2025-06-12 09:35:08.876000,56725.0,98850,2007000,30,300,1050
2025-06-12 09:35:10.000000,56725.0,98850,2007000,30,330,1050
2025-06-12 09:35:10.078000,56725.0,98850,2007000,30,330,1050
2025-06-12 09:35:10.000000,56725.0,98850,2007000,270,330,1050
2025-06-12 09:35:10.436000,56725.0,98850,2007000,270,330,1050
2025-06-12 09:35:11.000000,56725.0,99120,2007000,270,330,720
2025-06-12 09:35:11.281000,56725.0,99120,2007000,270,330,720
2025-06-12 09:35:11.000000,56717.0,99120,2007000,30,330,720
2025-06-12 09:35:11.637000,56717.0,99120,2007000,30,330,720
2025-06-12 09:35:12.000000,56717.0,99150,2007000,30,300,720
2025-06-12 09:35:12.483000,56717.0,99150,2007000,30,300,720
2025-06-12 09:35:13.000000,56717.0,99150,2007000,30,270,720
2025-06-12 09:35:13.685000,56717.0,99150,2007000,30,270,720
2025-06-12 09:35:14.000000,56724.8,99150,2007000,30,270,720
2025-06-12 09:35:14.240000,56724.8,99150,2007000,30,270,720
2025-06-12 09:35:14.000000,56724.8,99180,2007000,30,270,420
2025-06-12 09:35:14.888000,56724.8,99180,2007000,30,270,420
2025-06-12 09:35:15.000000,56723.2,99180,2007000,30,270,420
2025-06-12 09:35:15.840000,56723.2,99180,2007000,30,270,420
2025-06-12 09:35:16.000000,56723.2,99210,2007000,30,240,420
2025-06-12 09:35:16.287000,56723.2,99210,2007000,30,240,420
2025-06-12 09:35:16.000000,56718.0,99210,2007000,30,240,420
2025-06-12 09:35:16.641000,56718.0,99210,2007000,30,240,420
2025-06-12 09:35:17.000000,56718.0,99270,2007000,30,270,1620
2025-06-12 09:35:17.489000,56718.0,99270,2007000,30,270,1620
2025-06-12 09:35:18.000000,56718.0,99270,2007000,30,270,300
2025-06-12 09:35:18.692000,56718.0,99270,2007000,30,270,300
2025-06-12 09:35:19.000000,56718.0,99270,2007000,30,420,210
2025-06-12 09:35:19.895000,56718.0,99270,2007000,30,420,210
2025-06-12 09:35:21.000000,56718.0,99270,2007000,30,420,660
2025-06-12 09:35:21.294000,56718.0,99270,2007000,30,420,660
2025-06-12 09:35:21.000000,56722.0,99270,2007000,30,420,660
2025-06-12 09:35:21.643000,56722.0,99270,2007000,30,420,660
2025-06-12 09:35:22.000000,56722.0,99300,2007000,30,420,810
2025-06-12 09:35:22.495000,56722.0,99300,2007000,30,420,810
2025-06-12 09:35:23.000000,56723.0,99300,2007000,30,420,810
2025-06-12 09:35:23.444000,56723.0,99300,2007000,30,420,810
2025-06-12 09:35:23.000000,56720.0,99300,2007000,30,420,810
2025-06-12 09:35:23.644000,56720.0,99300,2007000,30,420,810
2025-06-12 09:35:23.000000,56720.0,99360,2007000,30,510,600
2025-06-12 09:35:23.698000,56720.0,99360,2007000,30,510,600
2025-06-12 09:35:24.000000,56720.0,99360,2007000,30,510,720
2025-06-12 09:35:24.900000,56720.0,99360,2007000,30,510,720
2025-06-12 09:35:26.000000,56720.0,99360,2007000,30,510,510
2025-06-12 09:35:26.103000,56720.0,99360,2007000,30,510,510
2025-06-12 09:35:27.000000,56720.0,99360,2007000,30,480,390
2025-06-12 09:35:27.305000,56720.0,99360,2007000,30,480,390
2025-06-12 09:35:28.000000,56720.0,99360,2007000,30,390,210
2025-06-12 09:35:28.705000,56720.0,99360,2007000,30,390,210
2025-06-12 09:35:29.000000,56717.2,99360,2007000,30,390,210
2025-06-12 09:35:29.847000,56717.2,99360,2007000,30,390,210
2025-06-12 09:35:29.000000,56717.2,99390,2007000,30,480,330
2025-06-12 09:35:29.908000,56717.2,99390,2007000,30,480,330
2025-06-12 09:35:30.000000,56717.2,99390,2007000,30,480,330
2025-06-12 09:35:31.000000,56717.2,99390,2007000,30,480,330
2025-06-12 09:35:31.110000,56717.2,99390,2007000,30,480,330
2025-06-12 09:35:32.000000,56717.2,99390,2007000,30,480,330
2025-06-12 09:35:32.313000,56717.2,99390,2007000,30,480,330
2025-06-12 09:35:33.000000,56717.2,99390,2007000,30,480,330
2025-06-12 09:35:33.712000,56717.2,99390,2007000,30,480,330
2025-06-12 09:35:34.000000,56717.2,99390,2007000,30,480,330
2025-06-12 09:35:34.915000,56717.2,99390,2007000,30,480,330
2025-06-12 09:35:36.000000,56717.2,99390,2007000,30,480,390
2025-06-12 09:35:36.118000,56717.2,99390,2007000,30,480,390
2025-06-12 09:35:37.000000,56717.2,99390,2007000,30,480,510
2025-06-12 09:35:37.319000,56717.2,99390,2007000,30,480,510
2025-06-12 09:35:37.000000,56717.0,99390,2007000,30,480,510
2025-06-12 09:35:37.853000,56717.0,99390,2007000,30,480,510
2025-06-12 09:35:38.000000,56717.0,99420,2007000,30,480,480
2025-06-12 09:35:38.522000,56717.0,99420,2007000,30,480,480
2025-06-12 09:35:39.000000,56716.0,99420,2007000,30,480,480
2025-06-12 09:35:39.054000,56716.0,99420,2007000,30,480,480
2025-06-12 09:35:39.000000,56716.0,99450,2007000,30,540,480
2025-06-12 09:35:39.922000,56716.0,99450,2007000,30,540,480
2025-06-12 09:35:41.000000,56716.0,99450,2007000,30,540,510
2025-06-12 09:35:41.124000,56716.0,99450,2007000,30,540,510
2025-06-12 09:35:41.000000,56724.0,99450,2007000,30,540,510
2025-06-12 09:35:41.856000,56724.0,99450,2007000,30,540,510
2025-06-12 09:35:42.000000,56724.0,99660,2007000,30,450,330
2025-06-12 09:35:42.327000,56724.0,99660,2007000,30,450,330
2025-06-12 09:35:43.000000,56724.0,99660,2007000,30,360,330
2025-06-12 09:35:43.530000,56724.0,99660,2007000,30,360,330
2025-06-12 09:35:44.000000,56724.0,99660,2007000,30,360,570
2025-06-12 09:35:44.929000,56724.0,99660,2007000,30,360,570
2025-06-12 09:35:46.000000,56724.0,99660,2007000,30,360,1140
2025-06-12 09:35:46.132000,56724.0,99660,2007000,30,360,1140
2025-06-12 09:35:47.000000,56724.0,99660,2007000,30,360,690
2025-06-12 09:35:47.334000,56724.0,99660,2007000,30,360,690
2025-06-12 09:35:47.000000,56720.0,99660,2007000,30,360,690
2025-06-12 09:35:47.661000,56720.0,99660,2007000,30,360,690
2025-06-12 09:35:48.000000,56713.6,99840,2007000,30,600,750
2025-06-12 09:35:48.537000,56713.6,99840,2007000,30,600,750
2025-06-12 09:35:48.000000,56713.6,99840,2007000,30,600,750
2025-06-12 09:35:48.661000,56713.6,99840,2007000,30,600,750
2025-06-12 09:35:49.000000,56712.2,99840,2007000,30,600,750
2025-06-12 09:35:49.662000,56712.2,99840,2007000,30,600,750
2025-06-12 09:35:49.000000,56712.2,99870,2007000,30,480,780
2025-06-12 09:35:49.739000,56712.2,99870,2007000,30,480,780
2025-06-12 09:35:50.000000,56720.0,99870,2007000,30,480,780
2025-06-12 09:35:50.662000,56720.0,99870,2007000,30,480,780
2025-06-12 09:35:51.000000,56720.0,99930,2007000,30,510,1470
2025-06-12 09:35:51.139000,56720.0,99930,2007000,30,510,1470
2025-06-12 09:35:51.000000,56712.0,99930,2007000,150,510,1470
2025-06-12 09:35:51.863000,56712.0,99930,2007000,150,510,1470
2025-06-12 09:35:52.000000,56712.0,100170,2007000,150,900,780
2025-06-12 09:35:52.341000,56712.0,100170,2007000,150,900,780
2025-06-12 09:35:53.000000,56712.0,100170,2007000,150,510,750
2025-06-12 09:35:53.544000,56712.0,100170,2007000,150,510,750
2025-06-12 09:35:54.000000,56717.2,100170,2007000,30,510,750
2025-06-12 09:35:54.064000,56717.2,100170,2007000,30,510,750
2025-06-12 09:35:54.000000,56717.2,100200,2007000,30,240,450
2025-06-12 09:35:54.747000,56717.2,100200,2007000,30,240,450
2025-06-12 09:35:56.000000,56712.0,100230,2007000,30,390,960
2025-06-12 09:35:56.147000,56712.0,100230,2007000,30,390,960
2025-06-12 09:35:56.000000,56712.0,100230,2007000,30,390,960
2025-06-12 09:35:56.265000,56712.0,100230,2007000,30,390,960
2025-06-12 09:35:57.000000,56712.0,100230,2007000,30,510,390
2025-06-12 09:35:57.349000,56712.0,100230,2007000,30,510,390
2025-06-12 09:35:58.000000,56712.0,100230,2007000,30,420,300
2025-06-12 09:35:58.551000,56712.0,100230,2007000,30,420,300
2025-06-12 09:35:58.000000,56711.6,100230,2007000,30,420,300
2025-06-12 09:35:58.865000,56711.6,100230,2007000,30,420,300
2025-06-12 09:35:59.000000,56711.6,100260,2007000,30,510,330
2025-06-12 09:35:59.755000,56711.6,100260,2007000,30,510,330
2025-06-12 09:36:00.000000,56711.6,100260,2007000,30,510,330
2025-06-12 09:36:00.000000,56711.6,100260,2007000,30,510,360
2025-06-12 09:36:00.958000,56711.6,100260,2007000,30,510,360
2025-06-12 09:36:02.000000,56711.6,100260,2007000,30,540,240
2025-06-12 09:36:02.356000,56711.6,100260,2007000,30,540,240
2025-06-12 09:36:03.000000,56711.6,100260,2007000,30,600,240
2025-06-12 09:36:03.559000,56711.6,100260,2007000,30,600,240
2025-06-12 09:36:04.000000,56711.6,100260,2007000,30,570,300
2025-06-12 09:36:04.763000,56711.6,100260,2007000,30,570,300
2025-06-12 09:36:05.000000,56711.6,100260,2007000,30,510,300
2025-06-12 09:36:05.964000,56711.6,100260,2007000,30,510,300
2025-06-12 09:36:07.000000,56711.6,100260,2007000,30,540,300
2025-06-12 09:36:07.168000,56711.6,100260,2007000,30,540,300
2025-06-12 09:36:08.000000,56711.6,100260,2007000,30,450,300
2025-06-12 09:36:08.566000,56711.6,100260,2007000,30,450,300
2025-06-12 09:36:09.000000,56711.6,100260,2007000,30,450,300
2025-06-12 09:36:09.770000,56711.6,100260,2007000,30,450,300
2025-06-12 09:36:10.000000,56711.6,100260,2007000,30,540,300
2025-06-12 09:36:10.973000,56711.6,100260,2007000,30,540,300
2025-06-12 09:36:12.000000,56711.6,100260,2007000,30,540,330
2025-06-12 09:36:12.175000,56711.6,100260,2007000,30,540,330
2025-06-12 09:36:13.000000,56711.6,100260,2007000,30,600,330
2025-06-12 09:36:13.575000,56711.6,100260,2007000,30,600,330
2025-06-12 09:36:14.000000,56712.0,100260,2007000,30,600,330
2025-06-12 09:36:14.277000,56712.0,100260,2007000,30,600,330
2025-06-12 09:36:14.000000,56712.0,100290,2007000,30,510,300
2025-06-12 09:36:14.777000,56712.0,100290,2007000,30,510,300
2025-06-12 09:36:15.000000,56717.4,100290,2007000,30,510,300
2025-06-12 09:36:15.077000,56717.4,100290,2007000,30,510,300
2025-06-12 09:36:15.000000,56717.4,100350,2007000,30,570,270
2025-06-12 09:36:15.979000,56717.4,100350,2007000,30,570,270
2025-06-12 09:36:17.000000,56717.4,100350,2007000,30,240,270
2025-06-12 09:36:17.182000,56717.4,100350,2007000,30,240,270
2025-06-12 09:36:18.000000,56717.4,100350,2007000,30,180,240
2025-06-12 09:36:18.385000,56717.4,100350,2007000,30,180,240
2025-06-12 09:36:19.000000,56717.4,100350,2007000,30,240,240
2025-06-12 09:36:19.587000,56717.4,100350,2007000,30,240,240
2025-06-12 09:36:20.000000,56717.0,100350,2007000,30,240,240
2025-06-12 09:36:20.081000,56717.0,100350,2007000,30,240,240
2025-06-12 09:36:20.000000,56717.0,100380,2007000,30,240,390
2025-06-12 09:36:20.986000,56717.0,100380,2007000,30,240,390
2025-06-12 09:36:22.000000,56717.0,100380,2007000,30,240,390
2025-06-12 09:36:22.189000,56717.0,100380,2007000,30,240,390
2025-06-12 09:36:23.000000,56716.6,100380,2007000,30,240,390
2025-06-12 09:36:23.283000,56716.6,100380,2007000,30,240,390
2025-06-12 09:36:23.000000,56716.6,100440,2007000,30,240,480
2025-06-12 09:36:23.392000,56716.6,100440,2007000,30,240,480
2025-06-12 09:36:24.000000,56711.4,100440,2007000,30,240,480
2025-06-12 09:36:24.083000,56711.4,100440,2007000,30,240,480
2025-06-12 09:36:24.000000,56711.4,100590,2007000,30,480,540
2025-06-12 09:36:24.595000,56711.4,100590,2007000,30,480,540
2025-06-12 09:36:25.000000,56711.4,100590,2007000,30,540,690
2025-06-12 09:36:25.995000,56711.4,100590,2007000,30,540,690
2025-06-12 09:36:26.000000,56716.6,100590,2007000,30,540,690
2025-06-12 09:36:26.684000,56716.6,100590,2007000,30,540,690
2025-06-12 09:36:27.000000,56711.4,100650,2007000,30,600,960
2025-06-12 09:36:27.197000,56711.4,100650,2007000,30,600,960
2025-06-12 09:36:27.000000,56711.4,100650,2007000,30,600,960
2025-06-12 09:36:27.684000,56711.4,100650,2007000,30,600,960
2025-06-12 09:36:28.000000,56711.4,100650,2007000,30,660,810
2025-06-12 09:36:28.401000,56711.4,100650,2007000,30,660,810
2025-06-12 09:36:29.000000,56711.4,100650,2007000,30,450,720
2025-06-12 09:36:29.603000,56711.4,100650,2007000,30,450,720
2025-06-12 09:36:30.000000,56711.4,100650,2007000,30,450,720
2025-06-12 09:36:30.000000,56715.8,100650,2007000,30,450,720
2025-06-12 09:36:30.686000,56715.8,100650,2007000,30,450,720
2025-06-12 09:36:30.000000,56715.8,100680,2007000,30,300,900
2025-06-12 09:36:30.805000,56715.8,100680,2007000,30,300,900
2025-06-12 09:36:31.000000,56712.6,100680,2007000,30,300,900
2025-06-12 09:36:31.686000,56712.6,100680,2007000,30,300,900
2025-06-12 09:36:32.000000,56712.6,100710,2007000,30,330,930
2025-06-12 09:36:32.007000,56712.6,100710,2007000,30,330,930
2025-06-12 09:36:33.000000,56712.6,100710,2007000,30,390,930
2025-06-12 09:36:33.210000,56712.6,100710,2007000,30,390,930
2025-06-12 09:36:34.000000,56712.0,100770,2007000,30,270,630
2025-06-12 09:36:34.412000,56712.0,100770,2007000,30,270,630
2025-06-12 09:36:34.000000,56712.0,100770,2007570,30,270,630
2025-06-12 09:36:34.488000,56712.0,100770,2007570,30,270,630
2025-06-12 09:36:35.000000,56712.0,100920,2007570,30,270,720
2025-06-12 09:36:35.811000,56712.0,100920,2007570,30,270,720
2025-06-12 09:36:37.000000,56712.0,100920,2007570,30,420,720
2025-06-12 09:36:37.013000,56712.0,100920,2007570,30,420,720
2025-06-12 09:36:38.000000,56712.0,100980,2007570,30,390,660
2025-06-12 09:36:38.215000,56712.0,100980,2007570,30,390,660
2025-06-12 09:36:38.000000,56712.0,100980,2007570,30,390,660
2025-06-12 09:36:38.289000,56712.0,100980,2007570,30,390,660
2025-06-12 09:36:39.000000,56712.0,100980,2007570,30,330,660
2025-06-12 09:36:39.418000,56712.0,100980,2007570,30,330,660
2025-06-12 09:36:40.000000,56712.0,100980,2007570,30,330,660
2025-06-12 09:36:40.490000,56712.0,100980,2007570,30,330,660
2025-06-12 09:36:40.000000,56712.0,101010,2007570,30,210,630
2025-06-12 09:36:40.620000,56712.0,101010,2007570,30,210,630
2025-06-12 09:36:40.000000,56712.0,101010,2007570,30,210,630
2025-06-12 09:36:40.890000,56712.0,101010,2007570,30,210,630
2025-06-12 09:36:41.000000,56713.6,101010,2007570,30,210,630
2025-06-12 09:36:41.692000,56713.6,101010,2007570,30,210,630
2025-06-12 09:36:41.000000,56713.6,101490,2007570,30,270,960
2025-06-12 09:36:41.824000,56713.6,101490,2007570,30,270,960
2025-06-12 09:36:43.000000,56713.6,101490,2007570,30,330,420
2025-06-12 09:36:43.027000,56713.6,101490,2007570,30,330,420
2025-06-12 09:36:44.000000,56713.6,101490,2007570,30,300,480
2025-06-12 09:36:44.426000,56713.6,101490,2007570,30,300,480
2025-06-12 09:36:45.000000,56713.6,101490,2007570,30,330,360
2025-06-12 09:36:45.631000,56713.6,101490,2007570,30,330,360
2025-06-12 09:36:46.000000,56714.6,101490,2007570,30,330,360
2025-06-12 09:36:46.293000,56714.6,101490,2007570,30,330,360
2025-06-12 09:36:46.000000,56718.8,101490,2007570,60,330,360
2025-06-12 09:36:46.694000,56718.8,101490,2007570,60,330,360
2025-06-12 09:36:46.000000,56718.8,101580,2007570,60,330,390
2025-06-12 09:36:46.831000,56718.8,101580,2007570,60,330,390
2025-06-12 09:36:47.000000,56720.0,101580,2007570,30,330,390
2025-06-12 09:36:47.695000,56720.0,101580,2007570,30,330,390
2025-06-12 09:36:48.000000,56720.0,101610,2007570,30,330,330
2025-06-12 09:36:48.035000,56720.0,101610,2007570,30,330,330
2025-06-12 09:36:49.000000,56720.0,101610,2007570,30,330,390
2025-06-12 09:36:49.238000,56720.0,101610,2007570,30,330,390
2025-06-12 09:36:49.000000,56714.6,101610,2007570,30,330,390
2025-06-12 09:36:49.296000,56714.6,101610,2007570,30,330,390
2025-06-12 09:36:50.000000,56714.6,101640,2007570,30,360,420
2025-06-12 09:36:50.439000,56714.6,101640,2007570,30,360,420
2025-06-12 09:36:51.000000,56714.6,101640,2007570,30,360,360
2025-06-12 09:36:51.839000,56714.6,101640,2007570,30,360,360
2025-06-12 09:36:53.000000,56714.6,101640,2007570,30,360,360
2025-06-12 09:36:53.041000,56714.6,101640,2007570,30,360,360
2025-06-12 09:36:54.000000,56714.6,101640,2007570,30,330,360
2025-06-12 09:36:54.244000,56714.6,101640,2007570,30,330,360
2025-06-12 09:36:55.000000,56715.0,101700,2007570,30,330,300
2025-06-12 09:36:55.447000,56715.0,101700,2007570,30,330,300
2025-06-12 09:36:55.000000,56715.0,101700,2007570,30,330,300
2025-06-12 09:36:55.500000,56715.0,101700,2007570,30,330,300
2025-06-12 09:36:56.000000,56714.8,101700,2007570,30,330,300
2025-06-12 09:36:56.500000,56714.8,101700,2007570,30,330,300
2025-06-12 09:36:56.000000,56714.8,101790,2007570,60,330,300
2025-06-12 09:36:56.651000,56714.8,101790,2007570,60,330,300
2025-06-12 09:36:56.000000,56714.8,101790,2007570,60,330,300
2025-06-12 09:36:56.700000,56714.8,101790,2007570,60,330,300
2025-06-12 09:36:57.000000,56711.4,101790,2007570,30,330,300
2025-06-12 09:36:57.701000,56711.4,101790,2007570,30,330,300
2025-06-12 09:36:57.000000,56711.4,101940,2007570,30,300,300
2025-06-12 09:36:57.852000,56711.4,101940,2007570,30,300,300
2025-06-12 09:36:59.000000,56711.4,101940,2007570,30,330,300
2025-06-12 09:36:59.252000,56711.4,101940,2007570,30,330,300
2025-06-12 09:37:00.000000,56711.4,101940,2007570,30,330,300
2025-06-12 09:37:00.000000,56711.4,101940,2007570,30,300,330
2025-06-12 09:37:00.455000,56711.4,101940,2007570,30,300,330
2025-06-12 09:37:01.000000,56711.4,101940,2007570,30,300,330
2025-06-12 09:37:01.658000,56711.4,101940,2007570,30,300,330
2025-06-12 09:37:02.000000,56711.4,101940,2007570,30,300,330
2025-06-12 09:37:02.861000,56711.4,101940,2007570,30,300,330
2025-06-12 09:37:04.000000,56715.0,101940,2007570,30,300,330
2025-06-12 09:37:04.104000,56715.0,101940,2007570,30,300,330
2025-06-12 09:37:04.000000,56715.0,101970,2007570,30,300,300
2025-06-12 09:37:04.260000,56715.0,101970,2007570,30,300,300
2025-06-12 09:37:04.000000,56715.0,101970,2007570,30,300,300
2025-06-12 09:37:04.704000,56715.0,101970,2007570,30,300,300
2025-06-12 09:37:05.000000,56715.0,102000,2007570,30,300,300
2025-06-12 09:37:05.463000,56715.0,102000,2007570,30,300,300
2025-06-12 09:37:06.000000,56715.0,102000,2007570,30,300,450
2025-06-12 09:37:06.666000,56715.0,102000,2007570,30,300,450
2025-06-12 09:37:07.000000,56715.0,102000,2007570,30,300,540
2025-06-12 09:37:07.869000,56715.0,102000,2007570,30,300,540
2025-06-12 09:37:09.000000,56715.0,102000,2007570,30,330,270
2025-06-12 09:37:09.269000,56715.0,102000,2007570,30,330,270
2025-06-12 09:37:09.000000,56711.8,102000,2007570,30,330,270
2025-06-12 09:37:09.908000,56711.8,102000,2007570,30,330,270
2025-06-12 09:37:10.000000,56705.0,102480,2007570,30,930,210
2025-06-12 09:37:10.471000,56705.0,102480,2007570,30,930,210
2025-06-12 09:37:10.000000,56705.0,102480,2007570,30,930,210
2025-06-12 09:37:10.709000,56705.0,102480,2007570,30,930,210
2025-06-12 09:37:11.000000,56705.0,102480,2007570,30,1050,210
2025-06-12 09:37:11.674000,56705.0,102480,2007570,30,1050,210
2025-06-12 09:37:11.000000,56713.4,102480,2007570,30,1050,210
2025-06-12 09:37:11.909000,56713.4,102480,2007570,30,1050,210
2025-06-12 09:37:12.000000,56713.4,102510,2007570,30,930,150
2025-06-12 09:37:12.878000,56713.4,102510,2007570,30,930,150
2025-06-12 09:37:12.000000,56711.8,102510,2007570,30,930,150
2025-06-12 09:37:12.910000,56711.8,102510,2007570,30,930,150
2025-06-12 09:37:14.000000,56711.8,102540,2007570,30,960,240
2025-06-12 09:37:14.277000,56711.8,102540,2007570,30,960,240
2025-06-12 09:37:14.000000,56701.0,102540,2007570,90,960,240
2025-06-12 09:37:14.711000,56701.0,102540,2007570,90,960,240
2025-06-12 09:37:15.000000,56701.0,102750,2007570,30,870,150
2025-06-12 09:37:15.480000,56701.0,102750,2007570,30,870,150
2025-06-12 09:37:15.000000,56701.0,102750,2007570,30,870,150
2025-06-12 09:37:15.712000,56701.0,102750,2007570,30,870,150
2025-06-12 09:37:16.000000,56711.2,102810,2007570,30,810,330
2025-06-12 09:37:16.683000,56711.2,102810,2007570,30,810,330
2025-06-12 09:37:16.000000,56711.2,102810,2007570,30,810,330
2025-06-12 09:37:16.712000,56711.2,102810,2007570,30,810,330
2025-06-12 09:37:17.000000,56701.0,102810,2007570,30,810,330
2025-06-12 09:37:17.713000,56701.0,102810,2007570,30,810,330
2025-06-12 09:37:17.000000,56701.0,102840,2007570,30,750,270
2025-06-12 09:37:17.886000,56701.0,102840,2007570,30,750,270
2025-06-12 09:37:19.000000,56701.0,102840,2007570,30,750,360
2025-06-12 09:37:19.285000,56701.0,102840,2007570,30,750,360
2025-06-12 09:37:20.000000,56701.0,102840,2007570,30,870,570
2025-06-12 09:37:20.488000,56701.0,102840,2007570,30,870,570
2025-06-12 09:37:21.000000,56701.0,102840,2007570,30,870,570
2025-06-12 09:37:21.116000,56701.0,102840,2007570,30,870,570
2025-06-12 09:37:21.000000,56701.0,102990,2007570,90,840,780
2025-06-12 09:37:21.691000,56701.0,102990,2007570,90,840,780
2025-06-12 09:37:21.000000,56701.0,102990,2007570,90,840,780
2025-06-12 09:37:21.715000,56701.0,102990,2007570,90,840,780
2025-06-12 09:37:22.000000,56701.0,102990,2007570,90,840,870
2025-06-12 09:37:22.895000,56701.0,102990,2007570,90,840,870
2025-06-12 09:37:24.000000,56701.0,102990,2007570,90,840,810
2025-06-12 09:37:24.294000,56701.0,102990,2007570,90,840,810
2025-06-12 09:37:25.000000,56701.0,102990,2007570,90,840,870
2025-06-12 09:37:25.497000,56701.0,102990,2007570,90,840,870
2025-06-12 09:37:26.000000,56701.0,102990,2007570,90,840,390
2025-06-12 09:37:26.700000,56701.0,102990,2007570,90,840,390
2025-06-12 09:37:27.000000,56701.0,102990,2007570,90,840,390
2025-06-12 09:37:27.903000,56701.0,102990,2007570,90,840,390
2025-06-12 09:37:29.000000,56701.0,102990,2007570,90,720,480
2025-06-12 09:37:29.303000,56701.0,102990,2007570,90,720,480
2025-06-12 09:37:29.000000,56709.0,102990,2007570,30,720,480
2025-06-12 09:37:29.719000,56709.0,102990,2007570,30,720,480
2025-06-12 09:37:30.000000,56709.0,102990,2007570,30,720,480
2025-06-12 09:37:30.000000,56709.0,103020,2007570,30,750,510
2025-06-12 09:37:30.505000,56709.0,103020,2007570,30,750,510
2025-06-12 09:37:31.000000,56709.0,103020,2007570,30,660,420
2025-06-12 09:37:31.708000,56709.0,103020,2007570,30,660,420
2025-06-12 09:37:32.000000,56709.0,103020,2007570,30,810,840
2025-06-12 09:37:32.911000,56709.0,103020,2007570,30,810,840
2025-06-12 09:37:33.000000,56700.2,103020,2007570,30,810,840
2025-06-12 09:37:33.721000,56700.2,103020,2007570,30,810,840
2025-06-12 09:37:34.000000,56700.2,103050,2007570,30,960,360
2025-06-12 09:37:34.310000,56700.2,103050,2007570,30,960,360
2025-06-12 09:37:35.000000,56700.2,103050,2007570,30,840,300
2025-06-12 09:37:35.512000,56700.2,103050,2007570,30,840,300
2025-06-12 09:37:36.000000,56700.2,103050,2007570,30,840,270
2025-06-12 09:37:36.715000,56700.2,103050,2007570,30,840,270
2025-06-12 09:37:37.000000,56700.0,103050,2007570,30,840,270
2025-06-12 09:37:37.324000,56700.0,103050,2007570,30,840,270
2025-06-12 09:37:37.000000,56700.0,103080,2007570,30,690,600
2025-06-12 09:37:37.918000,56700.0,103080,2007570,30,690,600
2025-06-12 09:37:39.000000,56700.0,103080,2007570,30,720,420
2025-06-12 09:37:39.316000,56700.0,103080,2007570,30,720,420
2025-06-12 09:37:40.000000,56700.0,103080,2007570,30,720,420
2025-06-12 09:37:40.519000,56700.0,103080,2007570,30,720,420
2025-06-12 09:37:41.000000,56700.0,103080,2007570,30,720,270
2025-06-12 09:37:41.722000,56700.0,103080,2007570,30,720,270
2025-06-12 09:37:41.000000,56701.0,103080,2007570,30,720,270
2025-06-12 09:37:41.726000,56701.0,103080,2007570,30,720,270
2025-06-12 09:37:42.000000,56701.0,103110,2007570,30,720,360
2025-06-12 09:37:42.925000,56701.0,103110,2007570,30,720,360
2025-06-12 09:37:43.000000,56700.0,103110,2007570,30,720,360
2025-06-12 09:37:43.928000,56700.0,103110,2007570,30,720,360
2025-06-12 09:37:44.000000,56700.0,103140,2007570,30,780,330
2025-06-12 09:37:44.324000,56700.0,103140,2007570,30,780,330
2025-06-12 09:37:45.000000,56700.0,103140,2007570,30,780,210
2025-06-12 09:37:45.527000,56700.0,103140,2007570,30,780,210
2025-06-12 09:37:45.000000,56700.2,103140,2007570,30,780,210
2025-06-12 09:37:45.929000,56700.2,103140,2007570,30,780,210
2025-06-12 09:37:46.000000,56700.2,103170,2007570,30,750,360
2025-06-12 09:37:46.730000,56700.2,103170,2007570,30,750,360
2025-06-12 09:37:47.000000,56711.8,103170,2007570,30,750,360
2025-06-12 09:37:47.331000,56711.8,103170,2007570,30,750,360
2025-06-12 09:37:47.000000,56711.8,103350,2007570,30,750,630
2025-06-12 09:37:47.931000,56711.8,103350,2007570,30,750,630
2025-06-12 09:37:48.000000,56700.2,103350,2007570,30,750,630
2025-06-12 09:37:48.132000,56700.2,103350,2007570,30,750,630
2025-06-12 09:37:49.000000,56700.2,103500,2007570,30,690,210
2025-06-12 09:37:49.134000,56700.2,103500,2007570,30,690,210
2025-06-12 09:37:50.000000,56700.2,103500,2007570,30,690,240
2025-06-12 09:37:50.533000,56700.2,103500,2007570,30,690,240
2025-06-12 09:37:51.000000,56700.0,103500,2007570,30,690,240
2025-06-12 09:37:51.734000,56700.0,103500,2007570,30,690,240
2025-06-12 09:37:51.000000,56700.0,103530,2007570,30,810,240
2025-06-12 09:37:51.735000,56700.0,103530,2007570,30,810,240
2025-06-12 09:37:52.000000,56700.0,103530,2007570,30,690,180
2025-06-12 09:37:52.938000,56700.0,103530,2007570,30,690,180
2025-06-12 09:37:53.000000,56700.2,103530,2007570,30,690,180
2025-06-12 09:37:53.535000,56700.2,103530,2007570,30,690,180
2025-06-12 09:37:54.000000,56700.0,103530,2007570,30,690,180
2025-06-12 09:37:54.135000,56700.0,103530,2007570,30,690,180
2025-06-12 09:37:54.000000,56700.0,103620,2007570,30,660,810
2025-06-12 09:37:54.141000,56700.0,103620,2007570,30,660,810
2025-06-12 09:37:54.000000,56700.2,103620,2007570,30,660,810
2025-06-12 09:37:54.735000,56700.2,103620,2007570,30,660,810
2025-06-12 09:37:55.000000,56700.0,103770,2007570,30,570,420
2025-06-12 09:37:55.343000,56700.0,103770,2007570,30,570,420
2025-06-12 09:37:55.000000,56700.0,103770,2007570,30,570,420
2025-06-12 09:37:55.736000,56700.0,103770,2007570,30,570,420
2025-06-12 09:37:56.000000,56700.0,104010,2007570,30,450,420
2025-06-12 09:37:56.741000,56700.0,104010,2007570,30,450,420
2025-06-12 09:37:57.000000,56700.2,104010,2007570,30,450,420
2025-06-12 09:37:57.737000,56700.2,104010,2007570,30,450,420
2025-06-12 09:37:57.000000,56700.2,104040,2007570,30,450,390
2025-06-12 09:37:57.942000,56700.2,104040,2007570,30,450,390
2025-06-12 09:37:59.000000,56700.2,104040,2007570,30,480,390
2025-06-12 09:37:59.145000,56700.2,104040,2007570,30,480,390
2025-06-12 09:38:00.000000,56700.2,104040,2007570,30,480,390
2025-06-12 09:38:00.000000,56700.2,104040,2007570,30,450,420
2025-06-12 09:38:00.347000,56700.2,104040,2007570,30,450,420
2025-06-12 09:38:01.000000,56696.2,104040,2007570,60,450,420
2025-06-12 09:38:01.339000,56696.2,104040,2007570,60,450,420
2025-06-12 09:38:01.000000,56700.0,104130,2007570,30,390,390
2025-06-12 09:38:01.549000,56700.0,104130,2007570,30,390,390
2025-06-12 09:38:01.000000,56700.0,104130,2007570,30,390,390
2025-06-12 09:38:01.739000,56700.0,104130,2007570,30,390,390
2025-06-12 09:38:02.000000,56700.0,104130,2007570,60,390,390
2025-06-12 09:38:02.740000,56700.0,104130,2007570,60,390,390
2025-06-12 09:38:02.000000,56700.0,104220,2007570,60,390,390
2025-06-12 09:38:02.751000,56700.0,104220,2007570,60,390,390
2025-06-12 09:38:03.000000,56700.2,104220,2007570,30,390,390
2025-06-12 09:38:03.739000,56700.2,104220,2007570,30,390,390
2025-06-12 09:38:03.000000,56700.2,104250,2007570,30,570,420
2025-06-12 09:38:03.953000,56700.2,104250,2007570,30,570,420
2025-06-12 09:38:04.000000,56690.4,104250,2007570,30,570,420
2025-06-12 09:38:04.740000,56690.4,104250,2007570,30,570,420
2025-06-12 09:38:05.000000,56690.4,104490,2007570,30,600,270
2025-06-12 09:38:05.352000,56690.4,104490,2007570,30,600,270
2025-06-12 09:38:06.000000,56690.2,104520,2007570,30,600,300
2025-06-12 09:38:06.554000,56690.2,104520,2007570,30,600,300
2025-06-12 09:38:06.000000,56690.2,104520,2007570,30,600,300
2025-06-12 09:38:06.741000,56690.2,104520,2007570,30,600,300
2025-06-12 09:38:07.000000,56676.4,104520,2007570,30,600,300
2025-06-12 09:38:07.744000,56676.4,104520,2007570,30,600,300
2025-06-12 09:38:07.000000,56676.4,104910,2007570,30,330,360
2025-06-12 09:38:07.757000,56676.4,104910,2007570,30,330,360
2025-06-12 09:38:08.000000,56676.4,104910,2007570,30,330,180
2025-06-12 09:38:08.960000,56676.4,104910,2007570,30,330,180
2025-06-12 09:38:09.000000,56685.2,104910,2007570,30,330,180
2025-06-12 09:38:09.143000,56685.2,104910,2007570,30,330,180
2025-06-12 09:38:09.000000,56675.0,104910,2007570,30,330,180
2025-06-12 09:38:09.745000,56675.0,104910,2007570,30,330,180
2025-06-12 09:38:10.000000,56675.0,105060,2007570,30,420,180
2025-06-12 09:38:10.359000,56675.0,105060,2007570,30,420,180
2025-06-12 09:38:10.000000,56675.0,105060,2007570,30,420,180
2025-06-12 09:38:10.945000,56675.0,105060,2007570,30,420,180
2025-06-12 09:38:11.000000,56675.0,105180,2007570,30,360,150
2025-06-12 09:38:11.562000,56675.0,105180,2007570,30,360,150
2025-06-12 09:38:12.000000,56673.4,105180,2007570,30,360,150
2025-06-12 09:38:12.346000,56673.4,105180,2007570,30,360,150
2025-06-12 09:38:12.000000,56668.6,105180,2007570,30,360,150
2025-06-12 09:38:12.747000,56668.6,105180,2007570,30,360,150
2025-06-12 09:38:12.000000,56668.6,105270,2007570,30,390,240
2025-06-12 09:38:12.765000,56668.6,105270,2007570,30,390,240
2025-06-12 09:38:13.000000,56668.6,105270,2007570,30,390,270
2025-06-12 09:38:13.967000,56668.6,105270,2007570,30,390,270
2025-06-12 09:38:14.000000,56668.6,105270,2007570,30,390,270
2025-06-12 09:38:14.147000,56668.6,105270,2007570,30,390,270
2025-06-12 09:38:15.000000,56668.4,105360,2007570,30,480,180
2025-06-12 09:38:15.365000,56668.4,105360,2007570,30,480,180
2025-06-12 09:38:15.000000,56668.4,105360,2007570,30,480,180
2025-06-12 09:38:15.749000,56668.4,105360,2007570,30,480,180
2025-06-12 09:38:16.000000,56666.2,105390,2007570,30,390,270
2025-06-12 09:38:16.568000,56666.2,105390,2007570,30,390,270
2025-06-12 09:38:16.000000,56666.2,105390,2007570,30,390,270
2025-06-12 09:38:16.750000,56666.2,105390,2007570,30,390,270
2025-06-12 09:38:17.000000,56666.2,105390,2007570,30,540,270
2025-06-12 09:38:17.771000,56666.2,105390,2007570,30,540,270
2025-06-12 09:38:18.000000,56666.2,105390,2007570,30,540,270
2025-06-12 09:38:18.973000,56666.2,105390,2007570,30,540,270
2025-06-12 09:38:19.000000,56670.0,105390,2007570,30,540,270
2025-06-12 09:38:19.351000,56670.0,105390,2007570,30,540,270
2025-06-12 09:38:20.000000,56670.0,105390,2007570,60,540,270
2025-06-12 09:38:20.152000,56670.0,105390,2007570,60,540,270
2025-06-12 09:38:20.000000,56670.0,105480,2007570,60,420,180
2025-06-12 09:38:20.175000,56670.0,105480,2007570,60,420,180
2025-06-12 09:38:20.000000,56668.2,105480,2007570,30,420,180
2025-06-12 09:38:20.952000,56668.2,105480,2007570,30,420,180
2025-06-12 09:38:21.000000,56668.2,105510,2007570,30,390,180
2025-06-12 09:38:21.574000,56668.2,105510,2007570,30,390,180
2025-06-12 09:38:22.000000,56670.0,105510,2007570,60,390,180
2025-06-12 09:38:22.353000,56670.0,105510,2007570,60,390,180
2025-06-12 09:38:22.000000,56670.0,105570,2007570,60,510,150
2025-06-12 09:38:22.776000,56670.0,105570,2007570,60,510,150
2025-06-12 09:38:22.000000,56669.0,105570,2007570,30,510,150
2025-06-12 09:38:22.953000,56669.0,105570,2007570,30,510,150
2025-06-12 09:38:23.000000,56669.0,105630,2007570,30,450,330
2025-06-12 09:38:23.979000,56669.0,105630,2007570,30,450,330
2025-06-12 09:38:24.000000,56668.6,105630,2007570,30,450,330
2025-06-12 09:38:24.954000,56668.6,105630,2007570,30,450,330
2025-06-12 09:38:25.000000,56668.6,105660,2007570,30,660,270
2025-06-12 09:38:25.181000,56668.6,105660,2007570,30,660,270
2025-06-12 09:38:26.000000,56668.6,105660,2007570,30,480,330
2025-06-12 09:38:26.383000,56668.6,105660,2007570,30,480,330
2025-06-12 09:38:26.000000,56675.2,105660,2007570,30,480,330
2025-06-12 09:38:26.757000,56675.2,105660,2007570,30,480,330
2025-06-12 09:38:27.000000,56675.2,105690,2007570,30,420,630
2025-06-12 09:38:27.782000,56675.2,105690,2007570,30,420,630
2025-06-12 09:38:28.000000,56676.4,105690,2007570,30,420,630
2025-06-12 09:38:28.556000,56676.4,105690,2007570,30,420,630
2025-06-12 09:38:28.000000,56676.4,105720,2007570,30,420,510
2025-06-12 09:38:28.984000,56676.4,105720,2007570,30,420,510
2025-06-12 09:38:30.000000,56676.4,105720,2007570,30,420,330
2025-06-12 09:38:30.187000,56676.4,105720,2007570,30,420,330
2025-06-12 09:38:30.000000,56676.4,105720,2007570,30,420,330
2025-06-12 09:38:31.000000,56676.4,105720,2007570,30,780,450
2025-06-12 09:38:31.390000,56676.4,105720,2007570,30,780,450
2025-06-12 09:38:31.000000,56679.2,105720,2007570,30,780,450
2025-06-12 09:38:31.557000,56679.2,105720,2007570,30,780,450
2025-06-12 09:38:32.000000,56679.2,105750,2007570,30,660,330
2025-06-12 09:38:32.592000,56679.2,105750,2007570,30,660,330
2025-06-12 09:38:32.000000,56677.6,105750,2007570,30,660,330
2025-06-12 09:38:32.958000,56677.6,105750,2007570,30,660,330
2025-06-12 09:38:33.000000,56677.6,105780,2007570,30,810,360
2025-06-12 09:38:33.991000,56677.6,105780,2007570,30,810,360
2025-06-12 09:38:35.000000,56677.6,105780,2007570,30,570,330
2025-06-12 09:38:35.194000,56677.6,105780,2007570,30,570,330
2025-06-12 09:38:36.000000,56677.6,105780,2007570,30,690,330
2025-06-12 09:38:36.395000,56677.6,105780,2007570,30,690,330
2025-06-12 09:38:37.000000,56677.6,105780,2007570,30,570,330
2025-06-12 09:38:37.598000,56677.6,105780,2007570,30,570,330
2025-06-12 09:38:38.000000,56677.6,105780,2007570,30,450,360
2025-06-12 09:38:38.799000,56677.6,105780,2007570,30,450,360
2025-06-12 09:38:39.000000,56677.6,105780,2007570,30,330,330
2025-06-12 09:38:40.003000,56677.6,105780,2007570,30,330,330
2025-06-12 09:38:41.000000,56677.6,105780,2007570,30,540,330
2025-06-12 09:38:41.401000,56677.6,105780,2007570,30,540,330
2025-06-12 09:38:42.000000,56676.8,105780,2007570,30,540,330
2025-06-12 09:38:42.164000,56676.8,105780,2007570,30,540,330
2025-06-12 09:38:42.000000,56676.4,105840,2007570,30,570,240
2025-06-12 09:38:42.602000,56676.4,105840,2007570,30,570,240
2025-06-12 09:38:42.000000,56676.4,105840,2007570,30,570,240
2025-06-12 09:38:42.764000,56676.4,105840,2007570,30,570,240
2025-06-12 09:38:43.000000,56676.4,105840,2007570,30,690,240
2025-06-12 09:38:43.805000,56676.4,105840,2007570,30,690,240
2025-06-12 09:38:44.000000,56677.6,105840,2007570,30,690,240
2025-06-12 09:38:44.165000,56677.6,105840,2007570,30,690,240
2025-06-12 09:38:45.000000,56677.6,105870,2007570,30,570,330
2025-06-12 09:38:45.007000,56677.6,105870,2007570,30,570,330
2025-06-12 09:38:45.000000,56672.4,105870,2007570,30,570,330
2025-06-12 09:38:45.568000,56672.4,105870,2007570,30,570,330
2025-06-12 09:38:46.000000,56672.4,105900,2007570,30,360,540
2025-06-12 09:38:46.210000,56672.4,105900,2007570,30,360,540
2025-06-12 09:38:47.000000,56676.4,105900,2007570,30,360,540
2025-06-12 09:38:47.367000,56676.4,105900,2007570,30,360,540
2025-06-12 09:38:47.000000,56676.4,105930,2007570,30,600,540
2025-06-12 09:38:47.413000,56676.4,105930,2007570,30,600,540
2025-06-12 09:38:48.000000,56676.4,105930,2007570,30,480,540
2025-06-12 09:38:48.614000,56676.4,105930,2007570,30,480,540
2025-06-12 09:38:50.000000,56676.4,105930,2007570,30,990,510
2025-06-12 09:38:50.013000,56676.4,105930,2007570,30,990,510
2025-06-12 09:38:51.000000,56670.0,105930,2007570,30,990,510
2025-06-12 09:38:51.171000,56670.0,105930,2007570,30,990,510
2025-06-12 09:38:51.000000,56670.0,105960,2007570,30,300,570
2025-06-12 09:38:51.215000,56670.0,105960,2007570,30,300,570
2025-06-12 09:38:52.000000,56670.0,105960,2007570,30,360,570
2025-06-12 09:38:52.417000,56670.0,105960,2007570,30,360,570
2025-06-12 09:38:53.000000,56670.0,105960,2007570,30,480,480
2025-06-12 09:38:53.618000,56670.0,105960,2007570,30,480,480
2025-06-12 09:38:54.000000,56670.0,105960,2007570,30,1110,570
2025-06-12 09:38:54.820000,56670.0,105960,2007570,30,1110,570
2025-06-12 09:38:56.000000,56670.0,105960,2007570,30,390,570
2025-06-12 09:38:56.022000,56670.0,105960,2007570,30,390,570
2025-06-12 09:38:57.000000,56670.0,105960,2007570,30,390,570
2025-06-12 09:38:57.174000,56670.0,105960,2007570,30,390,570
2025-06-12 09:38:57.000000,56670.0,105990,2007570,30,270,570
2025-06-12 09:38:57.225000,56670.0,105990,2007570,30,270,570
2025-06-12 09:38:58.000000,56670.0,105990,2007570,30,450,480
2025-06-12 09:38:58.427000,56670.0,105990,2007570,30,450,480
2025-06-12 09:38:58.000000,56670.0,105990,2007570,30,450,480
2025-06-12 09:38:58.575000,56670.0,105990,2007570,30,450,480
2025-06-12 09:38:59.000000,56670.0,106080,2007570,30,300,570
2025-06-12 09:38:59.825000,56670.0,106080,2007570,30,300,570
2025-06-12 09:39:00.000000,56670.0,106080,2007570,30,300,570
2025-06-12 09:39:01.000000,56670.0,106080,2007570,30,330,570
