Timestamp,LTP,Volume,OI,LastQty,BidQty,AskQty
2025-06-12 09:28:55.000000,563.95,141660,394860,90,540,300
2025-06-12 09:28:56.000000,563.95,141840,394860,90,570,390
2025-06-12 09:28:57.000000,566.6,141840,394860,30,570,390
2025-06-12 09:28:57.000000,566.6,141870,394860,30,180,390
2025-06-12 09:28:58.000000,566.6,141870,394860,30,330,270
2025-06-12 09:28:59.000000,566.65,141870,394860,30,330,270
2025-06-12 09:29:00.000000,566.65,141900,394860,30,600,420
2025-06-12 09:29:00.000000,566.65,141900,394860,30,600,420
2025-06-12 09:29:00.000000,567.2,141900,394860,30,600,420
2025-06-12 09:29:01.000000,567.2,141930,394860,30,330,240
2025-06-12 09:29:02.000000,567.2,141930,394860,30,420,390
2025-06-12 09:29:03.000000,567.2,141930,394860,30,270,450
2025-06-12 09:29:04.000000,567.0,141930,394860,30,270,450
2025-06-12 09:29:05.000000,567.0,142020,394860,30,450,300
2025-06-12 09:29:06.000000,566.55,142020,394860,30,450,300
2025-06-12 09:29:06.000000,566.55,142260,394860,30,360,360
2025-06-12 09:29:07.000000,566.55,142260,394860,30,210,360
2025-06-12 09:29:08.000000,566.55,142260,394860,30,450,330
2025-06-12 09:29:09.000000,565.25,142260,394860,30,450,330
2025-06-12 09:29:09.000000,565.25,142320,394860,30,330,240
2025-06-12 09:29:10.000000,563.0,142320,394860,30,330,240
2025-06-12 09:29:11.000000,563.0,142350,394860,30,720,570
2025-06-12 09:29:11.000000,563.0,142350,394860,60,720,570
2025-06-12 09:29:11.000000,561.6,142350,394860,30,720,570
2025-06-12 09:29:12.000000,560.0,142620,394860,30,840,300
2025-06-12 09:29:12.000000,560.0,142620,394860,30,840,300
2025-06-12 09:29:13.000000,561.15,142710,394860,60,570,240
2025-06-12 09:29:13.000000,561.15,142710,394860,60,570,240
2025-06-12 09:29:14.000000,560.7,142710,394860,30,570,240
2025-06-12 09:29:14.000000,560.7,142770,394860,30,540,420
2025-06-12 09:29:16.000000,560.7,142770,394860,30,750,450
2025-06-12 09:29:17.000000,561.1,142800,394860,30,600,480
2025-06-12 09:29:17.000000,560.0,142800,394860,30,600,480
2025-06-12 09:29:18.000000,561.0,142800,394860,30,600,480
2025-06-12 09:29:18.000000,561.0,142980,394860,30,360,480
2025-06-12 09:29:19.000000,561.0,142980,394860,30,450,330
2025-06-12 09:29:20.000000,560.0,142980,394860,30,450,330
2025-06-12 09:29:21.000000,560.15,142980,394860,30,450,330
2025-06-12 09:29:21.000000,560.15,143250,394860,30,630,450
2025-06-12 09:29:22.000000,560.0,143250,394860,60,630,450
2025-06-12 09:29:22.000000,560.0,143310,394860,60,300,330
2025-06-12 09:29:23.000000,560.0,143310,394860,60,630,180
2025-06-12 09:29:23.000000,561.25,143310,394860,30,630,180
2025-06-12 09:29:23.000000,563.6,143310,394860,60,630,180
2025-06-12 09:29:24.000000,566.95,143310,394860,30,630,180
2025-06-12 09:29:24.000000,566.95,143670,394860,30,300,450
2025-06-12 09:29:25.000000,567.6,143670,394860,30,300,450
2025-06-12 09:29:26.000000,567.6,143730,394860,30,420,390
2025-06-12 09:29:26.000000,565.5,143730,394860,30,420,390
2025-06-12 09:29:27.000000,565.5,143850,394860,30,570,480
2025-06-12 09:29:28.000000,564.65,143850,394860,30,570,480
2025-06-12 09:29:28.000000,564.65,143880,394860,30,780,420
2025-06-12 09:29:29.000000,561.6,143880,394860,30,780,420
2025-06-12 09:29:29.000000,563.4,144120,394860,60,450,360
2025-06-12 09:29:30.000000,563.4,144120,394860,60,450,360
2025-06-12 09:29:30.000000,563.4,144120,394860,60,450,360
2025-06-12 09:29:31.000000,563.4,144120,394860,60,390,240
2025-06-12 09:29:32.000000,564.3,144120,394860,30,390,240
2025-06-12 09:29:32.000000,564.3,144150,394860,30,300,900
2025-06-12 09:29:33.000000,565.0,144150,394860,210,300,900
2025-06-12 09:29:33.000000,565.0,144360,394860,210,360,330
2025-06-12 09:29:34.000000,565.4,144360,394860,30,360,330
2025-06-12 09:29:34.000000,565.4,144390,394860,30,450,540
2025-06-12 09:29:36.000000,566.5,144390,394860,30,450,540
2025-06-12 09:29:36.000000,565.8,144450,394860,30,420,390
2025-06-12 09:29:36.000000,565.8,144450,394860,30,420,390
2025-06-12 09:29:37.000000,565.8,144450,394860,30,390,300
2025-06-12 09:29:38.000000,562.9,144450,394860,30,390,300
2025-06-12 09:29:38.000000,562.9,144480,394860,30,510,420
2025-06-12 09:29:39.000000,562.9,144480,394860,30,510,240
2025-06-12 09:29:40.000000,562.8,144480,394860,120,510,240
2025-06-12 09:29:40.000000,562.8,144600,394860,120,630,420
2025-06-12 09:29:41.000000,564.6,144600,394860,30,630,420
2025-06-12 09:29:42.000000,564.6,144720,394860,30,420,570
2025-06-12 09:29:43.000000,564.6,144720,394860,30,660,480
2025-06-12 09:29:43.000000,563.4,144720,394860,60,660,480
2025-06-12 09:29:43.000000,564.1,144720,394860,30,660,480
2025-06-12 09:29:44.000000,564.1,144810,394860,30,540,510
2025-06-12 09:29:45.000000,564.1,144810,394860,30,420,540
2025-06-12 09:29:47.000000,564.1,144810,394860,30,630,510
2025-06-12 09:29:47.000000,563.45,144810,394860,30,630,510
2025-06-12 09:29:48.000000,563.45,144840,394860,30,420,420
2025-06-12 09:29:48.000000,561.0,144840,394860,90,420,420
2025-06-12 09:29:49.000000,561.6,145110,394860,90,630,240
2025-06-12 09:29:49.000000,561.6,145110,394860,90,630,240
2025-06-12 09:29:50.000000,563.05,145110,394860,30,630,240
2025-06-12 09:29:51.000000,563.05,145170,394860,30,780,450
2025-06-12 09:29:51.000000,562.8,145170,394860,30,780,450
2025-06-12 09:29:52.000000,562.8,145230,394860,30,480,420
2025-06-12 09:29:52.000000,563.05,145230,394860,90,480,420
2025-06-12 09:29:53.000000,563.05,145350,394860,90,510,360
2025-06-12 09:29:53.000000,565.0,145350,394860,30,510,360
2025-06-12 09:29:54.000000,565.0,145440,394860,30,570,420
2025-06-12 09:29:55.000000,563.6,145440,394860,30,570,420
2025-06-12 09:29:56.000000,563.6,145470,394860,30,510,330
2025-06-12 09:29:57.000000,563.6,145470,394860,30,450,270
2025-06-12 09:29:57.000000,565.0,145470,394860,30,450,270
2025-06-12 09:29:58.000000,565.0,145500,394860,30,600,420
2025-06-12 09:29:59.000000,565.7,145500,394860,30,600,420
2025-06-12 09:29:59.000000,566.8,145590,394860,30,390,570
2025-06-12 09:29:59.000000,566.3,145590,394860,30,390,570
2025-06-12 09:30:00.000000,566.3,145590,394860,30,390,570
2025-06-12 09:30:00.000000,562.85,145590,394860,30,390,570
2025-06-12 09:30:01.000000,563.65,145800,394860,30,480,330
2025-06-12 09:30:01.000000,563.9,145800,394860,30,480,330
2025-06-12 09:30:02.000000,563.9,146670,394860,30,510,450
2025-06-12 09:30:02.000000,565.45,146670,394860,60,510,450
2025-06-12 09:30:03.000000,566.1,146760,394860,30,210,270
2025-06-12 09:30:03.000000,566.1,146760,394860,30,210,270
2025-06-12 09:30:04.000000,565.7,146820,394860,30,330,360
2025-06-12 09:30:04.000000,565.7,146820,394860,30,330,360
2025-06-12 09:30:05.000000,565.65,146820,394860,30,330,360
2025-06-12 09:30:06.000000,566.25,146880,394860,30,180,390
2025-06-12 09:30:06.000000,566.25,146880,394860,30,180,390
2025-06-12 09:30:07.000000,566.25,146880,394860,30,480,930
2025-06-12 09:30:07.000000,568.25,146880,394860,510,480,930
2025-06-12 09:30:08.000000,566.6,148710,394860,30,270,210
2025-06-12 09:30:08.000000,566.65,148710,394860,30,270,210
2025-06-12 09:30:09.000000,568.75,149220,394860,30,270,390
2025-06-12 09:30:09.000000,568.75,149220,394860,30,270,390
2025-06-12 09:30:10.000000,568.25,149220,394860,60,270,390
2025-06-12 09:30:11.000000,568.25,149490,394860,60,420,360
2025-06-12 09:30:11.000000,569.25,149490,394860,30,420,360
2025-06-12 09:30:12.000000,569.25,149820,394860,30,780,420
2025-06-12 09:30:13.000000,568.1,149820,394860,180,780,420
2025-06-12 09:30:13.000000,568.45,150450,394860,30,690,360
2025-06-12 09:30:13.000000,570.9,150450,394860,30,690,360
2025-06-12 09:30:14.000000,574.35,150960,394860,30,630,750
2025-06-12 09:30:14.000000,574.95,150960,394860,30,630,750
2025-06-12 09:30:15.000000,577.1,150960,394860,30,630,750
2025-06-12 09:30:16.000000,577.5,152280,394860,30,480,450
2025-06-12 09:30:16.000000,576.6,152280,394860,30,480,450
2025-06-12 09:30:17.000000,577.55,152610,394860,30,510,600
2025-06-12 09:30:17.000000,577.1,152610,394860,30,510,600
2025-06-12 09:30:18.000000,575.9,152820,394860,30,330,360
2025-06-12 09:30:18.000000,575.9,152820,394860,30,330,360
2025-06-12 09:30:19.000000,576.0,152910,394860,30,330,600
2025-06-12 09:30:19.000000,576.0,152910,394860,30,330,600
2025-06-12 09:30:20.000000,575.85,152910,394860,30,330,600
2025-06-12 09:30:21.000000,575.85,153120,394860,30,720,420
2025-06-12 09:30:21.000000,576.05,153120,394860,30,720,420
2025-06-12 09:30:22.000000,574.75,153210,394860,30,300,660
2025-06-12 09:30:22.000000,574.75,153210,394860,30,300,660
2025-06-12 09:30:23.000000,570.0,153450,394860,30,300,570
2025-06-12 09:30:23.000000,570.4,153450,394860,30,300,570
2025-06-12 09:30:24.000000,570.35,153720,394860,30,210,450
2025-06-12 09:30:24.000000,570.35,153720,394860,30,210,450
2025-06-12 09:30:25.000000,571.1,153720,394860,30,210,450
2025-06-12 09:30:26.000000,571.1,153780,394860,30,330,450
2025-06-12 09:30:26.000000,571.3,153780,394860,30,330,450
2025-06-12 09:30:27.000000,570.8,153870,394860,30,300,480
2025-06-12 09:30:27.000000,571.25,153870,394860,30,300,480
2025-06-12 09:30:28.000000,571.6,153930,394860,30,420,330
2025-06-12 09:30:28.000000,570.0,153930,394860,30,420,330
2025-06-12 09:30:29.000000,570.0,154050,394860,30,330,300
2025-06-12 09:30:30.000000,570.0,154050,394860,30,330,300
2025-06-12 09:30:30.000000,571.0,154050,395790,300,330,300
2025-06-12 09:30:30.000000,570.0,154620,395790,90,330,870
2025-06-12 09:30:30.000000,570.0,154620,395790,90,330,870
2025-06-12 09:30:31.000000,571.0,154620,395790,60,330,870
2025-06-12 09:30:32.000000,571.0,154950,395790,60,390,420
2025-06-12 09:30:32.000000,570.05,154950,395790,30,390,420
2025-06-12 09:30:33.000000,570.05,155010,395790,30,330,450
2025-06-12 09:30:33.000000,570.0,155010,395790,30,330,450
2025-06-12 09:30:34.000000,570.05,155070,395790,30,570,450
2025-06-12 09:30:34.000000,570.05,155070,395790,30,570,450
2025-06-12 09:30:35.000000,570.95,155100,395790,30,450,540
2025-06-12 09:30:35.000000,570.95,155100,395790,30,450,540
2025-06-12 09:30:37.000000,570.95,155100,395790,30,300,540
2025-06-12 09:30:37.000000,569.0,155100,395790,30,300,540
2025-06-12 09:30:38.000000,569.0,155130,395790,30,330,360
2025-06-12 09:30:38.000000,570.0,155130,395790,30,330,360
2025-06-12 09:30:39.000000,570.0,155250,395790,60,330,270
2025-06-12 09:30:39.000000,570.0,155250,395790,60,330,270
2025-06-12 09:30:40.000000,570.35,155640,395790,90,210,570
2025-06-12 09:30:40.000000,570.35,155640,395790,90,210,570
2025-06-12 09:30:41.000000,570.35,155640,395790,90,330,450
2025-06-12 09:30:42.000000,569.35,155640,395790,30,330,450
2025-06-12 09:30:43.000000,569.35,155670,395790,30,300,600
2025-06-12 09:30:43.000000,569.25,155670,395790,30,300,600
2025-06-12 09:30:44.000000,569.25,155700,395790,30,270,360
2025-06-12 09:30:44.000000,567.85,155700,395790,30,270,360
2025-06-12 09:30:45.000000,569.7,155820,395790,30,630,510
2025-06-12 09:30:45.000000,568.0,155820,395790,30,630,510
2025-06-12 09:30:46.000000,567.6,155970,395790,30,390,450
2025-06-12 09:30:46.000000,567.6,155970,395790,30,390,450
2025-06-12 09:30:47.000000,568.5,155970,395790,30,390,450
2025-06-12 09:30:48.000000,568.5,156060,395790,30,600,480
2025-06-12 09:30:48.000000,565.8,156060,395790,30,600,480
2025-06-12 09:30:49.000000,565.8,156150,395790,30,300,360
2025-06-12 09:30:50.000000,567.15,156150,395790,30,300,360
2025-06-12 09:30:50.000000,567.15,156180,395790,30,630,330
2025-06-12 09:30:51.000000,567.15,156180,395790,30,390,420
2025-06-12 09:30:51.000000,568.25,156180,395790,30,390,420
2025-06-12 09:30:52.000000,569.75,156180,395790,30,390,420
2025-06-12 09:30:52.000000,569.75,157140,395790,30,510,450
2025-06-12 09:30:53.000000,570.9,157140,395790,30,510,450
2025-06-12 09:30:53.000000,572.2,157140,395790,30,510,450
2025-06-12 09:30:54.000000,572.2,157350,395790,30,360,390
2025-06-12 09:30:54.000000,573.45,157350,395790,30,360,390
2025-06-12 09:30:55.000000,573.45,157410,395790,30,420,420
2025-06-12 09:30:56.000000,573.45,157410,395790,30,300,420
2025-06-12 09:30:56.000000,573.6,157410,395790,30,300,420
2025-06-12 09:30:57.000000,574.5,157500,395790,30,300,570
2025-06-12 09:30:57.000000,574.4,157500,395790,30,300,570
2025-06-12 09:30:58.000000,572.8,157500,395790,30,300,570
2025-06-12 09:30:59.000000,572.8,157770,395790,30,540,450
2025-06-12 09:30:59.000000,572.3,157770,395790,30,540,450
2025-06-12 09:31:00.000000,571.15,157890,395790,30,360,390
2025-06-12 09:31:00.000000,571.15,157890,395790,30,360,390
2025-06-12 09:31:00.000000,571.15,157890,395790,30,360,390
2025-06-12 09:31:01.000000,572.8,157980,395790,30,690,420
2025-06-12 09:31:01.000000,572.8,157980,395790,30,690,420
2025-06-12 09:31:02.000000,572.8,157980,395790,30,480,360
2025-06-12 09:31:03.000000,571.65,157980,395790,30,480,360
2025-06-12 09:31:03.000000,571.4,157980,395790,30,480,360
2025-06-12 09:31:04.000000,571.4,158100,395790,30,600,390
2025-06-12 09:31:04.000000,571.15,158100,395790,30,600,390
2025-06-12 09:31:05.000000,571.15,158310,395790,30,660,390
2025-06-12 09:31:06.000000,571.15,158310,395790,30,510,540
2025-06-12 09:31:06.000000,575.0,158310,395790,30,510,540
2025-06-12 09:31:06.000000,575.35,158310,395790,30,510,540
2025-06-12 09:31:07.000000,575.55,158490,395790,30,210,450
2025-06-12 09:31:07.000000,575.55,158490,395790,30,210,450
2025-06-12 09:31:08.000000,577.0,158490,395790,30,210,450
2025-06-12 09:31:09.000000,577.0,158520,395790,30,300,510
2025-06-12 09:31:09.000000,575.15,158520,395790,30,300,510
2025-06-12 09:31:10.000000,575.15,158550,395790,30,330,540
2025-06-12 09:31:10.000000,574.6,158550,395790,30,330,540
2025-06-12 09:31:11.000000,574.6,158580,395790,30,450,300
2025-06-12 09:31:11.000000,575.1,158580,395790,30,450,300
2025-06-12 09:31:12.000000,576.05,158640,395790,30,240,480
2025-06-12 09:31:12.000000,576.05,158640,395790,30,240,480
2025-06-12 09:31:13.000000,575.0,158670,395790,30,330,570
2025-06-12 09:31:13.000000,575.0,158670,395790,30,330,570
2025-06-12 09:31:15.000000,577.0,158760,395790,30,330,270
2025-06-12 09:31:15.000000,577.0,158760,395790,30,330,270
2025-06-12 09:31:16.000000,578.0,158760,395790,30,330,270
2025-06-12 09:31:16.000000,578.0,158790,395790,30,270,1110
2025-06-12 09:31:16.000000,578.15,158790,395790,30,270,1110
2025-06-12 09:31:17.000000,579.35,158970,395790,30,360,360
2025-06-12 09:31:17.000000,579.35,158970,395790,30,360,360
2025-06-12 09:31:18.000000,577.0,159060,395790,30,360,540
2025-06-12 09:31:18.000000,577.0,159060,395790,30,360,540
2025-06-12 09:31:19.000000,576.95,159060,395790,30,360,540
2025-06-12 09:31:20.000000,576.95,159180,395790,30,300,480
2025-06-12 09:31:20.000000,578.3,159180,395790,30,300,480
2025-06-12 09:31:21.000000,578.3,159210,395790,30,270,450
2025-06-12 09:31:21.000000,577.15,159210,395790,30,270,450
2025-06-12 09:31:22.000000,577.95,159390,395790,30,300,570
2025-06-12 09:31:22.000000,577.95,159390,395790,30,300,570
2025-06-12 09:31:23.000000,579.25,159450,395790,30,420,450
2025-06-12 09:31:23.000000,579.25,159450,395790,30,420,450
2025-06-12 09:31:24.000000,578.6,159450,395790,30,420,450
2025-06-12 09:31:25.000000,578.6,159870,395790,30,630,840
2025-06-12 09:31:25.000000,578.25,159870,395790,30,630,840
2025-06-12 09:31:26.000000,578.25,159900,395790,30,240,750
2025-06-12 09:31:27.000000,578.25,159900,395790,30,570,840
2025-06-12 09:31:28.000000,580.0,159900,395790,30,570,840
2025-06-12 09:31:28.000000,580.0,159990,395790,30,300,600
2025-06-12 09:31:29.000000,579.0,159990,395790,30,300,600
2025-06-12 09:31:30.000000,579.7,160050,395790,30,510,750
2025-06-12 09:31:30.000000,579.7,160050,395790,30,510,750
2025-06-12 09:31:30.000000,579.7,160050,395790,30,510,750
2025-06-12 09:31:30.000000,578.95,160050,395790,60,510,750
2025-06-12 09:31:31.000000,579.35,160170,395790,30,510,720
2025-06-12 09:31:31.000000,579.0,160170,395790,60,510,720
2025-06-12 09:31:32.000000,579.0,160230,395790,60,300,360
2025-06-12 09:31:32.000000,578.55,160230,395790,90,300,360
2025-06-12 09:31:33.000000,578.7,160380,395790,30,360,450
2025-06-12 09:31:33.000000,578.7,160380,395790,30,360,450
2025-06-12 09:31:34.000000,578.0,160380,395790,30,360,450
2025-06-12 09:31:35.000000,576.8,160890,395790,90,360,510
2025-06-12 09:31:35.000000,577.8,160890,395790,30,360,510
2025-06-12 09:31:36.000000,578.0,161280,395790,30,600,330
2025-06-12 09:31:36.000000,578.0,161280,395790,30,600,330
2025-06-12 09:31:37.000000,575.9,161370,395790,30,480,390
2025-06-12 09:31:37.000000,575.9,161370,395790,30,480,390
2025-06-12 09:31:38.000000,575.9,161370,395790,30,420,300
2025-06-12 09:31:39.000000,577.6,161370,395790,30,420,300
2025-06-12 09:31:40.000000,577.6,161400,395790,30,300,480
2025-06-12 09:31:41.000000,577.6,161400,395790,30,330,360
2025-06-12 09:31:42.000000,575.0,161430,395790,30,510,510
2025-06-12 09:31:42.000000,575.0,161430,395790,30,510,510
2025-06-12 09:31:43.000000,574.2,161430,395790,90,510,510
2025-06-12 09:31:43.000000,574.45,161730,395790,30,390,420
2025-06-12 09:31:43.000000,574.45,161730,395790,30,390,420
2025-06-12 09:31:45.000000,574.45,161730,395790,30,270,570
2025-06-12 09:31:45.000000,576.2,161730,395790,30,270,570
2025-06-12 09:31:45.000000,576.4,161730,395790,30,270,570
2025-06-12 09:31:46.000000,577.4,162180,395790,30,570,360
2025-06-12 09:31:46.000000,577.4,162180,395790,30,570,360
2025-06-12 09:31:47.000000,577.4,162180,395790,30,660,330
2025-06-12 09:31:48.000000,577.4,162180,395790,30,270,390
2025-06-12 09:31:49.000000,576.7,162180,395790,30,270,390
2025-06-12 09:31:50.000000,576.7,162270,395790,30,750,240
2025-06-12 09:31:50.000000,576.65,162270,395790,30,750,240
2025-06-12 09:31:51.000000,576.65,162390,395790,30,600,240
2025-06-12 09:31:51.000000,576.9,162390,395790,30,600,240
2025-06-12 09:31:52.000000,577.05,162660,395790,30,390,330
2025-06-12 09:31:52.000000,577.05,162660,395790,30,390,330
2025-06-12 09:31:53.000000,578.9,162750,395790,30,360,870
2025-06-12 09:31:53.000000,578.9,162750,395790,30,360,870
2025-06-12 09:31:54.000000,582.7,162750,395790,30,360,870
2025-06-12 09:31:55.000000,582.7,163560,395790,30,390,390
2025-06-12 09:31:55.000000,582.65,163560,395790,30,390,390
2025-06-12 09:31:56.000000,586.65,165030,395790,30,540,510
2025-06-12 09:31:56.000000,586.65,165030,395790,30,540,510
2025-06-12 09:31:57.000000,585.0,165450,395790,30,240,420
2025-06-12 09:31:57.000000,584.35,165450,395790,30,240,420
2025-06-12 09:31:58.000000,585.7,165750,395790,30,420,450
2025-06-12 09:31:58.000000,585.7,165750,395790,30,420,450
2025-06-12 09:31:59.000000,583.65,165750,395790,30,420,450
2025-06-12 09:32:00.000000,583.65,166020,395790,30,240,450
2025-06-12 09:32:00.000000,583.65,166020,395790,30,240,450
2025-06-12 09:32:00.000000,585.0,166020,395790,30,240,450
2025-06-12 09:32:01.000000,583.85,166590,395790,30,570,420
2025-06-12 09:32:02.000000,584.6,166590,395790,30,570,420
2025-06-12 09:32:02.000000,585.6,167010,395790,30,480,300
2025-06-12 09:32:03.000000,584.7,167010,395790,30,480,300
2025-06-12 09:32:03.000000,583.95,167280,395790,30,630,570
2025-06-12 09:32:04.000000,583.95,167280,395790,30,630,570
2025-06-12 09:32:05.000000,586.0,167280,395790,30,630,570
2025-06-12 09:32:05.000000,587.0,168060,395790,30,270,390
2025-06-12 09:32:06.000000,590.0,168060,395790,30,270,390
2025-06-12 09:32:06.000000,589.6,170460,395790,30,480,510
2025-06-12 09:32:07.000000,589.55,170460,395790,30,480,510
2025-06-12 09:32:07.000000,590.35,171030,395790,60,360,450
2025-06-12 09:32:08.000000,590.35,171030,395790,60,360,450
2025-06-12 09:32:09.000000,591.15,171540,395790,30,300,360
2025-06-12 09:32:09.000000,591.15,171540,395790,30,300,360
2025-06-12 09:32:10.000000,591.3,171540,395790,30,300,360
2025-06-12 09:32:10.000000,592.95,171840,395790,30,300,570
2025-06-12 09:32:11.000000,592.4,171840,395790,30,300,570
2025-06-12 09:32:11.000000,593.85,172170,395790,30,330,570
2025-06-12 09:32:12.000000,594.0,172170,395790,30,330,570
2025-06-12 09:32:12.000000,593.65,172590,395790,30,300,390
2025-06-12 09:32:13.000000,593.65,172590,395790,30,300,390
2025-06-12 09:32:14.000000,593.7,173100,395790,30,360,810
2025-06-12 09:32:14.000000,593.6,173100,395790,30,360,810
2025-06-12 09:32:15.000000,592.2,173100,395790,30,360,810
2025-06-12 09:32:15.000000,594.0,173310,395790,30,570,360
2025-06-12 09:32:16.000000,593.3,173310,395790,30,570,360
2025-06-12 09:32:16.000000,593.3,173460,395790,30,510,480
2025-06-12 09:32:17.000000,591.65,173460,395790,30,510,480
2025-06-12 09:32:17.000000,591.15,173700,395790,30,540,300
2025-06-12 09:32:18.000000,590.95,173700,395790,30,540,300
2025-06-12 09:32:18.000000,591.6,174420,395790,90,360,510
2025-06-12 09:32:19.000000,591.6,174420,395790,90,360,510
2025-06-12 09:32:20.000000,590.7,174420,395790,30,360,510
2025-06-12 09:32:20.000000,590.7,174600,395790,30,390,390
2025-06-12 09:32:21.000000,590.55,174600,395790,30,390,390
2025-06-12 09:32:21.000000,592.5,175020,395790,30,390,570
2025-06-12 09:32:22.000000,594.6,175020,395790,30,390,570
2025-06-12 09:32:22.000000,594.55,175470,395790,30,600,540
2025-06-12 09:32:23.000000,592.9,175470,395790,30,600,540
2025-06-12 09:32:23.000000,593.85,175710,395790,30,570,660
2025-06-12 09:32:24.000000,593.85,175710,395790,30,570,660
2025-06-12 09:32:25.000000,593.5,175710,395790,30,570,660
2025-06-12 09:32:25.000000,593.5,176100,395790,30,330,480
2025-06-12 09:32:26.000000,592.9,176100,395790,30,330,480
2025-06-12 09:32:26.000000,594.15,176460,395790,30,330,420
2025-06-12 09:32:27.000000,593.55,176460,395790,30,330,420
2025-06-12 09:32:27.000000,593.55,176550,395790,30,270,360
2025-06-12 09:32:28.000000,592.5,176550,395790,30,270,360
2025-06-12 09:32:28.000000,590.3,176670,395790,60,390,270
2025-06-12 09:32:29.000000,590.0,176670,395790,30,390,270
2025-06-12 09:32:30.000000,589.3,176670,395790,90,390,270
2025-06-12 09:32:30.000000,589.0,177090,395790,30,330,360
2025-06-12 09:32:30.000000,589.0,177090,395790,30,330,360
2025-06-12 09:32:31.000000,588.75,177090,395790,30,330,360
2025-06-12 09:32:31.000000,588.75,177630,395790,30,420,480
2025-06-12 09:32:32.000000,591.1,177630,395790,30,420,480
2025-06-12 09:32:32.000000,591.1,177690,395790,30,420,240
2025-06-12 09:32:33.000000,591.2,177690,395790,30,420,240
2025-06-12 09:32:33.000000,590.05,177780,395790,30,390,510
2025-06-12 09:32:34.000000,589.5,177780,395790,30,390,510
2025-06-12 09:32:35.000000,591.1,177780,395790,30,390,510
2025-06-12 09:32:35.000000,591.1,177930,395790,30,360,420
2025-06-12 09:32:36.000000,591.1,177930,395790,30,360,420
2025-06-12 09:32:36.000000,592.0,178110,395790,30,420,360
2025-06-12 09:32:37.000000,589.7,178110,395790,30,420,360
2025-06-12 09:32:37.000000,589.5,178290,395790,30,390,570
2025-06-12 09:32:38.000000,589.5,178290,395790,30,390,570
2025-06-12 09:32:38.000000,588.95,178560,395790,30,420,390
2025-06-12 09:32:39.000000,588.95,178560,395790,30,420,390
2025-06-12 09:32:40.000000,588.6,178560,395790,30,420,390
2025-06-12 09:32:40.000000,588.6,178650,395790,30,330,450
2025-06-12 09:32:41.000000,591.3,178650,395790,30,330,450
2025-06-12 09:32:41.000000,591.3,179100,395790,30,390,570
2025-06-12 09:32:42.000000,591.1,179100,395790,30,390,570
2025-06-12 09:32:42.000000,592.4,179580,395790,30,240,390
2025-06-12 09:32:43.000000,592.4,179580,395790,30,240,390
2025-06-12 09:32:43.000000,592.85,179640,395790,30,240,510
2025-06-12 09:32:44.000000,592.85,179640,395790,30,240,510
2025-06-12 09:32:45.000000,593.8,179640,395790,30,240,510
2025-06-12 09:32:45.000000,593.8,179730,395790,30,420,420
2025-06-12 09:32:46.000000,593.2,179730,395790,30,420,420
2025-06-12 09:32:46.000000,593.2,179910,395790,30,270,390
2025-06-12 09:32:47.000000,594.15,179910,395790,30,270,390
2025-06-12 09:32:47.000000,594.15,180240,395790,30,270,630
2025-06-12 09:32:48.000000,592.05,180240,395790,90,270,630
2025-06-12 09:32:48.000000,592.45,180600,395790,30,540,330
2025-06-12 09:32:49.000000,591.2,180600,395790,90,540,330
2025-06-12 09:32:49.000000,591.2,180810,395790,90,480,630
2025-06-12 09:32:50.000000,595.8,180810,395790,30,480,630
2025-06-12 09:32:51.000000,596.0,180810,395790,90,480,630
2025-06-12 09:32:51.000000,596.9,181860,395790,30,360,540
2025-06-12 09:32:52.000000,596.5,181860,395790,30,360,540
2025-06-12 09:32:52.000000,596.3,182790,395790,30,600,390
2025-06-12 09:32:53.000000,595.1,182790,395790,30,600,390
2025-06-12 09:32:53.000000,595.0,183720,395790,150,390,330
2025-06-12 09:32:54.000000,592.15,183720,395790,30,390,330
2025-06-12 09:32:54.000000,592.65,183930,395790,30,600,240
2025-06-12 09:32:55.000000,592.65,183930,395790,30,600,240
2025-06-12 09:32:56.000000,594.2,183930,395790,60,600,240
2025-06-12 09:32:56.000000,594.2,184050,395790,60,540,300
2025-06-12 09:32:57.000000,594.5,184050,395790,30,540,300
2025-06-12 09:32:57.000000,593.1,184140,395790,30,390,510
2025-06-12 09:32:58.000000,592.65,184140,395790,30,390,510
2025-06-12 09:32:58.000000,594.7,184440,395790,30,420,480
2025-06-12 09:32:59.000000,593.1,184440,395790,30,420,480
2025-06-12 09:32:59.000000,592.55,184740,395790,30,450,480
2025-06-12 09:33:00.000000,592.75,184740,395790,30,450,480
2025-06-12 09:33:00.000000,592.75,184740,395790,30,450,480
2025-06-12 09:33:01.000000,592.75,184800,395790,30,720,420
2025-06-12 09:33:01.000000,595.0,184800,395790,30,720,420
2025-06-12 09:33:02.000000,595.0,184890,395790,30,480,540
2025-06-12 09:33:03.000000,594.35,184890,395790,30,480,540
2025-06-12 09:33:03.000000,594.45,185220,395790,30,300,570
2025-06-12 09:33:04.000000,595.05,185220,395790,60,300,570
2025-06-12 09:33:04.000000,596.0,185880,395790,30,360,390
2025-06-12 09:33:05.000000,596.0,185880,395790,30,360,390
2025-06-12 09:33:06.000000,598.7,186450,395790,30,330,2100
2025-06-12 09:33:06.000000,598.7,186450,395790,30,330,2100
2025-06-12 09:33:07.000000,596.0,186450,395790,30,330,2100
2025-06-12 09:33:07.000000,597.95,186960,395790,30,390,300
2025-06-12 09:33:08.000000,595.5,186960,395790,30,390,300
2025-06-12 09:33:08.000000,595.0,187200,395790,30,450,390
2025-06-12 09:33:09.000000,594.25,187200,395790,30,450,390
2025-06-12 09:33:09.000000,594.25,187350,395790,30,390,600
2025-06-12 09:33:10.000000,597.25,187350,395790,30,390,600
2025-06-12 09:33:11.000000,598.5,187350,395790,30,390,600
2025-06-12 09:33:11.000000,598.5,189030,395790,30,720,600
2025-06-12 09:33:12.000000,597.6,189030,395790,30,720,600
2025-06-12 09:33:12.000000,596.6,189540,395790,30,480,420
2025-06-12 09:33:13.000000,598.0,189540,395790,30,480,420
2025-06-12 09:33:13.000000,599.0,189690,395790,30,720,600
2025-06-12 09:33:14.000000,599.0,189690,395790,30,720,600
2025-06-12 09:33:14.000000,598.85,189810,395790,30,480,540
2025-06-12 09:33:15.000000,598.65,189810,395790,30,480,540
2025-06-12 09:33:16.000000,599.2,189810,395790,30,480,540
2025-06-12 09:33:16.000000,599.2,190320,395790,30,450,390
2025-06-12 09:33:17.000000,599.75,190320,395790,30,450,390
2025-06-12 09:33:17.000000,599.75,190860,395790,30,480,240
2025-06-12 09:33:18.000000,599.85,190860,395790,30,480,240
2025-06-12 09:33:18.000000,599.85,190890,395790,30,450,540
2025-06-12 09:33:19.000000,599.55,190890,395790,30,450,540
2025-06-12 09:33:19.000000,600.0,192510,395790,30,360,300
2025-06-12 09:33:20.000000,599.3,192510,395790,30,360,300
2025-06-12 09:33:21.000000,598.5,192510,395790,90,360,300
2025-06-12 09:33:21.000000,598.5,192690,395790,90,270,330
2025-06-12 09:33:22.000000,597.45,192690,395790,30,270,330
2025-06-12 09:33:22.000000,597.45,193020,395790,30,420,300
2025-06-12 09:33:23.000000,597.5,193020,395790,30,420,300
2025-06-12 09:33:23.000000,599.3,193080,395790,30,330,420
2025-06-12 09:33:24.000000,597.8,193080,395790,30,330,420
2025-06-12 09:33:24.000000,597.0,193680,395790,30,510,330
2025-06-12 09:33:25.000000,598.5,193680,395790,30,510,330
2025-06-12 09:33:26.000000,598.3,193680,395790,30,510,330
2025-06-12 09:33:26.000000,598.3,193830,395790,30,390,300
2025-06-12 09:33:27.000000,597.45,193830,395790,30,390,300
2025-06-12 09:33:27.000000,597.7,193890,395790,30,330,510
2025-06-12 09:33:28.000000,597.65,193890,395790,30,330,510
2025-06-12 09:33:28.000000,597.65,193950,395790,30,720,390
2025-06-12 09:33:29.000000,597.2,193950,395790,120,720,390
2025-06-12 09:33:29.000000,597.2,194370,395790,120,360,390
2025-06-12 09:33:30.000000,596.75,194370,395790,30,360,390
2025-06-12 09:33:30.000000,596.75,194370,395790,30,360,390
2025-06-12 09:33:31.000000,598.5,194370,395790,30,360,390
2025-06-12 09:33:31.000000,598.5,194940,395790,30,570,450
2025-06-12 09:33:32.000000,598.95,194940,391260,30,570,450
2025-06-12 09:33:32.000000,598.4,195060,391260,30,450,300
2025-06-12 09:33:33.000000,596.75,195060,391260,30,450,300
2025-06-12 09:33:33.000000,596.9,195150,391260,30,300,300
2025-06-12 09:33:34.000000,596.0,195150,391260,30,300,300
2025-06-12 09:33:34.000000,598.2,195540,391260,30,540,690
2025-06-12 09:33:35.000000,598.2,195540,391260,30,540,690
2025-06-12 09:33:36.000000,598.2,195540,391260,30,240,450
2025-06-12 09:33:36.000000,597.2,195540,391260,30,240,450
2025-06-12 09:33:37.000000,596.85,195540,391260,30,240,450
2025-06-12 09:33:37.000000,596.85,195720,391260,30,360,270
2025-06-12 09:33:38.000000,597.75,195720,391260,30,360,270
2025-06-12 09:33:38.000000,597.85,195840,391260,30,450,330
2025-06-12 09:33:39.000000,598.7,195840,391260,30,450,330
2025-06-12 09:33:39.000000,597.05,195990,391260,30,330,630
2025-06-12 09:33:40.000000,597.05,195990,391260,30,330,630
2025-06-12 09:33:41.000000,601.0,195990,391260,30,330,630
2025-06-12 09:33:41.000000,601.0,196200,391260,30,270,570
2025-06-12 09:33:42.000000,598.1,196200,391260,30,270,570
2025-06-12 09:33:42.000000,598.65,196350,391260,30,330,300
2025-06-12 09:33:43.000000,599.6,196350,391260,30,330,300
2025-06-12 09:33:43.000000,599.6,196680,391260,30,480,480
2025-06-12 09:33:44.000000,598.5,196680,391260,30,480,480
2025-06-12 09:33:44.000000,596.6,196740,391260,30,360,540
2025-06-12 09:33:45.000000,597.8,196740,391260,30,360,540
2025-06-12 09:33:46.000000,597.8,196800,391260,30,390,570
2025-06-12 09:33:46.000000,597.55,196800,391260,30,390,570
2025-06-12 09:33:47.000000,597.55,196980,391260,30,360,390
2025-06-12 09:33:48.000000,598.45,196980,391260,30,360,390
2025-06-12 09:33:48.000000,598.45,197040,391260,30,300,420
2025-06-12 09:33:49.000000,598.3,197040,391260,30,300,420
2025-06-12 09:33:49.000000,596.25,197190,391260,30,600,360
2025-06-12 09:33:50.000000,596.25,197190,391260,30,600,360
2025-06-12 09:33:51.000000,598.2,197190,391260,30,600,360
2025-06-12 09:33:51.000000,598.2,197520,391260,30,510,510
2025-06-12 09:33:52.000000,596.75,197520,391260,30,510,510
2025-06-12 09:33:52.000000,598.15,197580,391260,30,570,570
2025-06-12 09:33:53.000000,598.15,197580,391260,30,570,570
2025-06-12 09:33:53.000000,598.85,197610,391260,30,420,450
2025-06-12 09:33:54.000000,594.05,197610,391260,30,420,450
2025-06-12 09:33:54.000000,591.45,198450,391260,30,630,660
2025-06-12 09:33:55.000000,591.45,198450,391260,30,630,660
2025-06-12 09:33:56.000000,591.2,198450,391260,30,630,660
2025-06-12 09:33:56.000000,591.2,198570,391260,30,360,600
2025-06-12 09:33:57.000000,592.4,198570,391260,30,360,600
2025-06-12 09:33:57.000000,592.4,198720,391260,30,450,540
2025-06-12 09:33:58.000000,592.55,198720,391260,30,450,540
2025-06-12 09:33:58.000000,595.0,198810,391260,30,240,360
2025-06-12 09:33:59.000000,595.0,198810,391260,30,240,360
2025-06-12 09:33:59.000000,594.95,198840,391260,30,390,570
2025-06-12 09:34:00.000000,594.95,198840,391260,30,390,570
2025-06-12 09:34:00.000000,594.95,198840,391260,30,390,570
2025-06-12 09:34:01.000000,594.95,198840,391260,30,330,330
2025-06-12 09:34:01.000000,595.7,198840,391260,30,330,330
2025-06-12 09:34:02.000000,595.15,198840,391260,30,330,330
2025-06-12 09:34:02.000000,595.15,198900,391260,30,330,540
2025-06-12 09:34:03.000000,595.15,198900,391260,30,330,630
2025-06-12 09:34:03.000000,595.65,198900,391260,30,330,630
2025-06-12 09:34:04.000000,596.8,198900,391260,30,330,630
2025-06-12 09:34:04.000000,596.8,198960,391260,30,240,600
2025-06-12 09:34:05.000000,596.85,198960,391260,30,240,600
2025-06-12 09:34:06.000000,598.5,198960,391260,30,240,600
2025-06-12 09:34:06.000000,598.5,199170,391260,30,480,360
2025-06-12 09:34:07.000000,598.5,199170,391260,30,300,570
2025-06-12 09:34:08.000000,598.5,199170,391260,30,270,720
2025-06-12 09:34:08.000000,597.1,199170,391260,30,270,720
2025-06-12 09:34:09.000000,597.05,199170,391260,30,270,720
2025-06-12 09:34:09.000000,597.05,199650,391260,30,330,510
2025-06-12 09:34:10.000000,597.5,199650,391260,30,330,510
2025-06-12 09:34:11.000000,598.15,199650,391260,30,330,510
2025-06-12 09:34:11.000000,599.0,199770,391260,30,570,840
2025-06-12 09:34:12.000000,600.0,199770,391260,30,570,840
2025-06-12 09:34:12.000000,599.0,200160,391260,30,300,330
2025-06-12 09:34:13.000000,597.5,200160,391260,30,300,330
2025-06-12 09:34:13.000000,597.0,200340,391260,30,420,630
2025-06-12 09:34:14.000000,596.2,200340,391260,30,420,630
2025-06-12 09:34:14.000000,593.25,200610,391260,30,300,240
2025-06-12 09:34:15.000000,593.25,200610,391260,30,300,240
2025-06-12 09:34:16.000000,593.25,200610,391260,30,540,270
2025-06-12 09:34:16.000000,594.0,200610,391260,30,540,270
2025-06-12 09:34:17.000000,594.0,200640,391260,30,660,510
2025-06-12 09:34:17.000000,594.3,200640,391260,30,660,510
2025-06-12 09:34:18.000000,594.3,200670,391260,30,450,420
2025-06-12 09:34:18.000000,595.15,200670,391260,30,450,420
2025-06-12 09:34:19.000000,595.15,200730,391260,30,300,450
2025-06-12 09:34:21.000000,596.1,200730,391260,30,300,450
2025-06-12 09:34:21.000000,596.1,200760,391260,30,450,360
2025-06-12 09:34:22.000000,596.85,200760,391260,30,450,360
2025-06-12 09:34:22.000000,596.85,200820,391260,30,420,270
2025-06-12 09:34:23.000000,596.65,200820,391260,30,420,270
2025-06-12 09:34:23.000000,597.0,200880,391260,30,360,480
2025-06-12 09:34:24.000000,597.0,200880,391260,30,360,480
2025-06-12 09:34:24.000000,595.0,200940,391260,30,300,270
2025-06-12 09:34:25.000000,596.2,200940,391260,30,300,270
2025-06-12 09:34:26.000000,597.9,200940,391260,90,300,270
2025-06-12 09:34:26.000000,596.8,201180,391260,30,540,330
2025-06-12 09:34:27.000000,598.6,201180,391260,30,540,330
2025-06-12 09:34:27.000000,598.6,201240,391260,30,330,840
2025-06-12 09:34:28.000000,601.1,201240,391260,30,330,840
2025-06-12 09:34:28.000000,601.1,201720,391260,30,720,300
2025-06-12 09:34:29.000000,600.0,201720,391260,390,720,300
2025-06-12 09:34:29.000000,599.25,202170,391260,30,240,330
2025-06-12 09:34:30.000000,599.25,202170,391260,30,240,330
2025-06-12 09:34:30.000000,599.25,202170,391260,30,240,330
2025-06-12 09:34:31.000000,598.9,202170,391260,30,240,330
2025-06-12 09:34:31.000000,598.9,202230,391260,30,540,330
2025-06-12 09:34:32.000000,596.75,202230,391260,30,540,330
2025-06-12 09:34:32.000000,596.65,202560,391260,30,450,240
2025-06-12 09:34:33.000000,596.65,202560,391260,30,450,240
2025-06-12 09:34:33.000000,596.65,202560,391260,30,360,450
2025-06-12 09:34:34.000000,596.65,202560,391260,30,240,270
2025-06-12 09:34:36.000000,596.5,202980,391260,60,570,510
2025-06-12 09:34:36.000000,596.5,202980,391260,60,570,510
2025-06-12 09:34:37.000000,596.0,202980,391260,30,570,510
2025-06-12 09:34:37.000000,596.0,203010,391260,30,390,300
2025-06-12 09:34:38.000000,596.35,203010,391260,30,390,300
2025-06-12 09:34:38.000000,597.35,203100,391260,30,240,600
2025-06-12 09:34:39.000000,597.35,203100,391260,30,240,600
2025-06-12 09:34:39.000000,596.25,203130,391260,30,240,390
2025-06-12 09:34:40.000000,595.75,203130,391260,30,240,390
2025-06-12 09:34:41.000000,597.1,203460,391260,30,450,450
2025-06-12 09:34:41.000000,597.1,203460,391260,30,450,450
2025-06-12 09:34:42.000000,595.4,203460,391260,30,450,450
2025-06-12 09:34:42.000000,596.3,203790,391260,30,540,330
2025-06-12 09:34:43.000000,596.3,203790,391260,30,540,330
2025-06-12 09:34:43.000000,596.75,203820,391260,30,390,450
2025-06-12 09:34:44.000000,596.75,203820,391260,30,390,450
2025-06-12 09:34:44.000000,596.25,203850,391260,30,330,630
2025-06-12 09:34:45.000000,596.25,203850,391260,30,330,630
2025-06-12 09:34:46.000000,596.25,203850,391260,30,330,690
2025-06-12 09:34:46.000000,595.5,203850,391260,90,330,690
2025-06-12 09:34:47.000000,596.8,203850,391260,30,330,690
2025-06-12 09:34:47.000000,595.6,204210,391260,30,300,390
2025-06-12 09:34:48.000000,595.6,204210,391260,30,300,390
2025-06-12 09:34:48.000000,596.65,204330,391260,30,360,510
2025-06-12 09:34:49.000000,595.0,204330,391260,30,360,510
2025-06-12 09:34:49.000000,594.4,204660,391260,30,330,600
2025-06-12 09:34:50.000000,594.4,204660,391260,30,330,600
2025-06-12 09:34:51.000000,594.3,204720,391260,30,330,390
2025-06-12 09:34:51.000000,594.3,204720,391260,30,330,390
2025-06-12 09:34:52.000000,594.3,204720,391260,30,480,600
2025-06-12 09:34:52.000000,595.0,204720,391260,120,480,600
2025-06-12 09:34:53.000000,595.1,204720,391260,30,480,600
2025-06-12 09:34:53.000000,595.1,204870,391260,30,270,450
2025-06-12 09:34:54.000000,595.1,204870,391260,30,420,390
2025-06-12 09:34:55.000000,597.05,204870,391260,30,420,390
2025-06-12 09:34:56.000000,597.05,204930,391260,30,300,450
2025-06-12 09:34:57.000000,598.6,204930,391260,30,300,450
2025-06-12 09:34:57.000000,598.6,204960,391260,30,330,360
2025-06-12 09:34:58.000000,598.6,204960,391260,30,540,360
2025-06-12 09:34:59.000000,599.3,204960,391260,60,540,360
2025-06-12 09:34:59.000000,599.3,205020,391260,60,480,360
2025-06-12 09:35:00.000000,599.3,205020,391260,60,480,360
2025-06-12 09:35:00.000000,595.7,205020,391260,30,480,360
2025-06-12 09:35:01.000000,595.85,205110,391260,30,330,690
2025-06-12 09:35:01.000000,595.85,205110,391260,30,330,690
2025-06-12 09:35:02.000000,595.0,205110,391260,30,330,690
2025-06-12 09:35:02.000000,595.0,205200,391260,30,330,450
2025-06-12 09:35:03.000000,592.65,205200,391260,30,330,450
2025-06-12 09:35:03.000000,595.15,205320,391260,30,300,330
2025-06-12 09:35:04.000000,593.3,205320,391260,30,300,330
2025-06-12 09:35:04.000000,593.4,205500,391260,30,510,480
2025-06-12 09:35:05.000000,593.4,205500,391260,30,510,480
2025-06-12 09:35:06.000000,594.9,205560,391260,30,450,360
2025-06-12 09:35:06.000000,594.9,205560,391260,30,450,360
2025-06-12 09:35:07.000000,594.9,205560,391260,30,510,540
2025-06-12 09:35:07.000000,593.1,205560,391260,30,510,540
2025-06-12 09:35:08.000000,593.1,205590,391260,30,300,480
2025-06-12 09:35:09.000000,593.1,205590,391260,30,360,300
2025-06-12 09:35:10.000000,594.9,205590,391260,30,360,300
2025-06-12 09:35:11.000000,594.8,205740,391260,30,240,510
2025-06-12 09:35:11.000000,594.8,205740,391260,30,240,510
2025-06-12 09:35:12.000000,595.9,205740,391260,30,240,510
2025-06-12 09:35:12.000000,595.9,206370,391260,30,270,240
2025-06-12 09:35:13.000000,595.9,206370,391260,30,360,420
2025-06-12 09:35:14.000000,595.9,206370,391260,30,510,420
2025-06-12 09:35:15.000000,593.4,206370,391260,120,510,420
2025-06-12 09:35:15.000000,593.85,207270,391260,30,450,510
2025-06-12 09:35:16.000000,593.85,207270,391260,30,450,510
2025-06-12 09:35:17.000000,593.3,207330,391260,30,330,450
2025-06-12 09:35:17.000000,593.3,207330,391260,30,330,450
2025-06-12 09:35:18.000000,593.3,207330,391260,60,330,450
2025-06-12 09:35:18.000000,593.3,207450,391260,60,270,330
2025-06-12 09:35:19.000000,593.15,207450,391260,30,270,330
2025-06-12 09:35:19.000000,593.15,207480,391260,30,450,300
2025-06-12 09:35:20.000000,593.15,207480,391260,30,420,570
2025-06-12 09:35:21.000000,593.0,207480,391260,30,420,570
2025-06-12 09:35:22.000000,593.0,207540,391260,30,570,390
2025-06-12 09:35:23.000000,593.0,207540,391260,30,300,270
2025-06-12 09:35:23.000000,591.0,207540,391260,30,300,270
2025-06-12 09:35:24.000000,591.0,207600,391260,30,420,390
2025-06-12 09:35:24.000000,590.1,207600,391260,30,420,390
2025-06-12 09:35:25.000000,590.1,207600,391260,60,420,390
2025-06-12 09:35:25.000000,590.0,207990,391260,30,1800,360
2025-06-12 09:35:26.000000,590.0,207990,391260,30,1800,360
2025-06-12 09:35:26.000000,589.3,209460,391260,30,300,360
2025-06-12 09:35:27.000000,590.7,209460,391260,30,300,360
2025-06-12 09:35:28.000000,590.85,209670,391260,30,450,270
2025-06-12 09:35:28.000000,590.85,209670,391260,30,450,270
2025-06-12 09:35:29.000000,592.0,209670,391260,60,450,270
2025-06-12 09:35:29.000000,592.0,209760,391260,60,390,360
2025-06-12 09:35:30.000000,592.6,209760,391260,30,390,360
2025-06-12 09:35:30.000000,592.6,209760,391260,30,390,360
2025-06-12 09:35:30.000000,592.6,209790,391260,30,300,540
2025-06-12 09:35:31.000000,594.8,209790,391260,30,300,540
2025-06-12 09:35:31.000000,593.4,210360,391260,30,210,720
2025-06-12 09:35:32.000000,593.6,210360,391260,30,210,720
2025-06-12 09:35:33.000000,594.35,210600,391260,30,300,420
2025-06-12 09:35:33.000000,594.35,210600,391260,30,300,420
2025-06-12 09:35:34.000000,595.0,210750,391260,30,360,360
2025-06-12 09:35:34.000000,595.0,210750,391260,30,360,360
2025-06-12 09:35:35.000000,595.0,210750,391260,30,360,330
2025-06-12 09:35:36.000000,595.0,210750,391260,30,360,300
2025-06-12 09:35:38.000000,595.0,210750,391260,30,480,300
2025-06-12 09:35:39.000000,595.0,210750,391260,30,300,330
2025-06-12 09:35:39.000000,595.7,210750,391260,30,300,330
2025-06-12 09:35:40.000000,595.7,210900,391260,30,390,510
2025-06-12 09:35:41.000000,594.05,210930,391260,30,420,420
2025-06-12 09:35:41.000000,594.05,210930,391260,30,420,420
2025-06-12 09:35:42.000000,594.05,210930,391260,30,300,420
2025-06-12 09:35:43.000000,594.55,210930,391260,30,300,420
2025-06-12 09:35:44.000000,592.25,210990,391260,30,240,600
2025-06-12 09:35:44.000000,592.25,210990,391260,30,240,600
2025-06-12 09:35:45.000000,592.5,210990,391260,30,240,600
2025-06-12 09:35:45.000000,592.5,211020,391260,30,180,450
2025-06-12 09:35:46.000000,591.4,211020,391260,30,180,450
2025-06-12 09:35:46.000000,591.4,211110,391260,30,360,660
2025-06-12 09:35:47.000000,592.25,211110,391260,30,360,660
2025-06-12 09:35:47.000000,591.15,211200,391260,30,450,450
2025-06-12 09:35:48.000000,591.15,211200,391260,30,450,450
2025-06-12 09:35:49.000000,591.15,211200,391260,30,510,510
2025-06-12 09:35:49.000000,591.1,211200,391260,30,510,510
2025-06-12 09:35:50.000000,591.0,211200,391260,30,510,510
2025-06-12 09:35:50.000000,591.0,211380,391260,30,240,600
2025-06-12 09:35:51.000000,589.0,211380,391260,90,240,600
2025-06-12 09:35:51.000000,589.4,211590,391260,30,480,420
2025-06-12 09:35:52.000000,586.6,211590,391260,30,480,420
2025-06-12 09:35:52.000000,584.6,211890,391260,30,330,420
2025-06-12 09:35:53.000000,584.6,211890,391260,30,330,420
2025-06-12 09:35:54.000000,586.35,212040,391260,30,420,360
2025-06-12 09:35:54.000000,586.35,212040,391260,30,420,360
2025-06-12 09:35:55.000000,588.0,212040,391260,30,420,360
2025-06-12 09:35:55.000000,588.0,212370,391260,30,180,360
2025-06-12 09:35:56.000000,588.0,212370,391260,30,360,360
2025-06-12 09:35:57.000000,590.0,212370,391260,30,360,360
2025-06-12 09:35:57.000000,590.0,212400,391260,30,270,330
2025-06-12 09:35:58.000000,590.4,212400,391260,90,270,330
2025-06-12 09:35:59.000000,590.4,213000,391260,90,300,900
2025-06-12 09:35:59.000000,590.8,213000,391260,30,300,900
2025-06-12 09:36:00.000000,590.8,213030,391260,30,390,390
2025-06-12 09:36:00.000000,590.8,213030,391260,30,390,390
2025-06-12 09:36:00.000000,592.1,213030,391260,60,390,390
2025-06-12 09:36:01.000000,592.15,213030,391260,60,390,390
2025-06-12 09:36:01.000000,592.7,213540,391260,30,540,660
2025-06-12 09:36:02.000000,591.75,213540,391260,30,540,660
2025-06-12 09:36:02.000000,592.7,213990,391260,180,300,690
2025-06-12 09:36:03.000000,593.4,213990,391260,60,300,690
2025-06-12 09:36:03.000000,593.4,214110,391260,60,240,600
2025-06-12 09:36:04.000000,592.5,214110,391260,30,240,600
2025-06-12 09:36:05.000000,592.5,214140,391260,30,300,420
2025-06-12 09:36:05.000000,593.7,214140,391260,30,300,420
2025-06-12 09:36:06.000000,593.6,214140,391260,30,300,420
2025-06-12 09:36:06.000000,593.6,214200,391260,30,300,300
2025-06-12 09:36:07.000000,593.0,214200,391260,30,300,300
2025-06-12 09:36:07.000000,594.2,214290,391260,30,480,300
2025-06-12 09:36:08.000000,594.2,214290,391260,30,480,300
2025-06-12 09:36:08.000000,594.2,214290,391260,30,360,570
2025-06-12 09:36:09.000000,593.6,214290,391260,30,360,570
2025-06-12 09:36:10.000000,593.6,214320,391260,30,420,660
2025-06-12 09:36:11.000000,593.6,214320,391260,30,270,780
2025-06-12 09:36:12.000000,593.6,214320,391260,30,420,600
2025-06-12 09:36:13.000000,593.6,214320,391260,30,420,720
2025-06-12 09:36:14.000000,595.0,214320,391260,210,420,720
2025-06-12 09:36:15.000000,595.0,214770,391260,210,570,360
2025-06-12 09:36:16.000000,597.35,214770,391260,30,570,360
2025-06-12 09:36:16.000000,597.35,214830,391260,30,360,540
2025-06-12 09:36:17.000000,595.55,214830,391260,30,360,540
2025-06-12 09:36:17.000000,595.55,214950,391260,30,510,300
2025-06-12 09:36:18.000000,595.55,214950,391260,30,480,600
2025-06-12 09:36:19.000000,595.6,214950,391260,30,480,600
2025-06-12 09:36:20.000000,595.6,214980,391260,30,570,480
2025-06-12 09:36:20.000000,595.65,214980,391260,30,570,480
2025-06-12 09:36:21.000000,595.1,214980,391260,30,570,480
2025-06-12 09:36:21.000000,595.1,215040,391260,30,360,750
2025-06-12 09:36:22.000000,594.85,215040,391260,30,360,750
2025-06-12 09:36:22.000000,594.85,215400,391260,30,210,420
2025-06-12 09:36:23.000000,595.0,215400,391260,30,210,420
2025-06-12 09:36:23.000000,595.0,215430,391260,30,270,360
2025-06-12 09:36:24.000000,595.0,215430,391260,30,390,420
2025-06-12 09:36:26.000000,595.0,215430,391260,30,240,450
2025-06-12 09:36:27.000000,595.0,215430,391260,30,510,300
2025-06-12 09:36:28.000000,595.25,215430,391260,30,510,300
2025-06-12 09:36:28.000000,595.25,215460,391260,30,510,330
2025-06-12 09:36:29.000000,595.25,215460,391260,30,330,300
2025-06-12 09:36:30.000000,595.25,215460,391260,30,330,300
2025-06-12 09:36:31.000000,595.25,215460,391260,30,510,390
2025-06-12 09:36:31.000000,595.65,215460,391260,30,510,390
2025-06-12 09:36:32.000000,595.0,215460,391500,30,510,390
2025-06-12 09:36:32.000000,595.0,215790,391500,30,480,420
2025-06-12 09:36:33.000000,593.7,215790,391500,30,480,420
2025-06-12 09:36:33.000000,593.7,215820,391500,30,450,480
2025-06-12 09:36:34.000000,593.7,215820,391500,30,480,210
2025-06-12 09:36:36.000000,593.7,215820,391500,30,1020,390
2025-06-12 09:36:37.000000,593.7,215820,391500,30,360,300
2025-06-12 09:36:37.000000,596.0,215820,391500,30,360,300
2025-06-12 09:36:38.000000,594.95,215820,391500,60,360,300
2025-06-12 09:36:38.000000,596.4,215970,391500,30,600,240
2025-06-12 09:36:39.000000,596.4,215970,391500,30,600,240
2025-06-12 09:36:39.000000,594.4,216000,391500,30,510,690
2025-06-12 09:36:40.000000,595.0,216000,391500,30,510,690
2025-06-12 09:36:41.000000,595.0,216030,391500,30,360,480
2025-06-12 09:36:41.000000,597.95,216030,391500,30,360,480
2025-06-12 09:36:42.000000,597.95,216090,391500,30,420,270
2025-06-12 09:36:43.000000,597.25,216090,391500,30,420,270
2025-06-12 09:36:43.000000,597.25,216120,391500,30,420,480
2025-06-12 09:36:44.000000,595.45,216120,391500,60,420,480
2025-06-12 09:36:44.000000,594.0,216390,391500,120,300,480
2025-06-12 09:36:45.000000,594.0,216390,391500,120,300,480
2025-06-12 09:36:46.000000,594.8,216450,391500,30,690,390
2025-06-12 09:36:46.000000,594.8,216450,391500,30,690,390
2025-06-12 09:36:47.000000,594.7,216450,391500,30,690,390
2025-06-12 09:36:47.000000,594.7,216480,391500,30,270,330
2025-06-12 09:36:48.000000,594.7,216480,391500,30,270,330
2025-06-12 09:36:48.000000,594.7,216510,391500,30,390,420
2025-06-12 09:36:49.000000,594.7,216510,391500,30,480,330
2025-06-12 09:36:49.000000,592.5,216510,391500,30,480,330
2025-06-12 09:36:50.000000,592.7,216510,391500,30,480,330
2025-06-12 09:36:51.000000,592.7,216720,391500,30,360,390
2025-06-12 09:36:52.000000,592.7,216720,391500,30,690,630
2025-06-12 09:36:52.000000,592.25,216720,391500,30,690,630
2025-06-12 09:36:53.000000,592.25,216750,391500,30,330,390
2025-06-12 09:36:54.000000,594.8,216750,391500,30,330,390
2025-06-12 09:36:54.000000,594.8,216780,391500,30,630,510
2025-06-12 09:36:55.000000,593.0,216780,391500,30,630,510
2025-06-12 09:36:55.000000,593.0,216810,391500,30,270,600
2025-06-12 09:36:57.000000,593.65,216810,391500,30,270,600
2025-06-12 09:36:57.000000,593.65,216840,391500,30,510,480
2025-06-12 09:36:58.000000,593.65,216840,391500,30,210,420
2025-06-12 09:36:59.000000,593.65,216840,391500,30,270,510
2025-06-12 09:37:00.000000,593.65,216840,391500,30,270,510
2025-06-12 09:37:00.000000,593.65,216840,391500,30,450,390
2025-06-12 09:37:01.000000,593.65,216840,391500,30,450,390
2025-06-12 09:37:02.000000,594.55,217020,391500,30,540,390
2025-06-12 09:37:02.000000,594.55,217020,391500,30,540,390
2025-06-12 09:37:03.000000,594.55,217020,391500,30,420,540
2025-06-12 09:37:04.000000,594.55,217020,391500,30,450,390
2025-06-12 09:37:05.000000,594.55,217020,391500,30,270,360
2025-06-12 09:37:07.000000,594.55,217020,391500,30,390,750
2025-06-12 09:37:07.000000,593.1,217020,391500,30,390,750
2025-06-12 09:37:08.000000,592.0,217020,391500,30,390,750
2025-06-12 09:37:08.000000,592.0,217440,391500,30,210,630
2025-06-12 09:37:09.000000,592.0,217440,391500,30,720,630
2025-06-12 09:37:09.000000,589.65,217440,391500,30,720,630
2025-06-12 09:37:10.000000,588.0,217440,391500,90,720,630
2025-06-12 09:37:10.000000,588.0,218040,391500,60,630,330
2025-06-12 09:37:11.000000,588.0,218040,391500,60,630,330
2025-06-12 09:37:12.000000,588.0,218040,391500,60,300,330
2025-06-12 09:37:12.000000,588.75,218040,391500,30,300,330
2025-06-12 09:37:13.000000,588.75,218130,391500,30,600,450
2025-06-12 09:37:14.000000,588.75,218130,391500,30,570,450
2025-06-12 09:37:15.000000,588.3,218130,391500,30,570,450
2025-06-12 09:37:15.000000,588.3,218160,391500,30,480,210
2025-06-12 09:37:16.000000,586.85,218160,391500,30,480,210
2025-06-12 09:37:17.000000,588.0,218400,391500,30,630,390
2025-06-12 09:37:17.000000,588.0,218400,391500,30,630,390
2025-06-12 09:37:18.000000,586.2,218400,391500,30,630,390
2025-06-12 09:37:18.000000,586.2,218460,391500,30,540,390
2025-06-12 09:37:19.000000,585.25,218460,391500,30,540,390
2025-06-12 09:37:19.000000,585.2,218550,391500,30,660,510
2025-06-12 09:37:20.000000,585.0,218550,391500,30,660,510
2025-06-12 09:37:20.000000,583.8,218970,391500,60,330,450
2025-06-12 09:37:21.000000,583.4,218970,391500,30,330,450
2025-06-12 09:37:22.000000,583.4,219060,391500,30,450,300
2025-06-12 09:37:22.000000,583.8,219060,391500,30,450,300
2025-06-12 09:37:23.000000,583.8,219180,391500,30,510,480
2025-06-12 09:37:24.000000,585.2,219210,391500,30,360,210
2025-06-12 09:37:24.000000,585.2,219210,391500,30,360,210
2025-06-12 09:37:25.000000,584.8,219210,391500,30,360,210
2025-06-12 09:37:25.000000,584.8,219240,391500,30,360,270
2025-06-12 09:37:26.000000,584.45,219240,391500,30,360,270
2025-06-12 09:37:26.000000,586.3,219510,391500,30,600,360
2025-06-12 09:37:27.000000,586.3,219510,391500,30,600,360
2025-06-12 09:37:28.000000,586.3,219510,391500,30,360,450
2025-06-12 09:37:28.000000,586.3,219510,391500,30,360,450
2025-06-12 09:37:29.000000,586.3,219540,391500,30,540,540
2025-06-12 09:37:29.000000,586.8,219540,391500,30,540,540
2025-06-12 09:37:30.000000,586.8,219540,391500,30,540,540
2025-06-12 09:37:30.000000,585.9,219540,391500,30,540,540
2025-06-12 09:37:30.000000,585.9,219600,391500,30,360,390
2025-06-12 09:37:31.000000,585.9,219600,391500,30,210,270
2025-06-12 09:37:32.000000,586.6,219600,391500,30,210,270
2025-06-12 09:37:33.000000,586.8,219870,391500,30,270,510
2025-06-12 09:37:33.000000,586.8,219870,391500,30,270,510
2025-06-12 09:37:34.000000,585.2,219870,391500,30,270,510
2025-06-12 09:37:34.000000,585.2,219930,391500,30,390,390
2025-06-12 09:37:35.000000,586.4,219930,391500,30,390,390
2025-06-12 09:37:35.000000,586.4,220050,391500,30,390,390
2025-06-12 09:37:36.000000,586.6,220050,391500,30,390,390
2025-06-12 09:37:36.000000,586.6,220080,391500,30,270,210
2025-06-12 09:37:38.000000,586.6,220080,391500,30,330,240
2025-06-12 09:37:39.000000,586.6,220080,391500,30,510,390
2025-06-12 09:37:40.000000,586.0,220080,391500,30,510,390
2025-06-12 09:37:40.000000,586.0,220260,391500,30,390,360
2025-06-12 09:37:41.000000,588.0,220260,391500,30,390,360
2025-06-12 09:37:41.000000,588.0,220290,391500,30,360,330
2025-06-12 09:37:42.000000,589.1,220290,391500,30,360,330
2025-06-12 09:37:42.000000,589.35,220530,391500,30,360,330
2025-06-12 09:37:43.000000,589.35,220530,391500,30,360,330
2025-06-12 09:37:44.000000,589.35,220530,391500,30,600,420
2025-06-12 09:37:45.000000,589.35,220530,391500,30,240,450
2025-06-12 09:37:45.000000,588.55,220530,391500,30,240,450
2025-06-12 09:37:46.000000,588.55,220560,391500,30,390,330
2025-06-12 09:37:47.000000,586.6,220560,391500,30,390,330
2025-06-12 09:37:47.000000,587.05,220560,391500,60,390,330
2025-06-12 09:37:47.000000,587.05,220800,391500,60,420,270
2025-06-12 09:37:49.000000,587.05,220800,391500,60,300,300
2025-06-12 09:37:49.000000,587.05,220800,391500,30,300,300
2025-06-12 09:37:50.000000,586.6,220800,391500,30,300,300
2025-06-12 09:37:50.000000,586.6,220920,391500,30,270,360
2025-06-12 09:37:51.000000,586.6,220920,391500,30,300,180
2025-06-12 09:37:52.000000,586.8,220920,391500,30,300,180
2025-06-12 09:37:52.000000,586.8,221070,391500,30,210,420
2025-06-12 09:37:53.000000,590.0,221070,391500,30,210,420
2025-06-12 09:37:54.000000,590.0,221100,391500,30,420,360
2025-06-12 09:37:54.000000,590.1,221100,391500,30,420,360
2025-06-12 09:37:55.000000,590.1,221130,391500,30,600,390
2025-06-12 09:37:56.000000,590.1,221130,391500,30,720,420
2025-06-12 09:37:57.000000,590.1,221130,391500,30,540,210
2025-06-12 09:37:58.000000,590.2,221130,391500,30,540,210
2025-06-12 09:37:58.000000,590.25,221280,391500,30,510,270
2025-06-12 09:37:59.000000,590.25,221280,391500,30,510,270
2025-06-12 09:38:00.000000,590.25,221280,391500,30,510,360
2025-06-12 09:38:00.000000,590.25,221280,391500,30,510,360
2025-06-12 09:38:01.000000,590.25,221280,391500,30,750,390
2025-06-12 09:38:02.000000,590.25,221280,391500,30,1050,390
2025-06-12 09:38:02.000000,589.65,221280,391500,30,1050,390
2025-06-12 09:38:03.000000,588.1,221280,391500,60,1050,390
2025-06-12 09:38:03.000000,588.1,221580,391500,60,510,450
2025-06-12 09:38:04.000000,586.6,221580,391500,30,510,450
2025-06-12 09:38:05.000000,586.6,221640,391500,30,570,450
2025-06-12 09:38:05.000000,582.0,221640,391500,30,570,450
2025-06-12 09:38:06.000000,582.0,223440,391500,30,240,330
2025-06-12 09:38:06.000000,580.0,223440,391500,30,240,330
2025-06-12 09:38:07.000000,573.0,223440,391500,60,240,330
2025-06-12 09:38:07.000000,573.45,224400,391500,30,360,660
2025-06-12 09:38:08.000000,574.7,224400,391500,30,360,660
2025-06-12 09:38:08.000000,574.8,224940,391500,30,330,300
2025-06-12 09:38:09.000000,573.2,224940,391500,90,330,300
2025-06-12 09:38:09.000000,573.2,225120,391500,90,420,480
2025-06-12 09:38:10.000000,573.0,225120,391500,30,420,480
2025-06-12 09:38:11.000000,573.0,225240,391500,30,450,450
2025-06-12 09:38:11.000000,572.15,225240,391500,90,450,450
2025-06-12 09:38:12.000000,570.5,225240,391500,30,450,450
2025-06-12 09:38:12.000000,567.75,226290,391500,30,240,450
2025-06-12 09:38:13.000000,572.25,226290,391500,30,240,450
2025-06-12 09:38:13.000000,572.75,228090,391500,30,330,270
2025-06-12 09:38:14.000000,574.15,228090,391500,30,330,270
2025-06-12 09:38:14.000000,574.65,228840,391500,30,330,390
2025-06-12 09:38:15.000000,574.15,228840,391500,30,330,390
2025-06-12 09:38:16.000000,576.05,229080,391500,60,810,480
2025-06-12 09:38:16.000000,576.05,229080,391500,60,810,480
2025-06-12 09:38:17.000000,575.4,229080,391500,30,810,480
2025-06-12 09:38:17.000000,575.4,229110,391500,30,540,510
2025-06-12 09:38:18.000000,575.4,229110,391500,30,330,240
2025-06-12 09:38:19.000000,575.2,229110,391500,30,330,240
2025-06-12 09:38:19.000000,575.2,229140,391500,30,600,360
2025-06-12 09:38:20.000000,575.75,229140,391500,60,600,360
2025-06-12 09:38:21.000000,575.75,229290,391500,60,270,480
2025-06-12 09:38:21.000000,573.65,229290,391500,30,270,480
2025-06-12 09:38:22.000000,573.8,229290,391500,30,270,480
2025-06-12 09:38:22.000000,573.8,229650,391500,30,360,270
2025-06-12 09:38:23.000000,576.8,229650,391500,30,360,270
2025-06-12 09:38:23.000000,576.55,229770,391500,30,240,420
2025-06-12 09:38:24.000000,576.55,229770,391500,30,240,420
2025-06-12 09:38:24.000000,575.0,229800,391500,30,450,420
2025-06-12 09:38:25.000000,574.85,229800,391500,30,450,420
2025-06-12 09:38:26.000000,574.85,229860,391500,30,450,270
2025-06-12 09:38:26.000000,575.5,229860,391500,30,450,270
2025-06-12 09:38:27.000000,579.0,229860,391500,30,450,270
2025-06-12 09:38:27.000000,579.0,230160,391500,30,330,210
2025-06-12 09:38:28.000000,579.0,230160,391500,30,330,330
2025-06-12 09:38:28.000000,578.5,230160,391500,30,330,330
2025-06-12 09:38:29.000000,579.85,230250,391500,30,390,600
2025-06-12 09:38:29.000000,581.0,230250,391500,30,390,600
2025-06-12 09:38:30.000000,581.0,230250,391500,30,390,600
2025-06-12 09:38:30.000000,580.15,230250,391500,30,390,600
2025-06-12 09:38:30.000000,581.65,230370,391500,30,420,300
2025-06-12 09:38:31.000000,581.65,230370,391500,30,420,300
2025-06-12 09:38:32.000000,581.15,230370,391500,30,420,300
2025-06-12 09:38:32.000000,582.8,230430,391500,30,330,720
2025-06-12 09:38:33.000000,581.45,230430,391500,30,330,720
2025-06-12 09:38:33.000000,581.45,230520,391500,30,420,1050
2025-06-12 09:38:34.000000,581.65,230520,391500,30,420,1050
2025-06-12 09:38:34.000000,581.65,230610,391500,30,210,540
2025-06-12 09:38:35.000000,581.9,230610,391500,30,210,540
2025-06-12 09:38:35.000000,581.3,230730,391500,30,360,540
2025-06-12 09:38:36.000000,581.3,230730,391500,30,360,540
2025-06-12 09:38:37.000000,579.9,230790,391500,30,450,660
2025-06-12 09:38:37.000000,579.9,230790,391500,30,450,660
2025-06-12 09:38:38.000000,577.65,230790,391500,30,450,660
2025-06-12 09:38:38.000000,577.65,230940,391500,30,510,330
2025-06-12 09:38:39.000000,577.65,230940,391500,30,360,630
2025-06-12 09:38:39.000000,577.35,230940,391500,30,360,630
2025-06-12 09:38:40.000000,576.1,230940,391500,30,360,630
2025-06-12 09:38:40.000000,575.85,231330,391500,30,330,540
2025-06-12 09:38:41.000000,575.85,231330,391500,30,330,540
2025-06-12 09:38:42.000000,578.35,231510,391500,30,390,330
2025-06-12 09:38:42.000000,578.35,231510,391500,30,390,330
2025-06-12 09:38:43.000000,576.85,231510,391500,30,390,330
2025-06-12 09:38:43.000000,576.85,231570,391500,30,570,390
2025-06-12 09:38:44.000000,578.75,231570,391500,30,570,390
2025-06-12 09:38:44.000000,578.75,231660,391500,30,270,450
2025-06-12 09:38:45.000000,578.75,231660,391500,30,330,420
2025-06-12 09:38:45.000000,576.95,231660,391500,30,330,420
2025-06-12 09:38:47.000000,576.95,231690,391500,30,240,480
2025-06-12 09:38:47.000000,578.05,231690,391500,60,240,480
2025-06-12 09:38:48.000000,576.55,231690,391500,30,240,480
2025-06-12 09:38:48.000000,576.95,231990,391500,90,300,450
2025-06-12 09:38:49.000000,576.05,231990,391500,30,300,450
2025-06-12 09:38:49.000000,576.05,232020,391500,30,450,420
2025-06-12 09:38:50.000000,576.05,232080,391500,30,510,390
2025-06-12 09:38:50.000000,576.05,232080,391500,30,510,390
2025-06-12 09:38:52.000000,576.05,232080,391500,30,360,270
2025-06-12 09:38:53.000000,576.05,232080,391500,30,330,270
2025-06-12 09:38:54.000000,576.05,232080,391500,30,570,270
2025-06-12 09:38:54.000000,577.35,232080,391500,30,570,270
2025-06-12 09:38:55.000000,576.7,232080,391500,30,570,270
2025-06-12 09:38:55.000000,576.7,232140,391500,30,540,300
2025-06-12 09:38:56.000000,575.0,232140,391500,30,540,300
2025-06-12 09:38:57.000000,575.0,232200,391500,30,270,450
2025-06-12 09:38:57.000000,575.65,232200,391500,30,270,450
2025-06-12 09:38:58.000000,574.8,232260,391500,30,360,210
2025-06-12 09:38:58.000000,574.8,232260,391500,30,360,210
2025-06-12 09:38:59.000000,574.8,232440,391500,30,480,240
2025-06-12 09:39:00.000000,573.0,232440,391500,30,480,240
2025-06-12 09:39:00.000000,573.0,232440,391500,30,480,240
2025-06-12 09:39:00.000000,573.65,232530,391500,30,420,510
2025-06-12 09:39:01.000000,573.65,232530,391500,30,420,510
2025-06-12 09:39:02.000000,573.55,232560,391500,30,450,300
2025-06-12 09:39:02.000000,573.55,232560,391500,30,450,300
2025-06-12 09:39:03.000000,572.35,232710,391500,90,330,330
2025-06-12 09:39:03.000000,572.35,232710,391500,90,330,330
2025-06-12 09:39:04.000000,572.35,232710,391500,90,510,390
2025-06-12 09:39:05.000000,573.1,232710,391500,30,510,390
2025-06-12 09:39:05.000000,574.0,232710,391500,30,510,390
2025-06-12 09:39:05.000000,574.2,232950,391500,30,540,210
2025-06-12 09:39:06.000000,574.2,232950,391500,30,540,210
2025-06-12 09:39:07.000000,572.75,232980,391500,30,300,270
2025-06-12 09:39:07.000000,574.15,232980,391500,30,300,270
2025-06-12 09:39:08.000000,575.5,233280,391500,30,330,870
2025-06-12 09:39:08.000000,575.5,233280,391500,30,330,870
2025-06-12 09:39:09.000000,575.5,233280,391500,30,360,390
2025-06-12 09:39:10.000000,575.0,233280,391500,30,360,390
2025-06-12 09:39:10.000000,574.85,233340,391500,30,450,690
2025-06-12 09:39:11.000000,574.85,233340,391500,30,450,690
2025-06-12 09:39:12.000000,573.55,233490,391500,30,420,480
2025-06-12 09:39:12.000000,573.55,233490,391500,30,420,480
2025-06-12 09:39:13.000000,573.55,233490,391500,30,330,510
2025-06-12 09:39:14.000000,575.0,233550,391500,30,360,270
2025-06-12 09:39:14.000000,575.0,233550,391500,30,360,270
2025-06-12 09:39:15.000000,574.05,233640,391500,30,420,270
2025-06-12 09:39:15.000000,574.05,233640,391500,30,420,270
2025-06-12 09:39:16.000000,573.75,233640,391500,30,420,270
2025-06-12 09:39:16.000000,572.45,233970,391500,30,390,510
2025-06-12 09:39:17.000000,572.45,233970,391500,30,390,510
2025-06-12 09:39:18.000000,574.55,234030,391500,30,570,420
2025-06-12 09:39:18.000000,574.55,234030,391500,30,570,420
2025-06-12 09:39:19.000000,574.55,234030,391500,30,390,270
2025-06-12 09:39:20.000000,574.55,234030,391500,30,540,240
2025-06-12 09:39:21.000000,574.55,234030,391500,30,240,540
2025-06-12 09:39:22.000000,577.0,234030,391500,120,240,540
2025-06-12 09:39:23.000000,577.0,234630,391500,120,420,510
2025-06-12 09:39:24.000000,577.0,234630,391500,120,210,330
2025-06-12 09:39:24.000000,577.05,234630,391500,30,210,330
2025-06-12 09:39:25.000000,577.05,234660,391500,30,390,510
2025-06-12 09:39:25.000000,577.0,234660,391500,30,390,510
2025-06-12 09:39:26.000000,577.0,234810,391500,30,180,270
2025-06-12 09:39:27.000000,578.1,234810,391500,30,180,270
2025-06-12 09:39:28.000000,578.25,234870,391500,30,180,420
2025-06-12 09:39:28.000000,576.85,234870,391500,30,180,420
2025-06-12 09:39:29.000000,575.95,234870,391500,30,180,420
2025-06-12 09:39:29.000000,575.95,234930,391500,30,270,420
2025-06-12 09:39:30.000000,575.3,234930,391500,30,270,420
2025-06-12 09:39:30.000000,575.3,234930,391500,30,270,420
2025-06-12 09:39:30.000000,575.3,234960,391500,30,330,300
2025-06-12 09:39:31.000000,575.0,234960,391500,30,330,300
2025-06-12 09:39:31.000000,573.8,235050,391500,30,390,330
2025-06-12 09:39:32.000000,573.8,235050,391500,30,390,330
2025-06-12 09:39:33.000000,575.6,235080,391500,30,540,360
2025-06-12 09:39:33.000000,575.6,235080,391320,30,540,360
2025-06-12 09:39:34.000000,575.6,235080,391320,30,330,570
2025-06-12 09:39:35.000000,575.6,235080,391320,30,480,390
2025-06-12 09:39:36.000000,572.9,235080,391320,30,480,390
2025-06-12 09:39:36.000000,564.3,236310,391320,90,180,480
2025-06-12 09:39:37.000000,565.2,236310,391320,30,180,480
2025-06-12 09:39:38.000000,563.95,236490,391320,30,420,390
2025-06-12 09:39:38.000000,563.95,236490,391320,30,420,390
2025-06-12 09:39:39.000000,564.2,236490,391320,30,420,390
2025-06-12 09:39:39.000000,564.2,236520,391320,30,450,300
2025-06-12 09:39:40.000000,564.5,236520,391320,30,450,300
2025-06-12 09:39:40.000000,564.5,236550,391320,30,690,420
2025-06-12 09:39:41.000000,562.3,236550,391320,30,690,420
2025-06-12 09:39:41.000000,559.55,237810,391320,30,300,270
2025-06-12 09:39:42.000000,558.35,237810,391320,30,300,270
2025-06-12 09:39:43.000000,559.85,238470,391320,30,150,360
2025-06-12 09:39:43.000000,559.85,238470,391320,30,150,360
2025-06-12 09:39:44.000000,563.85,238470,391320,30,150,360
2025-06-12 09:39:44.000000,563.85,238920,391320,30,630,240
2025-06-12 09:39:45.000000,563.2,238920,391320,30,630,240
2025-06-12 09:39:45.000000,563.25,239070,391320,30,330,330
2025-06-12 09:39:46.000000,563.25,239070,391320,30,330,330
2025-06-12 09:39:46.000000,562.4,239220,391320,30,450,210
2025-06-12 09:39:47.000000,563.2,239220,391320,30,450,210
2025-06-12 09:39:47.000000,563.2,239250,391320,30,210,360
2025-06-12 09:39:48.000000,562.25,239250,391320,30,210,360
2025-06-12 09:39:49.000000,563.6,239370,391320,90,450,480
2025-06-12 09:39:49.000000,563.6,239370,391320,90,450,480
2025-06-12 09:39:50.000000,564.0,239370,391320,30,450,480
2025-06-12 09:39:50.000000,564.0,239400,391320,30,330,540
2025-06-12 09:39:51.000000,564.55,239400,391320,30,330,540
2025-06-12 09:39:51.000000,564.55,239430,391320,30,450,630
2025-06-12 09:39:52.000000,562.5,239430,391320,30,450,630
2025-06-12 09:39:52.000000,563.7,239640,391320,30,210,510
2025-06-12 09:39:53.000000,563.25,239640,391320,30,210,510
2025-06-12 09:39:54.000000,563.35,239760,391320,30,360,510
2025-06-12 09:39:54.000000,563.35,239760,391320,30,360,510
2025-06-12 09:39:55.000000,563.35,239760,391320,30,240,330
2025-06-12 09:39:55.000000,564.55,239760,391320,30,240,330
2025-06-12 09:39:56.000000,565.2,239760,391320,30,240,330
2025-06-12 09:39:56.000000,566.6,240210,391320,30,420,330
2025-06-12 09:39:57.000000,566.4,240210,391320,30,420,330
2025-06-12 09:39:57.000000,566.4,240240,391320,30,450,330
2025-06-12 09:39:58.000000,566.15,240240,391320,30,450,330
2025-06-12 09:39:58.000000,566.15,240270,391320,30,330,210
2025-06-12 09:39:59.000000,564.7,240270,391320,30,330,210
2025-06-12 09:40:00.000000,566.2,240390,391320,30,360,840
2025-06-12 09:40:00.000000,566.2,240390,391320,30,360,840
2025-06-12 09:40:00.000000,566.2,240390,391320,30,360,840
2025-06-12 09:40:01.000000,563.2,240390,391320,30,360,840
2025-06-12 09:40:01.000000,563.2,240750,391320,30,600,360
2025-06-12 09:40:02.000000,564.05,240750,391320,30,600,360
2025-06-12 09:40:02.000000,564.05,240810,391320,30,450,180
2025-06-12 09:40:03.000000,562.65,240810,391320,30,450,180
2025-06-12 09:40:03.000000,560.0,240960,391320,120,330,300
2025-06-12 09:40:04.000000,558.7,240960,391320,30,330,300
2025-06-12 09:40:05.000000,557.3,241020,391320,30,510,300
2025-06-12 09:40:05.000000,557.25,241020,391320,30,510,300
2025-06-12 09:40:06.000000,560.0,241020,391320,90,510,300
2025-06-12 09:40:06.000000,559.9,241680,391320,30,630,360
2025-06-12 09:40:07.000000,560.45,241680,391320,30,630,360
2025-06-12 09:40:07.000000,560.45,241860,391320,30,390,630
2025-06-12 09:40:08.000000,560.05,241860,391320,30,390,630
2025-06-12 09:40:08.000000,559.8,242010,391320,60,540,240
2025-06-12 09:40:09.000000,560.2,242010,391320,30,540,240
2025-06-12 09:40:10.000000,556.9,242220,391320,30,270,240
2025-06-12 09:40:10.000000,557.25,242220,391320,30,270,240
2025-06-12 09:40:11.000000,554.95,242220,391320,30,270,240
2025-06-12 09:40:11.000000,554.95,242790,391320,30,450,180
2025-06-12 09:40:12.000000,555.6,242790,391320,30,450,180
2025-06-12 09:40:12.000000,555.9,243210,391320,30,210,480
2025-06-12 09:40:13.000000,555.9,243210,391320,30,210,480
2025-06-12 09:40:13.000000,557.25,243300,391320,60,480,330
2025-06-12 09:40:14.000000,557.25,243300,391320,60,480,330
2025-06-12 09:40:15.000000,555.0,243390,391320,30,330,270
2025-06-12 09:40:15.000000,555.0,243390,391320,30,330,270
2025-06-12 09:40:16.000000,555.9,243390,391320,30,330,270
2025-06-12 09:40:16.000000,555.9,243420,391320,30,510,270
2025-06-12 09:40:17.000000,555.45,243420,391320,30,510,270
2025-06-12 09:40:17.000000,555.45,243510,391320,30,420,480
2025-06-12 09:40:18.000000,557.45,243510,391320,30,420,480
2025-06-12 09:40:18.000000,557.45,243540,391320,30,570,210
2025-06-12 09:40:20.000000,557.45,243540,391320,30,570,210
2025-06-12 09:40:21.000000,556.25,243570,391320,30,480,510
2025-06-12 09:40:21.000000,556.25,243570,391320,30,480,510
2025-06-12 09:40:22.000000,555.0,243570,391320,30,480,510
2025-06-12 09:40:22.000000,555.0,243630,391320,30,510,540
2025-06-12 09:40:23.000000,555.0,243630,391320,30,210,210
2025-06-12 09:40:24.000000,552.85,243630,391320,30,210,210
2025-06-12 09:40:24.000000,552.65,243630,391320,30,210,210
2025-06-12 09:40:25.000000,552.65,243810,391320,30,720,330
2025-06-12 09:40:25.000000,550.0,243810,391320,30,720,330
2025-06-12 09:40:26.000000,551.7,243810,391320,30,720,330
2025-06-12 09:40:26.000000,551.7,244260,391320,30,600,480
2025-06-12 09:40:27.000000,552.3,244260,391320,30,600,480
2025-06-12 09:40:27.000000,550.75,244890,391320,30,390,330
2025-06-12 09:40:28.000000,552.1,244890,391320,30,390,330
2025-06-12 09:40:28.000000,550.9,244980,391320,30,510,300
2025-06-12 09:40:29.000000,550.95,244980,391320,30,510,300
2025-06-12 09:40:30.000000,550.35,245160,391320,30,870,330
2025-06-12 09:40:30.000000,550.35,245160,391320,30,870,330
2025-06-12 09:40:30.000000,550.0,245160,391320,30,870,330
2025-06-12 09:40:31.000000,548.6,245160,391320,30,870,330
2025-06-12 09:40:31.000000,548.6,245850,391320,30,210,450
2025-06-12 09:40:32.000000,550.95,245850,391320,30,210,450
2025-06-12 09:40:32.000000,550.5,246150,391320,30,270,450
2025-06-12 09:40:33.000000,550.75,246150,391320,30,270,450
2025-06-12 09:40:33.000000,550.6,246210,391320,30,450,390
2025-06-12 09:40:34.000000,550.95,246210,391320,30,450,390
2025-06-12 09:40:35.000000,550.2,246570,391320,90,750,270
2025-06-12 09:40:35.000000,550.2,246570,391320,90,750,270
2025-06-12 09:40:36.000000,549.4,246570,391320,30,750,270
2025-06-12 09:40:36.000000,549.4,246660,391320,30,270,300
2025-06-12 09:40:37.000000,551.25,246660,391320,30,270,300
2025-06-12 09:40:37.000000,550.35,247260,391320,30,690,480
2025-06-12 09:40:38.000000,550.1,247260,391320,30,690,480
2025-06-12 09:40:38.000000,555.0,247740,391320,60,510,330
2025-06-12 09:40:39.000000,555.0,247740,391320,60,510,330
2025-06-12 09:40:40.000000,553.6,247770,391320,30,360,270
2025-06-12 09:40:40.000000,553.8,247770,391320,90,360,270
2025-06-12 09:40:41.000000,555.75,247770,391320,30,360,270
2025-06-12 09:40:41.000000,555.75,248130,391320,30,390,240
2025-06-12 09:40:42.000000,555.8,248130,391320,30,390,240
2025-06-12 09:40:42.000000,555.25,248190,391320,30,600,360
2025-06-12 09:40:43.000000,555.25,248190,391320,30,600,360
2025-06-12 09:40:43.000000,555.25,248190,391320,30,330,360
2025-06-12 09:40:44.000000,552.8,248190,391320,30,330,360
2025-06-12 09:40:45.000000,552.7,248250,391320,30,600,360
2025-06-12 09:40:45.000000,552.7,248250,391320,30,600,360
2025-06-12 09:40:46.000000,551.2,248250,391320,90,600,360
2025-06-12 09:40:46.000000,551.2,248850,391320,90,630,270
2025-06-12 09:40:47.000000,551.55,248850,391320,30,630,270
2025-06-12 09:40:47.000000,551.55,248880,391320,30,630,240
2025-06-12 09:40:48.000000,554.7,248880,391320,30,630,240
2025-06-12 09:40:48.000000,554.6,249180,391320,30,300,300
2025-06-12 09:40:49.000000,555.0,249180,391320,30,300,300
2025-06-12 09:40:50.000000,555.45,249270,391320,30,750,360
2025-06-12 09:40:50.000000,555.45,249270,391320,30,750,360
2025-06-12 09:40:51.000000,555.35,249270,391320,30,750,360
2025-06-12 09:40:51.000000,555.35,249330,391320,30,300,420
2025-06-12 09:40:52.000000,555.35,249330,391320,30,600,330
2025-06-12 09:40:53.000000,555.35,249330,391320,30,870,420
2025-06-12 09:40:55.000000,555.35,249330,391320,30,750,270
2025-06-12 09:40:56.000000,555.35,249330,391320,30,330,600
2025-06-12 09:40:57.000000,554.95,249330,391320,30,330,600
2025-06-12 09:40:57.000000,554.95,249360,391320,30,390,630
2025-06-12 09:40:58.000000,553.8,249360,391320,30,390,630
2025-06-12 09:40:58.000000,554.45,249540,391320,30,540,330
2025-06-12 09:40:59.000000,554.45,249540,391320,30,540,330
2025-06-12 09:41:00.000000,550.0,249690,391320,30,300,420
2025-06-12 09:41:00.000000,550.9,249690,391320,30,300,420
2025-06-12 09:41:00.000000,550.9,249690,391320,30,300,420
2025-06-12 09:41:01.000000,551.5,249690,391320,30,300,420
2025-06-12 09:41:01.000000,551.5,249750,391320,30,570,240
2025-06-12 09:41:02.000000,551.5,249750,391320,30,720,270
2025-06-12 09:41:03.000000,551.5,249750,391320,30,450,240
2025-06-12 09:41:04.000000,552.85,249750,391320,30,450,240
2025-06-12 09:41:04.000000,553.8,249750,391320,30,450,240
2025-06-12 09:41:05.000000,554.25,249870,391320,30,360,480
2025-06-12 09:41:05.000000,554.25,249870,391320,30,360,480
2025-06-12 09:41:06.000000,554.2,249870,391320,30,360,480
2025-06-12 09:41:06.000000,554.2,249960,391320,30,330,240
2025-06-12 09:41:07.000000,554.2,249960,391320,30,270,300
2025-06-12 09:41:08.000000,555.0,249960,391320,60,270,300
2025-06-12 09:41:08.000000,555.85,249960,391320,30,270,300
2025-06-12 09:41:08.000000,556.5,250230,391320,30,210,210
2025-06-12 09:41:09.000000,556.15,250230,391320,30,210,210
2025-06-12 09:41:10.000000,556.15,250260,391320,30,630,210
2025-06-12 09:41:10.000000,554.8,250260,391320,30,630,210
2025-06-12 09:41:11.000000,554.15,250260,391320,30,630,210
2025-06-12 09:41:11.000000,554.15,250320,391320,30,210,300
2025-06-12 09:41:12.000000,551.25,250320,391320,30,210,300
2025-06-12 09:41:12.000000,551.25,250350,391320,30,450,360
2025-06-12 09:41:13.000000,551.25,250350,391320,30,450,300
2025-06-12 09:41:14.000000,553.0,250350,391320,30,450,300
2025-06-12 09:41:15.000000,553.0,250590,391320,30,600,450
2025-06-12 09:41:16.000000,553.0,250590,391320,30,630,240
2025-06-12 09:41:17.000000,553.6,250590,391320,120,630,240
2025-06-12 09:41:17.000000,553.6,250710,391320,120,450,270
2025-06-12 09:41:18.000000,554.55,250710,391320,60,450,270
2025-06-12 09:41:18.000000,554.55,250830,391320,60,630,330
2025-06-12 09:41:19.000000,555.35,250830,391320,30,630,330
2025-06-12 09:41:20.000000,555.2,250890,391320,30,420,360
2025-06-12 09:41:20.000000,555.2,250890,391320,30,420,360
2025-06-12 09:41:21.000000,555.2,250890,391320,30,360,240
2025-06-12 09:41:22.000000,555.2,250890,391320,30,480,240
2025-06-12 09:41:23.000000,554.85,250890,391320,30,480,240
2025-06-12 09:41:23.000000,554.85,250920,391320,30,660,480
2025-06-12 09:41:24.000000,554.85,250920,391320,30,480,450
2025-06-12 09:41:26.000000,554.85,250920,391320,30,630,210
2025-06-12 09:41:27.000000,550.9,250920,391320,30,630,210
2025-06-12 09:41:27.000000,550.9,251010,391320,30,780,300
2025-06-12 09:41:28.000000,552.25,251010,391320,30,780,300
2025-06-12 09:41:28.000000,552.25,251040,391320,30,450,240
2025-06-12 09:41:29.000000,552.1,251040,391320,30,450,240
2025-06-12 09:41:29.000000,552.1,251100,391320,30,270,420
2025-06-12 09:41:30.000000,549.4,251100,391320,60,270,420
2025-06-12 09:41:30.000000,549.4,251100,391320,60,270,420
2025-06-12 09:41:31.000000,552.35,253200,391320,30,420,180
2025-06-12 09:41:31.000000,552.35,253200,391320,30,420,180
2025-06-12 09:41:32.000000,552.35,253200,391320,30,480,240
2025-06-12 09:41:33.000000,552.35,253200,391320,30,510,300
2025-06-12 09:41:34.000000,554.35,253200,391320,30,510,300
2025-06-12 09:41:34.000000,553.4,253410,391320,30,630,300
2025-06-12 09:41:35.000000,553.4,253410,391320,30,630,300
2025-06-12 09:41:36.000000,553.4,253410,391320,30,660,390
2025-06-12 09:41:36.000000,553.45,253410,391320,30,660,390
2025-06-12 09:41:37.000000,552.2,253410,391320,30,660,390
2025-06-12 09:41:37.000000,552.2,253650,391320,30,600,570
2025-06-12 09:41:38.000000,552.2,253650,391320,30,690,300
2025-06-12 09:41:39.000000,550.95,253650,391320,60,690,300
2025-06-12 09:41:39.000000,550.95,253800,391320,60,330,330
2025-06-12 09:41:40.000000,552.2,253800,391320,30,330,330
2025-06-12 09:41:41.000000,552.2,253860,391320,30,420,330
2025-06-12 09:41:42.000000,551.7,253890,391320,30,390,270
2025-06-12 09:41:42.000000,551.7,253890,391320,30,390,270
2025-06-12 09:41:43.000000,551.7,253890,391320,30,540,300
2025-06-12 09:41:44.000000,551.6,253890,391320,30,540,300
2025-06-12 09:41:44.000000,551.6,253920,391320,30,570,540
2025-06-12 09:41:45.000000,551.35,253920,391320,30,570,540
2025-06-12 09:41:46.000000,551.35,253950,391320,30,420,330
2025-06-12 09:41:47.000000,551.35,253950,391320,30,390,390
2025-06-12 09:41:48.000000,551.35,253950,391320,30,450,390
2025-06-12 09:41:49.000000,551.35,253950,391320,30,240,330
2025-06-12 09:41:49.000000,553.2,253950,391320,30,240,330
2025-06-12 09:41:50.000000,551.7,253950,391320,30,240,330
2025-06-12 09:41:50.000000,551.7,254010,391320,30,210,270
2025-06-12 09:41:51.000000,552.05,254010,391320,30,210,270
2025-06-12 09:41:52.000000,552.05,254040,391320,30,510,450
2025-06-12 09:41:53.000000,552.05,254040,391320,30,480,450
2025-06-12 09:41:54.000000,552.05,254040,391320,30,360,360
2025-06-12 09:41:55.000000,552.95,254040,391320,30,360,360
2025-06-12 09:41:55.000000,552.95,254070,391320,30,300,360
2025-06-12 09:41:56.000000,553.4,254070,391320,30,300,360
2025-06-12 09:41:57.000000,553.4,254100,391320,30,630,210
2025-06-12 09:41:58.000000,554.15,254100,391320,30,630,210
2025-06-12 09:41:58.000000,555.2,254250,391320,90,390,390
2025-06-12 09:41:58.000000,555.2,254250,391320,90,390,390
2025-06-12 09:41:59.000000,554.4,254250,391320,30,390,390
2025-06-12 09:41:59.000000,556.4,254580,391320,30,540,450
2025-06-12 09:42:00.000000,556.4,254580,391320,30,540,450
2025-06-12 09:42:00.000000,556.4,254580,391320,30,540,450
2025-06-12 09:42:00.000000,556.4,254580,391320,30,390,240
2025-06-12 09:42:02.000000,556.4,254580,391320,30,300,330
2025-06-12 09:42:03.000000,553.9,254580,391320,30,300,330
2025-06-12 09:42:03.000000,554.35,254700,391320,30,390,510
2025-06-12 09:42:04.000000,553.95,254700,391320,30,390,510
2025-06-12 09:42:04.000000,553.95,254760,391320,30,240,240
2025-06-12 09:42:05.000000,553.95,254760,391320,30,480,360
2025-06-12 09:42:07.000000,553.95,254760,391320,30,330,360
2025-06-12 09:42:07.000000,553.15,254760,391320,30,330,360
2025-06-12 09:42:08.000000,553.15,254790,391320,30,480,270
2025-06-12 09:42:09.000000,552.0,254790,391320,30,480,270
2025-06-12 09:42:09.000000,552.0,255090,391320,30,420,240
2025-06-12 09:42:10.000000,551.35,255090,391320,30,420,240
2025-06-12 09:42:10.000000,550.6,255210,391320,30,300,330
2025-06-12 09:42:11.000000,551.25,255210,391320,30,300,330
2025-06-12 09:42:12.000000,550.1,255270,391320,30,540,270
2025-06-12 09:42:12.000000,550.1,255270,391320,30,540,270
2025-06-12 09:42:13.000000,550.1,255270,391320,30,630,510
2025-06-12 09:42:14.000000,550.8,255270,391320,30,630,510
2025-06-12 09:42:14.000000,550.8,255330,391320,30,540,300
2025-06-12 09:42:15.000000,551.1,255330,391320,30,540,300
2025-06-12 09:42:15.000000,551.1,255360,391320,30,690,330
2025-06-12 09:42:16.000000,548.65,255360,391320,30,690,330
2025-06-12 09:42:17.000000,548.9,255540,391320,30,690,270
2025-06-12 09:42:17.000000,548.9,255540,391320,30,690,270
2025-06-12 09:42:18.000000,548.9,255540,391320,30,390,420
2025-06-12 09:42:19.000000,548.9,255540,391320,30,300,510
2025-06-12 09:42:19.000000,551.85,255540,391320,30,300,510
2025-06-12 09:42:20.000000,549.6,255540,391320,90,300,510
2025-06-12 09:42:20.000000,549.6,255990,391320,90,360,300
2025-06-12 09:42:21.000000,548.35,255990,391320,30,360,300
2025-06-12 09:42:22.000000,549.6,256140,391320,30,360,240
2025-06-12 09:42:22.000000,549.6,256140,391320,30,360,240
2025-06-12 09:42:23.000000,549.6,256140,391320,30,600,240
2025-06-12 09:42:24.000000,549.6,256140,391320,30,420,270
2025-06-12 09:42:25.000000,552.6,256140,391320,60,420,270
2025-06-12 09:42:25.000000,551.1,256470,391320,30,450,420
2025-06-12 09:42:26.000000,551.1,256470,391320,30,450,420
2025-06-12 09:42:27.000000,551.0,256500,391320,30,330,240
2025-06-12 09:42:27.000000,551.0,256500,391320,30,330,240
2025-06-12 09:42:28.000000,551.0,256500,391320,30,360,330
2025-06-12 09:42:28.000000,551.65,256500,391320,30,360,330
2025-06-12 09:42:29.000000,551.9,256620,391320,30,360,210
2025-06-12 09:42:29.000000,551.9,256620,391320,30,360,210
2025-06-12 09:42:30.000000,551.9,256620,391320,30,360,210
2025-06-12 09:42:30.000000,551.9,256620,391320,30,450,330
2025-06-12 09:42:31.000000,552.95,256620,391320,30,450,330
2025-06-12 09:42:32.000000,552.95,256740,391320,30,480,360
2025-06-12 09:42:32.000000,554.35,256740,391320,30,480,360
2025-06-12 09:42:33.000000,554.35,256770,391320,30,390,270
2025-06-12 09:42:34.000000,554.35,256770,391320,30,270,540
2025-06-12 09:42:35.000000,554.35,256770,391320,30,750,360
2025-06-12 09:42:37.000000,551.0,256800,391320,30,330,330
2025-06-12 09:42:37.000000,551.0,256800,389070,30,330,330
2025-06-12 09:42:37.000000,551.35,256800,389070,30,330,330
2025-06-12 09:42:38.000000,550.95,256920,389070,30,390,300
2025-06-12 09:42:38.000000,550.95,256920,389070,30,390,300
2025-06-12 09:42:39.000000,549.6,256920,389070,30,390,300
2025-06-12 09:42:39.000000,549.6,257010,389070,30,360,480
2025-06-12 09:42:40.000000,548.85,257010,389070,30,360,480
2025-06-12 09:42:40.000000,548.85,257220,389070,30,510,270
2025-06-12 09:42:41.000000,548.85,257220,389070,30,840,330
2025-06-12 09:42:42.000000,547.05,257220,389070,90,840,330
2025-06-12 09:42:43.000000,548.95,257340,389070,30,390,270
2025-06-12 09:42:43.000000,548.95,257340,389070,30,390,270
2025-06-12 09:42:43.000000,548.85,257340,389070,30,390,270
2025-06-12 09:42:44.000000,548.85,257370,389070,30,480,270
2025-06-12 09:42:44.000000,547.65,257370,389070,60,480,270
2025-06-12 09:42:45.000000,547.65,257520,389070,60,570,300
2025-06-12 09:42:46.000000,547.8,257520,389070,30,570,300
2025-06-12 09:42:46.000000,547.8,257550,389070,30,300,360
2025-06-12 09:42:47.000000,549.0,257550,389070,30,300,360
2025-06-12 09:42:48.000000,548.95,257670,389070,30,630,300
2025-06-12 09:42:48.000000,548.95,257670,389070,30,630,300
2025-06-12 09:42:49.000000,548.05,257730,389070,30,960,480
2025-06-12 09:42:49.000000,548.05,257730,389070,30,960,480
2025-06-12 09:42:50.000000,548.0,257730,389070,30,960,480
2025-06-12 09:42:50.000000,544.0,258240,389070,30,300,390
2025-06-12 09:42:51.000000,543.0,258240,389070,30,300,390
2025-06-12 09:42:51.000000,543.0,259380,389070,30,390,360
2025-06-12 09:42:52.000000,541.85,259380,389070,30,390,360
2025-06-12 09:42:52.000000,543.05,259830,389070,30,630,300
2025-06-12 09:42:53.000000,542.55,259830,389070,30,630,300
2025-06-12 09:42:54.000000,542.55,259890,389070,30,720,330
2025-06-12 09:42:55.000000,544.45,259890,389070,30,720,330
2025-06-12 09:42:55.000000,544.45,259920,389070,30,540,360
2025-06-12 09:42:56.000000,544.45,259920,389070,30,390,240
2025-06-12 09:42:57.000000,544.2,259920,389070,30,390,240
2025-06-12 09:42:58.000000,544.2,260040,389070,30,360,270
2025-06-12 09:42:58.000000,546.05,260040,389070,30,360,270
2025-06-12 09:42:59.000000,544.65,260100,389070,30,720,330
2025-06-12 09:42:59.000000,544.65,260100,389070,30,720,330
2025-06-12 09:43:00.000000,544.65,260100,389070,30,720,330
2025-06-12 09:43:00.000000,540.5,260100,389070,90,720,330
2025-06-12 09:43:00.000000,540.5,260190,389070,90,510,480
2025-06-12 09:43:01.000000,540.5,260190,389070,30,510,480
2025-06-12 09:43:01.000000,540.5,260490,389070,30,960,330
2025-06-12 09:43:02.000000,542.8,260490,389070,30,960,330
2025-06-12 09:43:03.000000,542.8,260550,389070,30,1380,270
2025-06-12 09:43:03.000000,544.8,260550,389070,30,1380,270
2025-06-12 09:43:04.000000,544.8,260700,389070,30,510,450
2025-06-12 09:43:04.000000,544.8,260700,389070,30,510,450
2025-06-12 09:43:05.000000,544.85,260700,389070,60,510,450
2025-06-12 09:43:05.000000,544.85,260760,389070,60,930,300
2025-06-12 09:43:06.000000,544.85,260760,389070,60,1140,330
2025-06-12 09:43:07.000000,542.75,260760,389070,60,1140,330
2025-06-12 09:43:07.000000,544.1,260760,389070,30,1140,330
2025-06-12 09:43:08.000000,544.1,260940,389070,30,390,240
2025-06-12 09:43:08.000000,543.45,260940,389070,30,390,240
2025-06-12 09:43:09.000000,543.45,260970,389070,30,660,420
2025-06-12 09:43:10.000000,543.45,260970,389070,30,390,360
2025-06-12 09:43:11.000000,545.0,260970,389070,30,390,360
2025-06-12 09:43:11.000000,544.4,260970,389070,30,390,360
2025-06-12 09:43:11.000000,544.4,261360,389070,30,750,330
2025-06-12 09:43:12.000000,545.7,261360,389070,30,750,330
2025-06-12 09:43:13.000000,544.15,261480,389070,30,480,570
2025-06-12 09:43:13.000000,544.15,261480,389070,30,480,570
2025-06-12 09:43:14.000000,544.15,261480,389070,30,450,240
2025-06-12 09:43:14.000000,544.75,261480,389070,30,450,240
2025-06-12 09:43:15.000000,544.75,261510,389070,30,810,330
2025-06-12 09:43:16.000000,544.9,261510,389070,30,810,330
2025-06-12 09:43:16.000000,545.5,261510,389070,30,810,330
2025-06-12 09:43:16.000000,545.5,261690,389070,30,630,480
2025-06-12 09:43:17.000000,544.85,261690,389070,30,630,480
2025-06-12 09:43:17.000000,544.85,261720,389070,30,270,420
2025-06-12 09:43:19.000000,546.0,261720,389070,30,270,420
2025-06-12 09:43:19.000000,546.0,261750,389070,30,390,240
2025-06-12 09:43:19.000000,544.7,261750,389070,30,390,240
2025-06-12 09:43:20.000000,544.7,261780,389070,30,960,390
2025-06-12 09:43:20.000000,543.4,261780,389070,120,960,390
2025-06-12 09:43:21.000000,541.9,261780,389070,30,960,390
2025-06-12 09:43:21.000000,540.5,261960,389070,30,690,270
2025-06-12 09:43:22.000000,541.2,261960,389070,30,690,270
2025-06-12 09:43:22.000000,541.75,262080,389070,30,510,360
2025-06-12 09:43:23.000000,541.75,262080,389070,30,510,360
2025-06-12 09:43:24.000000,540.65,262110,389070,30,360,510
2025-06-12 09:43:24.000000,541.6,262110,389070,30,360,510
2025-06-12 09:43:25.000000,536.8,263190,389070,60,360,210
2025-06-12 09:43:25.000000,535.35,263190,389070,30,360,210
2025-06-12 09:43:26.000000,535.8,263190,389070,120,360,210
2025-06-12 09:43:26.000000,536.7,263670,389070,30,360,360
2025-06-12 09:43:27.000000,536.6,263670,389070,120,360,360
2025-06-12 09:43:27.000000,536.6,263790,389070,120,420,510
2025-06-12 09:43:28.000000,535.95,263790,389070,30,420,510
2025-06-12 09:43:29.000000,534.65,264000,389070,30,420,270
2025-06-12 09:43:29.000000,532.6,264000,389070,30,420,270
2025-06-12 09:43:30.000000,532.6,264000,389070,30,420,270
2025-06-12 09:43:30.000000,533.55,264000,389070,30,420,270
2025-06-12 09:43:30.000000,533.55,264360,389070,30,570,630
2025-06-12 09:43:31.000000,531.5,264360,389070,30,570,630
2025-06-12 09:43:31.000000,531.5,264600,389070,30,330,480
2025-06-12 09:43:32.000000,534.3,264600,389070,30,330,480
2025-06-12 09:43:32.000000,534.75,264810,389070,30,660,270
2025-06-12 09:43:33.000000,534.15,264810,389070,30,660,270
2025-06-12 09:43:34.000000,534.6,264990,389070,30,270,240
2025-06-12 09:43:34.000000,534.95,264990,389070,30,270,240
2025-06-12 09:43:35.000000,533.9,265050,389070,30,240,270
2025-06-12 09:43:35.000000,533.9,265050,389070,30,240,270
2025-06-12 09:43:36.000000,533.4,265050,389070,30,240,270
2025-06-12 09:43:36.000000,533.4,265140,389070,30,390,390
2025-06-12 09:43:37.000000,539.0,265140,389070,30,390,390
2025-06-12 09:43:37.000000,540.0,265290,389070,30,180,630
2025-06-12 09:43:38.000000,540.0,265290,389070,30,180,630
2025-06-12 09:43:39.000000,539.65,265890,389070,30,360,300
2025-06-12 09:43:39.000000,539.65,265890,389070,30,360,300
2025-06-12 09:43:40.000000,540.15,267360,389070,30,540,150
2025-06-12 09:43:40.000000,540.15,267360,389070,30,540,150
2025-06-12 09:43:41.000000,542.8,267360,389070,30,540,150
2025-06-12 09:43:41.000000,542.8,267420,389070,30,480,300
2025-06-12 09:43:42.000000,542.8,267420,389070,30,570,360
2025-06-12 09:43:43.000000,546.8,267420,389070,30,570,360
2025-06-12 09:43:44.000000,546.8,267450,389070,30,750,270
2025-06-12 09:43:45.000000,546.8,267450,389070,30,660,300
2025-06-12 09:43:46.000000,549.0,267450,389070,120,660,300
2025-06-12 09:43:46.000000,549.0,267570,389070,120,570,480
2025-06-12 09:43:47.000000,546.85,267570,389070,30,570,480
2025-06-12 09:43:47.000000,546.85,268050,389070,30,540,300
2025-06-12 09:43:48.000000,548.2,268050,389070,120,540,300
2025-06-12 09:43:49.000000,548.2,268350,389070,120,600,210
2025-06-12 09:43:50.000000,548.2,268350,389070,120,870,390
2025-06-12 09:43:50.000000,548.0,268350,389070,90,870,390
2025-06-12 09:43:51.000000,549.85,268350,389070,30,870,390
2025-06-12 09:43:51.000000,549.05,268500,389070,30,450,360
2025-06-12 09:43:52.000000,550.6,268500,389070,30,450,360
2025-06-12 09:43:52.000000,551.55,268560,389070,30,390,210
2025-06-12 09:43:53.000000,551.55,268560,389070,30,390,210
2025-06-12 09:43:54.000000,551.55,268560,389070,30,600,330
2025-06-12 09:43:55.000000,551.55,268560,389070,30,510,330
2025-06-12 09:43:56.000000,549.3,268560,389070,30,510,330
2025-06-12 09:43:56.000000,549.3,268590,389070,30,390,450
2025-06-12 09:43:57.000000,550.6,268590,389070,30,390,450
2025-06-12 09:43:57.000000,550.6,268890,389070,30,300,360
2025-06-12 09:43:58.000000,550.6,268890,389070,30,300,360
2025-06-12 09:43:59.000000,550.6,268950,389070,30,390,210
2025-06-12 09:43:59.000000,550.6,268950,389070,30,390,210
2025-06-12 09:44:00.000000,549.3,269100,389070,90,270,390
2025-06-12 09:44:00.000000,549.3,269100,389070,90,270,390
2025-06-12 09:44:00.000000,549.3,269100,389070,90,270,390
2025-06-12 09:44:01.000000,549.0,269100,389070,60,270,390
2025-06-12 09:44:01.000000,549.0,269160,389070,60,270,270
2025-06-12 09:44:02.000000,548.1,269160,389070,30,270,270
2025-06-12 09:44:02.000000,548.1,269220,389070,30,270,360
2025-06-12 09:44:03.000000,547.7,269220,389070,60,270,360
2025-06-12 09:44:03.000000,547.7,269280,389070,60,510,240
2025-06-12 09:44:04.000000,545.55,269280,389070,30,510,240
2025-06-12 09:44:05.000000,545.55,269430,389070,30,720,240
2025-06-12 09:44:06.000000,545.55,269430,389070,30,270,210
2025-06-12 09:44:07.000000,545.55,269430,389070,30,390,300
2025-06-12 09:44:08.000000,545.0,269430,389070,30,390,300
2025-06-12 09:44:08.000000,545.0,269490,389070,30,510,360
2025-06-12 09:44:09.000000,543.85,269490,389070,30,510,360
2025-06-12 09:44:10.000000,543.85,269580,389070,30,690,270
2025-06-12 09:44:10.000000,544.8,269580,389070,30,690,270
2025-06-12 09:44:11.000000,544.8,269610,389070,30,480,360
2025-06-12 09:44:12.000000,546.9,269610,389070,30,480,360
2025-06-12 09:44:12.000000,546.9,269670,389070,30,510,720
2025-06-12 09:44:13.000000,545.4,269670,389070,30,510,720
2025-06-12 09:44:13.000000,544.4,269820,389070,30,540,480
2025-06-12 09:44:14.000000,544.4,269820,389070,30,540,480
2025-06-12 09:44:15.000000,544.4,269820,389070,30,600,360
2025-06-12 09:44:15.000000,545.8,269820,389070,30,600,360
2025-06-12 09:44:16.000000,545.8,269850,389070,30,360,210
2025-06-12 09:44:17.000000,545.8,269850,389070,30,780,240
2025-06-12 09:44:18.000000,545.8,269850,389070,30,480,360
2025-06-12 09:44:20.000000,544.65,269850,389070,30,480,360
2025-06-12 09:44:20.000000,544.65,269880,389070,30,660,360
2025-06-12 09:44:21.000000,544.65,269880,389070,30,600,180
2025-06-12 09:44:21.000000,545.6,269880,389070,30,600,180
2025-06-12 09:44:22.000000,543.2,269880,389070,90,600,180
2025-06-12 09:44:22.000000,543.2,270660,389070,90,420,330
2025-06-12 09:44:23.000000,543.8,270660,389070,60,420,330
2025-06-12 09:44:23.000000,543.8,271230,389070,60,420,570
2025-06-12 09:44:25.000000,543.8,271230,389070,60,300,630
2025-06-12 09:44:25.000000,541.4,271230,389070,30,300,630
2025-06-12 09:44:26.000000,541.4,271320,389070,30,450,390
2025-06-12 09:44:27.000000,541.4,271320,389070,30,630,300
2025-06-12 09:44:28.000000,544.05,271320,389070,30,630,300
2025-06-12 09:44:28.000000,544.95,271380,389070,30,390,540
2025-06-12 09:44:29.000000,544.95,271380,389070,30,390,540
2025-06-12 09:44:30.000000,544.95,271380,389070,30,630,240
2025-06-12 09:44:30.000000,544.95,271380,389070,30,630,240
2025-06-12 09:44:31.000000,540.0,271500,389070,120,150,1140
2025-06-12 09:44:31.000000,540.0,271500,389070,120,150,1140
2025-06-12 09:44:32.000000,538.55,271500,389070,30,150,1140
2025-06-12 09:44:32.000000,538.55,271560,389070,30,600,300
2025-06-12 09:44:33.000000,539.3,271560,389070,30,600,300
2025-06-12 09:44:33.000000,541.5,271680,389070,30,360,240
2025-06-12 09:44:34.000000,540.9,271680,389070,30,360,240
2025-06-12 09:44:35.000000,541.15,271800,389070,60,690,360
2025-06-12 09:44:35.000000,541.15,271800,389070,60,690,360
2025-06-12 09:44:36.000000,540.0,271800,389070,120,690,360
2025-06-12 09:44:36.000000,540.0,271950,389070,120,540,360
2025-06-12 09:44:37.000000,540.0,271950,389070,120,510,180
2025-06-12 09:44:38.000000,541.6,271950,389070,30,510,180
2025-06-12 09:44:38.000000,541.6,272100,389070,30,330,270
2025-06-12 09:44:39.000000,541.55,272100,389070,30,330,270
2025-06-12 09:44:40.000000,541.55,272160,389070,30,390,420
2025-06-12 09:44:40.000000,539.55,272160,389070,30,390,420
2025-06-12 09:44:41.000000,539.55,272220,389070,30,600,210
2025-06-12 09:44:42.000000,541.0,272250,389070,30,540,180
2025-06-12 09:44:42.000000,541.0,272250,389070,30,540,180
2025-06-12 09:44:43.000000,542.35,272250,389070,30,540,180
2025-06-12 09:44:43.000000,542.35,272310,389070,30,510,330
2025-06-12 09:44:44.000000,542.35,272310,389070,30,390,390
2025-06-12 09:44:45.000000,540.6,272310,389070,30,390,390
2025-06-12 09:44:46.000000,541.15,272430,389070,30,330,600
2025-06-12 09:44:46.000000,538.55,272430,389070,90,330,600
2025-06-12 09:44:47.000000,538.55,272640,389070,90,570,390
2025-06-12 09:44:48.000000,538.55,272640,389070,90,330,360
2025-06-12 09:44:49.000000,541.75,272640,389070,30,330,360
2025-06-12 09:44:49.000000,541.75,272670,389070,30,270,330
2025-06-12 09:44:50.000000,540.4,272670,389070,30,270,330
2025-06-12 09:44:51.000000,540.0,272760,389070,30,720,360
2025-06-12 09:44:51.000000,540.0,272760,389070,30,720,360
2025-06-12 09:44:52.000000,541.35,272850,389070,30,600,330
2025-06-12 09:44:52.000000,541.35,272850,389070,30,600,330
2025-06-12 09:44:53.000000,541.15,272850,389070,30,600,330
2025-06-12 09:44:53.000000,541.15,272910,389070,30,480,570
2025-06-12 09:44:54.000000,541.15,272910,389070,30,600,390
2025-06-12 09:44:55.000000,541.45,272910,389070,30,600,390
2025-06-12 09:44:55.000000,541.45,272940,389070,30,510,390
2025-06-12 09:44:57.000000,541.45,272940,389070,30,630,600
2025-06-12 09:44:58.000000,540.7,272940,389070,30,630,600
2025-06-12 09:44:58.000000,540.7,272970,389070,30,240,660
2025-06-12 09:44:59.000000,540.0,272970,389070,30,240,660
2025-06-12 09:44:59.000000,540.0,273000,389070,30,450,270
2025-06-12 09:45:00.000000,540.0,273000,389070,30,450,270
2025-06-12 09:45:00.000000,540.05,273000,389070,30,450,270
2025-06-12 09:45:00.000000,540.05,273090,389070,30,480,300
2025-06-12 09:45:01.000000,538.55,273090,389070,30,480,300
2025-06-12 09:45:02.000000,538.0,273330,389070,30,360,660
2025-06-12 09:45:02.000000,538.0,273330,389070,30,360,660
2025-06-12 09:45:03.000000,537.15,273420,389070,60,540,240
2025-06-12 09:45:03.000000,537.55,273420,389070,30,540,240
2025-06-12 09:45:04.000000,541.0,273420,389070,30,540,240
2025-06-12 09:45:04.000000,541.0,273690,389070,30,210,480
2025-06-12 09:45:05.000000,540.8,273690,389070,30,210,480
2025-06-12 09:45:05.000000,539.9,273840,389070,30,300,360
2025-06-12 09:45:06.000000,541.85,273840,389070,30,300,360
2025-06-12 09:45:07.000000,542.25,274260,389070,30,540,300
2025-06-12 09:45:07.000000,542.25,274260,389070,30,540,300
2025-06-12 09:45:08.000000,541.7,274320,389070,30,540,510
2025-06-12 09:45:08.000000,541.7,274320,389070,30,540,510
2025-06-12 09:45:09.000000,541.7,274320,389070,30,450,660
2025-06-12 09:45:10.000000,541.7,274320,389070,30,570,330
2025-06-12 09:45:11.000000,541.45,274320,389070,30,570,330
2025-06-12 09:45:12.000000,541.45,274470,389070,30,630,510
2025-06-12 09:45:12.000000,541.1,274470,389070,30,630,510
2025-06-12 09:45:13.000000,541.1,274500,389070,30,300,450
2025-06-12 09:45:13.000000,542.4,274500,389070,30,300,450
2025-06-12 09:45:14.000000,542.4,274530,389070,30,600,210
2025-06-12 09:45:14.000000,545.0,274530,389070,60,600,210
2025-06-12 09:45:15.000000,545.0,274770,389070,60,240,570
2025-06-12 09:45:17.000000,545.0,274770,389070,60,480,570
2025-06-12 09:45:17.000000,546.4,274770,389070,120,480,570
2025-06-12 09:45:18.000000,546.4,274950,389070,120,480,450
2025-06-12 09:45:18.000000,543.0,274950,389070,30,480,450
2025-06-12 09:45:19.000000,542.6,275130,389070,30,390,300
2025-06-12 09:45:19.000000,542.6,275130,389070,30,390,300
2025-06-12 09:45:20.000000,542.6,275130,389070,30,630,480
2025-06-12 09:45:22.000000,542.6,275130,389070,30,240,270
2025-06-12 09:45:22.000000,550.25,275130,389070,30,240,270
2025-06-12 09:45:23.000000,550.5,275400,389070,30,450,240
2025-06-12 09:45:23.000000,551.75,275400,389070,60,450,240
2025-06-12 09:45:24.000000,551.85,275880,389070,30,690,390
2025-06-12 09:45:24.000000,551.85,275880,389070,30,690,390
2025-06-12 09:45:25.000000,549.5,275940,389070,30,570,750
2025-06-12 09:45:25.000000,549.5,275940,389070,30,570,750
2025-06-12 09:45:26.000000,549.0,275940,389070,30,570,750
2025-06-12 09:45:27.000000,547.85,276120,389070,30,630,420
2025-06-12 09:45:27.000000,547.85,276120,389070,30,630,420
2025-06-12 09:45:28.000000,546.65,276180,389070,30,330,330
2025-06-12 09:45:28.000000,546.65,276180,389070,30,330,330
2025-06-12 09:45:29.000000,546.65,276180,389070,30,450,600
2025-06-12 09:45:29.000000,547.0,276180,389070,30,450,600
2025-06-12 09:45:30.000000,547.0,276180,389070,30,450,600
2025-06-12 09:45:30.000000,547.0,276210,389070,30,480,540
2025-06-12 09:45:31.000000,547.6,276210,389070,30,480,540
2025-06-12 09:45:32.000000,547.55,276270,389070,30,840,300
2025-06-12 09:45:32.000000,547.55,276270,389070,30,840,300
2025-06-12 09:45:33.000000,549.85,279270,389070,120,840,300
2025-06-12 09:45:33.000000,549.85,279270,389070,120,840,300
2025-06-12 09:45:34.000000,549.85,279270,389070,120,720,270
2025-06-12 09:45:35.000000,549.0,279270,391710,120,720,270
2025-06-12 09:45:35.000000,549.0,279390,391710,120,180,750
2025-06-12 09:45:37.000000,550.2,279450,391710,30,300,330
2025-06-12 09:45:37.000000,550.2,279450,391710,30,300,330
2025-06-12 09:45:37.000000,548.4,279450,391710,30,300,330
2025-06-12 09:45:38.000000,549.5,279540,391710,30,630,360
2025-06-12 09:45:38.000000,549.5,279540,391710,30,630,360
2025-06-12 09:45:39.000000,548.35,279630,391710,30,600,360
2025-06-12 09:45:39.000000,548.35,279630,391710,30,600,360
2025-06-12 09:45:40.000000,546.55,279630,391710,30,600,360
2025-06-12 09:45:40.000000,546.55,280440,391710,30,570,540
2025-06-12 09:45:41.000000,545.0,280440,391710,30,570,540
2025-06-12 09:45:42.000000,543.5,280890,391710,30,420,180
2025-06-12 09:45:42.000000,543.5,280890,391710,30,420,180
2025-06-12 09:45:43.000000,543.9,280920,391710,30,510,450
2025-06-12 09:45:43.000000,543.9,280920,391710,30,510,450
2025-06-12 09:45:44.000000,544.35,281010,391710,30,420,480
2025-06-12 09:45:44.000000,544.35,281010,391710,30,420,480
2025-06-12 09:45:45.000000,544.35,281010,391710,30,330,600
2025-06-12 09:45:46.000000,543.25,281010,391710,30,330,600
2025-06-12 09:45:46.000000,543.25,281070,391710,30,480,630
2025-06-12 09:45:48.000000,543.25,281070,391710,30,450,270
2025-06-12 09:45:48.000000,544.35,281070,391710,30,450,270
2025-06-12 09:45:49.000000,544.35,281100,391710,30,360,420
2025-06-12 09:45:50.000000,543.25,281100,391710,90,360,420
2025-06-12 09:45:50.000000,543.25,281430,391710,90,420,360
