Timestamp,LTP,Volume,OI,LastQty,BidQty,AskQty
2025-06-12 09:28:55.000000,473.1,363720,1489290,30,480,270
2025-06-12 09:28:56.000000,475.0,364020,1489290,30,510,330
2025-06-12 09:28:56.000000,475.0,364020,1489290,30,510,330
2025-06-12 09:28:57.000000,473.85,364020,1489290,30,510,330
2025-06-12 09:28:58.000000,473.85,364050,1489290,30,420,420
2025-06-12 09:28:58.000000,475.55,364050,1489290,30,420,420
2025-06-12 09:28:59.000000,474.8,364500,1489290,90,1110,330
2025-06-12 09:28:59.000000,476.0,364500,1489290,30,1110,330
2025-06-12 09:29:00.000000,476.0,364500,1489290,30,1110,330
2025-06-12 09:29:00.000000,475.4,365820,1489290,120,270,270
2025-06-12 09:29:00.000000,475.4,365820,1489290,120,270,270
2025-06-12 09:29:01.000000,475.4,365820,1489290,120,660,450
2025-06-12 09:29:02.000000,475.75,365820,1489290,30,660,450
2025-06-12 09:29:03.000000,475.75,365850,1489290,30,780,360
2025-06-12 09:29:03.000000,476.35,365850,1489290,30,780,360
2025-06-12 09:29:03.000000,475.9,365850,1489290,30,780,360
2025-06-12 09:29:04.000000,475.9,366000,1489290,30,420,780
2025-06-12 09:29:04.000000,475.4,366000,1489290,90,420,780
2025-06-12 09:29:05.000000,475.4,366120,1489290,90,660,390
2025-06-12 09:29:05.000000,474.1,366120,1489290,60,660,390
2025-06-12 09:29:06.000000,473.75,366510,1489290,30,510,450
2025-06-12 09:29:06.000000,473.75,366510,1489290,30,510,450
2025-06-12 09:29:07.000000,474.65,366540,1489290,30,570,630
2025-06-12 09:29:07.000000,474.65,366540,1489290,30,570,630
2025-06-12 09:29:08.000000,473.75,366540,1489290,30,570,630
2025-06-12 09:29:09.000000,473.75,366570,1489290,30,360,150
2025-06-12 09:29:10.000000,473.0,366600,1489290,30,270,570
2025-06-12 09:29:10.000000,472.0,366600,1489290,30,270,570
2025-06-12 09:29:11.000000,472.0,366630,1489290,30,360,540
2025-06-12 09:29:11.000000,470.6,366630,1489290,30,360,540
2025-06-12 09:29:12.000000,470.85,366630,1489290,30,360,540
2025-06-12 09:29:12.000000,469.2,368100,1489290,30,480,840
2025-06-12 09:29:12.000000,469.2,368100,1489290,30,480,840
2025-06-12 09:29:13.000000,471.2,368220,1489290,30,630,240
2025-06-12 09:29:13.000000,471.2,368220,1489290,30,630,240
2025-06-12 09:29:14.000000,470.2,368220,1489290,60,630,240
2025-06-12 09:29:15.000000,470.2,368280,1489290,60,390,1230
2025-06-12 09:29:16.000000,470.0,368280,1489290,30,390,1230
2025-06-12 09:29:16.000000,470.0,368310,1489290,30,540,660
2025-06-12 09:29:16.000000,469.95,368310,1489290,30,540,660
2025-06-12 09:29:17.000000,469.95,368340,1489290,30,360,600
2025-06-12 09:29:18.000000,471.25,368340,1489290,30,360,600
2025-06-12 09:29:18.000000,470.0,368490,1489290,60,540,420
2025-06-12 09:29:18.000000,470.0,368490,1489290,60,540,420
2025-06-12 09:29:19.000000,470.1,368490,1489290,30,540,420
2025-06-12 09:29:20.000000,468.4,368580,1489290,30,300,420
2025-06-12 09:29:20.000000,468.4,368580,1489290,30,300,420
2025-06-12 09:29:21.000000,468.45,368910,1489290,30,390,540
2025-06-12 09:29:21.000000,468.45,368910,1489290,30,390,540
2025-06-12 09:29:22.000000,470.6,368940,1489290,30,540,630
2025-06-12 09:29:22.000000,470.6,368940,1489290,30,540,630
2025-06-12 09:29:23.000000,471.0,369300,1489290,30,660,630
2025-06-12 09:29:23.000000,470.25,369300,1489290,30,660,630
2025-06-12 09:29:24.000000,474.7,369300,1489290,30,660,630
2025-06-12 09:29:25.000000,474.7,370260,1489290,30,630,210
2025-06-12 09:29:25.000000,475.15,370260,1489290,30,630,210
2025-06-12 09:29:26.000000,473.6,371130,1489290,30,450,510
2025-06-12 09:29:26.000000,473.6,371130,1489290,30,450,510
2025-06-12 09:29:27.000000,473.6,371130,1489290,30,540,690
2025-06-12 09:29:28.000000,470.5,371130,1489290,30,540,690
2025-06-12 09:29:28.000000,471.35,371190,1489290,30,510,330
2025-06-12 09:29:28.000000,471.35,371190,1489290,30,510,330
2025-06-12 09:29:29.000000,470.5,371190,1489290,30,510,330
2025-06-12 09:29:30.000000,470.5,371370,1489290,30,570,270
2025-06-12 09:29:30.000000,470.5,371370,1489290,30,570,270
2025-06-12 09:29:30.000000,471.35,371370,1489290,90,570,270
2025-06-12 09:29:31.000000,471.8,372540,1489290,120,510,270
2025-06-12 09:29:31.000000,472.75,372540,1489290,30,510,270
2025-06-12 09:29:32.000000,472.75,372600,1489290,30,630,300
2025-06-12 09:29:32.000000,473.5,372600,1489290,30,630,300
2025-06-12 09:29:33.000000,473.0,372720,1489290,30,360,390
2025-06-12 09:29:33.000000,473.0,372720,1489290,30,360,390
2025-06-12 09:29:34.000000,474.15,372720,1489290,60,360,390
2025-06-12 09:29:35.000000,474.15,372900,1489290,60,510,360
2025-06-12 09:29:35.000000,473.1,372900,1489290,30,510,360
2025-06-12 09:29:36.000000,473.1,373230,1489290,30,480,360
2025-06-12 09:29:36.000000,473.0,373230,1489290,30,480,360
2025-06-12 09:29:37.000000,473.0,373260,1489290,30,180,450
2025-06-12 09:29:37.000000,471.0,373260,1489290,30,180,450
2025-06-12 09:29:38.000000,470.8,373350,1489290,30,480,450
2025-06-12 09:29:38.000000,470.8,373350,1489290,30,480,450
2025-06-12 09:29:39.000000,472.5,373350,1489290,30,480,450
2025-06-12 09:29:40.000000,472.5,373380,1489290,30,270,390
2025-06-12 09:29:41.000000,472.5,373380,1489290,30,420,270
2025-06-12 09:29:42.000000,472.5,373380,1489290,30,330,480
2025-06-12 09:29:42.000000,473.0,373380,1489290,30,330,480
2025-06-12 09:29:43.000000,473.1,373440,1489290,30,270,330
2025-06-12 09:29:43.000000,473.1,373440,1489290,30,270,330
2025-06-12 09:29:44.000000,470.95,373440,1489290,30,270,330
2025-06-12 09:29:45.000000,470.95,374010,1489290,30,480,510
2025-06-12 09:29:45.000000,470.95,374010,1489290,30,480,510
2025-06-12 09:29:46.000000,470.95,374130,1489290,30,360,420
2025-06-12 09:29:46.000000,471.55,374130,1489290,60,360,420
2025-06-12 09:29:47.000000,472.2,374250,1489290,30,390,360
2025-06-12 09:29:47.000000,472.2,374250,1489290,30,390,360
2025-06-12 09:29:48.000000,469.4,375810,1489290,30,360,210
2025-06-12 09:29:48.000000,469.4,375810,1489290,30,360,210
2025-06-12 09:29:49.000000,472.3,375810,1489290,30,360,210
2025-06-12 09:29:50.000000,472.3,376950,1489290,30,930,300
2025-06-12 09:29:51.000000,471.55,376950,1489290,150,930,300
2025-06-12 09:29:51.000000,471.55,378480,1489290,90,420,360
2025-06-12 09:29:51.000000,471.55,378480,1489290,90,420,360
2025-06-12 09:29:52.000000,471.55,378480,1489290,90,570,270
2025-06-12 09:29:52.000000,471.85,378480,1489290,60,570,270
2025-06-12 09:29:53.000000,473.05,378660,1489290,30,570,330
2025-06-12 09:29:53.000000,473.05,378660,1489290,30,570,330
2025-06-12 09:29:54.000000,474.05,378660,1489290,30,570,330
2025-06-12 09:29:55.000000,474.05,378690,1489290,30,420,210
2025-06-12 09:29:55.000000,471.9,378690,1489290,60,420,210
2025-06-12 09:29:56.000000,472.8,380280,1489290,120,570,150
2025-06-12 09:29:56.000000,472.8,380280,1489290,120,570,150
2025-06-12 09:29:57.000000,474.25,380730,1489290,30,330,270
2025-06-12 09:29:57.000000,473.95,380730,1489290,30,330,270
2025-06-12 09:29:58.000000,473.95,380760,1489290,30,420,150
2025-06-12 09:29:59.000000,474.75,380760,1489290,30,420,150
2025-06-12 09:29:59.000000,473.45,381360,1489290,30,480,420
2025-06-12 09:29:59.000000,472.75,381360,1489290,30,480,420
2025-06-12 09:30:00.000000,472.4,381360,1489290,30,480,420
2025-06-12 09:30:01.000000,472.4,381690,1489290,30,540,600
2025-06-12 09:30:01.000000,472.05,381690,1489290,30,540,600
2025-06-12 09:30:02.000000,474.6,382980,1489290,30,510,390
2025-06-12 09:30:02.000000,473.55,382980,1489290,30,510,390
2025-06-12 09:30:03.000000,473.9,383820,1489290,30,210,480
2025-06-12 09:30:03.000000,473.25,383820,1489290,30,210,480
2025-06-12 09:30:04.000000,472.7,385560,1489290,60,360,360
2025-06-12 09:30:04.000000,473.4,385560,1489290,30,360,360
2025-06-12 09:30:05.000000,475.1,385560,1489290,30,360,360
2025-06-12 09:30:06.000000,475.25,387810,1489290,30,450,630
2025-06-12 09:30:06.000000,475.0,387810,1489290,30,450,630
2025-06-12 09:30:07.000000,474.65,388470,1489290,30,390,420
2025-06-12 09:30:07.000000,475.9,388470,1489290,30,390,420
2025-06-12 09:30:08.000000,474.45,392040,1489290,30,270,630
2025-06-12 09:30:08.000000,474.45,392040,1489290,30,270,630
2025-06-12 09:30:09.000000,475.85,392310,1489290,60,960,630
2025-06-12 09:30:09.000000,475.6,392310,1489290,60,960,630
2025-06-12 09:30:10.000000,475.3,392310,1489290,30,960,630
2025-06-12 09:30:11.000000,474.8,393210,1489290,30,180,480
2025-06-12 09:30:11.000000,475.8,393210,1489290,30,180,480
2025-06-12 09:30:12.000000,475.8,393330,1489290,30,1050,600
2025-06-12 09:30:12.000000,474.95,393330,1489290,30,1050,600
2025-06-12 09:30:13.000000,474.95,393990,1489290,30,330,450
2025-06-12 09:30:14.000000,478.95,393990,1489290,30,330,450
2025-06-12 09:30:14.000000,480.35,395820,1489290,30,660,540
2025-06-12 09:30:14.000000,480.35,395820,1489290,30,660,540
2025-06-12 09:30:15.000000,484.0,395820,1489290,30,660,540
2025-06-12 09:30:16.000000,484.25,396390,1489290,30,750,330
2025-06-12 09:30:16.000000,483.8,396390,1489290,30,750,330
2025-06-12 09:30:17.000000,483.8,396840,1489290,30,420,450
2025-06-12 09:30:18.000000,482.8,396840,1489290,30,420,450
2025-06-12 09:30:18.000000,483.0,396960,1489290,30,600,540
2025-06-12 09:30:18.000000,483.0,396960,1489290,30,600,540
2025-06-12 09:30:19.000000,483.25,397020,1489290,30,360,600
2025-06-12 09:30:19.000000,483.25,397020,1489290,30,360,600
2025-06-12 09:30:20.000000,482.8,397020,1489290,30,360,600
2025-06-12 09:30:21.000000,482.8,397170,1489290,30,420,660
2025-06-12 09:30:21.000000,482.75,397170,1489290,30,420,660
2025-06-12 09:30:22.000000,481.25,397230,1489290,30,360,420
2025-06-12 09:30:22.000000,478.65,397230,1489290,60,360,420
2025-06-12 09:30:23.000000,477.05,397380,1489290,60,360,930
2025-06-12 09:30:23.000000,477.95,397380,1489290,30,360,930
2025-06-12 09:30:24.000000,477.75,398610,1489290,60,300,480
2025-06-12 09:30:24.000000,477.75,398610,1489290,60,300,480
2025-06-12 09:30:25.000000,478.1,398610,1489290,30,300,480
2025-06-12 09:30:26.000000,477.35,398730,1489290,30,660,510
2025-06-12 09:30:26.000000,478.15,398730,1489290,30,660,510
2025-06-12 09:30:27.000000,478.0,398820,1489290,30,480,360
2025-06-12 09:30:27.000000,478.1,398820,1489290,30,480,360
2025-06-12 09:30:28.000000,478.55,398940,1489290,30,540,300
2025-06-12 09:30:28.000000,477.35,398940,1489290,30,540,300
2025-06-12 09:30:29.000000,478.85,399480,1489290,30,480,510
2025-06-12 09:30:29.000000,478.85,399480,1489290,30,480,510
2025-06-12 09:30:30.000000,478.85,399480,1489290,30,480,510
2025-06-12 09:30:30.000000,478.1,399480,1489290,60,480,510
2025-06-12 09:30:31.000000,478.4,399630,1489290,30,360,360
2025-06-12 09:30:31.000000,478.4,399630,1494900,30,360,360
2025-06-12 09:30:32.000000,476.45,400470,1494900,30,480,510
2025-06-12 09:30:32.000000,476.45,400470,1494900,30,480,510
2025-06-12 09:30:33.000000,477.6,400530,1494900,30,240,510
2025-06-12 09:30:33.000000,477.6,400530,1494900,30,240,510
2025-06-12 09:30:34.000000,479.95,401190,1494900,30,450,420
2025-06-12 09:30:34.000000,479.95,401190,1494900,30,450,420
2025-06-12 09:30:35.000000,477.8,401190,1494900,60,450,420
2025-06-12 09:30:36.000000,477.8,401280,1494900,60,480,240
2025-06-12 09:30:36.000000,477.45,401280,1494900,30,480,240
2025-06-12 09:30:37.000000,477.8,402060,1494900,30,570,510
2025-06-12 09:30:37.000000,478.05,402060,1494900,30,570,510
2025-06-12 09:30:38.000000,478.05,402090,1494900,30,600,300
2025-06-12 09:30:38.000000,477.95,402090,1494900,30,600,300
2025-06-12 09:30:39.000000,477.95,402150,1494900,30,480,600
2025-06-12 09:30:40.000000,477.25,402150,1494900,30,480,600
2025-06-12 09:30:40.000000,477.7,402150,1494900,30,480,600
2025-06-12 09:30:41.000000,477.7,402240,1494900,30,570,600
2025-06-12 09:30:42.000000,477.7,402240,1494900,30,420,390
2025-06-12 09:30:43.000000,477.7,402240,1494900,30,330,420
2025-06-12 09:30:44.000000,476.7,402240,1494900,30,330,420
2025-06-12 09:30:44.000000,476.95,402300,1494900,30,330,630
2025-06-12 09:30:44.000000,476.95,402300,1494900,30,330,630
2025-06-12 09:30:46.000000,476.95,402300,1494900,30,510,630
2025-06-12 09:30:46.000000,476.7,402300,1494900,30,510,630
2025-06-12 09:30:46.000000,475.0,402300,1494900,30,510,630
2025-06-12 09:30:47.000000,475.25,402540,1494900,30,180,690
2025-06-12 09:30:47.000000,475.25,402540,1494900,30,180,690
2025-06-12 09:30:48.000000,475.25,402540,1494900,30,330,540
2025-06-12 09:30:48.000000,475.0,402540,1494900,90,330,540
2025-06-12 09:30:49.000000,475.0,403230,1494900,90,210,660
2025-06-12 09:30:50.000000,475.0,403230,1494900,30,210,660
2025-06-12 09:30:50.000000,475.4,403290,1494900,30,450,690
2025-06-12 09:30:50.000000,475.4,403290,1494900,30,450,690
2025-06-12 09:30:52.000000,475.4,403290,1494900,30,390,570
2025-06-12 09:30:52.000000,478.7,403290,1494900,30,390,570
2025-06-12 09:30:53.000000,479.2,403290,1494900,30,390,570
2025-06-12 09:30:53.000000,479.2,404190,1494900,30,390,210
2025-06-12 09:30:53.000000,478.2,404190,1494900,30,390,210
2025-06-12 09:30:54.000000,480.0,404340,1494900,60,480,480
2025-06-12 09:30:54.000000,481.35,404340,1494900,30,480,480
2025-06-12 09:30:55.000000,480.35,404490,1494900,30,660,420
2025-06-12 09:30:55.000000,480.35,404490,1494900,30,660,420
2025-06-12 09:30:56.000000,481.25,404490,1494900,30,660,420
2025-06-12 09:30:57.000000,481.6,405210,1494900,60,690,210
2025-06-12 09:30:57.000000,480.1,405210,1494900,30,690,210
2025-06-12 09:30:58.000000,479.85,405780,1494900,30,360,300
2025-06-12 09:30:58.000000,479.85,405780,1494900,30,360,300
2025-06-12 09:30:59.000000,479.95,405870,1494900,90,660,390
2025-06-12 09:30:59.000000,479.5,405870,1494900,60,660,390
2025-06-12 09:31:00.000000,479.5,405870,1494900,60,660,390
2025-06-12 09:31:00.000000,479.5,405930,1494900,60,240,510
2025-06-12 09:31:02.000000,478.6,405960,1494900,30,450,420
2025-06-12 09:31:02.000000,478.6,405960,1494900,30,450,420
2025-06-12 09:31:03.000000,478.8,405960,1494900,60,450,420
2025-06-12 09:31:03.000000,479.75,406200,1494900,30,660,390
2025-06-12 09:31:04.000000,479.75,406200,1494900,30,660,390
2025-06-12 09:31:04.000000,478.45,406290,1494900,30,270,660
2025-06-12 09:31:05.000000,478.45,406290,1494900,30,270,660
2025-06-12 09:31:05.000000,479.7,406320,1494900,30,480,570
2025-06-12 09:31:06.000000,479.7,406320,1494900,30,480,570
2025-06-12 09:31:07.000000,483.0,406320,1494900,30,480,570
2025-06-12 09:31:07.000000,483.0,407910,1494900,30,450,330
2025-06-12 09:31:08.000000,482.3,407910,1494900,30,450,330
2025-06-12 09:31:08.000000,482.4,408150,1494900,30,330,360
2025-06-12 09:31:09.000000,483.3,408150,1494900,30,330,360
2025-06-12 09:31:09.000000,482.3,408390,1494900,30,420,450
2025-06-12 09:31:10.000000,482.3,408390,1494900,30,420,450
2025-06-12 09:31:11.000000,481.65,408810,1494900,30,540,510
2025-06-12 09:31:11.000000,481.65,408810,1494900,30,540,510
2025-06-12 09:31:12.000000,481.8,408810,1494900,120,540,510
2025-06-12 09:31:12.000000,483.0,409710,1494900,90,300,480
2025-06-12 09:31:13.000000,481.65,409710,1494900,60,300,480
2025-06-12 09:31:13.000000,481.7,410040,1494900,30,360,420
2025-06-12 09:31:14.000000,482.0,410040,1494900,30,360,420
2025-06-12 09:31:14.000000,483.0,410100,1494900,30,630,390
2025-06-12 09:31:15.000000,482.0,410100,1494900,30,630,390
2025-06-12 09:31:16.000000,483.4,410100,1494900,30,630,390
2025-06-12 09:31:16.000000,483.4,410580,1494900,30,780,2940
2025-06-12 09:31:17.000000,485.0,410580,1494900,30,780,2940
2025-06-12 09:31:17.000000,484.7,413670,1494900,30,420,360
2025-06-12 09:31:18.000000,484.7,413670,1494900,30,420,360
2025-06-12 09:31:18.000000,483.95,413940,1494900,30,570,240
2025-06-12 09:31:19.000000,484.45,413940,1494900,30,570,240
2025-06-12 09:31:19.000000,483.3,414060,1494900,30,450,510
2025-06-12 09:31:20.000000,483.55,414060,1494900,30,450,510
2025-06-12 09:31:21.000000,483.7,414060,1494900,30,450,510
2025-06-12 09:31:21.000000,483.7,415110,1494900,30,600,360
2025-06-12 09:31:22.000000,482.8,415110,1494900,30,600,360
2025-06-12 09:31:22.000000,482.8,415230,1494900,30,360,510
2025-06-12 09:31:23.000000,484.0,415230,1494900,30,360,510
2025-06-12 09:31:23.000000,484.0,415350,1494900,30,930,390
2025-06-12 09:31:24.000000,484.7,415350,1494900,30,930,390
2025-06-12 09:31:24.000000,485.8,415500,1494900,30,330,360
2025-06-12 09:31:25.000000,486.0,415500,1494900,30,330,360
2025-06-12 09:31:26.000000,484.8,415500,1494900,30,330,360
2025-06-12 09:31:26.000000,484.8,415740,1494900,30,360,480
2025-06-12 09:31:27.000000,485.05,415740,1494900,30,360,480
2025-06-12 09:31:27.000000,486.2,416160,1494900,30,360,600
2025-06-12 09:31:28.000000,485.1,416160,1494900,30,360,600
2025-06-12 09:31:28.000000,485.5,416250,1494900,30,510,510
2025-06-12 09:31:29.000000,485.4,416250,1494900,30,510,510
2025-06-12 09:31:29.000000,485.4,416400,1494900,30,330,450
2025-06-12 09:31:30.000000,485.4,416400,1494900,30,330,450
2025-06-12 09:31:30.000000,485.05,416400,1494900,30,330,450
2025-06-12 09:31:31.000000,486.5,416400,1494900,60,330,450
2025-06-12 09:31:31.000000,486.5,416610,1494900,60,960,360
2025-06-12 09:31:32.000000,485.6,416610,1494900,30,960,360
2025-06-12 09:31:32.000000,485.6,416760,1494900,30,210,330
2025-06-12 09:31:33.000000,485.2,416760,1494900,30,210,330
2025-06-12 09:31:33.000000,485.2,417600,1494900,30,270,900
2025-06-12 09:31:34.000000,484.7,417600,1494900,30,270,900
2025-06-12 09:31:34.000000,484.5,417990,1494900,30,360,360
2025-06-12 09:31:35.000000,484.5,417990,1494900,30,360,360
2025-06-12 09:31:36.000000,483.4,417990,1494900,30,360,360
2025-06-12 09:31:36.000000,483.4,418050,1494900,30,300,480
2025-06-12 09:31:37.000000,484.35,418050,1494900,30,300,480
2025-06-12 09:31:37.000000,483.05,418140,1494900,30,540,390
2025-06-12 09:31:38.000000,483.05,418140,1494900,30,540,390
2025-06-12 09:31:38.000000,483.05,418170,1494900,30,420,420
2025-06-12 09:31:39.000000,484.4,418170,1494900,30,420,420
2025-06-12 09:31:39.000000,483.4,418260,1494900,30,450,360
2025-06-12 09:31:40.000000,483.65,418260,1494900,30,450,360
2025-06-12 09:31:41.000000,482.6,418260,1494900,60,450,360
2025-06-12 09:31:41.000000,482.6,418530,1494900,60,270,450
2025-06-12 09:31:42.000000,483.05,418530,1494900,30,270,450
2025-06-12 09:31:42.000000,483.05,418560,1494900,30,360,300
2025-06-12 09:31:43.000000,481.75,418560,1494900,30,360,300
2025-06-12 09:31:43.000000,482.8,419070,1494900,30,420,360
2025-06-12 09:31:44.000000,483.35,419070,1494900,30,420,360
2025-06-12 09:31:44.000000,482.45,419160,1494900,30,270,390
2025-06-12 09:31:45.000000,482.45,419160,1494900,30,270,390
2025-06-12 09:31:46.000000,482.45,419160,1494900,30,300,600
2025-06-12 09:31:47.000000,482.45,419160,1494900,30,270,630
2025-06-12 09:31:47.000000,483.4,419160,1494900,30,270,630
2025-06-12 09:31:48.000000,484.15,419160,1494900,30,270,630
2025-06-12 09:31:48.000000,484.15,419580,1494900,30,360,330
2025-06-12 09:31:49.000000,483.55,419580,1494900,30,360,330
2025-06-12 09:31:49.000000,484.6,420600,1494900,30,630,330
2025-06-12 09:31:50.000000,484.6,420600,1494900,30,630,330
2025-06-12 09:31:50.000000,484.6,420600,1494900,30,450,360
2025-06-12 09:31:52.000000,484.95,420600,1494900,60,450,360
2025-06-12 09:31:52.000000,484.95,420720,1494900,60,330,1350
2025-06-12 09:31:53.000000,484.6,420720,1494900,30,330,1350
2025-06-12 09:31:53.000000,484.6,420750,1494900,30,450,1770
2025-06-12 09:31:54.000000,485.2,420750,1494900,30,450,1770
2025-06-12 09:31:54.000000,487.3,423150,1494900,30,600,1350
2025-06-12 09:31:55.000000,487.8,423150,1494900,30,600,1350
2025-06-12 09:31:55.000000,488.1,424860,1494900,30,330,1050
2025-06-12 09:31:56.000000,488.1,424860,1494900,30,330,1050
2025-06-12 09:31:57.000000,492.25,424860,1494900,30,330,1050
2025-06-12 09:31:57.000000,490.3,431040,1494900,30,420,450
2025-06-12 09:31:58.000000,488.85,431040,1494900,30,420,450
2025-06-12 09:31:58.000000,489.8,431910,1494900,30,600,330
2025-06-12 09:31:59.000000,490.2,431910,1494900,30,600,330
2025-06-12 09:31:59.000000,491.15,432930,1494900,30,480,330
2025-06-12 09:32:00.000000,490.85,432930,1494900,30,480,330
2025-06-12 09:32:00.000000,490.85,432930,1494900,30,480,330
2025-06-12 09:32:00.000000,490.0,433170,1494900,30,600,210
2025-06-12 09:32:01.000000,490.0,433170,1494900,30,600,210
2025-06-12 09:32:02.000000,490.95,433170,1494900,30,600,210
2025-06-12 09:32:02.000000,491.35,433620,1494900,30,180,420
2025-06-12 09:32:03.000000,490.55,433620,1494900,30,180,420
2025-06-12 09:32:03.000000,490.55,434100,1494900,30,600,240
2025-06-12 09:32:04.000000,490.15,434100,1494900,30,600,240
2025-06-12 09:32:04.000000,491.45,434580,1494900,30,180,420
2025-06-12 09:32:05.000000,491.45,434580,1494900,30,180,420
2025-06-12 09:32:05.000000,497.75,444210,1494900,30,210,390
2025-06-12 09:32:06.000000,495.2,444210,1494900,30,210,390
2025-06-12 09:32:07.000000,495.25,445170,1494900,30,720,1020
2025-06-12 09:32:08.000000,496.05,445170,1494900,30,720,1020
2025-06-12 09:32:08.000000,495.6,446460,1494900,30,600,540
2025-06-12 09:32:09.000000,495.6,446460,1494900,60,600,540
2025-06-12 09:32:09.000000,495.8,447150,1494900,30,300,570
2025-06-12 09:32:10.000000,496.75,447150,1494900,30,300,570
2025-06-12 09:32:10.000000,497.0,447600,1494900,30,570,720
2025-06-12 09:32:11.000000,497.75,447600,1494900,30,570,720
2025-06-12 09:32:12.000000,497.75,447600,1494900,90,570,720
2025-06-12 09:32:12.000000,497.75,448050,1494900,90,360,300
2025-06-12 09:32:13.000000,498.8,448050,1494900,30,360,300
2025-06-12 09:32:13.000000,499.55,448620,1494900,30,270,1170
2025-06-12 09:32:14.000000,497.2,448620,1494900,30,270,1170
2025-06-12 09:32:14.000000,497.25,449490,1494900,60,630,420
2025-06-12 09:32:15.000000,498.8,449490,1494900,30,630,420
2025-06-12 09:32:15.000000,498.5,450330,1494900,30,360,330
2025-06-12 09:32:16.000000,497.45,450330,1494900,30,360,330
2025-06-12 09:32:17.000000,496.0,450330,1494900,30,360,330
2025-06-12 09:32:17.000000,496.0,451020,1494900,30,570,780
2025-06-12 09:32:18.000000,497.65,451020,1494900,30,570,780
2025-06-12 09:32:18.000000,497.65,451710,1494900,30,570,660
2025-06-12 09:32:19.000000,496.05,451710,1494900,90,570,660
2025-06-12 09:32:19.000000,495.95,453810,1494900,60,420,690
2025-06-12 09:32:20.000000,497.15,453810,1494900,30,420,690
2025-06-12 09:32:20.000000,496.0,454170,1494900,60,630,960
2025-06-12 09:32:21.000000,497.45,454170,1494900,30,630,960
2025-06-12 09:32:21.000000,499.65,456300,1494900,30,510,240
2025-06-12 09:32:22.000000,500.0,456300,1494900,30,510,240
2025-06-12 09:32:23.000000,498.1,457020,1494900,30,660,1020
2025-06-12 09:32:24.000000,498.85,457020,1494900,60,660,1020
2025-06-12 09:32:24.000000,500.0,457740,1494900,30,360,2010
2025-06-12 09:32:25.000000,498.8,457740,1494900,30,360,2010
2025-06-12 09:32:25.000000,499.7,459180,1494900,30,570,480
2025-06-12 09:32:26.000000,499.1,459180,1494900,30,570,480
2025-06-12 09:32:26.000000,499.0,459750,1494900,30,510,930
2025-06-12 09:32:27.000000,500.0,459750,1494900,30,510,930
2025-06-12 09:32:27.000000,498.85,460380,1494900,30,360,420
2025-06-12 09:32:28.000000,498.85,460380,1494900,30,360,420
2025-06-12 09:32:29.000000,497.15,460380,1494900,30,360,420
2025-06-12 09:32:29.000000,497.15,461220,1494900,30,300,600
2025-06-12 09:32:30.000000,495.0,461220,1494900,30,300,600
2025-06-12 09:32:30.000000,495.0,461220,1494900,30,300,600
2025-06-12 09:32:30.000000,494.0,461670,1494900,30,300,510
2025-06-12 09:32:31.000000,494.0,461670,1494900,30,300,510
2025-06-12 09:32:31.000000,494.95,461880,1494900,30,360,720
2025-06-12 09:32:32.000000,496.4,461880,1494900,90,360,720
2025-06-12 09:32:32.000000,495.25,462420,1494900,30,480,450
2025-06-12 09:32:33.000000,496.0,462420,1494900,30,480,450
2025-06-12 09:32:33.000000,495.25,462720,1494900,60,270,450
2025-06-12 09:32:34.000000,495.25,462720,1494900,60,270,450
2025-06-12 09:32:35.000000,495.95,462720,1494900,30,270,450
2025-06-12 09:32:35.000000,495.95,463050,1494900,30,450,630
2025-06-12 09:32:36.000000,496.2,463050,1494900,30,450,630
2025-06-12 09:32:36.000000,495.0,464040,1494900,30,240,900
2025-06-12 09:32:37.000000,494.8,464040,1494900,30,240,900
2025-06-12 09:32:37.000000,494.6,464190,1494900,30,810,840
2025-06-12 09:32:38.000000,495.6,464190,1494900,30,810,840
2025-06-12 09:32:38.000000,494.0,464760,1494900,30,510,780
2025-06-12 09:32:39.000000,494.0,464760,1494900,30,510,780
2025-06-12 09:32:40.000000,494.85,464760,1494900,30,510,780
2025-06-12 09:32:40.000000,494.85,464880,1494900,30,300,450
2025-06-12 09:32:41.000000,496.15,464880,1494900,30,300,450
2025-06-12 09:32:41.000000,496.65,465510,1494900,30,390,390
2025-06-12 09:32:42.000000,497.05,465510,1494900,60,390,390
2025-06-12 09:32:42.000000,497.45,466620,1494900,30,450,1290
2025-06-12 09:32:43.000000,497.35,466620,1494900,30,450,1290
2025-06-12 09:32:43.000000,497.4,466800,1494900,30,420,810
2025-06-12 09:32:44.000000,497.4,466800,1494900,30,420,810
2025-06-12 09:32:44.000000,497.65,467760,1494900,120,390,270
2025-06-12 09:32:45.000000,497.65,467760,1494900,120,390,270
2025-06-12 09:32:46.000000,499.4,467760,1494900,30,390,270
2025-06-12 09:32:46.000000,498.25,468030,1494900,30,390,1050
2025-06-12 09:32:47.000000,499.1,468030,1494900,90,390,1050
2025-06-12 09:32:47.000000,498.15,468300,1494900,30,390,600
2025-06-12 09:32:48.000000,497.3,468300,1494900,30,390,600
2025-06-12 09:32:48.000000,498.75,468780,1494900,30,720,390
2025-06-12 09:32:49.000000,498.15,468780,1494900,60,720,390
2025-06-12 09:32:49.000000,497.35,469650,1494900,30,300,270
2025-06-12 09:32:50.000000,499.3,469650,1494900,90,300,270
2025-06-12 09:32:51.000000,501.95,469650,1494900,30,300,270
2025-06-12 09:32:51.000000,502.0,474240,1494900,90,300,930
2025-06-12 09:32:52.000000,500.85,474240,1494900,30,300,930
2025-06-12 09:32:52.000000,500.55,474780,1494900,30,600,390
2025-06-12 09:32:53.000000,499.9,474780,1494900,30,600,390
2025-06-12 09:32:53.000000,497.35,475260,1494900,30,510,720
2025-06-12 09:32:54.000000,498.05,475260,1494900,30,510,720
2025-06-12 09:32:54.000000,497.0,475620,1494900,120,360,420
2025-06-12 09:32:55.000000,498.65,475620,1494900,30,360,420
2025-06-12 09:32:55.000000,497.1,476250,1494900,30,420,1200
2025-06-12 09:32:56.000000,497.1,476250,1494900,30,420,1200
2025-06-12 09:32:57.000000,499.0,476250,1494900,30,420,1200
2025-06-12 09:32:57.000000,499.55,476400,1494900,30,420,480
2025-06-12 09:32:58.000000,499.25,476400,1494900,30,420,480
2025-06-12 09:32:58.000000,499.5,476580,1494900,30,810,390
2025-06-12 09:32:59.000000,498.0,476580,1494900,30,810,390
2025-06-12 09:32:59.000000,497.85,476730,1494900,30,570,300
2025-06-12 09:33:00.000000,497.9,476730,1494900,30,570,300
2025-06-12 09:33:00.000000,497.9,476730,1494900,30,570,300
2025-06-12 09:33:00.000000,498.6,477330,1494900,30,450,300
2025-06-12 09:33:01.000000,498.6,477330,1494900,30,450,300
2025-06-12 09:33:02.000000,499.7,477330,1494900,30,450,300
2025-06-12 09:33:02.000000,499.55,477480,1494900,60,600,570
2025-06-12 09:33:03.000000,499.65,477480,1494900,30,600,570
2025-06-12 09:33:03.000000,498.25,478410,1494900,30,1020,360
2025-06-12 09:33:04.000000,499.6,478410,1494900,30,1020,360
2025-06-12 09:33:04.000000,498.3,478680,1494900,30,540,630
2025-06-12 09:33:05.000000,500.85,478680,1494900,30,540,630
2025-06-12 09:33:05.000000,500.8,479910,1494900,30,630,360
2025-06-12 09:33:06.000000,503.2,479910,1494900,60,630,360
2025-06-12 09:33:06.000000,501.85,481080,1494900,30,690,240
2025-06-12 09:33:07.000000,501.85,481080,1494900,30,690,240
2025-06-12 09:33:08.000000,501.2,481080,1494900,30,690,240
2025-06-12 09:33:08.000000,501.3,481470,1494900,60,330,570
2025-06-12 09:33:09.000000,500.55,481470,1494900,30,330,570
2025-06-12 09:33:09.000000,499.2,481650,1494900,30,420,330
2025-06-12 09:33:10.000000,499.2,481650,1494900,30,420,330
2025-06-12 09:33:10.000000,503.0,483600,1494900,30,450,300
2025-06-12 09:33:11.000000,503.4,483600,1494900,90,450,300
2025-06-12 09:33:11.000000,501.95,484110,1494900,30,900,750
2025-06-12 09:33:12.000000,501.95,484110,1494900,30,900,750
2025-06-12 09:33:13.000000,503.0,484110,1494900,60,900,750
2025-06-12 09:33:13.000000,503.0,485400,1494900,60,750,210
2025-06-12 09:33:14.000000,504.4,485400,1494900,90,750,210
2025-06-12 09:33:14.000000,503.0,486060,1494900,30,630,270
2025-06-12 09:33:15.000000,503.45,486060,1494900,30,630,270
2025-06-12 09:33:15.000000,502.55,486840,1494900,60,480,270
2025-06-12 09:33:16.000000,503.2,486840,1494900,30,480,270
2025-06-12 09:33:16.000000,503.75,487050,1494900,30,660,690
2025-06-12 09:33:17.000000,502.45,487050,1494900,30,660,690
2025-06-12 09:33:17.000000,503.7,488040,1494900,30,900,540
2025-06-12 09:33:18.000000,503.7,488040,1494900,60,900,540
2025-06-12 09:33:19.000000,503.1,488040,1494900,30,900,540
2025-06-12 09:33:19.000000,504.4,488490,1494900,60,780,1680
2025-06-12 09:33:20.000000,504.85,488490,1494900,30,780,1680
2025-06-12 09:33:20.000000,503.6,488760,1494900,120,390,360
2025-06-12 09:33:21.000000,503.0,488760,1494900,60,390,360
2025-06-12 09:33:21.000000,503.25,489120,1494900,30,390,360
2025-06-12 09:33:22.000000,503.1,489120,1494900,30,390,360
2025-06-12 09:33:22.000000,503.7,489840,1494900,30,210,480
2025-06-12 09:33:23.000000,502.75,489840,1494900,30,210,480
2025-06-12 09:33:24.000000,504.05,489840,1494900,30,210,480
2025-06-12 09:33:24.000000,501.95,490350,1494900,30,480,360
2025-06-12 09:33:25.000000,503.65,490350,1494900,30,480,360
2025-06-12 09:33:25.000000,503.2,491460,1494900,30,270,660
2025-06-12 09:33:26.000000,503.5,491460,1494900,30,270,660
2025-06-12 09:33:26.000000,502.95,491820,1494900,30,510,960
2025-06-12 09:33:27.000000,502.95,491820,1494900,30,510,960
2025-06-12 09:33:28.000000,502.9,492180,1494900,30,480,1170
2025-06-12 09:33:28.000000,502.9,492180,1494900,30,480,1170
2025-06-12 09:33:29.000000,502.55,492180,1494900,30,480,1170
2025-06-12 09:33:29.000000,501.7,492390,1494900,30,720,1020
2025-06-12 09:33:30.000000,502.6,492390,1494900,30,720,1020
2025-06-12 09:33:30.000000,502.6,492390,1494900,30,720,1020
2025-06-12 09:33:30.000000,502.7,492540,1494900,30,240,450
2025-06-12 09:33:31.000000,501.85,492540,1494900,30,240,450
2025-06-12 09:33:31.000000,501.8,493230,1494900,90,480,1140
2025-06-12 09:33:32.000000,502.55,493230,1482570,30,480,1140
2025-06-12 09:33:33.000000,502.0,493950,1482570,30,270,990
2025-06-12 09:33:33.000000,502.0,493950,1482570,30,270,990
2025-06-12 09:33:34.000000,501.05,493950,1482570,30,270,990
2025-06-12 09:33:34.000000,502.1,494370,1482570,60,510,750
2025-06-12 09:33:35.000000,502.1,494370,1482570,60,510,750
2025-06-12 09:33:35.000000,502.55,494400,1482570,30,420,660
2025-06-12 09:33:36.000000,503.0,494400,1482570,30,420,660
2025-06-12 09:33:36.000000,501.65,494700,1482570,30,390,270
2025-06-12 09:33:37.000000,501.45,494700,1482570,30,390,270
2025-06-12 09:33:38.000000,501.2,495390,1482570,30,660,420
2025-06-12 09:33:38.000000,501.2,495390,1482570,30,660,420
2025-06-12 09:33:39.000000,501.6,495390,1482570,30,660,420
2025-06-12 09:33:39.000000,501.6,495840,1482570,30,450,840
2025-06-12 09:33:40.000000,502.1,495840,1482570,30,450,840
2025-06-12 09:33:40.000000,504.0,496860,1482570,60,510,2070
2025-06-12 09:33:41.000000,505.4,496860,1482570,90,510,2070
2025-06-12 09:33:41.000000,503.8,498960,1482570,30,480,480
2025-06-12 09:33:42.000000,503.6,498960,1482570,30,480,480
2025-06-12 09:33:42.000000,503.85,499050,1482570,30,600,510
2025-06-12 09:33:43.000000,503.85,499050,1482570,30,600,510
2025-06-12 09:33:44.000000,503.75,499050,1482570,30,600,510
2025-06-12 09:33:44.000000,502.95,499800,1482570,30,300,300
2025-06-12 09:33:45.000000,501.25,499800,1482570,30,300,300
2025-06-12 09:33:45.000000,502.8,500070,1482570,30,570,600
2025-06-12 09:33:46.000000,501.85,500070,1482570,30,570,600
2025-06-12 09:33:46.000000,503.5,500490,1482570,30,510,390
2025-06-12 09:33:47.000000,502.4,500490,1482570,30,510,390
2025-06-12 09:33:47.000000,502.7,500670,1482570,30,690,480
2025-06-12 09:33:48.000000,502.7,500670,1482570,30,690,480
2025-06-12 09:33:49.000000,501.4,501060,1482570,60,660,450
2025-06-12 09:33:49.000000,501.4,501060,1482570,60,660,450
2025-06-12 09:33:50.000000,501.05,501060,1482570,30,660,450
2025-06-12 09:33:50.000000,501.05,501510,1482570,30,690,840
2025-06-12 09:33:51.000000,502.85,501510,1482570,60,690,840
2025-06-12 09:33:51.000000,501.4,501750,1482570,30,660,690
2025-06-12 09:33:52.000000,501.55,501750,1482570,90,660,690
2025-06-12 09:33:52.000000,502.45,501990,1482570,30,690,630
2025-06-12 09:33:53.000000,501.6,501990,1482570,30,690,630
2025-06-12 09:33:54.000000,497.85,504300,1482570,30,420,420
2025-06-12 09:33:54.000000,497.85,504300,1482570,30,420,420
2025-06-12 09:33:55.000000,497.7,504300,1482570,30,420,420
2025-06-12 09:33:55.000000,497.7,505980,1482570,30,450,390
2025-06-12 09:33:56.000000,496.4,505980,1482570,30,450,390
2025-06-12 09:33:56.000000,497.4,506310,1482570,60,510,360
2025-06-12 09:33:57.000000,497.4,506310,1482570,60,510,360
2025-06-12 09:33:57.000000,499.0,506370,1482570,30,1980,330
2025-06-12 09:33:58.000000,499.45,506370,1482570,30,1980,330
2025-06-12 09:33:59.000000,499.95,507270,1482570,30,360,450
2025-06-12 09:33:59.000000,499.05,507270,1482570,30,360,450
2025-06-12 09:34:00.000000,499.4,507270,1482570,30,360,450
2025-06-12 09:34:00.000000,499.4,507270,1482570,30,360,450
2025-06-12 09:34:00.000000,500.05,507750,1482570,30,450,540
2025-06-12 09:34:01.000000,500.7,507750,1482570,30,450,540
2025-06-12 09:34:01.000000,500.7,507870,1482570,30,510,330
2025-06-12 09:34:02.000000,500.3,507870,1482570,30,510,330
2025-06-12 09:34:02.000000,501.45,507990,1482570,30,450,780
2025-06-12 09:34:03.000000,501.0,507990,1482570,30,450,780
2025-06-12 09:34:04.000000,501.0,508200,1482570,60,2250,870
2025-06-12 09:34:04.000000,501.0,508200,1482570,60,2250,870
2025-06-12 09:34:05.000000,501.45,508200,1482570,270,2250,870
2025-06-12 09:34:05.000000,501.6,508710,1482570,30,420,540
2025-06-12 09:34:06.000000,502.2,508710,1482570,30,420,540
2025-06-12 09:34:06.000000,502.55,508890,1482570,30,1110,720
2025-06-12 09:34:07.000000,502.4,508890,1482570,30,1110,720
2025-06-12 09:34:07.000000,501.0,509280,1482570,120,450,900
2025-06-12 09:34:08.000000,502.5,509280,1482570,30,450,900
2025-06-12 09:34:09.000000,502.9,509850,1482570,30,510,360
2025-06-12 09:34:09.000000,502.9,509850,1482570,30,510,360
2025-06-12 09:34:10.000000,502.0,509850,1482570,60,510,360
2025-06-12 09:34:10.000000,502.0,509910,1482570,60,360,600
2025-06-12 09:34:11.000000,503.45,509910,1482570,30,360,600
2025-06-12 09:34:11.000000,504.0,510840,1482570,30,570,600
2025-06-12 09:34:12.000000,503.05,510840,1482570,60,570,600
2025-06-12 09:34:12.000000,502.0,511170,1482570,30,360,810
2025-06-12 09:34:13.000000,503.1,511170,1482570,30,360,810
2025-06-12 09:34:14.000000,501.0,511410,1482570,30,330,480
2025-06-12 09:34:14.000000,501.7,511410,1482570,30,330,480
2025-06-12 09:34:15.000000,500.0,511410,1482570,30,330,480
2025-06-12 09:34:15.000000,499.9,513300,1482570,30,510,300
2025-06-12 09:34:16.000000,499.8,513300,1482570,30,510,300
2025-06-12 09:34:16.000000,499.8,513510,1482570,30,540,660
2025-06-12 09:34:17.000000,499.75,513510,1482570,30,540,660
2025-06-12 09:34:17.000000,500.6,513570,1482570,30,480,420
2025-06-12 09:34:18.000000,500.3,513570,1482570,30,480,420
2025-06-12 09:34:19.000000,500.6,514260,1482570,60,450,480
2025-06-12 09:34:19.000000,500.6,514260,1482570,60,450,480
2025-06-12 09:34:20.000000,500.05,514260,1482570,30,450,480
2025-06-12 09:34:20.000000,500.95,514770,1482570,150,300,300
2025-06-12 09:34:21.000000,501.0,514770,1482570,360,300,300
2025-06-12 09:34:21.000000,501.25,515880,1482570,30,510,360
2025-06-12 09:34:22.000000,502.35,515880,1482570,30,510,360
2025-06-12 09:34:22.000000,502.75,516210,1482570,30,450,450
2025-06-12 09:34:23.000000,501.45,516210,1482570,30,450,450
2025-06-12 09:34:24.000000,501.55,516900,1482570,30,330,480
2025-06-12 09:34:24.000000,501.55,516900,1482570,30,330,480
2025-06-12 09:34:25.000000,501.75,516900,1482570,30,330,480
2025-06-12 09:34:25.000000,501.75,516930,1482570,30,420,810
2025-06-12 09:34:26.000000,501.3,516930,1482570,30,420,810
2025-06-12 09:34:26.000000,502.35,517200,1482570,30,360,540
2025-06-12 09:34:27.000000,503.95,517200,1482570,30,360,540
2025-06-12 09:34:27.000000,504.45,518100,1482570,30,690,480
2025-06-12 09:34:28.000000,504.35,518100,1482570,30,690,480
2025-06-12 09:34:29.000000,504.5,518730,1482570,30,660,300
2025-06-12 09:34:29.000000,504.5,518730,1482570,30,660,300
2025-06-12 09:34:30.000000,504.5,518730,1482570,30,660,300
2025-06-12 09:34:30.000000,504.5,518730,1482570,30,660,300
2025-06-12 09:34:30.000000,504.05,519090,1482570,30,540,600
2025-06-12 09:34:31.000000,503.7,519090,1482570,30,540,600
2025-06-12 09:34:31.000000,503.7,519630,1482570,30,570,510
2025-06-12 09:34:32.000000,502.2,519630,1482570,60,570,510
2025-06-12 09:34:32.000000,501.75,519750,1482570,30,270,360
2025-06-12 09:34:33.000000,501.75,519750,1482570,30,270,360
2025-06-12 09:34:33.000000,501.25,519930,1482570,30,540,450
2025-06-12 09:34:34.000000,501.25,519930,1482570,30,540,450
2025-06-12 09:34:35.000000,501.65,520200,1482570,30,450,450
2025-06-12 09:34:35.000000,501.65,520200,1482570,30,450,450
2025-06-12 09:34:36.000000,501.85,520200,1482570,30,450,450
2025-06-12 09:34:36.000000,502.85,520680,1482570,30,570,210
2025-06-12 09:34:37.000000,501.55,520680,1482570,30,570,210
2025-06-12 09:34:37.000000,502.0,520800,1482570,30,480,330
2025-06-12 09:34:38.000000,502.0,520800,1482570,30,480,330
2025-06-12 09:34:38.000000,500.65,520920,1482570,30,540,300
2025-06-12 09:34:39.000000,501.95,520920,1482570,30,540,300
2025-06-12 09:34:40.000000,500.75,521100,1482570,30,570,420
2025-06-12 09:34:40.000000,500.75,521100,1482570,30,570,420
2025-06-12 09:34:41.000000,501.65,521100,1482570,30,570,420
2025-06-12 09:34:41.000000,501.6,521190,1482570,30,420,270
2025-06-12 09:34:42.000000,499.15,521190,1482570,30,420,270
2025-06-12 09:34:42.000000,501.6,522510,1482570,30,480,390
2025-06-12 09:34:43.000000,501.6,522510,1482570,30,480,390
2025-06-12 09:34:43.000000,501.2,522570,1482570,30,1410,300
2025-06-12 09:34:44.000000,501.15,522570,1482570,30,1410,300
2025-06-12 09:34:45.000000,500.8,522630,1482570,30,600,390
2025-06-12 09:34:45.000000,500.8,522630,1482570,30,600,390
2025-06-12 09:34:46.000000,501.2,522630,1482570,30,600,390
2025-06-12 09:34:46.000000,501.2,522810,1482570,30,630,660
2025-06-12 09:34:47.000000,501.3,522810,1482570,60,630,660
2025-06-12 09:34:47.000000,500.45,523110,1482570,30,660,1080
2025-06-12 09:34:48.000000,500.2,523110,1482570,30,660,1080
2025-06-12 09:34:48.000000,499.75,523230,1482570,30,630,510
2025-06-12 09:34:49.000000,499.2,523230,1482570,60,630,510
2025-06-12 09:34:49.000000,499.65,523560,1482570,30,510,630
2025-06-12 09:34:50.000000,499.65,523560,1482570,30,510,630
2025-06-12 09:34:51.000000,499.0,523560,1482570,30,510,630
2025-06-12 09:34:51.000000,499.0,523860,1482570,30,720,360
2025-06-12 09:34:52.000000,499.85,523860,1482570,120,720,360
2025-06-12 09:34:52.000000,499.85,524070,1482570,120,780,330
2025-06-12 09:34:53.000000,500.95,524070,1482570,30,780,330
2025-06-12 09:34:53.000000,501.2,524400,1482570,60,270,840
2025-06-12 09:34:54.000000,499.8,524400,1482570,60,270,840
2025-06-12 09:34:54.000000,500.5,525090,1482570,30,840,780
2025-06-12 09:34:55.000000,500.25,525090,1482570,30,840,780
2025-06-12 09:34:56.000000,501.6,525090,1482570,30,840,780
2025-06-12 09:34:56.000000,501.6,525750,1482570,30,840,330
2025-06-12 09:34:57.000000,502.35,525750,1482570,30,840,330
2025-06-12 09:34:57.000000,502.4,526170,1482570,30,630,570
2025-06-12 09:34:58.000000,503.6,526170,1482570,30,630,570
2025-06-12 09:34:58.000000,502.4,526440,1482570,30,1290,210
2025-06-12 09:34:59.000000,502.4,526440,1482570,30,1290,210
2025-06-12 09:34:59.000000,504.0,526650,1482570,30,660,450
2025-06-12 09:35:00.000000,504.0,526650,1482570,30,660,450
2025-06-12 09:35:00.000000,504.0,526650,1482570,30,660,450
2025-06-12 09:35:01.000000,501.85,526650,1482570,60,660,450
2025-06-12 09:35:01.000000,501.85,527760,1482570,60,1440,810
2025-06-12 09:35:02.000000,500.65,527760,1482570,30,1440,810
2025-06-12 09:35:02.000000,500.65,528240,1482570,30,630,300
2025-06-12 09:35:03.000000,498.95,528240,1482570,30,630,300
2025-06-12 09:35:03.000000,498.95,528690,1482570,30,480,450
2025-06-12 09:35:04.000000,498.0,528690,1482570,30,480,450
2025-06-12 09:35:04.000000,498.65,529020,1482570,30,480,450
2025-06-12 09:35:05.000000,498.65,529020,1482570,30,480,450
2025-06-12 09:35:06.000000,498.4,529020,1482570,90,480,450
2025-06-12 09:35:06.000000,498.4,529260,1482570,90,630,420
2025-06-12 09:35:07.000000,500.2,529260,1482570,60,630,420
2025-06-12 09:35:07.000000,500.2,529320,1482570,60,570,630
2025-06-12 09:35:08.000000,499.15,529320,1482570,30,570,630
2025-06-12 09:35:08.000000,498.65,529440,1482570,30,900,510
2025-06-12 09:35:09.000000,499.4,529440,1482570,30,900,510
2025-06-12 09:35:09.000000,500.1,529980,1482570,30,420,360
2025-06-12 09:35:10.000000,500.1,529980,1482570,30,420,360
2025-06-12 09:35:10.000000,500.2,530010,1482570,30,210,600
2025-06-12 09:35:11.000000,500.2,530010,1482570,30,210,600
2025-06-12 09:35:12.000000,500.7,530010,1482570,30,210,600
2025-06-12 09:35:12.000000,500.7,530400,1482570,30,510,540
2025-06-12 09:35:13.000000,500.15,530400,1482570,30,510,540
2025-06-12 09:35:13.000000,500.15,530460,1482570,30,390,450
2025-06-12 09:35:14.000000,500.1,530460,1482570,30,390,450
2025-06-12 09:35:14.000000,500.05,530550,1482570,30,900,510
2025-06-12 09:35:15.000000,499.0,530550,1482570,30,900,510
2025-06-12 09:35:15.000000,500.4,531510,1482570,30,480,390
2025-06-12 09:35:16.000000,500.4,531510,1482570,30,480,390
2025-06-12 09:35:17.000000,499.0,531510,1482570,30,480,390
2025-06-12 09:35:17.000000,498.85,531690,1482570,60,930,450
2025-06-12 09:35:18.000000,498.4,531690,1482570,30,930,450
2025-06-12 09:35:18.000000,499.85,531960,1482570,30,480,480
2025-06-12 09:35:19.000000,498.45,531960,1482570,30,480,480
2025-06-12 09:35:19.000000,499.65,532200,1482570,30,570,450
2025-06-12 09:35:20.000000,499.85,532200,1482570,30,570,450
2025-06-12 09:35:20.000000,499.0,532530,1482570,30,780,300
2025-06-12 09:35:21.000000,499.0,532530,1482570,30,780,300
2025-06-12 09:35:22.000000,498.5,532530,1482570,30,780,300
2025-06-12 09:35:22.000000,498.5,533550,1482570,30,510,750
2025-06-12 09:35:23.000000,498.15,533550,1482570,30,510,750
2025-06-12 09:35:23.000000,498.15,533790,1482570,30,510,390
2025-06-12 09:35:24.000000,497.0,533790,1482570,30,510,390
2025-06-12 09:35:24.000000,497.75,533940,1482570,30,240,480
2025-06-12 09:35:25.000000,497.75,533940,1482570,30,240,480
2025-06-12 09:35:25.000000,496.9,534000,1482570,30,240,210
2025-06-12 09:35:26.000000,495.45,534000,1482570,30,240,210
2025-06-12 09:35:27.000000,496.2,534000,1482570,30,240,210
2025-06-12 09:35:27.000000,496.2,534450,1482570,30,420,270
2025-06-12 09:35:28.000000,495.7,534450,1482570,30,420,270
2025-06-12 09:35:28.000000,495.8,536070,1482570,30,450,450
2025-06-12 09:35:29.000000,495.7,536070,1482570,30,450,450
2025-06-12 09:35:29.000000,499.2,536610,1482570,60,480,240
2025-06-12 09:35:30.000000,499.2,536610,1482570,60,480,240
2025-06-12 09:35:30.000000,497.7,536610,1482570,30,480,240
2025-06-12 09:35:30.000000,497.85,536820,1482570,30,420,270
2025-06-12 09:35:31.000000,497.85,536820,1482570,30,420,270
2025-06-12 09:35:32.000000,498.9,536820,1482570,30,420,270
2025-06-12 09:35:32.000000,498.9,537570,1482570,30,480,510
2025-06-12 09:35:33.000000,498.7,537570,1482570,30,480,510
2025-06-12 09:35:33.000000,498.35,537690,1482570,30,300,330
2025-06-12 09:35:34.000000,497.7,537690,1482570,30,300,330
2025-06-12 09:35:34.000000,497.7,537720,1482570,30,450,360
2025-06-12 09:35:35.000000,499.8,537720,1482570,30,450,360
2025-06-12 09:35:35.000000,499.5,538020,1482570,30,510,300
2025-06-12 09:35:36.000000,499.5,538020,1482570,30,510,300
2025-06-12 09:35:37.000000,499.6,538020,1482570,30,510,300
2025-06-12 09:35:37.000000,499.6,538380,1482570,30,390,360
2025-06-12 09:35:38.000000,498.9,538380,1482570,60,390,360
2025-06-12 09:35:38.000000,498.9,538500,1482570,60,780,900
2025-06-12 09:35:39.000000,499.9,538500,1482570,30,780,900
2025-06-12 09:35:39.000000,498.85,538770,1482570,30,270,900
2025-06-12 09:35:40.000000,501.0,538770,1482570,180,270,900
2025-06-12 09:35:41.000000,500.05,539820,1482570,30,450,510
2025-06-12 09:35:41.000000,501.0,539820,1482570,240,450,510
2025-06-12 09:35:42.000000,501.0,540120,1482570,240,420,480
2025-06-12 09:35:42.000000,498.9,540120,1482570,30,420,480
2025-06-12 09:35:43.000000,499.9,540120,1482570,30,420,480
2025-06-12 09:35:43.000000,499.9,540360,1482570,30,660,600
2025-06-12 09:35:44.000000,497.5,540360,1482570,30,660,600
2025-06-12 09:35:44.000000,497.45,540540,1482570,30,420,480
2025-06-12 09:35:45.000000,497.45,540540,1482570,30,420,480
2025-06-12 09:35:46.000000,496.2,540600,1482570,30,480,780
2025-06-12 09:35:46.000000,496.2,540600,1482570,30,480,780
2025-06-12 09:35:47.000000,497.05,540600,1482570,60,480,780
2025-06-12 09:35:47.000000,497.05,540690,1482570,60,180,510
2025-06-12 09:35:48.000000,496.4,540690,1482570,30,180,510
2025-06-12 09:35:48.000000,497.75,540960,1482570,30,870,420
2025-06-12 09:35:49.000000,496.4,540960,1482570,30,870,420
2025-06-12 09:35:49.000000,497.05,541380,1482570,30,540,360
2025-06-12 09:35:50.000000,497.35,541380,1482570,60,540,360
2025-06-12 09:35:51.000000,495.0,542250,1482570,30,900,330
2025-06-12 09:35:51.000000,494.85,542250,1482570,30,900,330
2025-06-12 09:35:52.000000,492.0,542250,1482570,30,900,330
2025-06-12 09:35:52.000000,492.0,543180,1482570,30,390,420
2025-06-12 09:35:53.000000,492.0,543180,1482570,30,390,420
2025-06-12 09:35:53.000000,493.4,543330,1482570,30,390,480
2025-06-12 09:35:54.000000,493.05,543330,1482570,60,390,480
2025-06-12 09:35:54.000000,495.4,543990,1482570,30,390,420
2025-06-12 09:35:55.000000,495.4,543990,1482570,30,390,420
2025-06-12 09:35:56.000000,494.2,544680,1482570,30,450,480
2025-06-12 09:35:56.000000,494.2,544680,1482570,30,450,480
2025-06-12 09:35:57.000000,493.95,544680,1482570,30,450,480
2025-06-12 09:35:57.000000,493.95,544710,1482570,30,540,270
2025-06-12 09:35:58.000000,497.0,544710,1482570,30,540,270
2025-06-12 09:35:58.000000,496.45,544770,1482570,30,420,780
2025-06-12 09:35:59.000000,496.5,544770,1482570,30,420,780
2025-06-12 09:35:59.000000,496.5,544800,1482570,30,300,510
2025-06-12 09:36:00.000000,496.5,544800,1482570,30,300,510
2025-06-12 09:36:01.000000,496.5,544800,1482570,30,390,510
2025-06-12 09:36:01.000000,497.7,544800,1482570,30,390,510
2025-06-12 09:36:02.000000,498.8,545010,1482570,30,390,270
2025-06-12 09:36:03.000000,499.75,545010,1482570,30,390,270
2025-06-12 09:36:03.000000,499.0,545160,1482570,30,360,810
2025-06-12 09:36:04.000000,499.9,545160,1482570,30,360,810
2025-06-12 09:36:04.000000,499.25,546270,1482570,30,270,300
2025-06-12 09:36:05.000000,497.95,546270,1482570,30,270,300
2025-06-12 09:36:06.000000,499.2,546600,1482570,30,330,390
2025-06-12 09:36:06.000000,499.2,546600,1482570,30,330,390
2025-06-12 09:36:07.000000,498.85,546600,1482570,30,330,390
2025-06-12 09:36:07.000000,498.75,546690,1482570,30,630,300
2025-06-12 09:36:08.000000,498.75,546690,1482570,30,630,300
2025-06-12 09:36:08.000000,497.95,546720,1482570,30,1050,420
2025-06-12 09:36:09.000000,498.1,546720,1482570,30,1050,420
2025-06-12 09:36:09.000000,498.1,546810,1482570,30,390,180
2025-06-12 09:36:10.000000,499.1,546810,1482570,60,390,180
2025-06-12 09:36:11.000000,498.75,547080,1482570,90,240,450
2025-06-12 09:36:11.000000,498.75,547080,1482570,90,240,450
2025-06-12 09:36:12.000000,498.3,547080,1482570,30,240,450
2025-06-12 09:36:12.000000,498.3,547230,1482570,30,300,450
2025-06-12 09:36:13.000000,500.0,547230,1482570,30,300,450
2025-06-12 09:36:13.000000,500.0,547380,1482570,30,300,600
2025-06-12 09:36:14.000000,500.45,547380,1482570,30,300,600
2025-06-12 09:36:14.000000,501.0,547650,1482570,30,240,660
2025-06-12 09:36:15.000000,501.0,547650,1482570,30,240,660
2025-06-12 09:36:15.000000,502.0,548160,1482570,30,510,480
2025-06-12 09:36:16.000000,502.0,548160,1482570,30,510,480
2025-06-12 09:36:17.000000,500.0,548160,1482570,30,510,480
2025-06-12 09:36:17.000000,500.0,548190,1482570,30,750,330
2025-06-12 09:36:18.000000,498.4,548190,1482570,60,750,330
2025-06-12 09:36:18.000000,499.2,548580,1482570,30,600,690
2025-06-12 09:36:19.000000,499.5,548580,1482570,30,600,690
2025-06-12 09:36:19.000000,500.9,548670,1482570,30,540,240
2025-06-12 09:36:20.000000,500.9,548670,1482570,30,540,240
2025-06-12 09:36:20.000000,500.45,549600,1482570,30,750,510
2025-06-12 09:36:21.000000,500.7,549600,1482570,30,750,510
2025-06-12 09:36:22.000000,499.85,549690,1482570,30,510,450
2025-06-12 09:36:22.000000,499.85,549690,1482570,30,510,450
2025-06-12 09:36:23.000000,499.7,549840,1482570,30,1560,180
2025-06-12 09:36:24.000000,501.4,549840,1482570,30,1560,180
2025-06-12 09:36:24.000000,501.4,549930,1482570,30,300,360
2025-06-12 09:36:25.000000,500.45,549930,1482570,30,300,360
2025-06-12 09:36:25.000000,501.2,550290,1482570,30,750,720
2025-06-12 09:36:26.000000,500.1,550290,1482570,30,750,720
2025-06-12 09:36:27.000000,501.0,550380,1482570,30,570,810
2025-06-12 09:36:27.000000,501.0,550380,1482570,30,570,810
2025-06-12 09:36:28.000000,501.0,550500,1482570,30,780,540
2025-06-12 09:36:29.000000,500.45,550500,1482570,30,780,540
2025-06-12 09:36:29.000000,500.45,550680,1482570,30,900,780
2025-06-12 09:36:30.000000,500.45,550680,1482570,30,900,780
2025-06-12 09:36:30.000000,501.0,550680,1482570,30,900,780
2025-06-12 09:36:30.000000,501.0,551190,1482570,30,750,480
2025-06-12 09:36:31.000000,501.0,551190,1482570,30,750,480
2025-06-12 09:36:32.000000,501.0,551340,1482570,90,1020,540
2025-06-12 09:36:32.000000,499.6,551340,1482570,30,1020,540
2025-06-12 09:36:33.000000,500.4,551340,1477890,30,1020,540
2025-06-12 09:36:33.000000,500.4,551610,1477890,30,1050,210
2025-06-12 09:36:34.000000,500.1,551610,1477890,30,1050,210
2025-06-12 09:36:34.000000,500.1,552720,1477890,30,630,330
2025-06-12 09:36:35.000000,500.95,552720,1477890,30,630,330
2025-06-12 09:36:35.000000,499.8,552810,1477890,30,870,330
2025-06-12 09:36:36.000000,499.45,552810,1477890,30,870,330
2025-06-12 09:36:36.000000,499.45,552840,1477890,30,600,210
2025-06-12 09:36:37.000000,499.65,552840,1477890,30,600,210
2025-06-12 09:36:38.000000,499.65,552870,1477890,30,390,360
2025-06-12 09:36:39.000000,500.0,552870,1477890,30,390,360
2025-06-12 09:36:39.000000,500.0,552930,1477890,30,1110,330
2025-06-12 09:36:40.000000,500.4,552930,1477890,30,1110,330
2025-06-12 09:36:40.000000,500.4,552960,1477890,30,660,300
2025-06-12 09:36:41.000000,503.0,552960,1477890,60,660,300
2025-06-12 09:36:41.000000,503.0,553530,1477890,60,690,300
2025-06-12 09:36:42.000000,501.4,553530,1477890,30,690,300
2025-06-12 09:36:43.000000,501.5,553680,1477890,30,540,330
2025-06-12 09:36:43.000000,501.5,553680,1477890,30,540,330
2025-06-12 09:36:44.000000,501.9,553680,1477890,30,540,330
2025-06-12 09:36:44.000000,501.9,553740,1477890,30,960,330
2025-06-12 09:36:45.000000,499.65,553740,1477890,30,960,330
2025-06-12 09:36:45.000000,500.6,555060,1477890,60,1110,420
2025-06-12 09:36:46.000000,499.0,555060,1477890,300,1110,420
2025-06-12 09:36:46.000000,499.0,555540,1477890,300,630,240
2025-06-12 09:36:47.000000,499.65,555540,1477890,30,630,240
2025-06-12 09:36:47.000000,499.65,555570,1477890,30,600,420
2025-06-12 09:36:48.000000,500.1,555570,1477890,30,600,420
2025-06-12 09:36:49.000000,499.55,555570,1477890,30,600,420
2025-06-12 09:36:49.000000,499.55,555900,1477890,30,810,300
2025-06-12 09:36:50.000000,498.0,555900,1477890,30,810,300
2025-06-12 09:36:50.000000,498.6,556620,1477890,30,270,450
2025-06-12 09:36:51.000000,498.0,556620,1477890,30,270,450
2025-06-12 09:36:51.000000,498.0,556650,1477890,30,570,420
2025-06-12 09:36:52.000000,497.35,556650,1477890,30,570,420
2025-06-12 09:36:52.000000,497.35,556680,1477890,30,480,270
2025-06-12 09:36:53.000000,499.4,556680,1477890,30,480,270
2025-06-12 09:36:54.000000,500.0,556680,1477890,30,480,270
2025-06-12 09:36:54.000000,500.0,556770,1477890,30,480,420
2025-06-12 09:36:55.000000,498.0,556770,1477890,30,480,420
2025-06-12 09:36:55.000000,498.6,558210,1477890,30,270,330
2025-06-12 09:36:56.000000,498.6,558210,1477890,30,270,330
2025-06-12 09:36:56.000000,498.8,558240,1477890,30,630,420
2025-06-12 09:36:57.000000,499.4,558240,1477890,60,630,420
2025-06-12 09:36:57.000000,499.4,558360,1477890,60,210,810
2025-06-12 09:36:58.000000,499.9,558360,1477890,30,210,810
2025-06-12 09:36:59.000000,498.25,558420,1477890,30,360,420
2025-06-12 09:36:59.000000,498.25,558420,1477890,30,360,420
2025-06-12 09:37:00.000000,498.25,558420,1477890,30,360,420
2025-06-12 09:37:00.000000,500.3,558420,1477890,30,360,420
2025-06-12 09:37:00.000000,500.3,558630,1477890,30,750,390
2025-06-12 09:37:01.000000,499.25,558630,1477890,30,750,390
2025-06-12 09:37:01.000000,499.25,558660,1477890,30,270,240
2025-06-12 09:37:02.000000,499.25,558660,1477890,30,690,270
2025-06-12 09:37:03.000000,498.95,558660,1477890,30,690,270
2025-06-12 09:37:04.000000,498.9,558990,1477890,60,600,960
2025-06-12 09:37:04.000000,498.9,558990,1477890,60,600,960
2025-06-12 09:37:05.000000,498.9,558990,1477890,60,510,780
2025-06-12 09:37:05.000000,498.85,558990,1477890,30,510,780
2025-06-12 09:37:06.000000,498.85,559020,1477890,30,390,510
2025-06-12 09:37:06.000000,498.85,559020,1477890,30,390,510
2025-06-12 09:37:07.000000,497.5,559020,1477890,30,390,510
2025-06-12 09:37:07.000000,497.25,559920,1477890,30,450,630
2025-06-12 09:37:08.000000,497.25,559920,1477890,30,450,630
2025-06-12 09:37:08.000000,498.4,560280,1477890,30,660,360
2025-06-12 09:37:09.000000,498.4,560280,1477890,30,660,360
2025-06-12 09:37:10.000000,494.0,561000,1477890,30,300,420
2025-06-12 09:37:10.000000,494.75,561000,1477890,30,300,420
2025-06-12 09:37:11.000000,495.25,561000,1477890,30,300,420
2025-06-12 09:37:11.000000,496.5,561120,1477890,30,540,570
2025-06-12 09:37:12.000000,494.8,561120,1477890,30,540,570
2025-06-12 09:37:12.000000,496.4,561210,1477890,30,540,690
2025-06-12 09:37:13.000000,493.85,561210,1477890,30,540,690
2025-06-12 09:37:13.000000,495.4,561450,1477890,30,510,300
2025-06-12 09:37:14.000000,495.4,561450,1477890,30,510,300
2025-06-12 09:37:15.000000,495.4,561450,1477890,30,300,360
2025-06-12 09:37:15.000000,494.75,561450,1477890,30,300,360
2025-06-12 09:37:16.000000,493.4,561450,1477890,30,300,360
2025-06-12 09:37:16.000000,493.4,561840,1477890,30,450,330
2025-06-12 09:37:17.000000,493.35,561840,1477890,30,450,330
2025-06-12 09:37:17.000000,493.35,561900,1477890,30,330,300
2025-06-12 09:37:18.000000,493.0,561900,1477890,30,330,300
2025-06-12 09:37:18.000000,493.15,562290,1477890,90,630,480
2025-06-12 09:37:19.000000,493.1,562290,1477890,30,630,480
2025-06-12 09:37:20.000000,491.85,562560,1477890,30,870,540
2025-06-12 09:37:20.000000,491.85,562560,1477890,30,870,540
2025-06-12 09:37:21.000000,491.0,562560,1477890,30,870,540
2025-06-12 09:37:21.000000,490.2,562830,1477890,30,390,360
2025-06-12 09:37:22.000000,491.55,562830,1477890,30,390,360
2025-06-12 09:37:22.000000,491.55,563040,1477890,30,240,480
2025-06-12 09:37:23.000000,492.6,563040,1477890,30,240,480
2025-06-12 09:37:23.000000,491.8,563400,1477890,60,420,180
2025-06-12 09:37:24.000000,492.4,563400,1477890,30,420,180
2025-06-12 09:37:24.000000,492.4,563430,1477890,30,510,240
2025-06-12 09:37:25.000000,492.5,563430,1477890,30,510,240
2025-06-12 09:37:26.000000,492.45,563550,1477890,30,180,540
2025-06-12 09:37:26.000000,492.45,563550,1477890,30,180,540
2025-06-12 09:37:27.000000,491.6,563550,1477890,30,180,540
2025-06-12 09:37:27.000000,491.6,563580,1477890,30,660,270
2025-06-12 09:37:28.000000,491.8,563580,1477890,30,660,270
2025-06-12 09:37:28.000000,491.8,563610,1477890,30,720,570
2025-06-12 09:37:29.000000,493.45,563610,1477890,30,720,570
2025-06-12 09:37:29.000000,494.1,563760,1477890,30,900,510
2025-06-12 09:37:30.000000,494.1,563760,1477890,30,900,510
2025-06-12 09:37:30.000000,494.1,563760,1477890,30,900,510
2025-06-12 09:37:31.000000,492.05,565980,1477890,60,630,360
2025-06-12 09:37:31.000000,492.05,565980,1477890,60,630,360
2025-06-12 09:37:32.000000,492.05,565980,1477890,60,480,630
2025-06-12 09:37:33.000000,492.05,565980,1477890,60,210,330
2025-06-12 09:37:34.000000,492.05,565980,1477890,60,900,360
2025-06-12 09:37:35.000000,492.0,565980,1477890,30,900,360
2025-06-12 09:37:35.000000,492.9,566070,1477890,30,510,690
2025-06-12 09:37:36.000000,492.9,566070,1477890,30,510,690
2025-06-12 09:37:37.000000,492.9,566070,1477890,30,450,780
2025-06-12 09:37:37.000000,491.8,566070,1477890,30,450,780
2025-06-12 09:37:38.000000,492.0,566070,1477890,30,450,780
2025-06-12 09:37:38.000000,492.0,566340,1477890,30,300,330
2025-06-12 09:37:39.000000,492.8,566340,1477890,30,300,330
2025-06-12 09:37:39.000000,492.8,566400,1477890,30,510,270
2025-06-12 09:37:40.000000,493.6,566400,1477890,30,510,270
2025-06-12 09:37:40.000000,493.85,566490,1477890,30,360,330
2025-06-12 09:37:41.000000,493.85,566490,1477890,60,360,330
2025-06-12 09:37:41.000000,495.0,566790,1477890,30,390,480
2025-06-12 09:37:42.000000,495.0,566790,1477890,30,390,480
2025-06-12 09:37:43.000000,494.2,566880,1477890,30,1320,480
2025-06-12 09:37:43.000000,495.25,566880,1477890,30,1320,480
2025-06-12 09:37:44.000000,492.65,566880,1477890,30,1320,480
2025-06-12 09:37:44.000000,493.55,567270,1477890,30,330,300
2025-06-12 09:37:45.000000,494.45,567270,1477890,30,330,300
2025-06-12 09:37:45.000000,494.4,567390,1477890,60,300,720
2025-06-12 09:37:46.000000,494.15,567390,1477890,30,300,720
2025-06-12 09:37:46.000000,494.15,567540,1477890,30,240,450
2025-06-12 09:37:47.000000,494.4,567540,1477890,30,240,450
2025-06-12 09:37:47.000000,494.95,567840,1477890,30,1170,390
2025-06-12 09:37:48.000000,494.45,567840,1477890,30,1170,390
2025-06-12 09:37:49.000000,493.65,568020,1477890,30,390,630
2025-06-12 09:37:49.000000,493.65,568020,1477890,30,390,630
2025-06-12 09:37:50.000000,494.7,568020,1477890,30,390,630
2025-06-12 09:37:50.000000,494.7,568050,1477890,30,240,510
2025-06-12 09:37:51.000000,494.65,568050,1477890,30,240,510
2025-06-12 09:37:51.000000,494.65,568080,1477890,30,390,270
2025-06-12 09:37:52.000000,492.7,568080,1477890,60,390,270
2025-06-12 09:37:52.000000,492.7,568170,1477890,60,480,390
2025-06-12 09:37:53.000000,495.95,568170,1477890,30,480,390
2025-06-12 09:37:54.000000,495.1,568260,1477890,30,900,360
2025-06-12 09:37:54.000000,495.1,568260,1477890,30,900,360
2025-06-12 09:37:55.000000,494.9,568260,1477890,30,900,360
2025-06-12 09:37:55.000000,494.9,568320,1477890,30,840,510
2025-06-12 09:37:56.000000,495.0,568320,1477890,30,840,510
2025-06-12 09:37:56.000000,495.0,568440,1477890,30,1200,570
2025-06-12 09:37:57.000000,495.05,568440,1477890,30,1200,570
2025-06-12 09:37:57.000000,495.05,568500,1477890,30,570,510
2025-06-12 09:37:58.000000,496.8,568500,1477890,120,570,510
2025-06-12 09:37:59.000000,496.1,569130,1477890,30,1620,420
2025-06-12 09:37:59.000000,496.1,569130,1477890,30,1620,420
2025-06-12 09:38:00.000000,496.1,569130,1477890,30,1620,420
2025-06-12 09:38:00.000000,496.05,569130,1477890,30,1620,420
2025-06-12 09:38:00.000000,496.05,569250,1477890,30,690,390
2025-06-12 09:38:01.000000,496.05,569250,1477890,30,420,330
2025-06-12 09:38:02.000000,496.3,569250,1477890,60,420,330
2025-06-12 09:38:02.000000,495.0,569250,1477890,30,420,330
2025-06-12 09:38:02.000000,495.95,570120,1477890,30,420,270
2025-06-12 09:38:03.000000,495.0,570120,1477890,30,420,270
2025-06-12 09:38:04.000000,493.0,570330,1477890,30,480,210
2025-06-12 09:38:04.000000,494.0,570330,1477890,30,480,210
2025-06-12 09:38:05.000000,491.5,571320,1477890,30,390,300
2025-06-12 09:38:05.000000,491.5,571320,1477890,30,390,300
2025-06-12 09:38:06.000000,489.35,571320,1477890,30,390,300
2025-06-12 09:38:06.000000,488.9,576150,1477890,90,570,480
2025-06-12 09:38:07.000000,482.0,576150,1477890,30,570,480
2025-06-12 09:38:07.000000,482.2,579450,1477890,30,390,360
2025-06-12 09:38:08.000000,483.0,579450,1477890,30,390,360
2025-06-12 09:38:09.000000,481.25,580110,1477890,30,420,630
2025-06-12 09:38:09.000000,483.4,580110,1477890,60,420,630
2025-06-12 09:38:10.000000,483.45,580890,1477890,30,300,480
2025-06-12 09:38:10.000000,482.0,580890,1477890,30,300,480
2025-06-12 09:38:11.000000,481.4,580890,1477890,60,300,480
2025-06-12 09:38:11.000000,481.4,582360,1477890,60,270,330
2025-06-12 09:38:12.000000,476.0,582360,1477890,30,270,330
2025-06-12 09:38:12.000000,479.2,583440,1477890,30,480,540
2025-06-12 09:38:13.000000,480.05,583440,1477890,30,480,540
2025-06-12 09:38:14.000000,482.15,585330,1477890,30,390,630
2025-06-12 09:38:14.000000,482.65,585330,1477890,30,390,630
2025-06-12 09:38:15.000000,484.05,585630,1477890,30,870,450
2025-06-12 09:38:15.000000,484.05,585630,1477890,30,870,450
2025-06-12 09:38:16.000000,483.8,585630,1477890,30,870,450
2025-06-12 09:38:16.000000,483.8,586110,1477890,30,990,210
2025-06-12 09:38:17.000000,482.15,586110,1477890,30,990,210
2025-06-12 09:38:17.000000,483.0,586500,1477890,30,330,330
2025-06-12 09:38:18.000000,483.3,586500,1477890,30,330,330
2025-06-12 09:38:19.000000,481.75,586800,1477890,30,540,300
2025-06-12 09:38:19.000000,483.2,586800,1477890,30,540,300
2025-06-12 09:38:20.000000,483.25,587070,1477890,30,450,510
2025-06-12 09:38:20.000000,483.25,587070,1477890,30,450,510
2025-06-12 09:38:21.000000,483.6,587070,1477890,30,450,510
2025-06-12 09:38:21.000000,483.15,587730,1477890,30,270,750
2025-06-12 09:38:22.000000,483.15,587730,1477890,30,270,750
2025-06-12 09:38:22.000000,483.15,587730,1477890,30,510,510
2025-06-12 09:38:23.000000,483.3,587760,1477890,30,450,420
2025-06-12 09:38:23.000000,484.55,587760,1477890,30,450,420
2025-06-12 09:38:24.000000,483.15,587760,1477890,30,450,420
2025-06-12 09:38:25.000000,482.8,588240,1477890,30,270,540
2025-06-12 09:38:25.000000,482.95,588240,1477890,90,270,540
2025-06-12 09:38:26.000000,483.1,588240,1477890,30,270,540
2025-06-12 09:38:26.000000,483.45,588510,1477890,30,450,240
2025-06-12 09:38:27.000000,486.5,588510,1477890,30,450,240
2025-06-12 09:38:27.000000,486.85,588930,1477890,30,480,810
2025-06-12 09:38:28.000000,486.4,588930,1477890,30,480,810
2025-06-12 09:38:28.000000,486.4,588960,1477890,30,510,720
2025-06-12 09:38:29.000000,486.0,588960,1477890,60,510,720
2025-06-12 09:38:30.000000,488.0,589290,1477890,30,360,930
2025-06-12 09:38:30.000000,488.0,589290,1477890,30,360,930
2025-06-12 09:38:30.000000,487.0,589290,1477890,90,360,930
2025-06-12 09:38:31.000000,487.9,589290,1477890,30,360,930
2025-06-12 09:38:31.000000,487.75,590160,1477890,30,300,480
2025-06-12 09:38:32.000000,489.2,590160,1477890,30,300,480
2025-06-12 09:38:32.000000,489.2,590400,1477890,30,210,300
2025-06-12 09:38:33.000000,489.3,590400,1477890,90,210,300
2025-06-12 09:38:33.000000,488.55,590850,1477890,30,450,510
2025-06-12 09:38:34.000000,488.15,590850,1477890,30,450,510
2025-06-12 09:38:35.000000,487.65,590970,1477890,30,570,660
2025-06-12 09:38:35.000000,487.65,590970,1477890,30,570,660
2025-06-12 09:38:36.000000,487.0,591090,1477890,30,330,420
2025-06-12 09:38:36.000000,487.0,591090,1477890,30,330,420
2025-06-12 09:38:37.000000,486.95,591090,1477890,30,330,420
2025-06-12 09:38:37.000000,486.85,591960,1477890,30,540,390
2025-06-12 09:38:38.000000,486.85,591960,1477890,30,540,390
2025-06-12 09:38:38.000000,486.1,591990,1477890,30,660,360
2025-06-12 09:38:39.000000,486.0,591990,1477890,30,660,360
2025-06-12 09:38:40.000000,485.0,592170,1477890,30,330,510
2025-06-12 09:38:40.000000,485.0,592170,1477890,30,330,510
2025-06-12 09:38:41.000000,484.6,592320,1477890,30,450,420
2025-06-12 09:38:41.000000,484.6,592320,1477890,30,450,420
2025-06-12 09:38:42.000000,483.75,592320,1477890,30,450,420
2025-06-12 09:38:42.000000,485.6,592410,1477890,30,360,630
2025-06-12 09:38:43.000000,485.55,592410,1477890,30,360,630
2025-06-12 09:38:43.000000,485.35,592470,1477890,30,510,1080
2025-06-12 09:38:44.000000,485.0,592470,1477890,60,510,1080
2025-06-12 09:38:44.000000,485.55,592620,1477890,30,390,1170
2025-06-12 09:38:45.000000,485.7,592620,1477890,180,390,1170
2025-06-12 09:38:46.000000,483.7,592620,1477890,30,390,1170
2025-06-12 09:38:46.000000,483.7,593340,1477890,30,420,450
2025-06-12 09:38:47.000000,485.2,593340,1477890,30,420,450
2025-06-12 09:38:47.000000,485.2,593430,1477890,30,330,360
2025-06-12 09:38:48.000000,484.0,593430,1477890,30,330,360
2025-06-12 09:38:48.000000,484.15,593700,1477890,30,600,1140
2025-06-12 09:38:49.000000,484.65,593700,1477890,120,600,1140
2025-06-12 09:38:49.000000,484.65,593850,1477890,120,300,1620
2025-06-12 09:38:50.000000,483.55,593850,1477890,30,300,1620
2025-06-12 09:38:51.000000,483.55,593940,1477890,30,390,390
2025-06-12 09:38:51.000000,484.5,593940,1477890,30,390,390
2025-06-12 09:38:52.000000,483.15,593940,1477890,60,390,390
2025-06-12 09:38:52.000000,483.15,594240,1477890,60,690,750
2025-06-12 09:38:53.000000,484.55,594240,1477890,60,690,750
2025-06-12 09:38:53.000000,484.55,594690,1477890,60,660,1140
2025-06-12 09:38:54.000000,483.75,594690,1477890,30,660,1140
2025-06-12 09:38:54.000000,483.75,594720,1477890,30,390,1620
2025-06-12 09:38:55.000000,483.55,594720,1477890,30,390,1620
2025-06-12 09:38:55.000000,483.55,594780,1477890,30,510,570
2025-06-12 09:38:56.000000,483.0,594780,1477890,30,510,570
2025-06-12 09:38:57.000000,483.5,596130,1477890,60,600,450
2025-06-12 09:38:57.000000,483.5,596130,1477890,60,600,450
2025-06-12 09:38:58.000000,483.3,596130,1477890,30,600,450
2025-06-12 09:38:58.000000,483.3,596310,1477890,30,570,180
2025-06-12 09:38:59.000000,482.15,596310,1477890,30,570,180
2025-06-12 09:38:59.000000,482.0,596850,1477890,30,420,420
2025-06-12 09:39:00.000000,482.0,596850,1477890,30,420,420
2025-06-12 09:39:00.000000,480.95,596850,1477890,30,420,420
2025-06-12 09:39:00.000000,480.9,597120,1477890,30,390,480
2025-06-12 09:39:01.000000,481.45,597120,1477890,30,390,480
2025-06-12 09:39:01.000000,481.45,597270,1477890,30,420,690
2025-06-12 09:39:03.000000,481.4,597270,1477890,60,420,690
2025-06-12 09:39:03.000000,481.4,597330,1477890,60,660,720
2025-06-12 09:39:03.000000,481.4,597330,1477890,210,660,720
2025-06-12 09:39:04.000000,481.05,597330,1477890,30,660,720
2025-06-12 09:39:04.000000,481.05,598020,1477890,30,510,480
2025-06-12 09:39:05.000000,481.45,598020,1477890,60,510,480
2025-06-12 09:39:05.000000,481.45,598170,1477890,60,690,420
2025-06-12 09:39:06.000000,481.45,598170,1477890,30,690,420
2025-06-12 09:39:06.000000,481.45,598290,1477890,30,390,660
2025-06-12 09:39:07.000000,482.2,598290,1477890,30,390,660
2025-06-12 09:39:07.000000,483.5,598350,1477890,30,330,690
2025-06-12 09:39:08.000000,483.5,598350,1477890,30,330,690
2025-06-12 09:39:09.000000,482.75,598380,1477890,30,420,240
2025-06-12 09:39:09.000000,482.6,598380,1477890,30,420,240
2025-06-12 09:39:10.000000,482.7,598380,1477890,30,420,240
2025-06-12 09:39:10.000000,482.7,598440,1477890,30,480,300
2025-06-12 09:39:11.000000,482.65,598440,1477890,30,480,300
2025-06-12 09:39:11.000000,482.65,598500,1477890,30,270,390
2025-06-12 09:39:12.000000,481.7,598500,1477890,90,270,390
2025-06-12 09:39:12.000000,481.7,598710,1477890,90,300,360
2025-06-12 09:39:13.000000,481.6,598710,1477890,30,300,360
2025-06-12 09:39:13.000000,481.6,598770,1477890,30,570,1410
2025-06-12 09:39:14.000000,482.6,598770,1477890,120,570,1410
2025-06-12 09:39:15.000000,482.6,598920,1477890,120,570,1110
2025-06-12 09:39:15.000000,482.6,598920,1477890,30,570,1110
2025-06-12 09:39:16.000000,482.5,598920,1477890,30,570,1110
2025-06-12 09:39:16.000000,482.5,599100,1477890,30,480,540
2025-06-12 09:39:17.000000,481.3,599100,1477890,90,480,540
2025-06-12 09:39:17.000000,481.15,599550,1477890,30,300,1140
2025-06-12 09:39:18.000000,481.15,599550,1477890,30,300,1140
2025-06-12 09:39:18.000000,481.15,599550,1477890,30,720,600
2025-06-12 09:39:19.000000,482.5,599550,1477890,30,720,600
2025-06-12 09:39:20.000000,482.1,600300,1477890,570,720,480
2025-06-12 09:39:20.000000,482.1,600300,1477890,30,720,480
2025-06-12 09:39:21.000000,482.1,600450,1477890,30,360,660
2025-06-12 09:39:21.000000,482.4,600450,1477890,90,360,660
2025-06-12 09:39:22.000000,485.55,600450,1477890,30,360,660
2025-06-12 09:39:22.000000,485.55,602190,1477890,30,360,570
2025-06-12 09:39:23.000000,484.9,602190,1477890,30,360,570
2025-06-12 09:39:23.000000,484.9,602310,1477890,30,330,450
2025-06-12 09:39:25.000000,484.9,602310,1477890,30,600,510
2025-06-12 09:39:26.000000,484.9,602310,1477890,30,210,330
2025-06-12 09:39:27.000000,484.95,602310,1477890,30,210,330
2025-06-12 09:39:27.000000,484.95,602340,1477890,30,270,300
2025-06-12 09:39:28.000000,484.9,602340,1477890,30,270,300
2025-06-12 09:39:28.000000,484.9,602400,1477890,30,330,420
2025-06-12 09:39:29.000000,483.7,602400,1477890,30,330,420
2025-06-12 09:39:30.000000,483.7,602400,1477890,30,330,420
2025-06-12 09:39:30.000000,483.7,602430,1477890,30,240,450
2025-06-12 09:39:30.000000,483.25,602430,1477890,30,240,450
2025-06-12 09:39:31.000000,482.9,602430,1477890,30,240,450
2025-06-12 09:39:31.000000,482.9,602580,1477890,30,240,450
2025-06-12 09:39:32.000000,483.65,602580,1477890,30,240,450
2025-06-12 09:39:32.000000,483.65,602670,1477890,30,480,300
2025-06-12 09:39:33.000000,483.4,602670,1483680,30,480,300
2025-06-12 09:39:33.000000,482.65,602820,1483680,30,360,420
2025-06-12 09:39:34.000000,483.1,602820,1483680,30,360,420
2025-06-12 09:39:34.000000,482.45,603630,1483680,30,240,390
2025-06-12 09:39:35.000000,481.7,603630,1483680,90,240,390
2025-06-12 09:39:36.000000,482.5,603630,1483680,30,240,390
2025-06-12 09:39:36.000000,482.5,603750,1483680,30,480,450
2025-06-12 09:39:37.000000,474.0,603750,1483680,30,480,450
2025-06-12 09:39:37.000000,474.55,606030,1483680,30,360,360
2025-06-12 09:39:38.000000,474.8,606030,1483680,30,360,360
2025-06-12 09:39:38.000000,475.05,607110,1483680,30,330,360
2025-06-12 09:39:39.000000,474.45,607110,1483680,60,330,360
2025-06-12 09:39:39.000000,473.85,607380,1483680,30,600,540
2025-06-12 09:39:40.000000,473.9,607380,1483680,30,600,540
2025-06-12 09:39:41.000000,473.75,607470,1483680,30,840,570
2025-06-12 09:39:41.000000,470.45,607470,1483680,90,840,570
2025-06-12 09:39:42.000000,467.95,607470,1483680,30,840,570
2025-06-12 09:39:42.000000,467.7,610410,1483680,30,270,480
2025-06-12 09:39:43.000000,469.7,610410,1483680,30,270,480
2025-06-12 09:39:43.000000,472.3,612690,1483680,60,600,240
2025-06-12 09:39:44.000000,472.85,612690,1483680,90,600,240
2025-06-12 09:39:44.000000,473.85,613620,1483680,30,390,510
2025-06-12 09:39:45.000000,473.85,613620,1483680,30,390,510
2025-06-12 09:39:46.000000,472.0,613800,1483680,30,480,390
2025-06-12 09:39:46.000000,471.65,613800,1483680,30,480,390
2025-06-12 09:39:47.000000,471.6,613800,1483680,30,480,390
2025-06-12 09:39:47.000000,472.4,614160,1483680,30,450,510
2025-06-12 09:39:48.000000,471.75,614160,1483680,30,450,510
2025-06-12 09:39:48.000000,471.9,615000,1483680,30,270,840
2025-06-12 09:39:49.000000,472.65,615000,1483680,30,270,840
2025-06-12 09:39:49.000000,471.95,615630,1483680,30,300,390
2025-06-12 09:39:50.000000,471.8,615630,1483680,60,300,390
2025-06-12 09:39:51.000000,473.35,616500,1483680,30,480,420
2025-06-12 09:39:51.000000,472.4,616500,1483680,30,480,420
2025-06-12 09:39:52.000000,473.15,616500,1483680,30,480,420
2025-06-12 09:39:52.000000,472.5,616680,1483680,30,600,570
2025-06-12 09:39:53.000000,474.3,616680,1483680,30,600,570
2025-06-12 09:39:53.000000,474.3,617010,1483680,30,540,300
2025-06-12 09:39:54.000000,474.45,617010,1483680,30,540,300
2025-06-12 09:39:54.000000,473.15,617550,1483680,30,300,630
2025-06-12 09:39:55.000000,473.15,617550,1483680,30,300,630
2025-06-12 09:39:56.000000,475.45,617580,1483680,30,510,540
2025-06-12 09:39:56.000000,475.45,617580,1483680,30,510,540
2025-06-12 09:39:57.000000,476.5,617580,1483680,30,510,540
2025-06-12 09:39:57.000000,476.5,618360,1483680,30,450,660
2025-06-12 09:39:58.000000,475.1,618360,1483680,30,450,660
2025-06-12 09:39:58.000000,475.1,618390,1483680,30,300,480
2025-06-12 09:39:59.000000,474.95,618390,1483680,30,300,480
2025-06-12 09:39:59.000000,474.95,618420,1483680,30,750,600
2025-06-12 09:40:00.000000,474.95,618420,1483680,30,750,600
2025-06-12 09:40:01.000000,473.1,618420,1483680,30,750,600
2025-06-12 09:40:01.000000,472.5,618540,1483680,30,480,300
2025-06-12 09:40:01.000000,472.0,618540,1483680,30,480,300
2025-06-12 09:40:02.000000,473.45,618540,1483680,30,480,300
2025-06-12 09:40:02.000000,473.45,618930,1483680,30,360,270
2025-06-12 09:40:03.000000,472.6,618930,1483680,30,360,270
2025-06-12 09:40:03.000000,470.0,619560,1483680,30,840,420
2025-06-12 09:40:04.000000,468.3,619560,1483680,30,840,420
2025-06-12 09:40:04.000000,468.35,620310,1483680,30,540,600
2025-06-12 09:40:05.000000,467.55,620310,1483680,30,540,600
2025-06-12 09:40:06.000000,470.0,620730,1483680,30,330,270
2025-06-12 09:40:06.000000,470.0,620730,1483680,30,330,270
2025-06-12 09:40:07.000000,469.75,620730,1483680,30,330,270
2025-06-12 09:40:07.000000,469.75,620940,1483680,30,150,510
2025-06-12 09:40:08.000000,469.65,620940,1483680,30,150,510
2025-06-12 09:40:08.000000,469.3,621990,1483680,30,420,840
2025-06-12 09:40:09.000000,470.2,621990,1483680,60,420,840
2025-06-12 09:40:09.000000,467.0,622710,1483680,30,360,450
2025-06-12 09:40:10.000000,467.0,622710,1483680,30,360,450
2025-06-12 09:40:11.000000,466.1,623430,1483680,30,240,450
2025-06-12 09:40:11.000000,464.95,623430,1483680,30,240,450
2025-06-12 09:40:12.000000,465.8,623430,1483680,30,240,450
2025-06-12 09:40:12.000000,466.25,623760,1483680,30,480,300
2025-06-12 09:40:13.000000,468.05,623760,1483680,30,480,300
2025-06-12 09:40:13.000000,467.65,624390,1483680,30,390,420
2025-06-12 09:40:14.000000,466.8,624390,1483680,30,390,420
2025-06-12 09:40:15.000000,465.2,625320,1483680,30,240,390
2025-06-12 09:40:15.000000,466.55,625320,1483680,30,240,390
2025-06-12 09:40:16.000000,468.0,625560,1483680,30,420,480
2025-06-12 09:40:16.000000,467.9,625560,1483680,30,420,480
2025-06-12 09:40:17.000000,467.15,625560,1483680,30,420,480
2025-06-12 09:40:17.000000,467.15,625770,1483680,30,480,510
2025-06-12 09:40:18.000000,465.5,625770,1483680,30,480,510
2025-06-12 09:40:18.000000,465.3,626160,1483680,30,960,510
2025-06-12 09:40:19.000000,465.3,626160,1483680,30,960,510
2025-06-12 09:40:19.000000,466.3,626250,1483680,30,1110,330
2025-06-12 09:40:20.000000,466.3,626250,1483680,30,1110,330
2025-06-12 09:40:21.000000,466.95,626460,1483680,30,810,240
2025-06-12 09:40:21.000000,466.15,626460,1483680,30,810,240
2025-06-12 09:40:22.000000,463.25,626460,1483680,30,810,240
2025-06-12 09:40:22.000000,463.25,627750,1483680,30,240,690
2025-06-12 09:40:23.000000,463.05,627750,1483680,30,240,690
2025-06-12 09:40:23.000000,463.05,628020,1483680,30,660,420
2025-06-12 09:40:24.000000,462.0,628020,1483680,30,660,420
2025-06-12 09:40:24.000000,462.6,628440,1483680,30,360,570
2025-06-12 09:40:25.000000,461.8,628440,1483680,30,360,570
2025-06-12 09:40:26.000000,461.95,629280,1483680,30,210,420
2025-06-12 09:40:26.000000,461.15,629280,1483680,30,210,420
2025-06-12 09:40:27.000000,462.65,630150,1483680,30,360,420
2025-06-12 09:40:27.000000,463.35,630150,1483680,90,360,420
2025-06-12 09:40:28.000000,462.15,630150,1483680,30,360,420
2025-06-12 09:40:28.000000,462.15,630660,1483680,30,330,270
2025-06-12 09:40:29.000000,461.4,630660,1483680,30,330,270
2025-06-12 09:40:29.000000,461.4,630900,1483680,30,270,360
2025-06-12 09:40:30.000000,461.4,630900,1483680,30,270,360
2025-06-12 09:40:30.000000,460.15,630900,1483680,30,270,360
2025-06-12 09:40:31.000000,459.65,633180,1483680,30,660,450
2025-06-12 09:40:31.000000,459.65,633180,1483680,30,660,450
2025-06-12 09:40:32.000000,460.3,633750,1483680,30,300,390
2025-06-12 09:40:32.000000,461.7,633750,1483680,30,300,390
2025-06-12 09:40:33.000000,461.05,633750,1483680,30,300,390
2025-06-12 09:40:33.000000,461.05,633840,1483680,30,180,270
2025-06-12 09:40:34.000000,459.7,633840,1483680,30,180,270
2025-06-12 09:40:34.000000,459.7,634050,1483680,30,270,450
2025-06-12 09:40:35.000000,460.95,634050,1483680,60,270,450
2025-06-12 09:40:35.000000,461.4,634560,1483680,30,420,450
2025-06-12 09:40:36.000000,461.05,634560,1483680,30,420,450
2025-06-12 09:40:37.000000,461.7,635280,1483680,30,270,360
2025-06-12 09:40:37.000000,461.95,635280,1483680,30,270,360
2025-06-12 09:40:38.000000,462.25,635280,1483680,30,270,360
2025-06-12 09:40:38.000000,462.25,635490,1483680,30,300,360
2025-06-12 09:40:39.000000,463.45,635490,1483680,30,300,360
2025-06-12 09:40:39.000000,464.75,635820,1483680,30,270,900
2025-06-12 09:40:40.000000,464.75,635820,1483680,30,270,900
2025-06-12 09:40:40.000000,466.0,635850,1483680,30,240,930
2025-06-12 09:40:41.000000,465.5,635850,1483680,30,240,930
2025-06-12 09:40:42.000000,466.0,636180,1483680,30,270,1500
2025-06-12 09:40:42.000000,465.5,636180,1483680,30,270,1500
2025-06-12 09:40:43.000000,464.75,636180,1483680,30,270,1500
2025-06-12 09:40:43.000000,464.75,636270,1483680,30,210,870
2025-06-12 09:40:44.000000,463.45,636270,1483680,30,210,870
2025-06-12 09:40:44.000000,462.65,636330,1483680,30,510,300
2025-06-12 09:40:45.000000,463.3,636330,1483680,30,510,300
2025-06-12 09:40:45.000000,463.3,636360,1483680,30,240,300
2025-06-12 09:40:46.000000,463.45,636360,1483680,30,240,300
2025-06-12 09:40:47.000000,463.55,636660,1483680,30,330,480
2025-06-12 09:40:47.000000,462.9,636660,1483680,30,330,480
2025-06-12 09:40:48.000000,465.5,637890,1483680,30,210,180
2025-06-12 09:40:48.000000,465.5,637890,1483680,30,210,180
2025-06-12 09:40:49.000000,466.0,637890,1483680,180,210,180
2025-06-12 09:40:49.000000,466.0,638340,1483680,180,300,600
2025-06-12 09:40:50.000000,465.85,638340,1483680,30,300,600
2025-06-12 09:40:50.000000,465.95,638460,1483680,30,630,720
2025-06-12 09:40:51.000000,464.25,638460,1483680,30,630,720
2025-06-12 09:40:52.000000,464.25,638550,1483680,30,300,510
2025-06-12 09:40:52.000000,464.15,638550,1483680,30,300,510
2025-06-12 09:40:53.000000,465.55,638640,1483680,30,480,210
2025-06-12 09:40:53.000000,465.55,638640,1483680,30,480,210
2025-06-12 09:40:54.000000,465.0,638640,1483680,30,480,210
2025-06-12 09:40:54.000000,465.0,638730,1483680,30,720,270
2025-06-12 09:40:55.000000,464.05,638730,1483680,30,720,270
2025-06-12 09:40:55.000000,464.05,638790,1483680,30,600,390
2025-06-12 09:40:56.000000,464.05,638790,1483680,30,600,390
2025-06-12 09:40:57.000000,465.3,638970,1483680,30,240,540
2025-06-12 09:40:57.000000,465.3,638970,1483680,30,240,540
2025-06-12 09:40:58.000000,464.1,639030,1483680,30,360,300
2025-06-12 09:40:58.000000,464.1,639030,1483680,30,360,300
2025-06-12 09:40:59.000000,461.85,639030,1483680,30,360,300
2025-06-12 09:40:59.000000,461.85,639390,1483680,30,1260,420
2025-06-12 09:41:00.000000,461.85,639390,1483680,30,1260,420
2025-06-12 09:41:00.000000,462.35,639390,1483680,30,1260,420
2025-06-12 09:41:00.000000,462.4,639960,1483680,30,450,330
2025-06-12 09:41:01.000000,463.3,639960,1483680,30,450,330
2025-06-12 09:41:02.000000,461.9,640080,1483680,30,270,330
2025-06-12 09:41:02.000000,460.9,640080,1483680,30,270,330
2025-06-12 09:41:03.000000,462.8,640260,1483680,30,180,750
2025-06-12 09:41:03.000000,462.2,640260,1483680,30,180,750
2025-06-12 09:41:04.000000,462.2,640290,1483680,30,540,240
2025-06-12 09:41:04.000000,463.45,640290,1483680,30,540,240
2025-06-12 09:41:05.000000,463.35,640290,1483680,30,540,240
2025-06-12 09:41:05.000000,464.25,640620,1483680,30,450,210
2025-06-12 09:41:06.000000,464.25,640620,1483680,30,450,210
2025-06-12 09:41:07.000000,464.25,640620,1483680,30,360,450
2025-06-12 09:41:07.000000,465.0,640620,1483680,30,360,450
2025-06-12 09:41:08.000000,465.0,640710,1483680,30,540,510
2025-06-12 09:41:08.000000,466.3,640710,1483680,30,540,510
2025-06-12 09:41:09.000000,466.3,641670,1483680,30,600,240
2025-06-12 09:41:09.000000,465.25,641670,1483680,30,600,240
2025-06-12 09:41:10.000000,464.8,641670,1483680,30,600,240
2025-06-12 09:41:10.000000,465.95,641820,1483680,30,240,450
2025-06-12 09:41:11.000000,464.15,641820,1483680,30,240,450
2025-06-12 09:41:12.000000,462.85,642540,1483680,60,390,270
2025-06-12 09:41:12.000000,462.85,642540,1483680,60,390,270
2025-06-12 09:41:13.000000,462.8,642780,1483680,30,300,300
2025-06-12 09:41:13.000000,462.8,642780,1483680,30,300,300
2025-06-12 09:41:14.000000,464.15,642810,1483680,30,960,600
2025-06-12 09:41:14.000000,464.15,642810,1483680,30,960,600
2025-06-12 09:41:15.000000,465.0,642810,1483680,30,960,600
2025-06-12 09:41:15.000000,465.0,642840,1483680,30,360,300
2025-06-12 09:41:16.000000,465.05,642840,1483680,30,360,300
2025-06-12 09:41:17.000000,465.55,644760,1483680,30,300,360
2025-06-12 09:41:17.000000,465.55,644760,1483680,30,300,360
2025-06-12 09:41:18.000000,464.95,645420,1483680,30,450,300
2025-06-12 09:41:18.000000,464.95,645420,1483680,30,450,300
2025-06-12 09:41:19.000000,465.9,645420,1483680,120,450,300
2025-06-12 09:41:19.000000,465.9,646710,1483680,120,390,330
2025-06-12 09:41:20.000000,465.25,646710,1483680,60,390,330
2025-06-12 09:41:20.000000,465.25,648000,1483680,300,300,690
2025-06-12 09:41:21.000000,465.25,648000,1483680,300,300,690
2025-06-12 09:41:22.000000,465.25,648000,1483680,300,360,960
2025-06-12 09:41:22.000000,465.45,648000,1483680,30,360,960
2025-06-12 09:41:23.000000,465.45,648030,1483680,30,390,990
2025-06-12 09:41:23.000000,465.3,648030,1483680,30,390,990
2025-06-12 09:41:24.000000,466.15,648030,1483680,30,390,990
2025-06-12 09:41:24.000000,465.3,648240,1483680,30,150,330
2025-06-12 09:41:25.000000,465.7,648240,1483680,30,150,330
2025-06-12 09:41:25.000000,465.7,648420,1483680,30,510,570
2025-06-12 09:41:26.000000,465.05,648420,1483680,30,510,570
2025-06-12 09:41:26.000000,464.4,648840,1483680,30,480,960
2025-06-12 09:41:27.000000,462.8,648840,1483680,90,480,960
2025-06-12 09:41:28.000000,463.0,649740,1483680,90,510,570
2025-06-12 09:41:28.000000,463.0,649740,1483680,90,510,570
2025-06-12 09:41:29.000000,463.0,649740,1483680,120,510,570
2025-06-12 09:41:29.000000,462.4,650040,1483680,30,450,630
2025-06-12 09:41:30.000000,462.4,650040,1483680,30,450,630
2025-06-12 09:41:30.000000,461.0,650040,1483680,30,450,630
2025-06-12 09:41:30.000000,461.8,650790,1483680,90,690,270
2025-06-12 09:41:31.000000,463.6,650790,1483680,30,690,270
2025-06-12 09:41:31.000000,465.0,653610,1483680,120,390,180
2025-06-12 09:41:32.000000,465.0,653610,1483680,120,390,180
2025-06-12 09:41:33.000000,463.9,653670,1483680,30,660,510
2025-06-12 09:41:33.000000,463.9,653670,1483680,30,660,510
2025-06-12 09:41:34.000000,464.0,653670,1483680,90,660,510
2025-06-12 09:41:34.000000,464.0,653970,1483680,90,570,240
2025-06-12 09:41:35.000000,465.6,653970,1483680,60,570,240
2025-06-12 09:41:35.000000,465.6,654030,1483680,60,540,270
2025-06-12 09:41:36.000000,463.5,654030,1483680,30,540,270
2025-06-12 09:41:36.000000,463.5,654090,1483680,30,450,210
2025-06-12 09:41:37.000000,462.0,654090,1483680,30,450,210
2025-06-12 09:41:38.000000,462.0,654300,1483680,30,630,240
2025-06-12 09:41:38.000000,463.0,654300,1483680,30,630,240
2025-06-12 09:41:39.000000,464.4,654540,1483680,90,600,390
2025-06-12 09:41:39.000000,464.4,654540,1483680,90,600,390
2025-06-12 09:41:40.000000,464.4,654540,1483680,90,870,210
2025-06-12 09:41:40.000000,462.55,654540,1483680,30,870,210
2025-06-12 09:41:41.000000,463.2,654540,1483680,30,870,210
2025-06-12 09:41:41.000000,461.5,654900,1483680,30,360,360
2025-06-12 09:41:42.000000,462.8,654900,1483680,30,360,360
2025-06-12 09:41:43.000000,462.4,655470,1483680,30,450,330
2025-06-12 09:41:43.000000,463.8,655470,1483680,30,450,330
2025-06-12 09:41:44.000000,463.7,655560,1483680,30,330,330
2025-06-12 09:41:44.000000,462.55,655560,1483680,30,330,330
2025-06-12 09:41:45.000000,462.55,655590,1483680,30,540,480
2025-06-12 09:41:46.000000,462.8,655590,1483680,30,540,480
2025-06-12 09:41:46.000000,462.8,655620,1483680,30,300,210
2025-06-12 09:41:47.000000,462.8,655620,1483680,30,300,210
2025-06-12 09:41:48.000000,464.0,655980,1483680,270,300,210
2025-06-12 09:41:48.000000,464.0,655980,1483680,270,300,210
2025-06-12 09:41:49.000000,464.0,655980,1483680,270,360,450
2025-06-12 09:41:49.000000,463.85,655980,1483680,30,360,450
2025-06-12 09:41:50.000000,463.85,656040,1483680,30,450,360
2025-06-12 09:41:51.000000,461.8,656040,1483680,90,450,360
2025-06-12 09:41:51.000000,462.95,656250,1483680,30,390,270
2025-06-12 09:41:52.000000,463.25,656250,1483680,30,390,270
2025-06-12 09:41:52.000000,464.0,657750,1483680,30,480,210
2025-06-12 09:41:53.000000,464.0,657750,1483680,30,480,210
2025-06-12 09:41:54.000000,464.0,657750,1483680,30,390,300
2025-06-12 09:41:55.000000,464.0,657750,1483680,30,450,360
2025-06-12 09:41:56.000000,464.6,657750,1483680,30,450,360
2025-06-12 09:41:56.000000,464.6,658410,1483680,30,360,210
2025-06-12 09:41:57.000000,464.6,658410,1483680,30,360,930
2025-06-12 09:41:58.000000,464.45,658410,1483680,30,360,930
2025-06-12 09:41:59.000000,466.05,659100,1483680,60,450,360
2025-06-12 09:41:59.000000,466.05,659100,1483680,60,450,360
2025-06-12 09:42:00.000000,466.05,659100,1483680,60,450,360
2025-06-12 09:42:00.000000,465.85,659100,1483680,30,450,360
2025-06-12 09:42:00.000000,465.95,659160,1483680,30,420,570
2025-06-12 09:42:01.000000,466.05,659160,1483680,30,420,570
2025-06-12 09:42:01.000000,464.6,659370,1483680,30,330,1920
2025-06-12 09:42:02.000000,464.6,659370,1483680,30,330,1920
2025-06-12 09:42:02.000000,464.6,659370,1483680,30,510,1860
2025-06-12 09:42:03.000000,464.8,659370,1483680,30,510,1860
2025-06-12 09:42:04.000000,463.65,660840,1483680,30,720,1710
2025-06-12 09:42:04.000000,463.65,660840,1483680,30,720,1710
2025-06-12 09:42:05.000000,463.95,660930,1483680,60,450,420
2025-06-12 09:42:05.000000,463.95,660930,1483680,60,450,420
2025-06-12 09:42:06.000000,464.0,660930,1483680,30,450,420
2025-06-12 09:42:06.000000,464.0,660990,1483680,30,540,360
2025-06-12 09:42:07.000000,463.95,660990,1483680,30,540,360
2025-06-12 09:42:07.000000,463.95,661050,1483680,30,600,540
2025-06-12 09:42:08.000000,463.4,661050,1483680,120,600,540
2025-06-12 09:42:09.000000,463.4,661770,1483680,120,510,210
2025-06-12 09:42:09.000000,464.3,661770,1483680,30,510,210
2025-06-12 09:42:10.000000,462.95,662130,1483680,60,390,240
2025-06-12 09:42:10.000000,462.95,662130,1483680,60,390,240
2025-06-12 09:42:11.000000,460.9,662130,1483680,30,390,240
2025-06-12 09:42:11.000000,461.95,662640,1483680,30,600,270
2025-06-12 09:42:12.000000,460.45,662640,1483680,60,600,270
2025-06-12 09:42:12.000000,460.6,662940,1483680,30,750,330
2025-06-12 09:42:13.000000,462.95,662940,1483680,30,750,330
2025-06-12 09:42:14.000000,462.8,663120,1483680,30,300,300
2025-06-12 09:42:14.000000,461.95,663120,1483680,30,300,300
2025-06-12 09:42:15.000000,461.9,663120,1483680,30,300,300
2025-06-12 09:42:15.000000,461.9,663240,1483680,30,300,270
2025-06-12 09:42:16.000000,459.7,663240,1483680,30,300,270
2025-06-12 09:42:16.000000,460.35,665430,1483680,30,360,360
2025-06-12 09:42:17.000000,460.05,665430,1483680,30,360,360
2025-06-12 09:42:17.000000,461.85,665700,1483680,30,510,240
2025-06-12 09:42:18.000000,461.85,665700,1483680,30,510,240
2025-06-12 09:42:19.000000,461.85,665700,1483680,30,630,300
2025-06-12 09:42:20.000000,460.8,665700,1483680,30,630,300
2025-06-12 09:42:20.000000,461.9,665700,1483680,30,630,300
2025-06-12 09:42:20.000000,461.9,665760,1483680,30,600,420
2025-06-12 09:42:21.000000,460.8,665760,1483680,30,600,420
2025-06-12 09:42:21.000000,460.8,665940,1483680,30,300,420
2025-06-12 09:42:22.000000,461.95,665940,1483680,60,300,420
2025-06-12 09:42:22.000000,461.6,666480,1483680,120,450,570
2025-06-12 09:42:23.000000,462.7,666480,1483680,30,450,570
2025-06-12 09:42:24.000000,461.4,667470,1483680,60,450,270
2025-06-12 09:42:24.000000,461.4,667470,1483680,60,450,270
2025-06-12 09:42:25.000000,462.85,667470,1483680,30,450,270
2025-06-12 09:42:25.000000,462.85,667530,1483680,30,330,300
2025-06-12 09:42:26.000000,462.85,667530,1483680,30,420,300
2025-06-12 09:42:27.000000,462.0,667530,1483680,30,420,300
2025-06-12 09:42:27.000000,461.7,667530,1483680,30,420,300
2025-06-12 09:42:28.000000,461.7,668310,1483680,30,690,150
2025-06-12 09:42:28.000000,462.45,668310,1483680,30,690,150
2025-06-12 09:42:29.000000,462.45,668340,1483680,30,660,330
2025-06-12 09:42:30.000000,462.45,668340,1483680,30,660,330
2025-06-12 09:42:30.000000,462.45,668340,1483680,30,600,300
2025-06-12 09:42:31.000000,463.5,668340,1483680,30,600,300
2025-06-12 09:42:31.000000,463.5,668430,1483680,30,270,210
2025-06-12 09:42:33.000000,463.5,668430,1483680,30,270,420
2025-06-12 09:42:33.000000,463.0,668430,1483680,30,270,420
2025-06-12 09:42:34.000000,463.95,668490,1483680,30,750,180
2025-06-12 09:42:34.000000,463.95,668490,1488600,30,750,180
2025-06-12 09:42:35.000000,462.2,668490,1488600,60,750,180
2025-06-12 09:42:35.000000,462.2,669000,1488600,60,1500,300
2025-06-12 09:42:36.000000,462.2,669000,1488600,60,780,450
2025-06-12 09:42:37.000000,462.2,669000,1488600,30,780,450
2025-06-12 09:42:38.000000,462.15,669060,1488600,30,420,360
2025-06-12 09:42:38.000000,462.15,669060,1488600,30,420,360
2025-06-12 09:42:39.000000,460.2,669150,1488600,30,750,180
2025-06-12 09:42:39.000000,460.2,669150,1488600,30,750,180
2025-06-12 09:42:40.000000,459.8,669150,1488600,30,750,180
2025-06-12 09:42:40.000000,459.8,669450,1488600,30,450,330
2025-06-12 09:42:41.000000,459.0,669540,1488600,30,720,210
2025-06-12 09:42:41.000000,459.0,669540,1488600,30,720,210
2025-06-12 09:42:42.000000,459.55,669540,1488600,30,720,210
2025-06-12 09:42:43.000000,458.85,669630,1488600,30,510,390
2025-06-12 09:42:43.000000,458.9,669630,1488600,60,510,390
2025-06-12 09:42:44.000000,458.9,669750,1488600,60,660,420
2025-06-12 09:42:44.000000,460.05,669750,1488600,30,660,420
2025-06-12 09:42:45.000000,460.05,669780,1488600,30,420,510
2025-06-12 09:42:45.000000,460.1,669780,1488600,30,420,510
2025-06-12 09:42:46.000000,459.45,669780,1488600,30,420,510
2025-06-12 09:42:46.000000,460.35,670050,1488600,30,150,540
2025-06-12 09:42:47.000000,459.45,670050,1488600,60,150,540
2025-06-12 09:42:48.000000,459.45,670800,1488600,60,930,750
2025-06-12 09:42:48.000000,459.95,670800,1488600,30,930,750
2025-06-12 09:42:49.000000,460.95,670860,1488600,30,780,480
2025-06-12 09:42:49.000000,460.95,670860,1488600,30,780,480
2025-06-12 09:42:50.000000,459.45,670860,1488600,30,780,480
2025-06-12 09:42:50.000000,459.45,671040,1488600,30,1620,450
2025-06-12 09:42:51.000000,454.1,671040,1488600,30,1620,450
2025-06-12 09:42:51.000000,454.1,673530,1488600,30,1440,300
2025-06-12 09:42:52.000000,455.0,673530,1488600,30,1440,300
2025-06-12 09:42:53.000000,454.45,673890,1488600,30,300,300
2025-06-12 09:42:53.000000,454.65,673890,1488600,30,300,300
2025-06-12 09:42:54.000000,456.85,674010,1488600,30,540,570
2025-06-12 09:42:54.000000,454.8,674010,1488600,60,540,570
2025-06-12 09:42:55.000000,455.85,674010,1488600,30,540,570
2025-06-12 09:42:55.000000,455.85,674670,1488600,30,420,300
2025-06-12 09:42:56.000000,455.75,674670,1488600,30,420,300
2025-06-12 09:42:56.000000,454.95,674880,1488600,30,660,450
2025-06-12 09:42:57.000000,457.4,674880,1488600,90,660,450
2025-06-12 09:42:58.000000,456.25,675330,1488600,30,240,540
2025-06-12 09:42:58.000000,456.15,675330,1488600,30,240,540
2025-06-12 09:42:59.000000,457.5,675480,1488600,60,390,360
2025-06-12 09:42:59.000000,457.5,675480,1488600,60,390,360
2025-06-12 09:43:00.000000,457.5,675480,1488600,60,390,360
2025-06-12 09:43:00.000000,453.55,675480,1488600,30,390,360
2025-06-12 09:43:00.000000,453.55,675780,1488600,30,1170,450
2025-06-12 09:43:01.000000,453.85,675780,1488600,30,1170,450
2025-06-12 09:43:01.000000,453.85,675810,1488600,30,1560,300
2025-06-12 09:43:02.000000,454.3,675810,1488600,30,1560,300
2025-06-12 09:43:03.000000,456.3,675960,1488600,30,660,300
2025-06-12 09:43:03.000000,455.45,675960,1488600,180,660,300
2025-06-12 09:43:04.000000,455.05,677220,1488600,30,420,240
2025-06-12 09:43:04.000000,455.05,677220,1488600,30,420,240
2025-06-12 09:43:05.000000,454.95,677220,1488600,30,420,240
2025-06-12 09:43:05.000000,454.95,677280,1488600,30,810,240
2025-06-12 09:43:06.000000,454.85,677280,1488600,90,810,240
2025-06-12 09:43:06.000000,454.85,677400,1488600,90,990,180
2025-06-12 09:43:07.000000,455.85,677400,1488600,30,990,180
2025-06-12 09:43:08.000000,455.95,677580,1488600,30,420,390
2025-06-12 09:43:08.000000,455.95,677580,1488600,30,420,390
2025-06-12 09:43:09.000000,455.95,677580,1488600,30,330,510
2025-06-12 09:43:10.000000,456.7,677580,1488600,30,330,510
2025-06-12 09:43:10.000000,456.7,677640,1488600,30,270,240
2025-06-12 09:43:11.000000,457.95,677640,1488600,30,270,240
2025-06-12 09:43:11.000000,457.2,677640,1488600,30,270,240
2025-06-12 09:43:11.000000,456.35,677820,1488600,30,210,300
2025-06-12 09:43:12.000000,456.35,677820,1488600,30,210,300
2025-06-12 09:43:12.000000,457.55,677850,1488600,30,630,510
2025-06-12 09:43:13.000000,457.55,677850,1488600,30,630,510
2025-06-12 09:43:14.000000,457.45,678000,1488600,30,330,300
2025-06-12 09:43:14.000000,457.5,678000,1488600,30,330,300
2025-06-12 09:43:15.000000,457.5,678060,1488600,30,1080,360
2025-06-12 09:43:15.000000,457.15,678060,1488600,30,1080,360
2025-06-12 09:43:16.000000,457.1,678060,1488600,30,1080,360
2025-06-12 09:43:16.000000,457.0,678630,1488600,90,240,300
2025-06-12 09:43:17.000000,457.55,678630,1488600,30,240,300
2025-06-12 09:43:17.000000,457.55,678720,1488600,30,330,690
2025-06-12 09:43:18.000000,456.4,678720,1488600,30,330,690
2025-06-12 09:43:18.000000,457.65,678990,1488600,30,750,540
2025-06-12 09:43:19.000000,455.65,678990,1488600,30,750,540
2025-06-12 09:43:20.000000,455.65,679320,1488600,30,720,360
2025-06-12 09:43:20.000000,455.35,679320,1488600,30,720,360
2025-06-12 09:43:21.000000,454.85,679320,1488600,30,720,360
2025-06-12 09:43:21.000000,453.0,679980,1488600,60,240,270
2025-06-12 09:43:22.000000,452.7,679980,1488600,30,240,270
2025-06-12 09:43:22.000000,452.4,680400,1488600,30,870,360
2025-06-12 09:43:23.000000,454.0,680400,1488600,30,870,360
2025-06-12 09:43:23.000000,454.65,680520,1488600,30,330,390
2025-06-12 09:43:24.000000,454.8,680520,1488600,30,330,390
2025-06-12 09:43:25.000000,448.15,687030,1488600,60,330,480
2025-06-12 09:43:25.000000,448.3,687030,1488600,30,330,480
2025-06-12 09:43:26.000000,448.7,687030,1488600,30,330,480
2025-06-12 09:43:26.000000,450.0,687480,1488600,30,210,540
2025-06-12 09:43:27.000000,449.9,687480,1488600,30,210,540
2025-06-12 09:43:27.000000,448.25,687840,1488600,30,360,480
2025-06-12 09:43:28.000000,448.25,687840,1488600,30,360,480
2025-06-12 09:43:28.000000,449.45,687900,1488600,30,300,420
2025-06-12 09:43:29.000000,446.35,687900,1488600,60,300,420
2025-06-12 09:43:30.000000,446.35,687900,1488600,60,300,420
2025-06-12 09:43:30.000000,445.2,688800,1488600,30,720,360
2025-06-12 09:43:30.000000,445.5,688800,1488600,30,720,360
2025-06-12 09:43:31.000000,446.15,688800,1488600,60,720,360
2025-06-12 09:43:31.000000,445.0,689070,1488600,30,750,270
2025-06-12 09:43:32.000000,446.0,689070,1488600,30,750,270
2025-06-12 09:43:32.000000,446.0,689400,1488600,30,360,330
2025-06-12 09:43:33.000000,446.85,689400,1488600,30,360,330
2025-06-12 09:43:33.000000,446.0,690150,1488600,30,420,210
2025-06-12 09:43:34.000000,447.55,690150,1488600,30,420,210
2025-06-12 09:43:35.000000,446.55,690990,1488600,30,450,270
2025-06-12 09:43:35.000000,446.0,690990,1488600,30,450,270
2025-06-12 09:43:36.000000,447.8,690990,1488600,30,450,270
2025-06-12 09:43:36.000000,448.05,691830,1488600,120,390,510
2025-06-12 09:43:37.000000,452.0,691830,1488600,90,390,510
2025-06-12 09:43:37.000000,452.0,692130,1488600,90,390,240
2025-06-12 09:43:38.000000,451.65,692130,1488600,30,390,240
2025-06-12 09:43:38.000000,451.95,692820,1488600,30,570,450
2025-06-12 09:43:39.000000,450.35,692820,1488600,60,570,450
2025-06-12 09:43:40.000000,451.8,695280,1488600,30,570,330
2025-06-12 09:43:40.000000,451.8,695280,1488600,30,570,330
2025-06-12 09:43:41.000000,455.5,695280,1488600,30,570,330
2025-06-12 09:43:41.000000,456.4,696420,1488600,30,270,300
2025-06-12 09:43:42.000000,459.3,696420,1488600,30,270,300
2025-06-12 09:43:42.000000,459.2,697110,1488600,30,390,360
2025-06-12 09:43:43.000000,459.6,697110,1488600,120,390,360
2025-06-12 09:43:43.000000,462.7,697980,1488600,30,600,210
2025-06-12 09:43:44.000000,462.05,697980,1488600,30,600,210
2025-06-12 09:43:45.000000,462.0,698370,1488600,30,600,180
2025-06-12 09:43:45.000000,461.4,698370,1488600,30,600,180
2025-06-12 09:43:46.000000,460.2,698370,1488600,30,600,180
2025-06-12 09:43:46.000000,460.2,698550,1488600,30,600,390
2025-06-12 09:43:47.000000,459.3,698550,1488600,30,600,390
2025-06-12 09:43:47.000000,458.15,699180,1488600,30,360,240
2025-06-12 09:43:48.000000,457.45,699180,1488600,30,360,240
2025-06-12 09:43:48.000000,458.3,699270,1488600,30,480,420
2025-06-12 09:43:49.000000,458.85,699270,1488600,30,480,420
2025-06-12 09:43:50.000000,458.85,699300,1488600,30,420,240
2025-06-12 09:43:50.000000,460.7,699300,1488600,30,420,240
2025-06-12 09:43:51.000000,461.35,699300,1488600,30,420,240
2025-06-12 09:43:51.000000,461.35,699750,1488600,30,510,330
2025-06-12 09:43:52.000000,462.05,699750,1488600,60,510,330
2025-06-12 09:43:52.000000,461.8,699840,1488600,30,390,420
2025-06-12 09:43:53.000000,461.8,699840,1488600,30,390,420
2025-06-12 09:43:53.000000,461.75,700110,1488600,90,540,450
2025-06-12 09:43:54.000000,461.85,700110,1488600,30,540,450
2025-06-12 09:43:55.000000,461.65,700230,1488600,30,390,330
2025-06-12 09:43:55.000000,460.95,700230,1488600,30,390,330
2025-06-12 09:43:56.000000,460.0,700230,1488600,30,390,330
2025-06-12 09:43:56.000000,461.85,700500,1488600,30,390,450
2025-06-12 09:43:57.000000,460.45,700500,1488600,30,390,450
2025-06-12 09:43:57.000000,460.45,700560,1488600,30,600,450
2025-06-12 09:43:58.000000,460.55,700560,1488600,30,600,450
2025-06-12 09:43:58.000000,460.55,700920,1488600,30,810,660
2025-06-12 09:44:00.000000,460.55,700920,1488600,30,810,660
2025-06-12 09:44:00.000000,461.95,700920,1488600,30,810,660
2025-06-12 09:44:00.000000,461.95,700950,1488600,30,510,690
2025-06-12 09:44:01.000000,459.2,700950,1488600,90,510,690
2025-06-12 09:44:01.000000,459.2,701040,1488600,90,390,420
2025-06-12 09:44:02.000000,459.2,701040,1488600,30,390,420
2025-06-12 09:44:02.000000,459.15,701100,1488600,30,1110,390
2025-06-12 09:44:03.000000,459.1,701100,1488600,30,1110,390
2025-06-12 09:44:03.000000,458.95,701310,1488600,30,1710,390
2025-06-12 09:44:04.000000,458.95,701310,1488600,30,1710,390
2025-06-12 09:44:05.000000,458.95,701310,1488600,30,390,570
2025-06-12 09:44:05.000000,459.2,701310,1488600,30,390,570
2025-06-12 09:44:06.000000,459.0,701310,1488600,30,390,570
2025-06-12 09:44:06.000000,459.0,701700,1488600,30,600,420
2025-06-12 09:44:07.000000,456.6,701700,1488600,30,600,420
2025-06-12 09:44:07.000000,456.6,701820,1488600,30,510,330
2025-06-12 09:44:08.000000,456.3,701820,1488600,30,510,330
2025-06-12 09:44:08.000000,456.3,702150,1488600,30,390,210
2025-06-12 09:44:10.000000,456.75,702150,1488600,30,390,210
