timestamp,ltp,bid_qty,ask_qty
2025-06-20 10:10:48.214249,1340.0,188202.0,173857.0
2025-06-20 10:10:53.666802,1340.0,188640.0,173488.0
2025-06-20 10:10:56.593426,1340.0,188640.0,173488.0
2025-06-20 10:10:58.611035,1340.0,188640.0,173488.0
2025-06-20 10:10:59.267993,1340.0,188501.0,173518.0
2025-06-20 10:11:00.630216,1340.0,188501.0,173518.0
2025-06-20 10:11:04.598457,1339.9,188501.0,173518.0
2025-06-20 10:11:04.872131,1339.9,188796.0,173879.0
2025-06-20 10:11:08.856942,1340.0,188796.0,173879.0
2025-06-20 10:11:10.977819,1340.0,189428.0,173345.0
2025-06-20 10:11:12.902137,1340.0,189428.0,173345.0
2025-06-20 10:11:14.681781,1340.0,189428.0,173345.0
2025-06-20 10:11:16.659282,1339.7,189428.0,173345.0
2025-06-20 10:11:16.683382,1339.7,189008.0,173702.0
2025-06-20 10:11:19.261908,1340.0,189008.0,173702.0
2025-06-20 10:11:20.627828,1339.7,189008.0,173702.0
2025-06-20 10:11:21.783003,1340.0,188834.0,173487.0
2025-06-20 10:11:22.665414,1340.0,188834.0,173487.0
2025-06-20 10:11:26.884014,1340.0,188834.0,173487.0
2025-06-20 10:11:27.188766,1340.0,188760.0,172675.0
2025-06-20 10:11:28.873978,1340.0,188760.0,172675.0
2025-06-20 10:11:30.853092,1340.0,188760.0,172675.0
2025-06-20 10:11:32.603493,1339.8,188760.0,172675.0
2025-06-20 10:11:32.796753,1339.8,188624.0,175911.0
2025-06-20 10:11:36.604980,1339.8,188624.0,175911.0
2025-06-20 10:11:38.408157,1339.8,188499.0,176171.0
2025-06-20 10:11:42.595149,1340.0,188499.0,176171.0
2025-06-20 10:11:44.506466,1340.0,188016.0,176213.0
2025-06-20 10:11:46.596279,1340.0,188016.0,176213.0
2025-06-20 10:11:48.596312,1339.5,188016.0,176213.0
2025-06-20 10:11:50.429629,1339.5,186940.0,178762.0
2025-06-20 10:11:52.612896,1339.8,186940.0,178762.0
2025-06-20 10:11:54.595977,1339.8,186940.0,178762.0
2025-06-20 10:11:56.216038,1339.8,188140.0,178017.0
2025-06-20 10:11:56.594686,1339.5,188140.0,178017.0
2025-06-20 10:11:58.601592,1340.0,188140.0,178017.0
2025-06-20 10:12:02.439013,1340.0,189690.0,175514.0
2025-06-20 10:12:02.602591,1340.0,189690.0,175514.0
2025-06-20 10:12:05.605023,1340.0,189690.0,175514.0
2025-06-20 10:12:08.602525,1340.0,189690.0,175514.0
2025-06-20 10:12:09.110273,1340.0,190433.0,175214.0
2025-06-20 10:12:11.608634,1340.0,190433.0,175214.0
2025-06-20 10:12:14.643762,1340.0,190433.0,175214.0
2025-06-20 10:12:15.629934,1340.0,190090.0,172764.0
2025-06-20 10:12:17.614802,1340.0,190090.0,172764.0
2025-06-20 10:12:20.629716,1340.0,190090.0,172764.0
2025-06-20 10:12:21.946661,1340.0,190339.0,175493.0
2025-06-20 10:12:23.601048,1340.0,190339.0,175493.0
2025-06-20 10:12:26.620076,1340.0,190339.0,175493.0
2025-06-20 10:12:28.026524,1340.0,190434.0,174182.0
2025-06-20 10:12:28.600755,1340.0,190434.0,174182.0
2025-06-20 10:12:32.616965,1340.0,190434.0,174182.0
2025-06-20 10:12:34.142930,1340.0,191449.0,173143.0
2025-06-20 10:12:34.609421,1340.0,191449.0,173143.0
2025-06-20 10:12:36.614755,1340.0,191449.0,173143.0
2025-06-20 10:12:38.609975,1339.8,191449.0,173143.0
2025-06-20 10:12:40.036725,1339.8,191079.0,173004.0
2025-06-20 10:12:40.549519,1339.8,191079.0,173004.0
2025-06-20 10:12:41.167419,1339.8,191079.0,173004.0
2025-06-20 10:12:42.300206,1339.8,191079.0,173004.0
2025-06-20 10:12:42.600639,1340.0,191079.0,173004.0
2025-06-20 10:12:42.956459,1340.0,191079.0,173004.0
2025-06-20 10:12:43.451472,1340.0,191079.0,173004.0
2025-06-20 10:12:44.655278,1340.0,191079.0,173004.0
2025-06-20 10:12:44.677914,1340.0,191079.0,173004.0
2025-06-20 10:12:45.421135,1340.0,191079.0,173004.0
2025-06-20 10:12:45.940926,1340.0,191458.0,173394.0
2025-06-20 10:12:46.684721,1340.0,191458.0,173394.0
2025-06-20 10:12:47.651623,1340.0,191458.0,173394.0
2025-06-20 10:12:48.604390,1339.8,191458.0,173394.0
2025-06-20 10:12:49.155136,1339.8,191458.0,173394.0
2025-06-20 10:12:50.478693,1339.8,191458.0,173394.0
2025-06-20 10:12:50.601928,1340.0,191458.0,173394.0
2025-06-20 10:12:51.717842,1340.0,191458.0,173394.0
2025-06-20 10:12:51.863574,1340.0,192248.0,175497.0
2025-06-20 10:12:52.612079,1340.0,192248.0,175497.0
2025-06-20 10:12:53.265244,1340.0,192248.0,175497.0
2025-06-20 10:12:54.612585,1340.0,192248.0,175497.0
2025-06-20 10:12:56.610086,1340.0,192248.0,175497.0
2025-06-20 10:12:57.654238,1339.9,192163.0,172953.0
2025-06-20 10:12:58.604312,1339.9,192163.0,172953.0
2025-06-20 10:13:00.610092,1340.0,192163.0,172953.0
2025-06-20 10:13:02.606019,1340.0,192163.0,172953.0
2025-06-20 10:13:03.051643,1340.0,187560.0,176066.0
2025-06-20 10:13:08.609562,1340.0,187560.0,176066.0
2025-06-20 10:13:08.865821,1340.0,187432.0,176546.0
2025-06-20 10:13:12.604668,1340.0,187432.0,176546.0
2025-06-20 10:13:14.465376,1340.0,187906.0,177193.0
2025-06-20 10:13:18.606381,1340.0,187906.0,177193.0
2025-06-20 10:13:20.466826,1340.0,187991.0,177612.0
2025-06-20 10:13:20.607971,1340.0,187991.0,177612.0
2025-06-20 10:13:22.614060,1340.0,187991.0,177612.0
2025-06-20 10:13:26.775493,1340.0,187502.0,175760.0
2025-06-20 10:13:28.601338,1340.0,187502.0,175760.0
2025-06-20 10:13:32.620414,1340.0,187502.0,175760.0
2025-06-20 10:13:32.975410,1340.0,188376.0,174913.0
2025-06-20 10:13:34.603023,1340.0,188376.0,174913.0
2025-06-20 10:13:36.611369,1340.0,188376.0,174913.0
2025-06-20 10:13:38.600240,1340.0,188376.0,174913.0
2025-06-20 10:13:39.175514,1340.0,188121.0,174181.0
2025-06-20 10:13:40.607685,1340.0,188121.0,174181.0
2025-06-20 10:13:42.605773,1340.0,188121.0,174181.0
2025-06-20 10:13:44.621177,1340.0,188121.0,174181.0
2025-06-20 10:13:45.186040,1340.0,188368.0,171952.0
2025-06-20 10:13:46.603988,1340.0,188368.0,171952.0
2025-06-20 10:13:48.619124,1340.0,188368.0,171952.0
2025-06-20 10:13:50.625968,1340.0,188368.0,171952.0
2025-06-20 10:13:50.683203,1340.0,188304.0,170986.0
2025-06-20 10:13:52.616194,1340.0,188304.0,170986.0
2025-06-20 10:13:54.603269,1340.0,188304.0,170986.0
2025-06-20 10:13:56.286240,1340.0,188430.0,174227.0
2025-06-20 10:13:56.613103,1340.0,188430.0,174227.0
2025-06-20 10:13:58.622320,1340.0,188430.0,174227.0
2025-06-20 10:14:00.607666,1340.0,188430.0,174227.0
2025-06-20 10:14:01.921962,1340.0,188176.0,174667.0
2025-06-20 10:14:02.659473,1340.0,188176.0,174667.0
2025-06-20 10:14:04.633041,1340.0,188176.0,174667.0
2025-06-20 10:14:06.622928,1340.0,188176.0,174667.0
2025-06-20 10:14:07.498535,1340.0,188108.0,172792.0
2025-06-20 10:14:08.618234,1340.0,188108.0,172792.0
2025-06-20 10:14:10.611779,1340.0,188108.0,172792.0
2025-06-20 10:14:12.629927,1340.0,188108.0,172792.0
2025-06-20 10:14:13.430457,1340.0,187813.0,171938.0
2025-06-20 10:14:16.615010,1340.3,187813.0,171938.0
2025-06-20 10:14:18.606495,1340.4,187813.0,171938.0
2025-06-20 10:14:19.201596,1340.4,192840.0,157104.0
2025-06-20 10:14:20.611700,1340.2,192840.0,157104.0
2025-06-20 10:14:22.613365,1340.3,192840.0,157104.0
2025-06-20 10:14:24.630187,1340.1,192840.0,157104.0
2025-06-20 10:14:25.204265,1340.1,187098.0,158158.0
2025-06-20 10:14:26.609407,1340.0,187098.0,158158.0
2025-06-20 10:14:28.606192,1340.0,187098.0,158158.0
2025-06-20 10:14:30.613846,1340.0,187098.0,158158.0
2025-06-20 10:14:31.106467,1340.0,186301.0,159043.0
2025-06-20 10:14:32.607652,1340.0,186301.0,159043.0
2025-06-20 10:14:34.662439,1340.0,186301.0,159043.0
2025-06-20 10:14:36.641194,1339.9,186301.0,159043.0
2025-06-20 10:14:36.708446,1339.9,185741.0,160444.0
2025-06-20 10:14:38.614921,1340.0,185741.0,160444.0
2025-06-20 10:14:42.346670,1340.0,185154.0,160626.0
2025-06-20 10:14:42.614450,1340.0,185154.0,160626.0
2025-06-20 10:14:44.623487,1339.7,185154.0,160626.0
2025-06-20 10:14:46.606596,1339.6,185154.0,160626.0
2025-06-20 10:14:48.031586,1339.6,182409.0,163132.0
2025-06-20 10:14:48.615284,1339.9,182409.0,163132.0
2025-06-20 10:14:50.608443,1339.4,182409.0,163132.0
2025-06-20 10:14:53.860622,1340.0,182800.0,162624.0
2025-06-20 10:14:54.620005,1340.0,182800.0,162624.0
2025-06-20 10:14:56.608981,1339.6,182800.0,162624.0
2025-06-20 10:14:58.614244,1339.6,182800.0,162624.0
2025-06-20 10:15:00.125365,1339.8,181559.0,163427.0
2025-06-20 10:15:00.613018,1339.8,181559.0,163427.0
2025-06-20 10:15:01.124857,1339.8,180948.0,163288.0
2025-06-20 10:15:02.226816,1339.8,181986.0,162603.0
2025-06-20 10:15:03.340825,1339.8,183743.0,162461.0
2025-06-20 10:15:04.232974,1339.8,183704.0,162562.0
2025-06-20 10:15:05.434399,1339.8,183768.0,162580.0
2025-06-20 10:15:06.435462,1339.9,184224.0,160560.0
2025-06-20 10:15:06.610308,1339.9,184224.0,160560.0
2025-06-20 10:15:07.442053,1339.9,184892.0,160586.0
2025-06-20 10:15:07.610085,1339.9,184892.0,160586.0
2025-06-20 10:15:08.554498,1339.9,184473.0,161051.0
2025-06-20 10:15:08.607586,1339.9,184473.0,161051.0
2025-06-20 10:15:09.451569,1339.9,184442.0,161259.0
2025-06-20 10:15:09.607058,1339.9,184442.0,161259.0
2025-06-20 10:15:10.609012,1339.9,184442.0,161259.0
2025-06-20 10:15:10.641053,1339.9,185150.0,161159.0
2025-06-20 10:15:11.732152,1339.9,184909.0,161302.0
2025-06-20 10:15:12.605520,1339.9,184909.0,161302.0
2025-06-20 10:15:12.737801,1339.9,186201.0,160445.0
2025-06-20 10:15:13.933820,1339.9,186185.0,160827.0
2025-06-20 10:15:14.603768,1340.0,186185.0,160827.0
2025-06-20 10:15:15.034846,1340.0,185751.0,160820.0
2025-06-20 10:15:15.606447,1340.0,185751.0,160820.0
2025-06-20 10:15:16.037843,1340.0,185775.0,159662.0
2025-06-20 10:15:16.610958,1340.0,185775.0,159662.0
2025-06-20 10:15:17.037339,1340.0,186134.0,159247.0
2025-06-20 10:15:18.039693,1340.0,185925.0,159442.0
2025-06-20 10:15:18.610916,1340.0,185925.0,159442.0
2025-06-20 10:15:19.041437,1340.0,185908.0,159239.0
2025-06-20 10:15:19.605245,1340.0,185908.0,159239.0
2025-06-20 10:15:20.042729,1340.0,185183.0,160342.0
2025-06-20 10:15:20.608510,1340.0,185183.0,160342.0
2025-06-20 10:15:21.239091,1340.0,184549.0,160839.0
2025-06-20 10:15:22.248679,1340.0,185069.0,160436.0
2025-06-20 10:15:22.618497,1339.9,185069.0,160436.0
2025-06-20 10:15:23.357301,1339.9,184923.0,160362.0
2025-06-20 10:15:23.605413,1340.0,184923.0,160362.0
2025-06-20 10:15:24.352306,1340.0,185583.0,160414.0
2025-06-20 10:15:25.452456,1340.0,184649.0,160442.0
2025-06-20 10:15:26.451980,1340.0,185246.0,160060.0
2025-06-20 10:15:27.565362,1340.0,185941.0,159717.0
2025-06-20 10:15:27.610132,1340.0,185941.0,159717.0
2025-06-20 10:15:28.607729,1340.0,185941.0,159717.0
2025-06-20 10:15:28.652498,1340.0,186335.0,159917.0
2025-06-20 10:15:29.615619,1340.4,186335.0,159917.0
2025-06-20 10:15:29.747904,1340.4,187541.0,155735.0
2025-06-20 10:15:30.611386,1340.7,187541.0,155735.0
2025-06-20 10:15:30.747755,1340.7,187772.0,154081.0
2025-06-20 10:15:31.610765,1340.7,187772.0,154081.0
2025-06-20 10:15:31.748503,1340.7,187900.0,154785.0
2025-06-20 10:15:32.608894,1340.4,187900.0,154785.0
2025-06-20 10:15:32.864061,1340.4,187099.0,155685.0
2025-06-20 10:15:33.606094,1340.4,187099.0,155685.0
2025-06-20 10:15:33.950479,1340.2,187247.0,155981.0
2025-06-20 10:15:34.608671,1340.5,187247.0,155981.0
2025-06-20 10:15:34.954478,1340.6,187409.0,155588.0
2025-06-20 10:15:35.612097,1340.6,187409.0,155588.0
2025-06-20 10:15:35.908095,1340.6,184028.0,154394.0
2025-06-20 10:15:36.612426,1340.1,184028.0,154394.0
2025-06-20 10:15:36.950321,1340.1,185970.0,156435.0
2025-06-20 10:15:37.614290,1340.1,185970.0,156435.0
2025-06-20 10:15:38.052273,1340.1,187279.0,155621.0
2025-06-20 10:15:38.608567,1340.0,187279.0,155621.0
2025-06-20 10:15:38.955700,1340.0,183223.0,155252.0
2025-06-20 10:15:39.615998,1340.1,183223.0,155252.0
2025-06-20 10:15:39.955959,1340.1,184660.0,154899.0
2025-06-20 10:15:40.622458,1340.1,184660.0,154899.0
2025-06-20 10:15:40.960208,1340.0,184896.0,153483.0
2025-06-20 10:15:40.969398,1340.0,184896.0,153483.0
2025-06-20 10:15:41.372583,1340.0,184896.0,153483.0
2025-06-20 10:15:41.610680,1340.2,184896.0,153483.0
2025-06-20 10:15:41.916958,1340.2,184896.0,153483.0
2025-06-20 10:15:42.056487,1340.2,185297.0,155128.0
2025-06-20 10:15:42.173753,1340.2,185297.0,155128.0
2025-06-20 10:15:42.608665,1340.2,185297.0,155128.0
2025-06-20 10:15:42.772926,1340.2,185297.0,155128.0
2025-06-20 10:15:43.076723,1340.7,185620.0,155719.0
2025-06-20 10:15:43.464576,1340.7,185620.0,155719.0
2025-06-20 10:15:43.612405,1340.2,185620.0,155719.0
2025-06-20 10:15:43.859038,1340.2,185620.0,155719.0
2025-06-20 10:15:44.165768,1340.2,184874.0,156138.0
2025-06-20 10:15:44.465053,1340.2,184874.0,156138.0
2025-06-20 10:15:44.610900,1340.2,184874.0,156138.0
2025-06-20 10:15:44.822414,1340.2,184874.0,156138.0
2025-06-20 10:15:45.165547,1340.8,187369.0,153106.0
2025-06-20 10:15:45.609647,1340.6,187369.0,153106.0
2025-06-20 10:15:45.782972,1340.6,187369.0,153106.0
2025-06-20 10:15:46.259945,1340.6,187906.0,153447.0
2025-06-20 10:15:46.610400,1341.6,187906.0,153447.0
2025-06-20 10:15:47.116345,1341.6,187906.0,153447.0
2025-06-20 10:15:47.259007,1342.0,190294.0,149985.0
2025-06-20 10:15:47.610013,1342.3,190294.0,149985.0
2025-06-20 10:15:48.077214,1342.3,190294.0,149985.0
2025-06-20 10:15:48.259691,1342.0,193000.0,144686.0
2025-06-20 10:15:48.608058,1342.0,193000.0,144686.0
2025-06-20 10:15:49.261559,1342.3,193325.0,145901.0
2025-06-20 10:15:49.656085,1342.3,193325.0,145901.0
2025-06-20 10:15:49.660641,1342.3,193325.0,145901.0
2025-06-20 10:15:50.261493,1342.3,192410.0,145310.0
2025-06-20 10:15:50.612371,1342.6,192410.0,145310.0
2025-06-20 10:15:50.883115,1342.6,192410.0,145310.0
2025-06-20 10:15:51.366675,1342.6,194311.0,145062.0
2025-06-20 10:15:51.610991,1342.7,194311.0,145062.0
2025-06-20 10:15:52.128295,1342.7,194311.0,145062.0
2025-06-20 10:15:52.373078,1342.7,192576.0,144952.0
2025-06-20 10:15:52.612061,1342.7,192576.0,144952.0
2025-06-20 10:15:53.366034,1342.5,193655.0,146165.0
2025-06-20 10:15:53.608843,1342.6,193655.0,146165.0
2025-06-20 10:15:53.708843,1342.6,193655.0,146165.0
2025-06-20 10:15:54.263155,1342.3,191717.0,148240.0
2025-06-20 10:15:54.609188,1342.3,191717.0,148240.0
2025-06-20 10:15:55.797322,1342.2,190608.0,147129.0
2025-06-20 10:15:55.799129,1342.2,190608.0,147129.0
2025-06-20 10:15:56.265102,1342.2,190388.0,147411.0
2025-06-20 10:15:56.611077,1341.9,190388.0,147411.0
2025-06-20 10:15:57.375239,1341.8,185463.0,155352.0
2025-06-20 10:15:57.678930,1341.2,185463.0,155352.0
2025-06-20 10:15:58.474719,1341.1,186261.0,153982.0
2025-06-20 10:15:58.608583,1341.0,186261.0,153982.0
2025-06-20 10:15:59.568833,1340.8,185993.0,155986.0
2025-06-20 10:15:59.612623,1340.8,185993.0,155986.0
2025-06-20 10:16:00.613161,1341.1,185993.0,155986.0
2025-06-20 10:16:00.776920,1341.1,188711.0,151820.0
2025-06-20 10:16:01.608879,1341.4,188711.0,151820.0
2025-06-20 10:16:01.882067,1342.0,186980.0,151496.0
2025-06-20 10:16:02.604504,1341.6,186980.0,151496.0
2025-06-20 10:16:02.972426,1341.4,189015.0,152085.0
2025-06-20 10:16:03.606065,1341.9,189015.0,152085.0
2025-06-20 10:16:04.121669,1341.4,187994.0,152132.0
2025-06-20 10:16:04.611257,1341.4,187994.0,152132.0
2025-06-20 10:16:05.178039,1342.2,187172.0,150119.0
2025-06-20 10:16:05.658635,1341.5,187172.0,150119.0
2025-06-20 10:16:06.271070,1342.2,188251.0,150299.0
2025-06-20 10:16:06.610658,1342.0,188251.0,150299.0
2025-06-20 10:16:07.169797,1342.0,188022.0,150412.0
2025-06-20 10:16:07.607707,1342.0,188022.0,150412.0
2025-06-20 10:16:08.172322,1342.3,189875.0,148763.0
2025-06-20 10:16:08.607666,1342.0,189875.0,148763.0
2025-06-20 10:16:09.271650,1341.4,186803.0,153880.0
2025-06-20 10:16:09.607858,1341.9,186803.0,153880.0
2025-06-20 10:16:10.271985,1341.2,187227.0,154866.0
2025-06-20 10:16:10.607057,1341.1,187227.0,154866.0
2025-06-20 10:16:11.374207,1340.8,186798.0,156010.0
2025-06-20 10:16:11.606751,1340.8,186798.0,156010.0
2025-06-20 10:16:12.472473,1340.8,186825.0,155646.0
2025-06-20 10:16:12.606290,1340.8,186825.0,155646.0
2025-06-20 10:16:13.575560,1340.5,184371.0,157301.0
2025-06-20 10:16:13.606533,1340.3,184371.0,157301.0
2025-06-20 10:16:14.585707,1340.3,186018.0,157024.0
2025-06-20 10:16:14.606212,1340.3,186018.0,157024.0
2025-06-20 10:16:15.574692,1340.3,185412.0,156221.0
2025-06-20 10:16:15.607918,1340.3,185412.0,156221.0
2025-06-20 10:16:16.575877,1340.3,186427.0,156115.0
2025-06-20 10:16:16.608663,1340.3,186427.0,156115.0
2025-06-20 10:16:17.678229,1340.3,187015.0,155651.0
2025-06-20 10:16:18.612927,1341.1,187015.0,155651.0
2025-06-20 10:16:18.777801,1341.4,188515.0,154820.0
2025-06-20 10:16:19.607487,1341.6,188515.0,154820.0
2025-06-20 10:16:19.886787,1341.3,187896.0,154548.0
2025-06-20 10:16:20.608780,1341.1,187896.0,154548.0
2025-06-20 10:16:20.977252,1341.3,186845.0,154588.0
2025-06-20 10:16:21.606611,1341.1,186845.0,154588.0
2025-06-20 10:16:22.080069,1341.1,186961.0,153867.0
2025-06-20 10:16:22.610305,1341.6,186961.0,153867.0
2025-06-20 10:16:23.181176,1341.1,184897.0,155713.0
2025-06-20 10:16:23.608380,1340.9,184897.0,155713.0
2025-06-20 10:16:24.281443,1340.6,185649.0,155852.0
2025-06-20 10:16:24.620087,1340.6,185649.0,155852.0
2025-06-20 10:16:25.291470,1340.7,186865.0,155658.0
2025-06-20 10:16:25.606667,1340.4,186865.0,155658.0
2025-06-20 10:16:26.388516,1340.8,188642.0,154490.0
2025-06-20 10:16:26.641828,1340.8,188642.0,154490.0
2025-06-20 10:16:27.484164,1340.8,188722.0,154343.0
2025-06-20 10:16:27.614618,1340.8,188722.0,154343.0
2025-06-20 10:16:28.494760,1340.8,189214.0,152961.0
2025-06-20 10:16:29.583493,1341.1,189373.0,152603.0
2025-06-20 10:16:29.609082,1341.1,189373.0,152603.0
2025-06-20 10:16:30.582605,1341.1,187849.0,153213.0
2025-06-20 10:16:30.606156,1341.7,187849.0,153213.0
2025-06-20 10:16:31.583765,1341.7,188091.0,153290.0
2025-06-20 10:16:32.483991,1341.7,188089.0,153324.0
2025-06-20 10:16:33.485162,1341.7,189148.0,151606.0
2025-06-20 10:16:34.587736,1341.7,189036.0,152402.0
2025-06-20 10:16:35.696105,1341.7,188879.0,152021.0
2025-06-20 10:16:36.613616,1341.9,188879.0,152021.0
2025-06-20 10:16:36.789063,1341.9,188630.0,151901.0
2025-06-20 10:16:37.608107,1341.9,188630.0,151901.0
2025-06-20 10:16:37.902209,1341.9,189852.0,149662.0
2025-06-20 10:16:38.614555,1341.9,189852.0,149662.0
2025-06-20 10:16:38.902644,1341.9,190125.0,150556.0
2025-06-20 10:16:39.644885,1341.9,190125.0,150556.0
2025-06-20 10:16:39.991127,1341.9,189725.0,150751.0
2025-06-20 10:16:40.608407,1342.0,189725.0,150751.0
2025-06-20 10:16:40.990049,1342.3,190438.0,149984.0
2025-06-20 10:16:41.613201,1341.9,190438.0,149984.0
2025-06-20 10:16:41.992637,1342.0,190407.0,150530.0
2025-06-20 10:16:42.613186,1342.4,190407.0,150530.0
2025-06-20 10:16:42.993658,1342.5,191905.0,146892.0
2025-06-20 10:16:43.614505,1342.7,191905.0,146892.0
2025-06-20 10:16:43.992207,1342.9,190317.0,146294.0
2025-06-20 10:16:44.661755,1342.3,190317.0,146294.0
2025-06-20 10:16:44.992918,1342.3,192286.0,149185.0
2025-06-20 10:16:45.611125,1342.1,192286.0,149185.0
2025-06-20 10:16:45.994067,1342.6,191436.0,147431.0
2025-06-20 10:16:46.609948,1342.3,191436.0,147431.0
2025-06-20 10:16:46.993697,1342.8,190608.0,148378.0
2025-06-20 10:16:47.613532,1343.1,190608.0,148378.0
2025-06-20 10:16:47.995571,1342.8,190898.0,148135.0
2025-06-20 10:16:48.610491,1342.5,190898.0,148135.0
2025-06-20 10:16:48.994788,1342.4,190489.0,148192.0
2025-06-20 10:16:49.609584,1343.1,190489.0,148192.0
2025-06-20 10:16:49.996536,1342.4,191926.0,148332.0
2025-06-20 10:16:50.609189,1342.4,191926.0,148332.0
2025-06-20 10:16:51.097801,1342.4,191925.0,148001.0
2025-06-20 10:16:51.610955,1343.5,191925.0,148001.0
2025-06-20 10:16:52.097177,1343.9,193497.0,144563.0
2025-06-20 10:16:52.610039,1343.3,193497.0,144563.0
2025-06-20 10:16:53.098341,1344.0,193461.0,142901.0
2025-06-20 10:16:53.611295,1343.0,193461.0,142901.0
2025-06-20 10:16:54.104942,1343.0,192123.0,145056.0
2025-06-20 10:16:54.659053,1343.0,192123.0,145056.0
2025-06-20 10:16:55.101877,1343.5,192125.0,144685.0
2025-06-20 10:16:55.609264,1343.0,192125.0,144685.0
2025-06-20 10:16:56.202423,1343.0,191760.0,145135.0
2025-06-20 10:16:56.611187,1343.0,191760.0,145135.0
2025-06-20 10:16:57.317785,1343.0,192268.0,143981.0
2025-06-20 10:16:57.657834,1343.9,192268.0,143981.0
2025-06-20 10:16:58.316114,1343.0,191639.0,144206.0
2025-06-20 10:16:58.611222,1343.1,191639.0,144206.0
2025-06-20 10:16:59.444471,1343.8,191244.0,145405.0
2025-06-20 10:16:59.611122,1343.5,191244.0,145405.0
2025-06-20 10:17:00.659739,1343.5,191244.0,145405.0
2025-06-20 10:17:00.808576,1343.5,192156.0,144791.0
2025-06-20 10:17:01.610565,1343.6,192156.0,144791.0
2025-06-20 10:17:01.706045,1343.1,190218.0,145325.0
2025-06-20 10:17:02.613410,1343.7,190218.0,145325.0
2025-06-20 10:17:02.706111,1343.7,190683.0,145395.0
2025-06-20 10:17:03.613237,1343.5,190683.0,145395.0
2025-06-20 10:17:03.706723,1343.5,190967.0,146936.0
2025-06-20 10:17:04.707736,1343.5,191433.0,146968.0
2025-06-20 10:17:05.611768,1343.2,191433.0,146968.0
2025-06-20 10:17:05.711198,1343.2,191625.0,146639.0
2025-06-20 10:17:06.609682,1343.5,191625.0,146639.0
2025-06-20 10:17:06.711181,1343.5,191149.0,145606.0
2025-06-20 10:17:07.610498,1343.5,191149.0,145606.0
2025-06-20 10:17:07.711413,1343.5,191213.0,145922.0
2025-06-20 10:17:08.615887,1343.5,191213.0,145922.0
2025-06-20 10:17:08.711473,1343.5,191449.0,145676.0
2025-06-20 10:17:09.613747,1343.9,191449.0,145676.0
2025-06-20 10:17:09.712011,1343.9,191048.0,146042.0
2025-06-20 10:17:10.610962,1343.5,191048.0,146042.0
2025-06-20 10:17:10.628356,1343.5,191093.0,146089.0
2025-06-20 10:17:11.610376,1343.3,191093.0,146089.0
2025-06-20 10:17:11.628885,1343.3,191492.0,145722.0
2025-06-20 10:17:12.617388,1343.6,191492.0,145722.0
2025-06-20 10:17:12.631467,1343.6,192767.0,144314.0
2025-06-20 10:17:13.609878,1343.5,192767.0,144314.0
2025-06-20 10:17:13.628566,1343.5,192759.0,144366.0
2025-06-20 10:17:14.514071,1343.8,192373.0,144558.0
2025-06-20 10:17:14.610724,1343.8,192373.0,144558.0
2025-06-20 10:17:15.423817,1343.8,192296.0,145266.0
2025-06-20 10:17:15.611223,1343.8,192296.0,145266.0
2025-06-20 10:17:16.427354,1343.8,192169.0,144958.0
2025-06-20 10:17:16.610182,1343.9,192169.0,144958.0
2025-06-20 10:17:17.515011,1343.8,192247.0,145095.0
2025-06-20 10:17:17.616812,1343.8,192247.0,145095.0
2025-06-20 10:17:18.423471,1343.8,192105.0,145081.0
2025-06-20 10:17:18.617530,1343.8,192105.0,145081.0
2025-06-20 10:17:19.416608,1343.8,192790.0,143950.0
2025-06-20 10:17:19.611610,1343.8,192790.0,143950.0
2025-06-20 10:17:20.442700,1343.9,192231.0,144435.0
2025-06-20 10:17:20.612759,1343.8,192231.0,144435.0
2025-06-20 10:17:21.440201,1343.8,192232.0,144450.0
2025-06-20 10:17:21.609405,1343.8,192232.0,144450.0
2025-06-20 10:17:22.234665,1343.8,193364.0,144041.0
2025-06-20 10:17:23.220742,1344.0,193166.0,142960.0
2025-06-20 10:17:23.616864,1344.0,193166.0,142960.0
2025-06-20 10:17:24.222189,1344.0,192831.0,142772.0
2025-06-20 10:17:24.611351,1344.0,192831.0,142772.0
2025-06-20 10:17:25.223438,1344.0,192932.0,142829.0
2025-06-20 10:17:25.617322,1344.3,192932.0,142829.0
2025-06-20 10:17:26.155126,1344.0,192872.0,142545.0
2025-06-20 10:17:26.614737,1344.0,192872.0,142545.0
2025-06-20 10:17:27.123509,1344.0,192127.0,143158.0
2025-06-20 10:17:27.613001,1344.0,192127.0,143158.0
2025-06-20 10:17:28.126130,1344.0,192390.0,143156.0
2025-06-20 10:17:29.124809,1344.0,192779.0,143027.0
2025-06-20 10:17:29.615122,1344.6,192779.0,143027.0
2025-06-20 10:17:30.141310,1344.0,192780.0,144155.0
2025-06-20 10:17:30.614709,1344.5,192780.0,144155.0
2025-06-20 10:17:31.126582,1344.5,193170.0,144684.0
2025-06-20 10:17:31.613109,1344.6,193170.0,144684.0
2025-06-20 10:17:32.127442,1344.7,193673.0,143784.0
2025-06-20 10:17:32.612054,1344.1,193673.0,143784.0
2025-06-20 10:17:33.062639,1344.1,192962.0,143767.0
2025-06-20 10:17:33.639384,1344.2,192962.0,143767.0
2025-06-20 10:17:34.039967,1344.2,193894.0,141819.0
2025-06-20 10:17:34.615780,1344.2,193894.0,141819.0
2025-06-20 10:17:35.029848,1344.2,193952.0,141602.0
2025-06-20 10:17:35.615277,1345.2,193952.0,141602.0
2025-06-20 10:17:36.029398,1345.2,195044.0,135988.0
2025-06-20 10:17:36.611620,1345.3,195044.0,135988.0
2025-06-20 10:17:37.054898,1345.3,195572.0,135812.0
2025-06-20 10:17:37.611961,1345.3,195572.0,135812.0
2025-06-20 10:17:37.932401,1345.4,195949.0,136445.0
2025-06-20 10:17:38.642269,1345.5,195949.0,136445.0
2025-06-20 10:17:38.930859,1345.5,196067.0,136694.0
2025-06-20 10:17:39.616386,1345.7,196067.0,136694.0
2025-06-20 10:17:39.934382,1345.8,196908.0,134191.0
2025-06-20 10:17:40.617000,1346.0,196908.0,134191.0
2025-06-20 10:17:40.844634,1346.0,195922.0,134348.0
2025-06-20 10:17:41.611530,1345.8,195922.0,134348.0
2025-06-20 10:17:41.845797,1346.5,195992.0,135150.0
2025-06-20 10:17:42.615754,1346.0,195992.0,135150.0
2025-06-20 10:17:42.743979,1346.5,196127.0,135626.0
2025-06-20 10:17:43.636987,1346.7,196127.0,135626.0
2025-06-20 10:17:43.732716,1346.7,195533.0,135564.0
2025-06-20 10:17:44.611617,1345.9,195533.0,135564.0
2025-06-20 10:17:44.732054,1345.9,198584.0,136501.0
2025-06-20 10:17:45.612769,1346.6,198584.0,136501.0
2025-06-20 10:17:45.731863,1346.2,196121.0,135725.0
2025-06-20 10:17:46.612365,1346.2,196121.0,135725.0
2025-06-20 10:17:46.732921,1346.2,195953.0,135736.0
2025-06-20 10:17:47.612576,1346.2,195953.0,135736.0
2025-06-20 10:17:47.733244,1346.2,195876.0,135504.0
2025-06-20 10:17:48.613017,1345.5,195876.0,135504.0
2025-06-20 10:17:48.735898,1345.5,193570.0,138754.0
2025-06-20 10:17:49.613127,1345.3,193570.0,138754.0
2025-06-20 10:17:49.734009,1345.3,194092.0,139002.0
2025-06-20 10:17:50.614760,1345.6,194092.0,139002.0
2025-06-20 10:17:50.734759,1345.7,193093.0,139844.0
2025-06-20 10:17:51.614041,1345.0,193093.0,139844.0
2025-06-20 10:17:51.735297,1345.0,193976.0,141198.0
2025-06-20 10:17:52.613689,1345.0,193976.0,141198.0
2025-06-20 10:17:52.735521,1345.0,194621.0,140422.0
2025-06-20 10:17:53.615177,1345.5,194621.0,140422.0
2025-06-20 10:17:53.735619,1345.5,195578.0,139999.0
2025-06-20 10:17:54.737500,1345.9,195771.0,139811.0
2025-06-20 10:17:55.615682,1345.5,195771.0,139811.0
2025-06-20 10:17:55.738161,1345.5,195674.0,140315.0
2025-06-20 10:17:56.617426,1345.9,195674.0,140315.0
2025-06-20 10:17:56.740394,1345.9,195551.0,140177.0
2025-06-20 10:17:57.616201,1345.9,195551.0,140177.0
2025-06-20 10:17:57.644134,1345.9,195656.0,139953.0
2025-06-20 10:17:58.539473,1345.9,195754.0,139697.0
2025-06-20 10:17:58.614895,1345.9,195754.0,139697.0
2025-06-20 10:17:59.450802,1345.9,195940.0,140690.0
2025-06-20 10:17:59.616367,1345.5,195940.0,140690.0
2025-06-20 10:18:01.054475,1346.0,196578.0,138532.0
2025-06-20 10:18:01.619928,1345.5,196578.0,138532.0
2025-06-20 10:18:01.947356,1345.5,196791.0,138231.0
2025-06-20 10:18:02.620539,1345.5,196791.0,138231.0
2025-06-20 10:18:02.943957,1345.5,196222.0,137819.0
2025-06-20 10:18:03.620698,1345.5,196222.0,137819.0
2025-06-20 10:18:03.884186,1346.0,195651.0,137869.0
2025-06-20 10:18:04.618927,1345.5,195651.0,137869.0
2025-06-20 10:18:04.856950,1345.5,195901.0,137435.0
2025-06-20 10:18:05.620971,1346.2,195901.0,137435.0
2025-06-20 10:18:05.855983,1346.0,196456.0,135155.0
2025-06-20 10:18:06.618523,1346.0,196456.0,135155.0
2025-06-20 10:18:06.858294,1346.0,196251.0,135665.0
2025-06-20 10:18:07.619256,1346.0,196251.0,135665.0
2025-06-20 10:18:07.745221,1346.0,196229.0,135480.0
2025-06-20 10:18:08.619654,1345.8,196229.0,135480.0
2025-06-20 10:18:08.746037,1345.8,196320.0,135116.0
2025-06-20 10:18:09.618771,1345.8,196320.0,135116.0
2025-06-20 10:18:09.651331,1345.8,196105.0,135733.0
2025-06-20 10:18:10.647574,1345.8,195418.0,136943.0
2025-06-20 10:18:11.620114,1346.6,195418.0,136943.0
2025-06-20 10:18:11.652881,1346.6,196776.0,135867.0
2025-06-20 10:18:12.617443,1346.2,196776.0,135867.0
2025-06-20 10:18:12.650885,1346.2,196974.0,136262.0
2025-06-20 10:18:13.661454,1346.2,196541.0,135778.0
2025-06-20 10:18:14.672505,1346.0,196541.0,135778.0
2025-06-20 10:18:14.682898,1346.0,196052.0,136978.0
2025-06-20 10:18:15.617747,1346.2,196052.0,136978.0
2025-06-20 10:18:15.653669,1346.2,196433.0,137136.0
2025-06-20 10:18:16.618910,1346.0,196433.0,137136.0
2025-06-20 10:18:16.654268,1346.0,196799.0,136947.0
2025-06-20 10:18:17.619847,1346.5,196799.0,136947.0
2025-06-20 10:18:17.658490,1346.0,196871.0,136923.0
2025-06-20 10:18:18.619278,1346.3,196871.0,136923.0
2025-06-20 10:18:18.662684,1346.3,196650.0,135725.0
2025-06-20 10:18:19.619135,1346.6,196650.0,135725.0
2025-06-20 10:18:19.653023,1346.6,196146.0,135206.0
2025-06-20 10:18:20.619719,1346.1,196146.0,135206.0
2025-06-20 10:18:20.658789,1346.1,196521.0,135986.0
2025-06-20 10:18:21.554582,1346.1,196304.0,136484.0
2025-06-20 10:18:21.621765,1346.1,196304.0,136484.0
2025-06-20 10:18:22.554982,1346.1,196816.0,136896.0
2025-06-20 10:18:23.556230,1346.1,197167.0,137284.0
2025-06-20 10:18:24.557003,1346.1,198013.0,136155.0
2025-06-20 10:18:24.620295,1346.1,198013.0,136155.0
2025-06-20 10:18:25.557171,1346.9,198021.0,134982.0
2025-06-20 10:18:25.621374,1346.3,198021.0,134982.0
2025-06-20 10:18:26.556989,1346.3,198446.0,135491.0
2025-06-20 10:18:26.651331,1346.3,198446.0,135491.0
2025-06-20 10:18:27.557920,1346.3,197914.0,135887.0
2025-06-20 10:18:28.457952,1346.3,197697.0,136231.0
2025-06-20 10:18:29.458199,1346.1,198224.0,137155.0
2025-06-20 10:18:29.619501,1346.1,198224.0,137155.0
2025-06-20 10:18:30.460267,1346.1,198257.0,137360.0
2025-06-20 10:18:30.620218,1346.1,198257.0,137360.0
2025-06-20 10:18:31.459227,1346.1,197985.0,137510.0
2025-06-20 10:18:31.625167,1346.1,197985.0,137510.0
2025-06-20 10:18:32.458264,1346.6,198023.0,136661.0
2025-06-20 10:18:32.622587,1346.1,198023.0,136661.0
2025-06-20 10:18:33.461145,1346.1,197482.0,137433.0
2025-06-20 10:18:33.619361,1346.1,197482.0,137433.0
2025-06-20 10:18:34.459552,1346.1,197835.0,137088.0
2025-06-20 10:18:34.623766,1346.1,197835.0,137088.0
2025-06-20 10:18:35.387252,1346.1,196862.0,137079.0
2025-06-20 10:18:35.622190,1346.1,196862.0,137079.0
2025-06-20 10:18:36.373116,1346.1,197719.0,135786.0
2025-06-20 10:18:37.376373,1346.2,197402.0,136385.0
2025-06-20 10:18:37.622798,1346.2,197402.0,136385.0
2025-06-20 10:18:38.372368,1346.2,197605.0,136335.0
2025-06-20 10:18:38.623402,1346.2,197605.0,136335.0
2025-06-20 10:18:39.443466,1346.2,197327.0,136757.0
2025-06-20 10:18:39.622074,1346.2,197327.0,136757.0
2025-06-20 10:18:40.378949,1346.3,197669.0,136804.0
2025-06-20 10:18:40.625727,1346.2,197669.0,136804.0
2025-06-20 10:18:41.586379,1346.2,197669.0,136804.0
2025-06-20 10:18:41.590374,1346.2,197573.0,136953.0
2025-06-20 10:18:41.620418,1346.3,197573.0,136953.0
2025-06-20 10:18:41.677577,1346.3,197573.0,136953.0
2025-06-20 10:18:42.124455,1346.3,197573.0,136953.0
2025-06-20 10:18:42.411562,1346.6,198161.0,136282.0
2025-06-20 10:18:42.457102,1346.6,198161.0,136282.0
2025-06-20 10:18:42.677411,1346.4,198161.0,136282.0
2025-06-20 10:18:42.767806,1346.4,198161.0,136282.0
2025-06-20 10:18:43.307856,1346.4,198161.0,136282.0
2025-06-20 10:18:43.375609,1346.8,198482.0,135658.0
2025-06-20 10:18:43.623153,1346.4,198482.0,135658.0
2025-06-20 10:18:43.951537,1346.4,198482.0,135658.0
2025-06-20 10:18:44.379580,1346.4,198782.0,135077.0
2025-06-20 10:18:44.440883,1346.4,198782.0,135077.0
2025-06-20 10:18:44.689125,1346.4,198782.0,135077.0
2025-06-20 10:18:45.018363,1346.4,198782.0,135077.0
2025-06-20 10:18:45.277847,1346.4,198259.0,136221.0
2025-06-20 10:18:45.442962,1346.4,198259.0,136221.0
2025-06-20 10:18:45.638365,1346.4,198259.0,136221.0
2025-06-20 10:18:46.266855,1346.3,198069.0,135762.0
2025-06-20 10:18:46.386084,1346.3,198069.0,135762.0
2025-06-20 10:18:46.623226,1346.3,198069.0,135762.0
2025-06-20 10:18:47.268669,1346.3,198293.0,135761.0
2025-06-20 10:18:47.691948,1346.3,198293.0,135761.0
2025-06-20 10:18:48.269166,1346.3,198658.0,135789.0
2025-06-20 10:18:48.622273,1346.7,198658.0,135789.0
2025-06-20 10:18:48.700737,1346.7,198658.0,135789.0
2025-06-20 10:18:49.270115,1346.3,197953.0,136071.0
2025-06-20 10:18:49.650954,1346.3,197953.0,136071.0
2025-06-20 10:18:50.227917,1346.3,197953.0,136071.0
2025-06-20 10:18:50.269348,1346.3,197304.0,135950.0
2025-06-20 10:18:50.625181,1347.2,197304.0,135950.0
2025-06-20 10:18:51.270009,1347.5,199247.0,134977.0
2025-06-20 10:18:51.467185,1347.5,199247.0,134977.0
2025-06-20 10:18:51.627415,1347.5,199247.0,134977.0
2025-06-20 10:18:52.179857,1347.5,200025.0,134914.0
2025-06-20 10:18:52.621343,1348.0,200025.0,134914.0
2025-06-20 10:18:52.725231,1348.0,200025.0,134914.0
2025-06-20 10:18:53.171188,1348.0,201001.0,132995.0
2025-06-20 10:18:53.628383,1347.7,201001.0,132995.0
2025-06-20 10:18:54.173420,1347.7,201171.0,133856.0
2025-06-20 10:18:54.433673,1347.7,201171.0,133856.0
2025-06-20 10:18:54.628589,1347.8,201171.0,133856.0
2025-06-20 10:18:55.171577,1347.8,201119.0,132920.0
2025-06-20 10:18:55.640072,1347.9,201119.0,132920.0
2025-06-20 10:18:56.177563,1348.0,201120.0,132481.0
2025-06-20 10:18:56.621929,1347.8,201120.0,132481.0
2025-06-20 10:18:57.194152,1347.8,201565.0,132632.0
2025-06-20 10:18:57.628971,1347.9,201565.0,132632.0
2025-06-20 10:18:58.173546,1347.9,201235.0,133508.0
2025-06-20 10:18:59.072968,1347.9,201168.0,133695.0
2025-06-20 10:19:00.074809,1347.9,201703.0,133701.0
2025-06-20 10:19:00.975962,1348.0,201756.0,133815.0
2025-06-20 10:19:01.638560,1348.0,201756.0,133815.0
2025-06-20 10:19:02.075772,1347.8,201690.0,135319.0
2025-06-20 10:19:02.637362,1348.5,201690.0,135319.0
2025-06-20 10:19:03.178217,1348.7,203626.0,132220.0
2025-06-20 10:19:03.637072,1348.7,203626.0,132220.0
2025-06-20 10:19:04.275802,1348.8,203240.0,132472.0
2025-06-20 10:19:04.637683,1348.6,203240.0,132472.0
2025-06-20 10:19:05.277800,1348.8,204010.0,132243.0
2025-06-20 10:19:05.639077,1349.1,204010.0,132243.0
2025-06-20 10:19:06.413288,1348.5,202852.0,134141.0
2025-06-20 10:19:06.631957,1348.5,202852.0,134141.0
2025-06-20 10:19:07.478560,1348.8,203361.0,133718.0
2025-06-20 10:19:07.632075,1349.0,203361.0,133718.0
2025-06-20 10:19:08.585083,1349.2,204122.0,133113.0
2025-06-20 10:19:08.626958,1349.4,204122.0,133113.0
2025-06-20 10:19:09.584044,1349.5,201053.0,133967.0
2025-06-20 10:19:09.627630,1348.8,201053.0,133967.0
2025-06-20 10:19:10.585548,1349.0,199875.0,136061.0
2025-06-20 10:19:10.668088,1348.5,199875.0,136061.0
2025-06-20 10:19:11.634558,1348.9,199875.0,136061.0
2025-06-20 10:19:11.678805,1348.9,200135.0,137634.0
2025-06-20 10:19:12.627711,1348.7,200135.0,137634.0
2025-06-20 10:19:12.780200,1348.1,199814.0,137630.0
2025-06-20 10:19:13.643427,1349.0,199814.0,137630.0
2025-06-20 10:19:13.890236,1348.6,200691.0,137188.0
2025-06-20 10:19:14.638579,1348.6,200691.0,137188.0
2025-06-20 10:19:14.980251,1348.6,201454.0,135537.0
2025-06-20 10:19:15.651447,1348.6,201454.0,135537.0
2025-06-20 10:19:16.082049,1348.6,201497.0,135572.0
2025-06-20 10:19:17.183567,1348.6,200706.0,136061.0
2025-06-20 10:19:17.655986,1349.5,200706.0,136061.0
2025-06-20 10:19:18.284483,1349.4,203355.0,132685.0
2025-06-20 10:19:18.737743,1349.4,203355.0,132685.0
2025-06-20 10:19:19.397085,1349.9,202895.0,133078.0
2025-06-20 10:19:19.627617,1349.9,202895.0,133078.0
2025-06-20 10:19:20.485901,1349.3,202362.0,133411.0
2025-06-20 10:19:20.668770,1349.3,202362.0,133411.0
2025-06-20 10:19:21.586500,1349.9,202502.0,133416.0
2025-06-20 10:19:21.682322,1349.4,202502.0,133416.0
2025-06-20 10:19:22.678612,1350.0,202502.0,133416.0
2025-06-20 10:19:22.689794,1349.6,202312.0,133180.0
2025-06-20 10:19:23.643635,1349.7,202312.0,133180.0
2025-06-20 10:19:23.789256,1349.0,199065.0,136019.0
2025-06-20 10:19:24.884984,1349.0,199065.0,136019.0
2025-06-20 10:19:24.912037,1349.0,199580.0,136426.0
2025-06-20 10:19:25.690591,1349.0,199580.0,136426.0
2025-06-20 10:19:25.992754,1349.0,199585.0,136122.0
2025-06-20 10:19:26.669080,1349.5,199585.0,136122.0
2025-06-20 10:19:27.093609,1349.5,200115.0,135988.0
2025-06-20 10:19:27.690361,1348.9,200115.0,135988.0
2025-06-20 10:19:28.192909,1348.9,200374.0,136631.0
2025-06-20 10:19:28.685422,1348.9,200374.0,136631.0
2025-06-20 10:19:29.294851,1348.9,199319.0,136461.0
2025-06-20 10:19:29.876146,1348.6,199319.0,136461.0
2025-06-20 10:19:30.407780,1348.5,199328.0,138249.0
2025-06-20 10:19:30.637510,1348.5,199328.0,138249.0
2025-06-20 10:19:31.495919,1348.5,200199.0,138563.0
2025-06-20 10:19:32.600421,1349.1,200275.0,138842.0
2025-06-20 10:19:32.650043,1348.5,200275.0,138842.0
2025-06-20 10:19:33.653056,1349.2,200275.0,138842.0
2025-06-20 10:19:33.706671,1349.2,200318.0,138415.0
2025-06-20 10:19:34.637014,1348.8,200318.0,138415.0
2025-06-20 10:19:34.799801,1348.8,201229.0,138574.0
2025-06-20 10:19:35.642995,1348.8,201229.0,138574.0
2025-06-20 10:19:35.699296,1348.8,200746.0,138792.0
2025-06-20 10:19:36.636346,1349.2,200746.0,138792.0
2025-06-20 10:19:36.913961,1349.2,201409.0,137129.0
2025-06-20 10:19:37.700488,1348.8,201409.0,137129.0
2025-06-20 10:19:38.000971,1348.8,201582.0,137846.0
2025-06-20 10:19:38.632981,1348.8,201582.0,137846.0
2025-06-20 10:19:39.104577,1348.8,200691.0,138517.0
2025-06-20 10:19:40.204554,1349.0,200462.0,138784.0
2025-06-20 10:19:40.906941,1348.7,200462.0,138784.0
2025-06-20 10:19:41.286371,1348.7,200026.0,139116.0
2025-06-20 10:19:41.675402,1348.7,200026.0,139116.0
2025-06-20 10:19:42.205100,1349.0,200276.0,138382.0
2025-06-20 10:19:42.641760,1348.6,200276.0,138382.0
2025-06-20 10:19:43.305512,1348.6,200553.0,138613.0
2025-06-20 10:19:43.628569,1348.6,200553.0,138613.0
2025-06-20 10:19:44.417926,1348.6,200534.0,138522.0
2025-06-20 10:19:44.631914,1348.6,200534.0,138522.0
2025-06-20 10:19:45.508063,1348.6,200155.0,138379.0
2025-06-20 10:19:46.612198,1348.7,200728.0,138125.0
2025-06-20 10:19:46.641128,1348.7,200728.0,138125.0
2025-06-20 10:19:47.611979,1348.7,200098.0,138940.0
2025-06-20 10:19:47.637711,1348.6,200098.0,138940.0
2025-06-20 10:19:48.640888,1349.0,200098.0,138940.0
2025-06-20 10:19:48.714651,1349.0,199081.0,138020.0
2025-06-20 10:19:49.634954,1348.9,199081.0,138020.0
2025-06-20 10:19:49.828303,1349.0,199589.0,137316.0
2025-06-20 10:19:50.637387,1348.6,199589.0,137316.0
2025-06-20 10:19:50.926139,1349.4,200849.0,137404.0
2025-06-20 10:19:51.639133,1349.4,200849.0,137404.0
2025-06-20 10:19:52.018128,1348.9,200608.0,138417.0
2025-06-20 10:19:52.697702,1348.6,200608.0,138417.0
2025-06-20 10:19:53.018921,1348.6,200502.0,138963.0
2025-06-20 10:19:53.636292,1348.7,200502.0,138963.0
2025-06-20 10:19:54.119872,1348.7,200379.0,141628.0
2025-06-20 10:19:54.637592,1348.7,200379.0,141628.0
2025-06-20 10:19:55.224438,1348.7,200855.0,141491.0
2025-06-20 10:19:56.323487,1349.1,200662.0,141357.0
2025-06-20 10:19:56.632854,1348.7,200662.0,141357.0
2025-06-20 10:19:57.434378,1348.7,201022.0,141008.0
2025-06-20 10:19:57.640871,1348.7,201022.0,141008.0
2025-06-20 10:19:58.525965,1348.8,201563.0,140406.0
2025-06-20 10:19:58.633453,1348.9,201563.0,140406.0
2025-06-20 10:19:59.525837,1348.9,201754.0,140658.0
2025-06-20 10:20:00.740707,1349.8,202455.0,137894.0
2025-06-20 10:20:01.636094,1349.5,202455.0,137894.0
2025-06-20 10:20:01.741870,1349.5,198935.0,135931.0
2025-06-20 10:20:02.633845,1349.7,198935.0,135931.0
2025-06-20 10:20:02.740390,1349.7,203044.0,137006.0
2025-06-20 10:20:03.634141,1350.0,203044.0,137006.0
2025-06-20 10:20:03.734295,1350.0,202561.0,137144.0
2025-06-20 10:20:04.632392,1350.0,202561.0,137144.0
2025-06-20 10:20:04.755685,1350.0,202553.0,136381.0
2025-06-20 10:20:05.634834,1349.7,202553.0,136381.0
2025-06-20 10:20:05.639249,1349.7,202767.0,137366.0
2025-06-20 10:20:06.535703,1350.0,202712.0,137085.0
2025-06-20 10:20:06.633523,1349.7,202712.0,137085.0
2025-06-20 10:20:07.536942,1349.7,201806.0,136230.0
2025-06-20 10:20:07.633427,1349.9,201806.0,136230.0
2025-06-20 10:20:08.441165,1349.8,201774.0,137857.0
2025-06-20 10:20:08.634405,1349.8,201774.0,137857.0
2025-06-20 10:20:09.342062,1349.7,200050.0,139780.0
2025-06-20 10:20:09.634497,1349.3,200050.0,139780.0
2025-06-20 10:20:10.343265,1349.3,200459.0,141357.0
2025-06-20 10:20:10.633703,1349.0,200459.0,141357.0
2025-06-20 10:20:11.547219,1348.9,199774.0,141213.0
2025-06-20 10:20:11.633465,1348.9,199774.0,141213.0
2025-06-20 10:20:12.286219,1349.1,200425.0,139903.0
2025-06-20 10:20:12.634428,1349.1,200425.0,139903.0
2025-06-20 10:20:13.344217,1349.1,200971.0,139758.0
2025-06-20 10:20:13.634103,1349.1,200971.0,139758.0
2025-06-20 10:20:14.238828,1349.8,201670.0,139087.0
2025-06-20 10:20:14.636028,1350.3,201670.0,139087.0
2025-06-20 10:20:15.239979,1350.2,201214.0,138228.0
2025-06-20 10:20:15.634379,1350.3,201214.0,138228.0
2025-06-20 10:20:16.142607,1350.3,200849.0,139747.0
2025-06-20 10:20:16.635876,1349.4,200849.0,139747.0
2025-06-20 10:20:17.141828,1349.4,200524.0,139873.0
2025-06-20 10:20:17.643331,1349.8,200524.0,139873.0
2025-06-20 10:20:18.042440,1349.4,200293.0,142108.0
2025-06-20 10:20:18.632848,1349.0,200293.0,142108.0
2025-06-20 10:20:18.956162,1349.0,199330.0,142951.0
2025-06-20 10:20:19.635377,1349.7,199330.0,142951.0
2025-06-20 10:20:19.946713,1349.7,198531.0,142089.0
2025-06-20 10:20:20.633142,1349.2,198531.0,142089.0
2025-06-20 10:20:20.945388,1349.2,200577.0,142517.0
2025-06-20 10:20:21.635620,1349.8,200577.0,142517.0
2025-06-20 10:20:21.879716,1349.8,200462.0,142110.0
2025-06-20 10:20:22.635424,1349.2,200462.0,142110.0
2025-06-20 10:20:22.869972,1349.2,200134.0,142234.0
2025-06-20 10:20:23.637262,1349.2,200134.0,142234.0
2025-06-20 10:20:23.857424,1349.6,200616.0,142302.0
2025-06-20 10:20:24.638276,1349.5,200616.0,142302.0
2025-06-20 10:20:24.856003,1349.5,200217.0,142717.0
2025-06-20 10:20:25.637441,1349.5,200217.0,142717.0
2025-06-20 10:20:25.862454,1349.5,199880.0,142831.0
2025-06-20 10:20:26.634926,1349.3,199880.0,142831.0
2025-06-20 10:20:26.868085,1349.3,200300.0,142990.0
2025-06-20 10:20:28.151735,1349.9,201185.0,136581.0
2025-06-20 10:20:28.636553,1349.6,201185.0,136581.0
2025-06-20 10:20:28.883617,1349.6,200411.0,139494.0
2025-06-20 10:20:29.634624,1349.7,200411.0,139494.0
2025-06-20 10:20:29.863608,1349.7,200217.0,139679.0
2025-06-20 10:20:30.635342,1349.9,200217.0,139679.0
2025-06-20 10:20:30.752439,1349.9,200736.0,139232.0
2025-06-20 10:20:31.636129,1349.5,200736.0,139232.0
2025-06-20 10:20:31.755392,1350.0,199795.0,140439.0
2025-06-20 10:20:32.700389,1349.5,199795.0,140439.0
2025-06-20 10:20:32.756284,1349.5,200067.0,141586.0
2025-06-20 10:20:33.635704,1349.9,200067.0,141586.0
2025-06-20 10:20:33.758859,1349.9,201229.0,140201.0
2025-06-20 10:20:34.635406,1349.6,201229.0,140201.0
2025-06-20 10:20:34.759712,1349.6,200215.0,143299.0
2025-06-20 10:20:35.759283,1349.6,200300.0,143302.0
2025-06-20 10:20:36.761609,1349.6,200014.0,143547.0
2025-06-20 10:20:37.763454,1349.6,199748.0,144496.0
2025-06-20 10:20:38.636732,1349.0,199748.0,144496.0
2025-06-20 10:20:38.759789,1349.0,199756.0,144569.0
2025-06-20 10:20:39.639727,1350.0,199756.0,144569.0
2025-06-20 10:20:39.763196,1350.0,199230.0,143515.0
2025-06-20 10:20:40.638954,1349.6,199230.0,143515.0
2025-06-20 10:20:40.762452,1349.6,198110.0,144071.0
2025-06-20 10:20:41.634591,1349.1,198110.0,144071.0
2025-06-20 10:20:42.063409,1349.1,195940.0,145652.0
2025-06-20 10:20:42.637994,1348.7,195940.0,145652.0
2025-06-20 10:20:42.895229,1348.7,197621.0,145501.0
2025-06-20 10:20:43.637152,1348.7,197621.0,145501.0
2025-06-20 10:20:43.895662,1348.6,196857.0,145004.0
2025-06-20 10:20:44.638434,1349.1,196857.0,145004.0
2025-06-20 10:20:44.971284,1349.3,196833.0,144769.0
2025-06-20 10:20:45.649405,1349.3,196833.0,144769.0
2025-06-20 10:20:45.877279,1349.3,197130.0,145672.0
2025-06-20 10:20:46.637546,1349.3,197130.0,145672.0
2025-06-20 10:20:46.878633,1349.3,196789.0,145236.0
2025-06-20 10:20:47.638253,1349.2,196789.0,145236.0
2025-06-20 10:20:47.969160,1348.6,197371.0,145623.0
2025-06-20 10:20:48.637736,1348.7,197371.0,145623.0
2025-06-20 10:20:48.891657,1348.7,197412.0,145845.0
2025-06-20 10:20:49.691583,1349.1,197412.0,145845.0
2025-06-20 10:20:49.877770,1349.1,197046.0,147362.0
2025-06-20 10:20:50.664477,1348.8,197046.0,147362.0
2025-06-20 10:20:50.880657,1348.8,196251.0,149222.0
2025-06-20 10:20:51.637054,1348.5,196251.0,149222.0
2025-06-20 10:20:51.971880,1348.8,196535.0,148777.0
2025-06-20 10:20:52.638311,1348.8,196535.0,148777.0
2025-06-20 10:20:52.972441,1348.5,196778.0,147706.0
2025-06-20 10:20:53.642604,1348.5,196778.0,147706.0
2025-06-20 10:20:53.973739,1348.5,194847.0,149295.0
2025-06-20 10:20:54.637466,1348.2,194847.0,149295.0
2025-06-20 10:20:55.069432,1347.6,193779.0,151321.0
2025-06-20 10:20:55.637447,1348.0,193779.0,151321.0
2025-06-20 10:20:56.072090,1347.6,193748.0,150776.0
2025-06-20 10:20:56.636746,1348.0,193748.0,150776.0
2025-06-20 10:20:57.173677,1347.2,192022.0,151868.0
2025-06-20 10:20:57.640922,1347.9,192022.0,151868.0
2025-06-20 10:20:58.281482,1348.0,193302.0,151482.0
2025-06-20 10:20:58.637381,1347.4,193302.0,151482.0
2025-06-20 10:20:59.474531,1347.1,192003.0,151679.0
2025-06-20 10:20:59.641429,1346.9,192003.0,151679.0
2025-06-20 10:21:00.387492,1346.9,192042.0,151304.0
2025-06-20 10:21:01.571783,1347.3,192070.0,151505.0
2025-06-20 10:21:01.637604,1347.3,192070.0,151505.0
2025-06-20 10:21:02.581662,1347.3,191461.0,152937.0
2025-06-20 10:21:02.639260,1347.3,191461.0,152937.0
2025-06-20 10:21:03.474587,1347.1,189461.0,156719.0
2025-06-20 10:21:03.641836,1346.5,189461.0,156719.0
2025-06-20 10:21:04.473089,1346.5,190971.0,157766.0
2025-06-20 10:21:04.648816,1346.2,190971.0,157766.0
2025-06-20 10:21:05.473017,1346.2,189387.0,158366.0
2025-06-20 10:21:05.639758,1346.2,189387.0,158366.0
2025-06-20 10:21:06.473222,1346.2,189626.0,158732.0
2025-06-20 10:21:07.474964,1346.2,189694.0,158311.0
2025-06-20 10:21:07.665002,1346.2,189694.0,158311.0
2025-06-20 10:21:08.475176,1346.2,189684.0,158062.0
2025-06-20 10:21:08.637685,1346.2,189684.0,158062.0
2025-06-20 10:21:09.490800,1346.2,190166.0,157029.0
2025-06-20 10:21:09.639136,1346.8,190166.0,157029.0
2025-06-20 10:21:10.280552,1346.4,190877.0,155883.0
2025-06-20 10:21:10.638568,1346.5,190877.0,155883.0
2025-06-20 10:21:11.280980,1346.5,191089.0,155880.0
2025-06-20 10:21:11.636960,1346.5,191089.0,155880.0
2025-06-20 10:21:12.282373,1346.5,191485.0,154991.0
2025-06-20 10:21:13.187243,1346.5,191297.0,154899.0
2025-06-20 10:21:13.643941,1347.0,191297.0,154899.0
2025-06-20 10:21:14.183072,1347.0,189881.0,157228.0
2025-06-20 10:21:14.645139,1346.2,189881.0,157228.0
2025-06-20 10:21:15.130154,1346.7,190095.0,158044.0
2025-06-20 10:21:15.696231,1346.9,190095.0,158044.0
2025-06-20 10:21:16.082465,1346.2,189974.0,156837.0
2025-06-20 10:21:16.644767,1346.2,189974.0,156837.0
2025-06-20 10:21:16.983384,1346.2,189734.0,157712.0
2025-06-20 10:21:17.640270,1346.2,189734.0,157712.0
2025-06-20 10:21:17.987655,1346.6,189333.0,158727.0
2025-06-20 10:21:18.640000,1346.2,189333.0,158727.0
2025-06-20 10:21:18.908833,1346.2,190488.0,158291.0
2025-06-20 10:21:19.639431,1346.6,190488.0,158291.0
2025-06-20 10:21:19.899219,1346.6,190665.0,158017.0
2025-06-20 10:21:20.645718,1346.3,190665.0,158017.0
2025-06-20 10:21:20.934809,1346.3,190484.0,157144.0
2025-06-20 10:21:21.639141,1346.3,190484.0,157144.0
2025-06-20 10:21:21.919090,1346.3,191069.0,157248.0
2025-06-20 10:21:22.990552,1346.9,190529.0,157160.0
2025-06-20 10:21:23.640615,1346.5,190529.0,157160.0
2025-06-20 10:21:23.785741,1346.5,190533.0,157266.0
2025-06-20 10:21:24.690529,1346.5,191161.0,155806.0
2025-06-20 10:21:25.643787,1346.5,191161.0,155806.0
2025-06-20 10:21:25.701775,1346.5,191672.0,154318.0
2025-06-20 10:21:26.639225,1346.5,191672.0,154318.0
2025-06-20 10:21:26.696010,1346.5,191565.0,156673.0
2025-06-20 10:21:27.689230,1346.5,190858.0,157475.0
2025-06-20 10:21:28.616522,1346.5,191595.0,157266.0
2025-06-20 10:21:28.640883,1346.5,191595.0,157266.0
2025-06-20 10:21:29.592553,1347.2,193329.0,150490.0
2025-06-20 10:21:29.639623,1347.1,193329.0,150490.0
2025-06-20 10:21:30.593746,1347.1,194246.0,151373.0
2025-06-20 10:21:30.640322,1347.2,194246.0,151373.0
2025-06-20 10:21:31.578781,1347.9,193419.0,151558.0
2025-06-20 10:21:31.725575,1347.3,193419.0,151558.0
2025-06-20 10:21:32.648190,1347.7,192088.0,153869.0
2025-06-20 10:21:32.655266,1347.2,192088.0,153869.0
2025-06-20 10:21:33.636413,1347.2,191353.0,155625.0
2025-06-20 10:21:33.641187,1347.2,191353.0,155625.0
2025-06-20 10:21:34.492628,1347.2,191739.0,155344.0
2025-06-20 10:21:35.497648,1347.2,191952.0,155887.0
2025-06-20 10:21:35.638241,1347.3,191952.0,155887.0
2025-06-20 10:21:36.441544,1346.6,191621.0,155742.0
2025-06-20 10:21:36.637870,1346.6,191621.0,155742.0
2025-06-20 10:21:37.294877,1346.6,191225.0,155966.0
2025-06-20 10:21:37.648592,1346.6,191225.0,155966.0
2025-06-20 10:21:38.193866,1347.2,191197.0,155544.0
2025-06-20 10:21:38.637855,1346.6,191197.0,155544.0
2025-06-20 10:21:39.094858,1346.6,191357.0,156559.0
2025-06-20 10:21:39.637750,1346.5,191357.0,156559.0
2025-06-20 10:21:40.094805,1346.5,191766.0,156115.0
2025-06-20 10:21:40.996879,1346.5,192087.0,155979.0
2025-06-20 10:21:41.637835,1347.2,192087.0,155979.0
2025-06-20 10:21:41.850417,1347.2,192087.0,155979.0
2025-06-20 10:21:41.996984,1346.8,192004.0,155291.0
2025-06-20 10:21:42.202715,1346.8,192004.0,155291.0
2025-06-20 10:21:42.645947,1346.8,192004.0,155291.0
2025-06-20 10:21:42.802932,1346.8,192004.0,155291.0
2025-06-20 10:21:42.997799,1346.8,192628.0,155229.0
2025-06-20 10:21:43.099152,1346.8,192628.0,155229.0
2025-06-20 10:21:43.927904,1347.3,193104.0,151501.0
2025-06-20 10:21:44.455519,1347.3,193104.0,151501.0
2025-06-20 10:21:44.642032,1347.4,193104.0,151501.0
2025-06-20 10:21:44.800143,1347.4,194524.0,152918.0
2025-06-20 10:21:44.842986,1347.4,194524.0,152918.0
2025-06-20 10:21:45.480173,1347.4,194524.0,152918.0
2025-06-20 10:21:45.701804,1347.3,194524.0,152918.0
2025-06-20 10:21:45.802869,1347.3,193892.0,153202.0
2025-06-20 10:21:45.827287,1347.3,193892.0,153202.0
2025-06-20 10:21:46.683413,1347.3,193892.0,153202.0
2025-06-20 10:21:46.899608,1347.3,193892.0,153202.0
2025-06-20 10:21:47.140217,1347.3,193941.0,152705.0
2025-06-20 10:21:48.009723,1347.3,193754.0,152587.0
2025-06-20 10:21:48.141435,1347.3,193754.0,152587.0
2025-06-20 10:21:49.003695,1347.3,193754.0,152586.0
2025-06-20 10:21:49.145483,1347.3,193754.0,152586.0
2025-06-20 10:21:49.686619,1347.9,193754.0,152586.0
2025-06-20 10:21:50.006356,1347.4,193716.0,152875.0
2025-06-20 10:21:50.646432,1348.0,193716.0,152875.0
2025-06-20 10:21:50.708520,1348.0,193716.0,152875.0
2025-06-20 10:21:51.006552,1347.5,193740.0,152908.0
2025-06-20 10:21:51.688882,1347.5,193740.0,152908.0
2025-06-20 10:21:51.988428,1347.5,193740.0,152908.0
2025-06-20 10:21:52.007694,1347.5,193413.0,153152.0
2025-06-20 10:21:52.653984,1347.5,193413.0,153152.0
2025-06-20 10:21:53.104771,1347.5,194115.0,152703.0
2025-06-20 10:21:53.220131,1347.5,194115.0,152703.0
2025-06-20 10:21:54.207264,1347.5,193517.0,152762.0
2025-06-20 10:21:54.801644,1347.5,193517.0,152762.0
2025-06-20 10:21:55.206971,1347.5,193314.0,152457.0
2025-06-20 10:21:55.646504,1348.2,193314.0,152457.0
2025-06-20 10:21:56.306788,1347.7,193869.0,152646.0
2025-06-20 10:21:56.643578,1347.7,193869.0,152646.0
2025-06-20 10:21:57.506750,1347.5,194397.0,152895.0
2025-06-20 10:21:57.641329,1347.6,194397.0,152895.0
2025-06-20 10:21:58.494707,1347.6,193828.0,153383.0
2025-06-20 10:21:59.510051,1347.4,193289.0,154997.0
2025-06-20 10:21:59.651124,1347.3,193289.0,154997.0
2025-06-20 10:22:00.927510,1347.8,192937.0,155083.0
2025-06-20 10:22:01.660341,1347.7,192937.0,155083.0
2025-06-20 10:22:01.932007,1347.3,192858.0,155334.0
2025-06-20 10:22:02.683343,1347.8,192858.0,155334.0
2025-06-20 10:22:03.021878,1347.3,192461.0,155968.0
2025-06-20 10:22:03.644980,1347.3,192461.0,155968.0
2025-06-20 10:22:04.115599,1347.8,192849.0,154502.0
2025-06-20 10:22:04.642546,1347.3,192849.0,154502.0
2025-06-20 10:22:05.212866,1347.3,192372.0,154697.0
2025-06-20 10:22:05.711827,1347.3,192372.0,154697.0
2025-06-20 10:22:06.114973,1347.3,192403.0,155401.0
2025-06-20 10:22:07.633670,1347.3,192368.0,155726.0
2025-06-20 10:22:07.991412,1347.3,192368.0,155726.0
2025-06-20 10:22:08.265784,1347.7,192191.0,155496.0
2025-06-20 10:22:08.687409,1347.3,192191.0,155496.0
2025-06-20 10:22:09.317833,1347.2,190769.0,157971.0
2025-06-20 10:22:09.649092,1346.5,190769.0,157971.0
2025-06-20 10:22:10.433944,1346.5,190972.0,157398.0
2025-06-20 10:22:10.740065,1346.5,190972.0,157398.0
2025-06-20 10:22:11.550997,1346.5,191154.0,157704.0
2025-06-20 10:22:11.694094,1346.5,191154.0,157704.0
2025-06-20 10:22:12.515293,1346.5,190985.0,158205.0
2025-06-20 10:22:12.649789,1347.0,190985.0,158205.0
2025-06-20 10:22:13.617824,1347.0,191090.0,157816.0
2025-06-20 10:22:13.696553,1346.5,191090.0,157816.0
2025-06-20 10:22:14.656326,1346.5,191090.0,157816.0
2025-06-20 10:22:14.724557,1346.5,191205.0,157184.0
2025-06-20 10:22:15.820835,1346.5,191434.0,156873.0
2025-06-20 10:22:16.651124,1346.5,191434.0,156873.0
2025-06-20 10:22:16.929623,1346.5,191645.0,156922.0
2025-06-20 10:22:17.650280,1347.3,191645.0,156922.0
2025-06-20 10:22:17.932270,1347.1,192223.0,157278.0
2025-06-20 10:22:18.686929,1347.0,192223.0,157278.0
2025-06-20 10:22:18.817206,1347.0,191840.0,157079.0
2025-06-20 10:22:19.647818,1346.5,191840.0,157079.0
2025-06-20 10:22:19.946134,1346.5,191386.0,157150.0
2025-06-20 10:22:20.647719,1347.0,191386.0,157150.0
2025-06-20 10:22:21.070552,1346.5,192276.0,157502.0
2025-06-20 10:22:21.655592,1346.5,192276.0,157502.0
2025-06-20 10:22:22.124158,1346.5,192121.0,157702.0
2025-06-20 10:22:23.223230,1346.6,192588.0,155946.0
2025-06-20 10:22:23.650676,1347.2,192588.0,155946.0
2025-06-20 10:22:24.224755,1347.2,192991.0,155656.0
2025-06-20 10:22:25.224237,1347.2,192824.0,156278.0
2025-06-20 10:22:26.226110,1346.7,192955.0,155568.0
2025-06-20 10:22:26.648869,1346.7,192955.0,155568.0
2025-06-20 10:22:27.332239,1346.7,192950.0,155183.0
2025-06-20 10:22:28.331305,1347.2,193088.0,155927.0
2025-06-20 10:22:28.653724,1347.1,193088.0,155927.0
2025-06-20 10:22:29.437952,1346.7,192860.0,157057.0
2025-06-20 10:22:29.683511,1346.7,192860.0,157057.0
2025-06-20 10:22:30.610957,1346.7,193358.0,156465.0
2025-06-20 10:22:31.171380,1347.2,193358.0,156465.0
2025-06-20 10:22:31.629593,1346.8,193292.0,156385.0
2025-06-20 10:22:31.656517,1346.8,193292.0,156385.0
2025-06-20 10:22:32.628270,1346.8,193179.0,156385.0
2025-06-20 10:22:33.727906,1346.8,193408.0,156147.0
2025-06-20 10:22:34.715902,1346.8,193408.0,156147.0
2025-06-20 10:22:34.830995,1346.7,193400.0,156170.0
2025-06-20 10:22:35.650199,1346.7,193400.0,156170.0
2025-06-20 10:22:35.955976,1346.7,192671.0,157094.0
2025-06-20 10:22:36.649034,1346.5,192671.0,157094.0
2025-06-20 10:22:36.833204,1346.5,192676.0,157328.0
2025-06-20 10:22:37.653151,1346.5,192676.0,157328.0
2025-06-20 10:22:38.032172,1346.5,192371.0,158282.0
2025-06-20 10:22:39.153820,1346.7,193002.0,157845.0
2025-06-20 10:22:39.655794,1346.7,193002.0,157845.0
2025-06-20 10:22:40.150060,1347.1,192706.0,158075.0
2025-06-20 10:22:40.730515,1347.1,192706.0,158075.0
2025-06-20 10:22:41.137643,1347.2,192982.0,158427.0
2025-06-20 10:22:41.682771,1347.1,192982.0,158427.0
2025-06-20 10:22:42.237910,1346.7,192880.0,159754.0
2025-06-20 10:22:42.695276,1346.7,192880.0,159754.0
2025-06-20 10:22:43.342598,1346.5,193185.0,158243.0
2025-06-20 10:22:43.659060,1346.5,193185.0,158243.0
2025-06-20 10:22:44.448594,1346.7,193337.0,158357.0
2025-06-20 10:22:44.659505,1346.7,193337.0,158357.0
2025-06-20 10:22:45.445373,1347.2,192965.0,158105.0
2025-06-20 10:22:45.649605,1346.7,192965.0,158105.0
2025-06-20 10:22:46.537867,1346.7,192417.0,160183.0
2025-06-20 10:22:47.638771,1346.7,192433.0,159920.0
2025-06-20 10:22:48.536654,1346.7,192479.0,158832.0
2025-06-20 10:22:49.838447,1346.7,192647.0,158062.0
2025-06-20 10:22:50.650373,1347.1,192647.0,158062.0
2025-06-20 10:22:50.838977,1347.1,192527.0,158539.0
2025-06-20 10:22:51.648897,1346.7,192527.0,158539.0
2025-06-20 10:22:51.840929,1346.7,192726.0,158689.0
2025-06-20 10:22:52.652096,1346.7,192726.0,158689.0
2025-06-20 10:22:52.838336,1346.7,192621.0,158841.0
2025-06-20 10:22:53.738772,1346.7,192767.0,159469.0
2025-06-20 10:22:54.652035,1347.2,192767.0,159469.0
2025-06-20 10:22:54.898889,1347.3,192934.0,158586.0
2025-06-20 10:22:55.652231,1346.7,192934.0,158586.0
2025-06-20 10:22:55.842621,1346.7,192376.0,159643.0
2025-06-20 10:22:56.652067,1347.1,192376.0,159643.0
2025-06-20 10:22:56.952520,1347.1,192774.0,159047.0
2025-06-20 10:22:57.652671,1346.7,192774.0,159047.0
2025-06-20 10:22:58.011109,1346.7,192879.0,159070.0
2025-06-20 10:22:58.673511,1346.7,192879.0,159070.0
2025-06-20 10:22:58.960539,1347.0,192876.0,158971.0
2025-06-20 10:22:59.650987,1346.7,192876.0,158971.0
2025-06-20 10:22:59.952110,1346.7,192903.0,158868.0
2025-06-20 10:23:01.651065,1346.7,192903.0,158868.0
2025-06-20 10:23:02.045213,1346.7,192808.0,158226.0
2025-06-20 10:23:02.648825,1346.8,192808.0,158226.0
2025-06-20 10:23:02.982915,1346.8,192753.0,158656.0
2025-06-20 10:23:03.951745,1346.8,192702.0,158482.0
2025-06-20 10:23:04.654980,1346.8,192702.0,158482.0
2025-06-20 10:23:04.952577,1346.8,192894.0,157836.0
2025-06-20 10:23:05.651707,1347.0,192894.0,157836.0
2025-06-20 10:23:05.956960,1347.0,192855.0,158255.0
2025-06-20 10:23:06.656715,1347.0,192855.0,158255.0
2025-06-20 10:23:06.862100,1347.0,193268.0,157557.0
2025-06-20 10:23:07.650778,1347.0,193268.0,157557.0
2025-06-20 10:23:07.750803,1347.1,193208.0,157816.0
2025-06-20 10:23:08.652293,1347.0,193208.0,157816.0
2025-06-20 10:23:08.755476,1347.0,193192.0,157662.0
2025-06-20 10:23:09.701390,1347.1,193192.0,157662.0
2025-06-20 10:23:09.709923,1347.1,193482.0,157129.0
2025-06-20 10:23:10.551600,1347.1,193031.0,157676.0
2025-06-20 10:23:11.457421,1347.2,193418.0,157705.0
2025-06-20 10:23:11.732778,1347.2,193418.0,157705.0
2025-06-20 10:23:12.553331,1347.2,193567.0,157637.0
2025-06-20 10:23:12.656519,1347.2,193567.0,157637.0
2025-06-20 10:23:13.553270,1347.2,193576.0,157709.0
2025-06-20 10:23:14.553249,1348.4,195467.0,147911.0
2025-06-20 10:23:14.652699,1347.9,195467.0,147911.0
2025-06-20 10:23:15.552995,1348.1,194629.0,150693.0
2025-06-20 10:23:15.660798,1347.8,194629.0,150693.0
2025-06-20 10:23:16.554869,1348.1,193220.0,152701.0
2025-06-20 10:23:16.651082,1348.1,193220.0,152701.0
2025-06-20 10:23:17.460106,1348.1,193669.0,153084.0
2025-06-20 10:23:17.651148,1348.1,193669.0,153084.0
2025-06-20 10:23:18.456642,1348.1,193446.0,153375.0
2025-06-20 10:23:18.708369,1348.1,193446.0,153375.0
2025-06-20 10:23:19.488661,1347.9,194071.0,152801.0
2025-06-20 10:23:19.662357,1347.9,194071.0,152801.0
2025-06-20 10:23:20.457011,1347.9,194954.0,152386.0
2025-06-20 10:23:21.360519,1348.7,195500.0,151073.0
2025-06-20 10:23:21.655657,1348.7,195500.0,151073.0
2025-06-20 10:23:22.362635,1348.7,195321.0,150791.0
2025-06-20 10:23:22.651490,1348.7,195321.0,150791.0
2025-06-20 10:23:23.364672,1348.7,195307.0,151015.0
2025-06-20 10:23:23.651885,1348.7,195307.0,151015.0
2025-06-20 10:23:24.367259,1348.6,195370.0,151493.0
2025-06-20 10:23:24.652859,1348.6,195370.0,151493.0
2025-06-20 10:23:25.369555,1348.6,195225.0,151662.0
2025-06-20 10:23:25.657662,1349.0,195225.0,151662.0
2025-06-20 10:23:26.261751,1348.9,194536.0,152487.0
2025-06-20 10:23:26.653137,1348.6,194536.0,152487.0
2025-06-20 10:23:27.260871,1348.6,194547.0,152373.0
2025-06-20 10:23:27.651096,1348.6,194547.0,152373.0
2025-06-20 10:23:28.301270,1348.3,194064.0,152745.0
2025-06-20 10:23:28.671187,1348.2,194064.0,152745.0
2025-06-20 10:23:29.172130,1348.2,193923.0,153061.0
2025-06-20 10:23:29.653168,1348.7,193923.0,153061.0
2025-06-20 10:23:30.173804,1348.1,194197.0,152258.0
2025-06-20 10:23:30.652751,1348.3,194197.0,152258.0
2025-06-20 10:23:31.173253,1349.0,195045.0,151825.0
2025-06-20 10:23:31.661073,1348.3,195045.0,151825.0
2025-06-20 10:23:32.178690,1348.3,194937.0,153092.0
2025-06-20 10:23:32.654717,1348.2,194937.0,153092.0
2025-06-20 10:23:33.170300,1348.2,194881.0,153263.0
2025-06-20 10:23:33.652955,1348.2,194881.0,153263.0
2025-06-20 10:23:34.169015,1348.2,194648.0,153295.0
2025-06-20 10:23:35.067597,1349.0,194291.0,152727.0
2025-06-20 10:23:35.658411,1348.6,194291.0,152727.0
2025-06-20 10:23:36.066912,1348.6,194108.0,153958.0
2025-06-20 10:23:36.655763,1348.5,194108.0,153958.0
2025-06-20 10:23:37.166721,1348.5,194060.0,154036.0
2025-06-20 10:23:37.652816,1348.5,194060.0,154036.0
2025-06-20 10:23:38.073573,1348.0,191370.0,156531.0
2025-06-20 10:23:38.655163,1347.5,191370.0,156531.0
2025-06-20 10:23:39.072350,1347.5,192710.0,156349.0
2025-06-20 10:23:39.651199,1346.8,192710.0,156349.0
2025-06-20 10:23:40.074560,1346.8,189484.0,159537.0
2025-06-20 10:23:40.725085,1346.7,189484.0,159537.0
2025-06-20 10:23:41.073546,1346.7,189675.0,160253.0
2025-06-20 10:23:41.653237,1346.7,189675.0,160253.0
2025-06-20 10:23:41.988952,1347.0,189968.0,160199.0
2025-06-20 10:23:42.655425,1346.7,189968.0,160199.0
2025-06-20 10:23:43.129960,1347.0,190067.0,160096.0
2025-06-20 10:23:43.655940,1347.4,190067.0,160096.0
2025-06-20 10:23:43.998741,1347.0,191192.0,158149.0
2025-06-20 10:23:44.659623,1347.0,191192.0,158149.0
2025-06-20 10:23:44.893593,1347.0,191828.0,158290.0
2025-06-20 10:23:45.669373,1346.8,191828.0,158290.0
2025-06-20 10:23:45.776665,1346.8,191329.0,158140.0
2025-06-20 10:23:46.661238,1347.3,191329.0,158140.0
2025-06-20 10:23:46.775877,1346.8,191884.0,158362.0
2025-06-20 10:23:47.653985,1347.4,191884.0,158362.0
2025-06-20 10:23:47.690889,1347.4,191245.0,158363.0
2025-06-20 10:23:48.577514,1347.4,191463.0,158361.0
2025-06-20 10:23:49.578149,1347.4,191375.0,158561.0
2025-06-20 10:23:50.577303,1347.4,191558.0,158529.0
2025-06-20 10:23:51.577888,1346.6,188244.0,161190.0
2025-06-20 10:23:51.655591,1346.5,188244.0,161190.0
2025-06-20 10:23:52.578740,1346.5,189600.0,162005.0
2025-06-20 10:23:52.652847,1346.1,189600.0,162005.0
2025-06-20 10:23:53.578737,1346.1,188359.0,162485.0
2025-06-20 10:23:53.655076,1346.1,188359.0,162485.0
2025-06-20 10:23:54.579484,1346.1,189777.0,162375.0
2025-06-20 10:23:54.657333,1346.1,189777.0,162375.0
2025-06-20 10:23:55.492439,1346.5,189939.0,162235.0
2025-06-20 10:23:55.663568,1346.1,189939.0,162235.0
2025-06-20 10:23:56.579979,1346.1,190057.0,162240.0
2025-06-20 10:23:56.656932,1346.1,190057.0,162240.0
2025-06-20 10:23:57.482575,1346.3,190557.0,159698.0
2025-06-20 10:23:57.655136,1346.3,190557.0,159698.0
2025-06-20 10:23:58.482113,1346.3,190642.0,160166.0
2025-06-20 10:23:59.619777,1346.3,190606.0,160402.0
2025-06-20 10:24:00.298155,1346.8,190252.0,160453.0
2025-06-20 10:24:01.659001,1346.2,190252.0,160453.0
2025-06-20 10:24:01.792610,1346.2,190598.0,159769.0
2025-06-20 10:24:02.656438,1346.7,190598.0,159769.0
2025-06-20 10:24:02.784829,1346.7,190760.0,158755.0
2025-06-20 10:24:03.655888,1346.9,190760.0,158755.0
2025-06-20 10:24:04.298226,1346.9,190945.0,159384.0
2025-06-20 10:24:05.432060,1346.9,191117.0,159429.0
2025-06-20 10:24:06.487945,1347.0,191681.0,157492.0
2025-06-20 10:24:06.660630,1347.1,191681.0,157492.0
2025-06-20 10:24:07.616101,1347.1,192388.0,156837.0
2025-06-20 10:24:07.702643,1347.1,192388.0,156837.0
2025-06-20 10:24:08.701106,1347.1,192395.0,156837.0
2025-06-20 10:24:09.773889,1347.1,192048.0,156763.0
2025-06-20 10:24:10.923365,1347.1,192048.0,156763.0
2025-06-20 10:24:10.940886,1347.1,193094.0,154183.0
2025-06-20 10:24:11.656099,1347.2,193094.0,154183.0
2025-06-20 10:24:11.790915,1347.2,192100.0,154966.0
2025-06-20 10:24:12.837115,1347.9,192100.0,154966.0
2025-06-20 10:24:12.927626,1347.9,192204.0,151612.0
2025-06-20 10:24:14.094821,1347.7,192204.0,151612.0
2025-06-20 10:24:14.167804,1347.7,192456.0,152138.0
2025-06-20 10:24:14.677278,1348.4,192456.0,152138.0
2025-06-20 10:24:15.006256,1348.4,192378.0,154530.0
2025-06-20 10:24:15.653971,1347.5,192378.0,154530.0
2025-06-20 10:24:16.122063,1348.2,192718.0,154630.0
2025-06-20 10:24:16.734742,1347.5,192718.0,154630.0
2025-06-20 10:24:17.199403,1347.5,192636.0,154714.0
2025-06-20 10:24:17.660692,1347.5,192636.0,154714.0
2025-06-20 10:24:18.307799,1347.4,192033.0,155367.0
2025-06-20 10:24:18.697496,1348.1,192033.0,155367.0
2025-06-20 10:24:19.427599,1347.5,192342.0,154684.0
2025-06-20 10:24:19.653144,1347.5,192342.0,154684.0
2025-06-20 10:24:20.602004,1347.5,192363.0,155394.0
2025-06-20 10:24:20.667505,1347.5,192363.0,155394.0
2025-06-20 10:24:21.509003,1347.5,191981.0,155761.0
2025-06-20 10:24:21.658142,1347.5,191981.0,155761.0
2025-06-20 10:24:22.600077,1347.4,192718.0,156471.0
2025-06-20 10:24:22.656076,1347.4,192718.0,156471.0
2025-06-20 10:24:23.707560,1347.4,192467.0,156570.0
2025-06-20 10:24:24.798983,1347.4,192269.0,157002.0
2025-06-20 10:24:25.916155,1347.4,192291.0,155788.0
2025-06-20 10:24:26.808383,1347.4,192687.0,156934.0
2025-06-20 10:24:27.918059,1347.4,192639.0,157330.0
2025-06-20 10:24:29.003277,1347.4,192587.0,157280.0
2025-06-20 10:24:29.659245,1347.5,192587.0,157280.0
2025-06-20 10:24:30.139834,1347.5,192755.0,156413.0
2025-06-20 10:24:30.656202,1347.5,192755.0,156413.0
2025-06-20 10:24:31.202790,1347.5,192584.0,157398.0
2025-06-20 10:24:31.657769,1347.7,192584.0,157398.0
2025-06-20 10:24:32.205268,1347.4,192226.0,157944.0
2025-06-20 10:24:32.656154,1347.4,192226.0,157944.0
2025-06-20 10:24:33.306279,1347.4,192596.0,157634.0
2025-06-20 10:24:34.416734,1347.4,192130.0,157762.0
2025-06-20 10:24:34.660676,1347.4,192130.0,157762.0
2025-06-20 10:24:35.505566,1347.7,192831.0,158527.0
2025-06-20 10:24:35.655625,1347.6,192831.0,158527.0
2025-06-20 10:24:36.605664,1347.4,191932.0,158241.0
2025-06-20 10:24:36.657946,1347.4,191932.0,158241.0
2025-06-20 10:24:37.655496,1347.5,191932.0,158241.0
2025-06-20 10:24:37.716985,1347.5,192541.0,158843.0
2025-06-20 10:24:38.658679,1347.0,192541.0,158843.0
2025-06-20 10:24:38.807845,1347.0,191122.0,159356.0
2025-06-20 10:24:39.921578,1347.0,190813.0,159340.0
2025-06-20 10:24:41.008504,1347.0,192449.0,159326.0
2025-06-20 10:24:41.659724,1347.1,192449.0,159326.0
2025-06-20 10:24:42.112830,1347.4,193443.0,157334.0
2025-06-20 10:24:42.328988,1347.4,193443.0,157334.0
2025-06-20 10:24:42.657755,1348.0,193443.0,157334.0
2025-06-20 10:24:42.962890,1348.0,193443.0,157334.0
2025-06-20 10:24:43.211134,1348.0,194353.0,156052.0
2025-06-20 10:24:43.529715,1348.0,194353.0,156052.0
2025-06-20 10:24:43.655615,1348.0,194353.0,156052.0
2025-06-20 10:24:43.786178,1348.0,194353.0,156052.0
2025-06-20 10:24:44.038288,1348.0,194353.0,156052.0
2025-06-20 10:24:44.111635,1348.0,194359.0,156620.0
2025-06-20 10:24:44.435824,1348.0,194359.0,156620.0
2025-06-20 10:24:44.699382,1348.0,194359.0,156620.0
2025-06-20 10:24:45.087486,1348.0,194359.0,156620.0
2025-06-20 10:24:45.212647,1348.0,194314.0,156487.0
2025-06-20 10:24:45.511839,1348.0,194314.0,156487.0
2025-06-20 10:24:45.657814,1347.8,194314.0,156487.0
2025-06-20 10:24:46.102536,1347.8,194314.0,156487.0
2025-06-20 10:24:46.310577,1347.8,204606.0,156885.0
2025-06-20 10:24:46.493022,1347.8,204606.0,156885.0
2025-06-20 10:24:46.654158,1347.6,204606.0,156885.0
2025-06-20 10:24:47.636156,1347.6,205252.0,156460.0
2025-06-20 10:24:47.687332,1347.6,205252.0,156460.0
2025-06-20 10:24:48.513858,1347.6,205256.0,156534.0
2025-06-20 10:24:48.657670,1347.6,205256.0,156534.0
2025-06-20 10:24:48.818716,1347.6,205256.0,156534.0
2025-06-20 10:24:49.445635,1348.1,205569.0,155594.0
2025-06-20 10:24:49.656169,1348.1,205569.0,155594.0
2025-06-20 10:24:49.796041,1348.1,205569.0,155594.0
2025-06-20 10:24:50.512857,1348.1,205390.0,155508.0
2025-06-20 10:24:51.326479,1348.1,205390.0,155508.0
2025-06-20 10:24:51.612318,1349.0,206803.0,153362.0
2025-06-20 10:24:51.656430,1348.6,206803.0,153362.0
2025-06-20 10:24:52.597266,1348.6,206803.0,153362.0
2025-06-20 10:24:52.687906,1348.6,206803.0,153362.0
2025-06-20 10:24:52.724618,1348.6,206133.0,153571.0
2025-06-20 10:24:53.662621,1347.6,206133.0,153571.0
2025-06-20 10:24:53.838750,1347.6,206133.0,153571.0
2025-06-20 10:24:53.839208,1347.6,203109.0,157278.0
2025-06-20 10:24:54.661630,1348.0,203109.0,157278.0
2025-06-20 10:24:54.927237,1348.0,202589.0,157493.0
2025-06-20 10:24:55.462763,1348.0,202589.0,157493.0
2025-06-20 10:24:55.669167,1348.1,202589.0,157493.0
2025-06-20 10:24:56.016282,1347.4,202258.0,159445.0
2025-06-20 10:24:56.655059,1347.4,202258.0,159445.0
2025-06-20 10:24:57.114699,1347.9,204075.0,157688.0
2025-06-20 10:24:57.657070,1347.4,204075.0,157688.0
2025-06-20 10:24:58.215002,1347.4,203516.0,157853.0
2025-06-20 10:24:59.317901,1347.4,203512.0,157853.0
2025-06-20 10:24:59.659302,1347.9,203512.0,157853.0
2025-06-20 10:25:00.817510,1348.7,204314.0,156828.0
2025-06-20 10:25:01.657933,1348.0,204314.0,156828.0
2025-06-20 10:25:01.820490,1349.0,204854.0,154001.0
2025-06-20 10:25:02.652638,1348.4,204854.0,154001.0
2025-06-20 10:25:02.956300,1348.2,204982.0,153681.0
2025-06-20 10:25:03.653239,1348.9,204982.0,153681.0
2025-06-20 10:25:04.023754,1348.9,204962.0,154299.0
2025-06-20 10:25:04.655134,1349.0,204962.0,154299.0
2025-06-20 10:25:05.020941,1349.0,204053.0,156094.0
2025-06-20 10:25:06.125991,1348.2,204683.0,155764.0
2025-06-20 10:25:06.655675,1348.2,204683.0,155764.0
2025-06-20 10:25:07.123357,1348.2,204346.0,155947.0
2025-06-20 10:25:07.653656,1347.9,204346.0,155947.0
2025-06-20 10:25:08.227191,1348.0,204298.0,156766.0
2025-06-20 10:25:08.658837,1348.6,204298.0,156766.0
2025-06-20 10:25:09.306341,1348.6,205426.0,155837.0
2025-06-20 10:25:09.694678,1348.6,205426.0,155837.0
2025-06-20 10:25:10.226222,1348.5,202618.0,157666.0
2025-06-20 10:25:10.662963,1348.2,202618.0,157666.0
2025-06-20 10:25:11.226307,1348.2,205661.0,155901.0
2025-06-20 10:25:11.654263,1348.2,205661.0,155901.0
2025-06-20 10:25:12.330106,1348.2,205379.0,155928.0
2025-06-20 10:25:12.658983,1348.2,205379.0,155928.0
2025-06-20 10:25:13.326997,1348.2,204837.0,156735.0
2025-06-20 10:25:13.653671,1348.2,204837.0,156735.0
2025-06-20 10:25:14.327395,1347.8,204843.0,157362.0
2025-06-20 10:25:14.655536,1348.2,204843.0,157362.0
2025-06-20 10:25:15.330130,1348.2,204283.0,157595.0
2025-06-20 10:25:15.653725,1348.2,204283.0,157595.0
2025-06-20 10:25:16.328745,1348.2,203438.0,158299.0
2025-06-20 10:25:16.657018,1348.2,203438.0,158299.0
2025-06-20 10:25:17.443997,1347.7,203220.0,159142.0
2025-06-20 10:25:17.653174,1348.2,203220.0,159142.0
2025-06-20 10:25:18.528728,1347.6,203287.0,158982.0
2025-06-20 10:25:18.656121,1347.6,203287.0,158982.0
2025-06-20 10:25:19.714375,1347.6,203332.0,158905.0
2025-06-20 10:25:20.699062,1348.0,203332.0,158905.0
2025-06-20 10:25:20.730671,1348.0,203476.0,157773.0
2025-06-20 10:25:21.830966,1348.0,203841.0,158564.0
2025-06-20 10:25:22.654272,1348.0,203841.0,158564.0
2025-06-20 10:25:22.977206,1348.2,203706.0,157506.0
2025-06-20 10:25:23.661789,1348.1,203706.0,157506.0
2025-06-20 10:25:24.237040,1348.2,203207.0,157539.0
2025-06-20 10:25:24.658242,1348.2,203207.0,157539.0
2025-06-20 10:25:25.137708,1348.2,203664.0,157452.0
2025-06-20 10:25:25.657729,1348.2,203664.0,157452.0
2025-06-20 10:25:26.034500,1348.2,203664.0,157510.0
2025-06-20 10:25:27.202969,1348.2,203636.0,157585.0
2025-06-20 10:25:27.704009,1348.2,203636.0,157585.0
2025-06-20 10:25:28.236261,1348.2,203991.0,157225.0
2025-06-20 10:25:28.654101,1348.2,203991.0,157225.0
2025-06-20 10:25:29.335722,1348.2,203787.0,157418.0
2025-06-20 10:25:30.450951,1348.2,204436.0,154857.0
2025-06-20 10:25:31.450568,1348.2,205087.0,155347.0
2025-06-20 10:25:31.661449,1348.3,205087.0,155347.0
2025-06-20 10:25:32.537720,1348.3,204833.0,155456.0
2025-06-20 10:25:32.655385,1348.3,204833.0,155456.0
2025-06-20 10:25:33.538603,1348.0,203689.0,156650.0
2025-06-20 10:25:33.658658,1348.1,203689.0,156650.0
2025-06-20 10:25:34.639781,1348.6,203996.0,157276.0
2025-06-20 10:25:34.654168,1348.6,203996.0,157276.0
2025-06-20 10:25:35.641118,1348.8,203974.0,157073.0
2025-06-20 10:25:35.658063,1348.2,203974.0,157073.0
2025-06-20 10:25:36.653831,1348.2,203974.0,157073.0
2025-06-20 10:25:36.750647,1348.2,203957.0,158357.0
2025-06-20 10:25:37.654687,1348.5,203957.0,158357.0
2025-06-20 10:25:37.742357,1348.2,203971.0,158735.0
2025-06-20 10:25:38.652621,1348.2,203971.0,158735.0
2025-06-20 10:25:38.843811,1348.2,203969.0,158565.0
2025-06-20 10:25:39.652539,1348.2,203969.0,158565.0
2025-06-20 10:25:39.952787,1347.7,202302.0,160013.0
2025-06-20 10:25:40.661669,1347.7,202302.0,160013.0
2025-06-20 10:25:41.084548,1347.7,203239.0,159742.0
2025-06-20 10:25:41.653338,1347.7,203239.0,159742.0
2025-06-20 10:25:42.144094,1347.8,203210.0,159019.0
2025-06-20 10:25:42.686317,1348.2,203210.0,159019.0
2025-06-20 10:25:43.315193,1348.6,204178.0,154527.0
2025-06-20 10:25:43.731483,1348.5,204178.0,154527.0
2025-06-20 10:25:44.247453,1348.9,204900.0,155466.0
2025-06-20 10:25:44.658430,1348.5,204900.0,155466.0
2025-06-20 10:25:45.349293,1348.5,204351.0,156138.0
2025-06-20 10:25:45.655209,1348.5,204351.0,156138.0
2025-06-20 10:25:46.453628,1348.5,204663.0,156582.0
2025-06-20 10:25:47.550238,1348.0,204182.0,158700.0
2025-06-20 10:25:47.658650,1348.1,204182.0,158700.0
2025-06-20 10:25:48.651883,1348.0,204105.0,158876.0
2025-06-20 10:25:48.659733,1348.0,204105.0,158876.0
2025-06-20 10:25:49.753463,1348.0,203141.0,160673.0
2025-06-20 10:25:50.659956,1348.2,203141.0,160673.0
2025-06-20 10:25:50.756345,1348.2,203386.0,160442.0
2025-06-20 10:25:51.657152,1347.6,203386.0,160442.0
2025-06-20 10:25:51.751698,1347.6,203917.0,159379.0
2025-06-20 10:25:52.658336,1347.6,203917.0,159379.0
2025-06-20 10:25:52.858361,1347.6,204201.0,159162.0
2025-06-20 10:25:53.657332,1347.6,204201.0,159162.0
2025-06-20 10:25:53.963751,1347.6,204597.0,159100.0
2025-06-20 10:25:54.660508,1347.9,204597.0,159100.0
2025-06-20 10:25:55.108331,1347.9,205064.0,158280.0
2025-06-20 10:25:55.660708,1347.8,205064.0,158280.0
2025-06-20 10:25:56.055514,1347.6,204947.0,158251.0
2025-06-20 10:25:56.657129,1348.3,204947.0,158251.0
2025-06-20 10:25:57.157067,1348.0,205044.0,158870.0
2025-06-20 10:25:57.663266,1347.7,205044.0,158870.0
2025-06-20 10:25:58.258103,1347.7,201998.0,158497.0
2025-06-20 10:25:58.661493,1347.6,201998.0,158497.0
2025-06-20 10:25:59.661338,1347.6,201998.0,158497.0
2025-06-20 10:25:59.960342,1347.6,203029.0,157513.0
2025-06-20 10:26:00.662529,1348.2,203029.0,157513.0
2025-06-20 10:26:00.858499,1348.2,204318.0,158620.0
2025-06-20 10:26:01.659194,1347.6,204318.0,158620.0
2025-06-20 10:26:01.859329,1347.6,204329.0,157919.0
2025-06-20 10:26:02.659706,1347.6,204329.0,157919.0
2025-06-20 10:26:02.858566,1347.6,204394.0,158778.0
2025-06-20 10:26:03.658356,1347.6,204394.0,158778.0
2025-06-20 10:26:03.858873,1347.6,204207.0,158421.0
2025-06-20 10:26:04.658509,1347.7,204207.0,158421.0
2025-06-20 10:26:04.960536,1347.7,204517.0,158782.0
2025-06-20 10:26:05.657074,1347.7,204517.0,158782.0
2025-06-20 10:26:06.061264,1347.6,203766.0,159777.0
2025-06-20 10:26:06.655871,1347.6,203766.0,159777.0
2025-06-20 10:26:07.163597,1347.6,204962.0,158900.0
2025-06-20 10:26:07.657547,1347.6,204962.0,158900.0
2025-06-20 10:26:08.165926,1348.0,205461.0,158303.0
2025-06-20 10:26:08.657979,1348.5,205461.0,158303.0
2025-06-20 10:26:09.271708,1348.5,205763.0,158697.0
2025-06-20 10:26:10.365727,1348.0,205542.0,157492.0
2025-06-20 10:26:10.657312,1348.0,205542.0,157492.0
2025-06-20 10:26:11.366354,1348.0,205613.0,157605.0
2025-06-20 10:26:12.477163,1348.2,205834.0,157902.0
2025-06-20 10:26:12.657601,1348.2,205834.0,157902.0
2025-06-20 10:26:13.569189,1347.8,205868.0,156369.0
2025-06-20 10:26:13.658196,1347.8,205868.0,156369.0
2025-06-20 10:26:14.478631,1348.8,206066.0,156573.0
2025-06-20 10:26:14.660633,1348.2,206066.0,156573.0
2025-06-20 10:26:15.570011,1348.1,205926.0,157789.0
2025-06-20 10:26:15.659244,1348.1,205926.0,157789.0
2025-06-20 10:26:16.657875,1348.1,205926.0,157789.0
2025-06-20 10:26:16.677175,1348.1,204942.0,157377.0
2025-06-20 10:26:17.665449,1347.9,204942.0,157377.0
2025-06-20 10:26:17.770418,1347.9,204823.0,157447.0
2025-06-20 10:26:18.656229,1348.2,204823.0,157447.0
2025-06-20 10:26:18.873837,1348.2,206362.0,156860.0
2025-06-20 10:26:19.972593,1348.2,206072.0,156847.0
2025-06-20 10:26:20.973305,1348.1,205736.0,157292.0
2025-06-20 10:26:21.657740,1348.7,205736.0,157292.0
2025-06-20 10:26:22.074977,1348.2,206008.0,157695.0
2025-06-20 10:26:22.658036,1348.2,206008.0,157695.0
2025-06-20 10:26:23.179422,1348.6,205640.0,157832.0
2025-06-20 10:26:23.677497,1347.9,205640.0,157832.0
2025-06-20 10:26:24.182563,1348.7,205914.0,157553.0
2025-06-20 10:26:24.657626,1348.0,205914.0,157553.0
2025-06-20 10:26:25.180014,1348.0,203317.0,157664.0
2025-06-20 10:26:26.182238,1348.0,205320.0,159248.0
2025-06-20 10:26:27.183564,1348.0,205038.0,158814.0
2025-06-20 10:26:27.666553,1347.7,205038.0,158814.0
2025-06-20 10:26:28.184342,1347.8,205142.0,158775.0
2025-06-20 10:26:28.661019,1347.7,205142.0,158775.0
2025-06-20 10:26:29.184855,1347.7,204415.0,160251.0
2025-06-20 10:26:29.659086,1347.7,204415.0,160251.0
2025-06-20 10:26:30.184387,1347.6,204790.0,160004.0
2025-06-20 10:26:30.665959,1347.6,204790.0,160004.0
2025-06-20 10:26:31.183417,1347.8,205216.0,159585.0
2025-06-20 10:26:31.667600,1347.8,205216.0,159585.0
2025-06-20 10:26:32.281527,1347.7,204372.0,161602.0
2025-06-20 10:26:32.660406,1347.7,204372.0,161602.0
2025-06-20 10:26:33.290016,1347.7,204262.0,161577.0
2025-06-20 10:26:33.657399,1347.5,204262.0,161577.0
2025-06-20 10:26:34.393220,1347.5,202264.0,163584.0
2025-06-20 10:26:34.663327,1347.1,202264.0,163584.0
2025-06-20 10:26:35.390958,1347.0,203315.0,162957.0
2025-06-20 10:26:35.672341,1347.0,203315.0,162957.0
2025-06-20 10:26:36.440601,1347.1,203903.0,161980.0
2025-06-20 10:26:36.661444,1347.1,203903.0,161980.0
2025-06-20 10:26:37.393263,1347.6,205106.0,161336.0
2025-06-20 10:26:37.669282,1347.3,205106.0,161336.0
2025-06-20 10:26:38.389973,1347.3,205480.0,161552.0
2025-06-20 10:26:39.284025,1347.3,205393.0,161204.0
2025-06-20 10:26:40.284462,1347.3,205331.0,161498.0
2025-06-20 10:26:41.284716,1347.3,205384.0,161579.0
2025-06-20 10:26:42.497718,1347.6,205288.0,161702.0
2025-06-20 10:26:42.669826,1347.6,205288.0,161702.0
2025-06-20 10:26:43.492430,1347.6,204976.0,162490.0
2025-06-20 10:26:43.689544,1347.6,204976.0,162490.0
2025-06-20 10:26:44.502762,1347.2,204576.0,163469.0
2025-06-20 10:26:44.777667,1347.2,204576.0,163469.0
2025-06-20 10:26:45.493298,1347.2,204421.0,163795.0
2025-06-20 10:26:46.596597,1347.0,202655.0,165165.0
2025-06-20 10:26:46.672126,1347.0,202655.0,165165.0
2025-06-20 10:26:47.668571,1347.0,202655.0,165165.0
2025-06-20 10:26:47.709793,1347.0,203382.0,165167.0
2025-06-20 10:26:48.802053,1347.0,203382.0,165043.0
2025-06-20 10:26:49.692717,1347.5,203382.0,165043.0
2025-06-20 10:26:49.934507,1347.0,203159.0,164049.0
2025-06-20 10:26:50.694497,1347.0,203159.0,164049.0
2025-06-20 10:26:50.999687,1347.1,203022.0,163096.0
2025-06-20 10:26:51.688389,1347.1,203022.0,163096.0
2025-06-20 10:26:51.999506,1347.0,203083.0,163518.0
2025-06-20 10:26:52.670273,1347.0,203083.0,163518.0
2025-06-20 10:26:53.110656,1347.4,204209.0,160679.0
2025-06-20 10:26:53.671038,1347.4,204209.0,160679.0
2025-06-20 10:26:54.209502,1347.5,204235.0,160710.0
2025-06-20 10:26:54.694660,1347.5,204235.0,160710.0
2025-06-20 10:26:55.312942,1348.1,204113.0,161653.0
2025-06-20 10:26:56.070088,1347.4,204113.0,161653.0
2025-06-20 10:26:56.416092,1347.4,204306.0,161044.0
2025-06-20 10:26:57.513443,1347.4,204358.0,161650.0
2025-06-20 10:26:57.691888,1347.5,204358.0,161650.0
2025-06-20 10:26:58.508313,1347.3,203923.0,162103.0
2025-06-20 10:26:58.691670,1347.3,203923.0,162103.0
2025-06-20 10:26:59.610518,1347.6,203553.0,162609.0
2025-06-20 10:26:59.670732,1347.2,203553.0,162609.0
2025-06-20 10:27:00.672637,1347.3,203553.0,162609.0
2025-06-20 10:27:00.940096,1347.3,203436.0,162178.0
2025-06-20 10:27:02.013985,1347.6,204136.0,159890.0
2025-06-20 10:27:02.687618,1347.6,204136.0,159890.0
2025-06-20 10:27:03.106210,1347.6,203769.0,159595.0
2025-06-20 10:27:03.678599,1347.6,203769.0,159595.0
2025-06-20 10:27:04.214632,1347.5,204262.0,160903.0
2025-06-20 10:27:04.711049,1347.5,204262.0,160903.0
2025-06-20 10:27:05.308008,1347.2,202253.0,162459.0
2025-06-20 10:27:05.686225,1347.2,202253.0,162459.0
2025-06-20 10:27:06.311433,1347.2,202847.0,163405.0
2025-06-20 10:27:07.310903,1347.5,203266.0,162750.0
2025-06-20 10:27:07.680203,1347.5,203266.0,162750.0
2025-06-20 10:27:08.311802,1347.5,203333.0,162600.0
2025-06-20 10:27:09.466706,1347.3,203117.0,162455.0
2025-06-20 10:27:09.681892,1347.5,203117.0,162455.0
2025-06-20 10:27:10.672042,1347.3,203327.0,162995.0
2025-06-20 10:27:10.683276,1347.2,203327.0,162995.0
2025-06-20 10:27:11.519305,1347.5,202730.0,161118.0
2025-06-20 10:27:11.665272,1347.1,202730.0,161118.0
2025-06-20 10:27:12.613391,1347.0,203320.0,162546.0
2025-06-20 10:27:12.665830,1347.0,203320.0,162546.0
2025-06-20 10:27:13.668646,1347.0,203320.0,162546.0
2025-06-20 10:27:13.742618,1347.0,203067.0,162699.0
2025-06-20 10:27:14.819599,1347.0,203270.0,162071.0
2025-06-20 10:27:15.927327,1347.1,203335.0,161883.0
2025-06-20 10:27:16.660407,1347.1,203335.0,161883.0
2025-06-20 10:27:17.029180,1347.1,203171.0,162075.0
2025-06-20 10:27:17.662906,1347.1,203171.0,162075.0
2025-06-20 10:27:18.018445,1347.1,203258.0,162206.0
2025-06-20 10:27:18.668619,1347.0,203258.0,162206.0
2025-06-20 10:27:19.123770,1347.6,202880.0,161768.0
2025-06-20 10:27:19.659721,1346.8,202880.0,161768.0
2025-06-20 10:27:20.229703,1346.8,201974.0,164139.0
2025-06-20 10:27:20.667077,1346.6,201974.0,164139.0
2025-06-20 10:27:21.320641,1346.6,202077.0,163925.0
2025-06-20 10:27:21.660791,1346.6,202077.0,163925.0
2025-06-20 10:27:22.450927,1346.6,202250.0,163752.0
2025-06-20 10:27:23.521989,1346.7,202453.0,163306.0
2025-06-20 10:27:23.911537,1346.7,202453.0,163306.0
2025-06-20 10:27:24.624315,1346.4,202569.0,163880.0
2025-06-20 10:27:24.684824,1346.4,202569.0,163880.0
2025-06-20 10:27:25.668433,1346.9,202569.0,163880.0
2025-06-20 10:27:25.734334,1346.4,202653.0,164243.0
2025-06-20 10:27:26.663922,1346.9,202653.0,164243.0
2025-06-20 10:27:26.828904,1346.3,201884.0,164332.0
2025-06-20 10:27:27.664227,1346.9,201884.0,164332.0
2025-06-20 10:27:27.966774,1346.1,201419.0,165060.0
2025-06-20 10:27:28.678580,1346.6,201419.0,165060.0
2025-06-20 10:27:29.028535,1346.5,203012.0,164975.0
2025-06-20 10:27:29.743855,1347.0,203012.0,164975.0
2025-06-20 10:27:30.079283,1347.0,202516.0,162994.0
2025-06-20 10:27:30.751691,1346.4,202516.0,162994.0
2025-06-20 10:27:31.351150,1346.4,202312.0,163533.0
2025-06-20 10:27:31.675647,1346.6,202312.0,163533.0
2025-06-20 10:27:32.028276,1346.6,202942.0,163153.0
2025-06-20 10:27:32.707008,1346.6,202942.0,163153.0
2025-06-20 10:27:33.130619,1346.6,203378.0,163161.0
2025-06-20 10:27:33.662216,1346.6,203378.0,163161.0
2025-06-20 10:27:34.232931,1346.6,203388.0,163753.0
2025-06-20 10:27:34.677781,1347.2,203388.0,163753.0
2025-06-20 10:27:35.332125,1347.2,204133.0,163075.0
2025-06-20 10:27:36.536466,1347.2,203817.0,163403.0
2025-06-20 10:27:36.679961,1346.4,203817.0,163403.0
2025-06-20 10:27:37.337805,1346.7,203460.0,163464.0
2025-06-20 10:27:37.671052,1346.7,203460.0,163464.0
2025-06-20 10:27:38.492000,1346.7,204046.0,163489.0
2025-06-20 10:27:39.551341,1346.7,203863.0,163655.0
2025-06-20 10:27:39.686147,1346.7,203863.0,163655.0
2025-06-20 10:27:40.639869,1346.7,202156.0,165455.0
2025-06-20 10:27:40.670028,1346.2,202156.0,165455.0
2025-06-20 10:27:41.764656,1346.2,203268.0,164841.0
2025-06-20 10:27:42.698408,1346.2,203268.0,164841.0
2025-06-20 10:27:42.844985,1346.2,202752.0,165723.0
2025-06-20 10:27:43.034605,1346.2,202752.0,165723.0
2025-06-20 10:27:43.844162,1346.2,203243.0,165712.0
2025-06-20 10:27:43.973539,1346.2,203243.0,165712.0
2025-06-20 10:27:44.266350,1346.2,203243.0,165712.0
2025-06-20 10:27:44.955753,1346.7,203008.0,165125.0
2025-06-20 10:27:45.286927,1346.7,203008.0,165125.0
2025-06-20 10:27:45.670548,1346.2,203008.0,165125.0
2025-06-20 10:27:45.781852,1346.2,203008.0,165125.0
2025-06-20 10:27:46.048394,1346.2,203021.0,165283.0
2025-06-20 10:27:46.298170,1346.2,203021.0,165283.0
2025-06-20 10:27:47.145538,1346.2,202995.0,165803.0
2025-06-20 10:27:47.690882,1346.2,202995.0,165803.0
2025-06-20 10:27:47.719258,1346.7,202995.0,165803.0
2025-06-20 10:27:48.247306,1346.7,203439.0,166731.0
2025-06-20 10:27:48.671323,1346.1,203439.0,166731.0
2025-06-20 10:27:49.044884,1346.1,203439.0,166731.0
2025-06-20 10:27:49.347192,1346.5,201354.0,166832.0
2025-06-20 10:27:49.673696,1345.9,201354.0,166832.0
2025-06-20 10:27:50.005869,1345.9,201354.0,166832.0
2025-06-20 10:27:50.347283,1346.2,202793.0,166154.0
2025-06-20 10:27:50.670333,1346.2,202793.0,166154.0
2025-06-20 10:27:51.348850,1346.4,203104.0,166100.0
2025-06-20 10:27:51.515954,1346.4,203104.0,166100.0
2025-06-20 10:27:51.670839,1346.2,203104.0,166100.0
2025-06-20 10:27:52.475479,1346.2,203101.0,166215.0
2025-06-20 10:27:52.672031,1346.2,203101.0,166215.0
2025-06-20 10:27:52.831448,1346.2,203101.0,166215.0
2025-06-20 10:27:53.549047,1346.7,202591.0,165386.0
2025-06-20 10:27:53.668005,1346.2,202591.0,165386.0
2025-06-20 10:27:54.032963,1346.2,202591.0,165386.0
2025-06-20 10:27:54.650969,1346.7,202521.0,166090.0
2025-06-20 10:27:54.668313,1346.2,202521.0,166090.0
2025-06-20 10:27:55.627000,1346.2,202521.0,166090.0
2025-06-20 10:27:55.705444,1346.3,202521.0,166090.0
2025-06-20 10:27:55.751613,1346.3,201657.0,167809.0
2025-06-20 10:27:56.675296,1346.3,201657.0,167809.0
2025-06-20 10:27:56.753270,1346.3,201182.0,167484.0
2025-06-20 10:27:57.670975,1345.6,201182.0,167484.0
2025-06-20 10:27:57.752894,1345.6,200304.0,167460.0
2025-06-20 10:27:58.668058,1346.2,200304.0,167460.0
2025-06-20 10:27:58.754170,1346.2,201001.0,167664.0
2025-06-20 10:27:59.666555,1345.6,201001.0,167664.0
2025-06-20 10:27:59.756221,1345.6,200836.0,168454.0
2025-06-20 10:28:00.669316,1345.5,200836.0,168454.0
2025-06-20 10:28:00.860842,1345.5,200480.0,168231.0
2025-06-20 10:28:01.970223,1345.5,201147.0,168782.0
2025-06-20 10:28:02.863093,1345.5,199394.0,168956.0
2025-06-20 10:28:03.969850,1345.5,199640.0,169063.0
2025-06-20 10:28:04.667195,1345.5,199640.0,169063.0
2025-06-20 10:28:05.060441,1345.5,199633.0,169614.0
2025-06-20 10:28:06.161880,1345.5,199700.0,169571.0
2025-06-20 10:28:07.270688,1345.5,200128.0,169545.0
2025-06-20 10:28:07.671069,1345.5,200128.0,169545.0
2025-06-20 10:28:08.361239,1345.5,199813.0,169353.0
2025-06-20 10:28:08.665750,1345.5,199813.0,169353.0
2025-06-20 10:28:09.472628,1345.5,199957.0,169428.0
2025-06-20 10:28:10.565208,1345.5,199441.0,169862.0
2025-06-20 10:28:11.663128,1345.5,199758.0,167971.0
2025-06-20 10:28:12.669968,1346.0,199758.0,167971.0
2025-06-20 10:28:12.763134,1346.0,199585.0,168998.0
2025-06-20 10:28:13.670122,1345.3,199585.0,168998.0
2025-06-20 10:28:13.870702,1345.3,197946.0,170825.0
2025-06-20 10:28:14.667272,1345.2,197946.0,170825.0
2025-06-20 10:28:14.972287,1345.2,197716.0,170760.0
2025-06-20 10:28:15.668743,1345.5,197716.0,170760.0
2025-06-20 10:28:16.066362,1345.5,198401.0,170329.0
2025-06-20 10:28:16.666592,1345.2,198401.0,170329.0
2025-06-20 10:28:17.185553,1345.7,198449.0,170354.0
2025-06-20 10:28:17.666611,1345.2,198449.0,170354.0
2025-06-20 10:28:18.277679,1345.5,198234.0,170372.0
2025-06-20 10:28:18.667958,1345.5,198234.0,170372.0
2025-06-20 10:28:19.369308,1345.5,198469.0,169054.0
2025-06-20 10:28:20.480662,1346.0,199618.0,167599.0
2025-06-20 10:28:20.668024,1345.5,199618.0,167599.0
2025-06-20 10:28:21.377476,1345.5,199530.0,167822.0
2025-06-20 10:28:21.666409,1345.5,199530.0,167822.0
2025-06-20 10:28:22.706044,1345.5,199154.0,169135.0
2025-06-20 10:28:22.710255,1345.2,199154.0,169135.0
2025-06-20 10:28:23.686057,1345.9,199154.0,169135.0
2025-06-20 10:28:23.699946,1345.9,199312.0,168823.0
2025-06-20 10:28:24.774773,1345.9,199262.0,168888.0
2025-06-20 10:28:25.667728,1345.9,199262.0,168888.0
2025-06-20 10:28:25.910056,1345.9,199475.0,168979.0
2025-06-20 10:28:26.667012,1345.9,199475.0,168979.0
2025-06-20 10:28:26.983514,1345.9,199382.0,168131.0
2025-06-20 10:28:27.666560,1345.9,199382.0,168131.0
2025-06-20 10:28:28.077072,1345.4,199216.0,168126.0
2025-06-20 10:28:28.678581,1345.4,199216.0,168126.0
2025-06-20 10:28:29.191834,1345.4,199472.0,168418.0
2025-06-20 10:28:29.667662,1345.9,199472.0,168418.0
2025-06-20 10:28:30.284951,1345.3,199268.0,168422.0
2025-06-20 10:28:30.668046,1345.3,199268.0,168422.0
2025-06-20 10:28:31.379862,1345.3,199765.0,168106.0
2025-06-20 10:28:31.669425,1345.9,199765.0,168106.0
2025-06-20 10:28:32.486702,1345.3,199731.0,168615.0
2025-06-20 10:28:32.669364,1345.3,199731.0,168615.0
2025-06-20 10:28:33.382142,1345.3,199117.0,168932.0
2025-06-20 10:28:33.739648,1345.3,199117.0,168932.0
2025-06-20 10:28:34.488217,1345.3,199401.0,168859.0
2025-06-20 10:28:34.666590,1345.9,199401.0,168859.0
2025-06-20 10:28:35.486110,1345.2,197879.0,169503.0
2025-06-20 10:28:35.671599,1345.1,197879.0,169503.0
2025-06-20 10:28:36.584467,1345.2,198544.0,169473.0
2025-06-20 10:28:36.675524,1345.1,198544.0,169473.0
2025-06-20 10:28:37.695230,1345.1,198578.0,169564.0
2025-06-20 10:28:38.786998,1345.1,198297.0,169641.0
2025-06-20 10:28:39.688727,1345.1,198297.0,169641.0
2025-06-20 10:28:39.797026,1345.1,199037.0,170175.0
2025-06-20 10:28:40.669840,1345.1,199037.0,170175.0
2025-06-20 10:28:40.894916,1345.1,200295.0,168832.0
2025-06-20 10:28:41.668699,1346.0,200295.0,168832.0
2025-06-20 10:28:41.930311,1346.0,200844.0,168343.0
2025-06-20 10:28:42.669775,1345.5,200844.0,168343.0
2025-06-20 10:28:42.986403,1345.5,200553.0,168723.0
2025-06-20 10:28:43.669527,1346.0,200553.0,168723.0
2025-06-20 10:28:43.990909,1346.0,199715.0,168828.0
2025-06-20 10:28:44.668837,1345.5,199715.0,168828.0
2025-06-20 10:28:45.135047,1345.5,199897.0,168761.0
2025-06-20 10:28:45.674552,1345.5,199897.0,168761.0
2025-06-20 10:28:45.993701,1345.5,199815.0,168243.0
2025-06-20 10:28:46.671779,1345.5,199815.0,168243.0
2025-06-20 10:28:47.086875,1345.5,200845.0,167730.0
2025-06-20 10:28:48.187339,1345.5,200359.0,167410.0
2025-06-20 10:28:48.670381,1345.5,200359.0,167410.0
2025-06-20 10:28:49.290364,1345.5,200259.0,168031.0
2025-06-20 10:28:49.671200,1346.0,200259.0,168031.0
2025-06-20 10:28:50.591384,1345.5,200220.0,168224.0
2025-06-20 10:28:50.715356,1345.5,200220.0,168224.0
2025-06-20 10:28:51.493885,1345.9,200397.0,169134.0
2025-06-20 10:28:51.670213,1345.5,200397.0,169134.0
2025-06-20 10:28:52.497430,1345.5,200408.0,168506.0
2025-06-20 10:28:52.670063,1345.5,200408.0,168506.0
2025-06-20 10:28:53.591203,1345.5,199786.0,168768.0
2025-06-20 10:28:53.668338,1345.5,199786.0,168768.0
2025-06-20 10:28:54.672132,1346.0,199786.0,168768.0
2025-06-20 10:28:54.699743,1346.0,200155.0,168653.0
2025-06-20 10:28:55.668404,1345.5,200155.0,168653.0
2025-06-20 10:28:55.792381,1345.5,200056.0,169979.0
2025-06-20 10:28:56.668919,1345.7,200056.0,169979.0
2025-06-20 10:28:56.903944,1345.7,200103.0,169287.0
2025-06-20 10:28:57.674738,1345.9,200103.0,169287.0
2025-06-20 10:28:58.001578,1345.9,200291.0,169146.0
2025-06-20 10:28:58.672123,1345.5,200291.0,169146.0
2025-06-20 10:28:59.093316,1345.5,200785.0,167897.0
2025-06-20 10:29:00.195421,1346.1,200018.0,168650.0
2025-06-20 10:29:01.096122,1346.0,200845.0,168287.0
2025-06-20 10:29:01.673486,1345.5,200845.0,168287.0
2025-06-20 10:29:02.092436,1345.5,200889.0,168485.0
2025-06-20 10:29:02.678401,1345.5,200889.0,168485.0
2025-06-20 10:29:03.193876,1345.5,200819.0,168436.0
2025-06-20 10:29:04.294100,1345.5,200726.0,168703.0
2025-06-20 10:29:04.713866,1345.5,200726.0,168703.0
2025-06-20 10:29:05.295122,1345.5,201508.0,166734.0
2025-06-20 10:29:06.295872,1346.2,200671.0,168210.0
2025-06-20 10:29:06.674150,1345.5,200671.0,168210.0
2025-06-20 10:29:07.300431,1345.5,201491.0,167742.0
2025-06-20 10:29:07.673511,1346.0,201491.0,167742.0
2025-06-20 10:29:08.297628,1346.0,201508.0,167959.0
2025-06-20 10:29:08.671799,1345.5,201508.0,167959.0
2025-06-20 10:29:09.299000,1345.5,200277.0,169454.0
2025-06-20 10:29:09.677826,1345.9,200277.0,169454.0
2025-06-20 10:29:10.199509,1345.5,199292.0,169108.0
2025-06-20 10:29:10.678178,1345.5,199292.0,169108.0
2025-06-20 10:29:11.201211,1345.5,200491.0,168961.0
2025-06-20 10:29:11.683240,1345.5,200491.0,168961.0
2025-06-20 10:29:12.201428,1345.6,200799.0,168052.0
2025-06-20 10:29:12.713873,1345.6,200799.0,168052.0
2025-06-20 10:29:13.202248,1345.4,201416.0,168609.0
2025-06-20 10:29:13.673929,1345.6,201416.0,168609.0
2025-06-20 10:29:14.206001,1345.3,200088.0,168803.0
2025-06-20 10:29:14.674400,1345.5,200088.0,168803.0
2025-06-20 10:29:15.204133,1345.5,200109.0,168554.0
2025-06-20 10:29:15.678582,1345.5,200109.0,168554.0
2025-06-20 10:29:16.204499,1345.5,200818.0,167801.0
2025-06-20 10:29:16.681441,1345.5,200818.0,167801.0
2025-06-20 10:29:17.203734,1345.5,200567.0,168334.0
2025-06-20 10:29:17.678316,1345.5,200567.0,168334.0
2025-06-20 10:29:18.371257,1345.9,201069.0,166663.0
2025-06-20 10:29:18.966853,1345.9,201069.0,166663.0
2025-06-20 10:29:19.317248,1345.9,201018.0,166689.0
2025-06-20 10:29:19.695815,1345.9,201018.0,166689.0
2025-06-20 10:29:20.309304,1345.9,200151.0,167214.0
2025-06-20 10:29:20.677498,1345.6,200151.0,167214.0
2025-06-20 10:29:21.309519,1345.6,199685.0,167584.0
2025-06-20 10:29:21.675815,1345.6,199685.0,167584.0
2025-06-20 10:29:22.311646,1345.6,199645.0,167630.0
2025-06-20 10:29:22.690016,1345.6,199645.0,167630.0
2025-06-20 10:29:23.310638,1345.6,200727.0,167795.0
2025-06-20 10:29:23.676409,1345.6,200727.0,167795.0
2025-06-20 10:29:24.315944,1345.7,200873.0,166517.0
2025-06-20 10:29:24.688042,1345.7,200873.0,166517.0
2025-06-20 10:29:25.428738,1345.7,200747.0,166076.0
2025-06-20 10:29:26.515321,1345.9,201595.0,165150.0
2025-06-20 10:29:26.677214,1345.9,201595.0,165150.0
2025-06-20 10:29:27.519142,1345.9,201594.0,165175.0
2025-06-20 10:29:28.640152,1345.9,201594.0,165175.0
2025-06-20 10:29:29.615821,1345.9,201705.0,165249.0
2025-06-20 10:29:30.722111,1345.9,201705.0,165249.0
2025-06-20 10:29:30.773249,1345.9,201561.0,165299.0
2025-06-20 10:29:31.678941,1345.9,201561.0,165299.0
2025-06-20 10:29:31.729804,1345.9,201317.0,165440.0
2025-06-20 10:29:32.680153,1345.9,201317.0,165440.0
2025-06-20 10:29:32.817718,1345.9,201371.0,165553.0
2025-06-20 10:29:33.679653,1345.9,201371.0,165553.0
2025-06-20 10:29:33.933852,1345.9,200723.0,166186.0
2025-06-20 10:29:34.675220,1345.9,200723.0,166186.0
2025-06-20 10:29:35.026530,1345.9,201646.0,166361.0
2025-06-20 10:29:36.150225,1345.9,201727.0,166219.0
2025-06-20 10:29:36.673808,1346.4,201727.0,166219.0
2025-06-20 10:29:37.223656,1346.4,201784.0,165012.0
2025-06-20 10:29:37.676195,1345.9,201784.0,165012.0
2025-06-20 10:29:38.323530,1345.9,201351.0,164915.0
2025-06-20 10:29:38.673035,1346.0,201351.0,164915.0
2025-06-20 10:29:39.325150,1346.0,200651.0,163904.0
2025-06-20 10:29:39.680478,1346.0,200651.0,163904.0
2025-06-20 10:29:40.436144,1346.1,201057.0,164872.0
2025-06-20 10:29:40.677739,1346.6,201057.0,164872.0
2025-06-20 10:29:41.664057,1345.9,200606.0,165325.0
2025-06-20 10:29:41.684478,1346.4,200606.0,165325.0
2025-06-20 10:29:42.627585,1345.9,200920.0,166105.0
2025-06-20 10:29:42.674664,1345.9,200920.0,166105.0
2025-06-20 10:29:43.733330,1345.9,201013.0,166377.0
2025-06-20 10:29:44.831509,1345.9,200862.0,165681.0
2025-06-20 10:29:45.638668,1346.0,201015.0,165619.0
2025-06-20 10:29:45.697510,1346.0,201015.0,165619.0
2025-06-20 10:29:46.727557,1346.0,200838.0,165862.0
2025-06-20 10:29:47.828517,1346.0,200684.0,166451.0
2025-06-20 10:29:48.676866,1346.0,200684.0,166451.0
2025-06-20 10:29:48.942638,1345.9,201003.0,166483.0
2025-06-20 10:29:49.694516,1345.7,201003.0,166483.0
2025-06-20 10:29:49.959393,1345.7,201307.0,166892.0
2025-06-20 10:29:50.676392,1345.6,201307.0,166892.0
2025-06-20 10:29:50.940028,1345.6,200961.0,166660.0
2025-06-20 10:29:51.709840,1345.6,200961.0,166660.0
2025-06-20 10:29:51.941753,1345.9,200731.0,166309.0
2025-06-20 10:29:52.679229,1346.4,200731.0,166309.0
2025-06-20 10:29:53.006866,1345.9,201080.0,166097.0
2025-06-20 10:29:53.674858,1345.9,201080.0,166097.0
2025-06-20 10:29:54.445989,1346.3,201671.0,166448.0
2025-06-20 10:29:54.676276,1345.6,201671.0,166448.0
2025-06-20 10:29:55.658919,1346.0,201469.0,166096.0
2025-06-20 10:29:55.708884,1346.5,201469.0,166096.0
2025-06-20 10:29:56.482558,1345.8,201281.0,165996.0
2025-06-20 10:29:56.682623,1345.6,201281.0,165996.0
2025-06-20 10:29:57.535530,1345.6,201247.0,167077.0
2025-06-20 10:29:57.680163,1345.6,201247.0,167077.0
2025-06-20 10:29:58.638176,1345.5,201099.0,168373.0
2025-06-20 10:29:58.681880,1345.5,201099.0,168373.0
2025-06-20 10:29:59.683153,1345.5,201099.0,168373.0
2025-06-20 10:29:59.740392,1345.5,201383.0,167581.0
2025-06-20 10:30:01.047274,1345.5,200629.0,167883.0
2025-06-20 10:30:01.675025,1346.3,200629.0,167883.0
2025-06-20 10:30:02.057985,1345.7,201420.0,166492.0
2025-06-20 10:30:02.673892,1346.7,201420.0,166492.0
2025-06-20 10:30:03.254007,1346.1,201640.0,164206.0
2025-06-20 10:30:03.674038,1346.1,201640.0,164206.0
2025-06-20 10:30:04.048218,1346.1,201831.0,165120.0
2025-06-20 10:30:04.673874,1346.1,201831.0,165120.0
2025-06-20 10:30:05.143452,1346.0,201872.0,165523.0
2025-06-20 10:30:05.688478,1346.0,201872.0,165523.0
2025-06-20 10:30:06.242600,1346.0,202177.0,165865.0
2025-06-20 10:30:06.676201,1346.0,202177.0,165865.0
2025-06-20 10:30:07.406592,1345.9,202159.0,165861.0
2025-06-20 10:30:07.680244,1345.9,202159.0,165861.0
2025-06-20 10:30:08.345938,1345.9,202221.0,166045.0
2025-06-20 10:30:09.451671,1345.9,202065.0,166028.0
2025-06-20 10:30:10.348299,1346.5,202259.0,165923.0
2025-06-20 10:30:10.688111,1346.0,202259.0,165923.0
2025-06-20 10:30:11.347432,1346.0,202099.0,165983.0
2025-06-20 10:30:11.691700,1346.0,202099.0,165983.0
2025-06-20 10:30:12.354354,1346.0,202043.0,165724.0
2025-06-20 10:30:12.681239,1346.0,202043.0,165724.0
2025-06-20 10:30:13.355285,1346.0,202041.0,165774.0
2025-06-20 10:30:13.697014,1346.0,202041.0,165774.0
2025-06-20 10:30:14.257512,1346.0,201889.0,165758.0
2025-06-20 10:30:15.349912,1346.0,201920.0,165940.0
2025-06-20 10:30:16.523850,1346.5,201808.0,166032.0
2025-06-20 10:30:16.956699,1346.5,201808.0,166032.0
2025-06-20 10:30:17.550466,1346.0,202298.0,165712.0
2025-06-20 10:30:17.688758,1346.0,202298.0,165712.0
2025-06-20 10:30:18.550119,1346.0,202236.0,165612.0
2025-06-20 10:30:19.649982,1346.5,202411.0,166078.0
2025-06-20 10:30:19.693442,1346.0,202411.0,166078.0
2025-06-20 10:30:20.552433,1346.0,201901.0,165968.0
2025-06-20 10:30:21.657091,1346.0,201906.0,166059.0
2025-06-20 10:30:22.753072,1346.0,201953.0,165951.0
2025-06-20 10:30:23.893562,1346.0,202027.0,165878.0
2025-06-20 10:30:24.983073,1346.0,201676.0,165626.0
2025-06-20 10:30:25.681854,1346.5,201676.0,165626.0
2025-06-20 10:30:25.986304,1346.5,201766.0,165652.0
2025-06-20 10:30:26.687579,1347.1,201766.0,165652.0
2025-06-20 10:30:27.054846,1347.1,205325.0,161662.0
2025-06-20 10:30:27.678778,1347.1,205325.0,161662.0
2025-06-20 10:30:28.164860,1346.9,204633.0,161341.0
2025-06-20 10:30:28.687848,1347.0,204633.0,161341.0
2025-06-20 10:30:29.258942,1347.0,204933.0,161393.0
2025-06-20 10:30:29.714798,1347.0,204933.0,161393.0
2025-06-20 10:30:30.260204,1347.0,204331.0,161205.0
2025-06-20 10:30:31.366431,1347.5,204926.0,161151.0
2025-06-20 10:30:31.678898,1347.2,204926.0,161151.0
2025-06-20 10:30:32.475424,1347.2,204567.0,160582.0
2025-06-20 10:30:32.676880,1347.4,204567.0,160582.0
2025-06-20 10:30:33.564869,1347.4,204582.0,160193.0
2025-06-20 10:30:33.678806,1347.4,204582.0,160193.0
