timestamp,ltp,bid_qty,ask_qty
2025-06-20 10:10:48.216517,2272.3,79318.0,139474.0
2025-06-20 10:10:49.592362,2272.2,79318.0,139474.0
2025-06-20 10:10:50.665876,2272.2,79745.0,138480.0
2025-06-20 10:10:53.586917,2272.5,79745.0,138480.0
2025-06-20 10:10:56.371319,2272.5,79702.0,138360.0
2025-06-20 10:11:01.670538,2272.5,79668.0,139157.0
2025-06-20 10:11:03.604036,2272.5,79668.0,139157.0
2025-06-20 10:11:05.602836,2272.1,79668.0,139157.0
2025-06-20 10:11:07.619536,2272.5,79668.0,139157.0
2025-06-20 10:11:07.774512,2272.5,80048.0,138184.0
2025-06-20 10:11:09.622039,2272.5,80048.0,138184.0
2025-06-20 10:11:13.711848,2272.5,79771.0,138318.0
2025-06-20 10:11:15.631120,2272.5,79771.0,138318.0
2025-06-20 10:11:17.619118,2272.5,79771.0,138318.0
2025-06-20 10:11:19.313526,2272.5,80461.0,137278.0
2025-06-20 10:11:21.658563,2272.5,80461.0,137278.0
2025-06-20 10:11:24.181736,2272.5,80430.0,137508.0
2025-06-20 10:11:27.666475,2272.5,80430.0,137508.0
2025-06-20 10:11:29.914168,2272.5,79841.0,137984.0
2025-06-20 10:11:31.601689,2272.5,79841.0,137984.0
2025-06-20 10:11:33.595432,2272.5,79841.0,137984.0
2025-06-20 10:11:35.405884,2272.5,79729.0,139087.0
2025-06-20 10:11:37.600083,2272.5,79729.0,139087.0
2025-06-20 10:11:41.197517,2272.0,78688.0,140901.0
2025-06-20 10:11:41.594221,2272.0,78688.0,140901.0
2025-06-20 10:11:43.603338,2270.2,78688.0,140901.0
2025-06-20 10:11:47.360163,2270.2,77106.0,142209.0
2025-06-20 10:11:53.114226,2270.2,77439.0,141753.0
2025-06-20 10:11:55.602694,2271.5,77439.0,141753.0
2025-06-20 10:11:59.007462,2271.5,78005.0,137286.0
2025-06-20 10:11:59.601218,2271.6,78005.0,137286.0
2025-06-20 10:12:03.604491,2273.0,78005.0,137286.0
2025-06-20 10:12:05.434217,2272.6,78333.0,139903.0
2025-06-20 10:12:07.598541,2273.1,78333.0,139903.0
2025-06-20 10:12:12.214879,2272.5,79315.0,138513.0
2025-06-20 10:12:13.600368,2272.5,79315.0,138513.0
2025-06-20 10:12:15.600313,2273.2,79315.0,138513.0
2025-06-20 10:12:18.517274,2273.3,79142.0,138645.0
2025-06-20 10:12:18.614369,2273.3,79142.0,138645.0
2025-06-20 10:12:22.598928,2273.2,79142.0,138645.0
2025-06-20 10:12:24.726398,2273.2,79181.0,138803.0
2025-06-20 10:12:27.601179,2273.1,79181.0,138803.0
2025-06-20 10:12:30.950729,2273.1,79105.0,138689.0
2025-06-20 10:12:31.603910,2272.5,79105.0,138689.0
2025-06-20 10:12:35.643949,2272.5,79105.0,138689.0
2025-06-20 10:12:36.935464,2272.5,79533.0,138638.0
2025-06-20 10:12:37.610007,2273.0,79533.0,138638.0
2025-06-20 10:12:39.602775,2272.4,79533.0,138638.0
2025-06-20 10:12:40.547932,2272.4,79533.0,138638.0
2025-06-20 10:12:41.141141,2272.4,79533.0,138638.0
2025-06-20 10:12:41.607721,2272.5,79533.0,138638.0
2025-06-20 10:12:41.696220,2272.5,79533.0,138638.0
2025-06-20 10:12:42.299381,2272.5,79533.0,138638.0
2025-06-20 10:12:42.732564,2272.5,79300.0,138281.0
2025-06-20 10:12:42.955561,2272.5,79300.0,138281.0
2025-06-20 10:12:43.439064,2272.5,79300.0,138281.0
2025-06-20 10:12:44.653397,2272.5,79300.0,138281.0
2025-06-20 10:12:45.418716,2272.5,79300.0,138281.0
2025-06-20 10:12:46.681729,2272.5,79300.0,138281.0
2025-06-20 10:12:47.649656,2272.5,79300.0,138281.0
2025-06-20 10:12:48.651384,2272.5,79385.0,139183.0
2025-06-20 10:12:49.154117,2272.5,79385.0,139183.0
2025-06-20 10:12:49.603550,2273.0,79385.0,139183.0
2025-06-20 10:12:50.477914,2273.0,79385.0,139183.0
2025-06-20 10:12:51.618179,2273.0,79385.0,139183.0
2025-06-20 10:12:51.715839,2273.0,79385.0,139183.0
2025-06-20 10:12:53.264593,2273.0,79385.0,139183.0
2025-06-20 10:12:53.619659,2272.1,79385.0,139183.0
2025-06-20 10:12:54.546670,2272.1,79102.0,139279.0
2025-06-20 10:12:59.605908,2272.0,79102.0,139279.0
2025-06-20 10:13:00.144863,2272.0,78997.0,139511.0
2025-06-20 10:13:05.612357,2272.7,78997.0,139511.0
2025-06-20 10:13:05.662408,2272.7,79216.0,139363.0
2025-06-20 10:13:07.604736,2272.7,79216.0,139363.0
2025-06-20 10:13:09.646635,2273.1,79216.0,139363.0
2025-06-20 10:13:11.456980,2273.1,79447.0,139300.0
2025-06-20 10:13:13.606133,2273.1,79447.0,139300.0
2025-06-20 10:13:17.164040,2273.5,79957.0,137196.0
2025-06-20 10:13:17.610088,2273.5,79957.0,137196.0
2025-06-20 10:13:19.608886,2272.0,79957.0,137196.0
2025-06-20 10:13:21.606756,2272.0,79957.0,137196.0
2025-06-20 10:13:23.469707,2272.0,78988.0,139492.0
2025-06-20 10:13:27.609648,2272.0,78988.0,139492.0
2025-06-20 10:13:29.569123,2272.0,79184.0,140140.0
2025-06-20 10:13:29.606518,2272.0,79184.0,140140.0
2025-06-20 10:13:31.614002,2272.6,79184.0,140140.0
2025-06-20 10:13:35.608512,2272.5,79184.0,140140.0
2025-06-20 10:13:35.771450,2272.5,79571.0,139585.0
2025-06-20 10:13:41.977105,2272.5,79510.0,139398.0
2025-06-20 10:13:45.611871,2273.0,79510.0,139398.0
2025-06-20 10:13:47.637932,2272.1,79510.0,139398.0
2025-06-20 10:13:47.889854,2272.1,79300.0,139980.0
2025-06-20 10:13:49.651311,2272.9,79300.0,139980.0
2025-06-20 10:13:53.186829,2272.9,79152.0,139985.0
2025-06-20 10:13:57.612111,2272.0,79152.0,139985.0
2025-06-20 10:13:58.987568,2272.0,79318.0,139817.0
2025-06-20 10:14:04.493108,2272.0,79495.0,140055.0
2025-06-20 10:14:05.653521,2272.0,79495.0,140055.0
2025-06-20 10:14:07.630913,2272.7,79495.0,140055.0
2025-06-20 10:14:10.195484,2273.0,79813.0,139584.0
2025-06-20 10:14:11.619013,2273.0,79813.0,139584.0
2025-06-20 10:14:15.617901,2272.7,79813.0,139584.0
2025-06-20 10:14:16.099309,2272.7,79952.0,139712.0
2025-06-20 10:14:17.601609,2273.0,79952.0,139712.0
2025-06-20 10:14:21.914863,2273.0,79369.0,139878.0
2025-06-20 10:14:25.609310,2272.2,79369.0,139878.0
2025-06-20 10:14:28.010438,2272.2,79611.0,139469.0
2025-06-20 10:14:33.932436,2272.2,79503.0,139491.0
2025-06-20 10:14:35.617703,2273.0,79503.0,139491.0
2025-06-20 10:14:37.605171,2272.4,79503.0,139491.0
2025-06-20 10:14:39.210452,2272.4,78835.0,140318.0
2025-06-20 10:14:43.614263,2272.9,78835.0,140318.0
2025-06-20 10:14:45.248672,2272.9,79669.0,139607.0
2025-06-20 10:14:50.647072,2272.9,79983.0,139456.0
2025-06-20 10:14:51.611401,2272.9,79983.0,139456.0
2025-06-20 10:14:56.629732,2273.5,80132.0,136797.0
2025-06-20 10:14:57.631088,2273.5,80132.0,136797.0
2025-06-20 10:15:01.680224,2272.7,80132.0,136797.0
2025-06-20 10:15:02.932756,2272.7,80187.0,138859.0
2025-06-20 10:15:03.663869,2272.7,80187.0,138859.0
2025-06-20 10:15:05.619422,2273.5,80187.0,138859.0
2025-06-20 10:15:07.617375,2273.2,80187.0,138859.0
2025-06-20 10:15:09.451979,2272.7,80505.0,139366.0
2025-06-20 10:15:09.612618,2272.7,80505.0,139366.0
2025-06-20 10:15:11.613899,2273.5,80505.0,139366.0
2025-06-20 10:15:15.737544,2273.5,80959.0,138164.0
2025-06-20 10:15:17.612860,2273.5,80959.0,138164.0
2025-06-20 10:15:21.622284,2273.2,80959.0,138164.0
2025-06-20 10:15:22.142469,2273.0,80581.0,140339.0
2025-06-20 10:15:23.609507,2273.0,80581.0,140339.0
2025-06-20 10:15:25.615500,2272.7,80581.0,140339.0
2025-06-20 10:15:27.656545,2273.2,80581.0,140339.0
2025-06-20 10:15:28.552737,2273.2,80400.0,139446.0
2025-06-20 10:15:29.621422,2273.5,80400.0,139446.0
2025-06-20 10:15:31.621126,2272.9,80400.0,139446.0
2025-06-20 10:15:34.652246,2272.5,80536.0,140042.0
2025-06-20 10:15:35.618706,2272.5,80536.0,140042.0
2025-06-20 10:15:39.632327,2273.9,80536.0,140042.0
2025-06-20 10:15:40.680636,2273.7,81407.0,138409.0
2025-06-20 10:15:40.968048,2273.7,81407.0,138409.0
2025-06-20 10:15:41.362738,2273.7,81407.0,138409.0
2025-06-20 10:15:41.616173,2273.7,81407.0,138409.0
2025-06-20 10:15:41.916280,2273.7,81407.0,138409.0
2025-06-20 10:15:42.172985,2273.7,81407.0,138409.0
2025-06-20 10:15:43.463733,2273.7,81407.0,138409.0
2025-06-20 10:15:44.463501,2273.7,81407.0,138409.0
2025-06-20 10:15:45.616176,2273.7,81407.0,138409.0
2025-06-20 10:15:45.782133,2273.7,81407.0,138409.0
2025-06-20 10:15:46.471345,2273.7,81716.0,138732.0
2025-06-20 10:15:47.115533,2273.7,81716.0,138732.0
2025-06-20 10:15:48.075754,2273.7,81716.0,138732.0
2025-06-20 10:15:49.654158,2273.7,81716.0,138732.0
2025-06-20 10:15:49.663952,2274.0,81716.0,138732.0
2025-06-20 10:15:50.882260,2274.0,81716.0,138732.0
2025-06-20 10:15:52.123685,2274.0,81716.0,138732.0
2025-06-20 10:15:52.560860,2274.2,82239.0,136887.0
2025-06-20 10:15:53.611946,2273.7,82239.0,136887.0
2025-06-20 10:15:53.706330,2273.7,82239.0,136887.0
2025-06-20 10:15:59.200236,2273.7,82041.0,136552.0
2025-06-20 10:16:00.967332,2274.2,84346.0,133612.0
2025-06-20 10:16:01.612173,2274.2,84346.0,133612.0
2025-06-20 10:16:01.971576,2274.2,84470.0,134209.0
2025-06-20 10:16:03.072141,2275.7,86030.0,130586.0
2025-06-20 10:16:03.611279,2276.0,86030.0,130586.0
2025-06-20 10:16:04.182109,2275.6,85982.0,131270.0
2025-06-20 10:16:04.614542,2275.6,85982.0,131270.0
2025-06-20 10:16:05.271978,2276.0,85368.0,131744.0
2025-06-20 10:16:05.661685,2276.0,85368.0,131744.0
2025-06-20 10:16:06.274458,2276.2,85580.0,131248.0
2025-06-20 10:16:06.613706,2276.2,85580.0,131248.0
2025-06-20 10:16:07.271655,2276.2,85385.0,131094.0
2025-06-20 10:16:08.273623,2276.3,85336.0,131178.0
2025-06-20 10:16:08.608319,2276.3,85336.0,131178.0
2025-06-20 10:16:09.378092,2276.3,85446.0,130672.0
2025-06-20 10:16:10.383271,2276.3,85339.0,131112.0
2025-06-20 10:16:11.477593,2276.3,85350.0,131097.0
2025-06-20 10:16:12.575303,2276.3,85394.0,131105.0
2025-06-20 10:16:13.607360,2276.2,85394.0,131105.0
2025-06-20 10:16:13.679313,2276.2,84811.0,133304.0
2025-06-20 10:16:14.680092,2276.2,84977.0,133685.0
2025-06-20 10:16:15.675879,2276.2,84974.0,133625.0
2025-06-20 10:16:16.680889,2276.2,85005.0,133109.0
2025-06-20 10:16:17.776933,2276.2,85016.0,133102.0
2025-06-20 10:16:18.884643,2276.2,85405.0,132880.0
2025-06-20 10:16:19.979539,2275.5,85733.0,132543.0
2025-06-20 10:16:20.612615,2275.5,85733.0,132543.0
2025-06-20 10:16:21.078318,2275.5,85810.0,132747.0
2025-06-20 10:16:22.179547,2275.5,85903.0,132525.0
2025-06-20 10:16:23.302874,2275.5,86249.0,132348.0
2025-06-20 10:16:23.609162,2275.5,86249.0,132348.0
2025-06-20 10:16:24.393109,2275.5,86227.0,132399.0
2025-06-20 10:16:25.409752,2275.1,86220.0,132737.0
2025-06-20 10:16:25.609923,2275.1,86220.0,132737.0
2025-06-20 10:16:26.483008,2275.1,86203.0,132724.0
2025-06-20 10:16:27.584790,2275.1,86168.0,132560.0
2025-06-20 10:16:28.582074,2275.5,86301.0,132505.0
2025-06-20 10:16:28.609709,2275.5,86301.0,132505.0
2025-06-20 10:16:29.610786,2275.5,86301.0,132505.0
2025-06-20 10:16:29.691090,2275.5,86377.0,132543.0
2025-06-20 10:16:30.612239,2275.5,86377.0,132543.0
2025-06-20 10:16:30.684062,2275.5,86191.0,132603.0
2025-06-20 10:16:31.588093,2275.5,86162.0,132749.0
2025-06-20 10:16:32.585883,2275.5,86194.0,132764.0
2025-06-20 10:16:33.587430,2275.1,86178.0,133029.0
2025-06-20 10:16:33.610546,2275.1,86178.0,133029.0
2025-06-20 10:16:34.659658,2275.5,86178.0,133029.0
2025-06-20 10:16:34.691705,2275.5,86011.0,132747.0
2025-06-20 10:16:35.787025,2275.5,86024.0,132714.0
2025-06-20 10:16:36.917456,2275.5,85850.0,132481.0
2025-06-20 10:16:37.990538,2275.5,86382.0,132193.0
2025-06-20 10:16:38.991104,2275.5,86543.0,132318.0
2025-06-20 10:16:39.648193,2275.1,86543.0,132318.0
2025-06-20 10:16:40.090505,2275.1,86405.0,132417.0
2025-06-20 10:16:41.093029,2275.1,86549.0,132221.0
2025-06-20 10:16:42.093307,2275.1,86660.0,132221.0
2025-06-20 10:16:43.095180,2275.1,86776.0,132234.0
2025-06-20 10:16:44.094666,2275.5,86776.0,132116.0
2025-06-20 10:16:44.664636,2274.9,86776.0,132116.0
2025-06-20 10:16:45.094828,2274.9,86681.0,132314.0
2025-06-20 10:16:45.614974,2275.5,86681.0,132314.0
2025-06-20 10:16:46.094875,2275.5,86741.0,132309.0
2025-06-20 10:16:47.094652,2275.5,86713.0,132292.0
2025-06-20 10:16:48.096066,2275.5,86714.0,132292.0
2025-06-20 10:16:48.613821,2275.5,86714.0,132292.0
2025-06-20 10:16:49.097945,2275.5,86714.0,132266.0
2025-06-20 10:16:50.099959,2275.5,86703.0,132514.0
2025-06-20 10:16:50.611714,2275.5,86703.0,132514.0
2025-06-20 10:16:51.199372,2275.5,86982.0,132247.0
2025-06-20 10:16:52.200650,2275.5,87042.0,132044.0
2025-06-20 10:16:52.614952,2275.9,87042.0,132044.0
2025-06-20 10:16:53.201381,2275.5,88184.0,130873.0
2025-06-20 10:16:53.612118,2275.5,88184.0,130873.0
2025-06-20 10:16:54.201021,2276.4,87830.0,130987.0
2025-06-20 10:16:54.671010,2276.4,87830.0,130987.0
2025-06-20 10:16:55.201063,2275.6,87777.0,131052.0
2025-06-20 10:16:55.613948,2275.6,87777.0,131052.0
2025-06-20 10:16:56.313754,2275.6,87790.0,131064.0
2025-06-20 10:16:57.421414,2276.8,87362.0,131328.0
2025-06-20 10:16:57.659267,2276.8,87362.0,131328.0
2025-06-20 10:16:58.418302,2276.8,87134.0,131343.0
2025-06-20 10:16:59.506413,2276.8,86915.0,131254.0
2025-06-20 10:17:01.516078,2276.8,86965.0,130843.0
2025-06-20 10:17:05.619161,2276.4,86965.0,130843.0
2025-06-20 10:17:07.619401,2276.5,86269.0,131724.0
2025-06-20 10:17:07.621096,2276.5,86269.0,131724.0
2025-06-20 10:17:13.619867,2276.7,86269.0,131724.0
2025-06-20 10:17:13.628753,2276.7,86561.0,131204.0
2025-06-20 10:17:19.719949,2276.7,86885.0,131090.0
2025-06-20 10:17:21.621669,2276.7,86885.0,131090.0
2025-06-20 10:17:23.629874,2276.2,86885.0,131090.0
2025-06-20 10:17:25.450068,2276.2,86500.0,131209.0
2025-06-20 10:17:30.622988,2275.7,86500.0,131209.0
2025-06-20 10:17:31.727644,2275.2,86977.0,131625.0
2025-06-20 10:17:33.642313,2276.2,86977.0,131625.0
2025-06-20 10:17:37.732619,2275.5,86655.0,131566.0
2025-06-20 10:17:39.630494,2275.5,86655.0,131566.0
2025-06-20 10:17:43.534593,2275.5,87007.0,131784.0
2025-06-20 10:17:45.634193,2276.4,87007.0,131784.0
2025-06-20 10:17:48.627235,2276.0,87007.0,131784.0
2025-06-20 10:17:49.535878,2275.6,86877.0,131677.0
2025-06-20 10:17:51.631775,2275.6,86877.0,131677.0
2025-06-20 10:17:55.739304,2275.6,86756.0,131555.0
2025-06-20 10:17:57.629029,2275.6,86756.0,131555.0
2025-06-20 10:18:00.629845,2275.8,86756.0,131555.0
2025-06-20 10:18:02.043863,2275.8,86792.0,132271.0
2025-06-20 10:18:03.632198,2275.8,86792.0,132271.0
2025-06-20 10:18:06.634366,2276.0,86792.0,132271.0
2025-06-20 10:18:08.462975,2276.0,88078.0,131159.0
2025-06-20 10:18:13.626982,2276.2,88078.0,131159.0
2025-06-20 10:18:14.361845,2276.2,87362.0,131355.0
2025-06-20 10:18:16.624159,2277.0,87362.0,131355.0
2025-06-20 10:18:18.642544,2276.2,87362.0,131355.0
2025-06-20 10:18:20.055281,2277.0,87432.0,130758.0
2025-06-20 10:18:21.627903,2277.0,87432.0,130758.0
2025-06-20 10:18:25.633830,2276.9,87432.0,130758.0
2025-06-20 10:18:26.872936,2276.9,87272.0,130007.0
2025-06-20 10:18:30.662765,2277.0,87272.0,130007.0
2025-06-20 10:18:33.463051,2276.2,87363.0,131132.0
2025-06-20 10:18:34.636860,2277.5,87363.0,131132.0
2025-06-20 10:18:36.632387,2277.0,87363.0,131132.0
2025-06-20 10:18:39.445120,2277.0,86899.0,131394.0
2025-06-20 10:18:41.585387,2277.0,86899.0,131394.0
2025-06-20 10:18:42.123015,2277.0,86899.0,131394.0
2025-06-20 10:18:42.683996,2277.0,86899.0,131394.0
2025-06-20 10:18:42.735155,2277.0,86899.0,131394.0
2025-06-20 10:18:43.305619,2277.0,86899.0,131394.0
2025-06-20 10:18:44.439821,2277.0,86899.0,131394.0
2025-06-20 10:18:45.280418,2276.1,86679.0,132191.0
2025-06-20 10:18:45.442147,2276.1,86679.0,132191.0
2025-06-20 10:18:45.652471,2276.1,86679.0,132191.0
2025-06-20 10:18:46.352095,2276.1,86679.0,132191.0
2025-06-20 10:18:47.690803,2276.1,86679.0,132191.0
2025-06-20 10:18:48.693090,2276.1,86679.0,132191.0
2025-06-20 10:18:50.215800,2276.1,86679.0,132191.0
2025-06-20 10:18:51.072630,2276.1,86597.0,131843.0
2025-06-20 10:18:51.466392,2276.1,86597.0,131843.0
2025-06-20 10:18:52.722691,2276.1,86597.0,131843.0
2025-06-20 10:18:54.410154,2276.1,86597.0,131843.0
2025-06-20 10:18:54.665119,2277.0,86597.0,131843.0
2025-06-20 10:18:56.972559,2277.0,86922.0,131157.0
2025-06-20 10:18:57.642615,2276.4,86922.0,131157.0
2025-06-20 10:19:00.645192,2276.9,86922.0,131157.0
2025-06-20 10:19:03.613835,2276.9,86821.0,131499.0
2025-06-20 10:19:07.634085,2277.1,86821.0,131499.0
2025-06-20 10:19:09.780712,2277.1,86495.0,131460.0
2025-06-20 10:19:13.650843,2276.1,86495.0,131460.0
2025-06-20 10:19:15.690735,2276.1,86757.0,131737.0
2025-06-20 10:19:18.739813,2276.9,86757.0,131737.0
2025-06-20 10:19:21.789064,2277.0,87096.0,131453.0
2025-06-20 10:19:22.683085,2277.0,87096.0,131453.0
2025-06-20 10:19:27.698144,2276.9,87096.0,131453.0
2025-06-20 10:19:27.797115,2276.9,87019.0,131617.0
2025-06-20 10:19:30.642810,2276.8,87019.0,131617.0
2025-06-20 10:19:34.000376,2276.9,87052.0,132072.0
2025-06-20 10:19:34.642928,2276.9,87052.0,132072.0
2025-06-20 10:19:36.654539,2276.8,87052.0,132072.0
2025-06-20 10:19:40.105643,2276.5,86960.0,132442.0
2025-06-20 10:19:42.705188,2276.5,86960.0,132442.0
2025-06-20 10:19:46.013162,2276.5,86742.0,132594.0
2025-06-20 10:19:51.519447,2276.6,86534.0,133045.0
2025-06-20 10:19:52.700839,2276.2,86534.0,133045.0
2025-06-20 10:19:57.526653,2276.2,86606.0,133669.0
2025-06-20 10:20:00.669462,2276.2,86606.0,133669.0
2025-06-20 10:20:03.631525,2276.2,87302.0,131436.0
2025-06-20 10:20:05.677506,2276.6,87302.0,131436.0
2025-06-20 10:20:08.680180,2276.1,87302.0,131436.0
2025-06-20 10:20:10.343811,2276.5,86413.0,132530.0
2025-06-20 10:20:11.689370,2276.5,86413.0,132530.0
2025-06-20 10:20:14.687039,2275.6,86413.0,132530.0
2025-06-20 10:20:16.851739,2276.7,86730.0,132185.0
2025-06-20 10:20:18.639587,2276.7,86730.0,132185.0
2025-06-20 10:20:20.670544,2276.7,86730.0,132185.0
2025-06-20 10:20:22.949646,2276.7,87357.0,131701.0
2025-06-20 10:20:28.750954,2276.3,87284.0,131264.0
2025-06-20 10:20:30.644423,2276.7,87284.0,131264.0
2025-06-20 10:20:32.716074,2276.7,87284.0,131264.0
2025-06-20 10:20:35.060283,2276.7,87441.0,131352.0
2025-06-20 10:20:35.649603,2276.7,87441.0,131352.0
2025-06-20 10:20:39.655563,2276.7,87441.0,131352.0
2025-06-20 10:20:41.162945,2276.7,87137.0,132275.0
2025-06-20 10:20:44.651525,2276.1,87137.0,132275.0
2025-06-20 10:20:47.071322,2276.1,87169.0,133001.0
2025-06-20 10:20:51.645305,2276.5,87169.0,133001.0
2025-06-20 10:20:53.276605,2276.5,87176.0,132884.0
2025-06-20 10:20:56.658221,2276.1,87176.0,132884.0
2025-06-20 10:20:59.475220,2276.1,86952.0,133165.0
2025-06-20 10:20:59.661994,2276.1,86952.0,133165.0
2025-06-20 10:21:03.652528,2276.5,86952.0,133165.0
2025-06-20 10:21:05.652733,2276.5,86952.0,133165.0
2025-06-20 10:21:05.774734,2276.5,87381.0,132926.0
2025-06-20 10:21:08.675839,2276.1,87381.0,132926.0
2025-06-20 10:21:12.081880,2276.5,86984.0,132992.0
2025-06-20 10:21:12.648724,2276.5,86984.0,132992.0
2025-06-20 10:21:17.654630,2276.0,86984.0,132992.0
2025-06-20 10:21:18.287388,2276.0,86505.0,133134.0
2025-06-20 10:21:20.662494,2276.0,86505.0,133134.0
2025-06-20 10:21:24.088314,2276.5,86480.0,133176.0
2025-06-20 10:21:26.651799,2276.5,86480.0,133176.0
2025-06-20 10:21:30.195161,2276.5,86881.0,132428.0
2025-06-20 10:21:32.696604,2276.2,86881.0,132428.0
2025-06-20 10:21:35.657265,2276.5,86881.0,132428.0
2025-06-20 10:21:36.195538,2276.5,86380.0,132662.0
2025-06-20 10:21:38.649714,2276.5,86380.0,132662.0
2025-06-20 10:21:41.849729,2276.5,86380.0,132662.0
2025-06-20 10:21:42.201894,2276.5,86380.0,132662.0
2025-06-20 10:21:42.204330,2276.0,86687.0,132722.0
2025-06-20 10:21:42.479195,2276.0,86687.0,132722.0
2025-06-20 10:21:42.662820,2276.0,86687.0,132722.0
2025-06-20 10:21:42.801468,2276.0,86687.0,132722.0
2025-06-20 10:21:43.098484,2276.0,86687.0,132722.0
2025-06-20 10:21:44.454759,2276.0,86687.0,132722.0
2025-06-20 10:21:45.479484,2276.0,86687.0,132722.0
2025-06-20 10:21:46.843691,2276.0,86687.0,132722.0
2025-06-20 10:21:47.950603,2276.0,86343.0,132818.0
2025-06-20 10:21:48.139515,2276.0,86343.0,132818.0
2025-06-20 10:21:48.662014,2276.0,86343.0,132818.0
2025-06-20 10:21:49.144731,2276.0,86343.0,132818.0
2025-06-20 10:21:50.683767,2276.0,86343.0,132818.0
2025-06-20 10:21:50.707875,2276.0,86343.0,132818.0
2025-06-20 10:21:51.987710,2276.0,86343.0,132818.0
2025-06-20 10:21:53.219427,2276.0,86343.0,132818.0
2025-06-20 10:21:53.608697,2276.1,86365.0,133152.0
2025-06-20 10:21:53.649384,2276.1,86365.0,133152.0
2025-06-20 10:21:54.800757,2276.1,86365.0,133152.0
2025-06-20 10:21:59.213042,2276.1,86400.0,133057.0
2025-06-20 10:22:05.018426,2276.5,86515.0,132736.0
2025-06-20 10:22:05.720665,2276.5,86515.0,132736.0
2025-06-20 10:22:08.723478,2276.0,86515.0,132736.0
2025-06-20 10:22:11.420006,2276.0,85776.0,134345.0
2025-06-20 10:22:17.028327,2276.0,86088.0,133675.0
2025-06-20 10:22:17.683968,2276.0,86088.0,133675.0
2025-06-20 10:22:21.663964,2276.0,86088.0,133675.0
2025-06-20 10:22:23.122368,2276.0,85739.0,134161.0
2025-06-20 10:22:23.657456,2275.2,85739.0,134161.0
2025-06-20 10:22:29.442766,2275.2,85455.0,134291.0
2025-06-20 10:22:35.333635,2276.0,85920.0,133832.0
2025-06-20 10:22:35.677154,2276.0,85920.0,133832.0
2025-06-20 10:22:40.737903,2275.2,85920.0,133832.0
2025-06-20 10:22:41.041224,2275.2,85578.0,134192.0
2025-06-20 10:22:42.703154,2276.0,85578.0,134192.0
2025-06-20 10:22:44.691696,2275.2,85578.0,134192.0
2025-06-20 10:22:46.636882,2275.6,85650.0,134327.0
2025-06-20 10:22:46.683649,2275.6,85650.0,134327.0
2025-06-20 10:22:52.345746,2275.6,85633.0,134145.0
2025-06-20 10:22:56.657870,2275.2,85633.0,134145.0
2025-06-20 10:22:58.664431,2275.1,85092.0,135695.0
2025-06-20 10:22:58.680460,2275.1,85092.0,135695.0
2025-06-20 10:23:02.654258,2275.5,85092.0,135695.0
2025-06-20 10:23:04.550109,2275.5,85137.0,135176.0
2025-06-20 10:23:06.662969,2275.7,85137.0,135176.0
2025-06-20 10:23:10.352028,2275.5,84443.0,135379.0
2025-06-20 10:23:10.656140,2275.5,84443.0,135379.0
2025-06-20 10:23:14.657683,2275.5,84443.0,135379.0
2025-06-20 10:23:15.860091,2275.5,84696.0,135243.0
2025-06-20 10:23:20.658946,2275.0,84696.0,135243.0
2025-06-20 10:23:21.865105,2275.0,84718.0,135137.0
2025-06-20 10:23:26.659862,2275.5,84718.0,135137.0
2025-06-20 10:23:27.671445,2275.5,84850.0,135296.0
2025-06-20 10:23:33.590169,2275.5,84765.0,135524.0
2025-06-20 10:23:36.663540,2275.0,84765.0,135524.0
2025-06-20 10:23:38.661519,2274.5,84765.0,135524.0
2025-06-20 10:23:39.172823,2274.5,84528.0,135736.0
2025-06-20 10:23:40.765131,2274.5,84528.0,135736.0
2025-06-20 10:23:45.275111,2275.4,84686.0,135422.0
2025-06-20 10:23:46.666664,2275.4,84686.0,135422.0
2025-06-20 10:23:48.676919,2274.6,84686.0,135422.0
2025-06-20 10:23:51.178110,2274.6,84547.0,135997.0
2025-06-20 10:23:52.658963,2274.8,84547.0,135997.0
2025-06-20 10:23:54.669164,2274.8,84547.0,135997.0
2025-06-20 10:23:56.784451,2274.8,83651.0,136454.0
2025-06-20 10:23:58.661014,2275.0,83651.0,136454.0
2025-06-20 10:24:00.675146,2274.5,83651.0,136454.0
2025-06-20 10:24:02.627745,2274.5,83511.0,136561.0
2025-06-20 10:24:06.667558,2275.0,83511.0,136561.0
2025-06-20 10:24:07.901413,2275.0,89404.0,136553.0
2025-06-20 10:24:10.932065,2275.0,89404.0,136553.0
2025-06-20 10:24:12.843994,2274.1,89404.0,136553.0
2025-06-20 10:24:14.163552,2274.1,89111.0,136537.0
2025-06-20 10:24:14.714290,2274.4,89111.0,136537.0
2025-06-20 10:24:16.773132,2274.1,89111.0,136537.0
2025-06-20 10:24:18.702289,2274.2,89111.0,136537.0
2025-06-20 10:24:19.332909,2274.2,89283.0,136377.0
2025-06-20 10:24:24.672419,2274.2,89283.0,136377.0
2025-06-20 10:24:24.800483,2274.2,89903.0,136587.0
2025-06-20 10:24:26.661475,2274.1,89903.0,136587.0
2025-06-20 10:24:30.606390,2274.5,89683.0,136155.0
2025-06-20 10:24:30.695765,2274.5,89683.0,136155.0
2025-06-20 10:24:34.666735,2275.0,89683.0,136155.0
2025-06-20 10:24:36.438104,2274.3,89334.0,136490.0
2025-06-20 10:24:36.695391,2274.3,89334.0,136490.0
2025-06-20 10:24:40.672661,2274.1,89334.0,136490.0
2025-06-20 10:24:42.327103,2274.1,89334.0,136490.0
2025-06-20 10:24:42.329839,2274.1,88890.0,136524.0
2025-06-20 10:24:42.652602,2274.1,88890.0,136524.0
2025-06-20 10:24:43.526935,2274.1,88890.0,136524.0
2025-06-20 10:24:44.037511,2274.1,88890.0,136524.0
2025-06-20 10:24:45.085450,2274.1,88890.0,136524.0
2025-06-20 10:24:46.101495,2274.1,88890.0,136524.0
2025-06-20 10:24:47.685339,2274.1,88890.0,136524.0
2025-06-20 10:24:48.112950,2274.1,89320.0,136603.0
2025-06-20 10:24:48.817291,2274.1,89320.0,136603.0
2025-06-20 10:24:49.795094,2274.1,89320.0,136603.0
2025-06-20 10:24:50.661903,2274.9,89320.0,136603.0
2025-06-20 10:24:51.325385,2274.9,89320.0,136603.0
2025-06-20 10:24:52.596513,2274.9,89320.0,136603.0
2025-06-20 10:24:53.838032,2274.9,89320.0,136603.0
2025-06-20 10:24:53.839415,2274.9,89316.0,136726.0
2025-06-20 10:24:54.664068,2274.0,89316.0,136726.0
2025-06-20 10:24:55.458684,2274.0,89316.0,136726.0
2025-06-20 10:24:59.721035,2274.0,88981.0,137095.0
2025-06-20 10:25:02.662244,2274.9,88981.0,137095.0
2025-06-20 10:25:05.621934,2274.9,89010.0,137160.0
2025-06-20 10:25:06.663187,2274.8,89010.0,137160.0
2025-06-20 10:25:11.727533,2274.0,89096.0,137170.0
2025-06-20 10:25:14.663291,2274.0,89096.0,137170.0
2025-06-20 10:25:16.681172,2274.8,89096.0,137170.0
2025-06-20 10:25:17.955258,2274.8,89273.0,137278.0
2025-06-20 10:25:22.668616,2273.8,89273.0,137278.0
2025-06-20 10:25:23.959566,2273.8,88643.0,137647.0
2025-06-20 10:25:28.663706,2273.9,88643.0,137647.0
2025-06-20 10:25:30.040902,2274.8,88519.0,137551.0
2025-06-20 10:25:32.665066,2274.9,88519.0,137551.0
2025-06-20 10:25:35.666027,2274.0,88519.0,137551.0
2025-06-20 10:25:36.245064,2274.0,88432.0,137474.0
2025-06-20 10:25:40.674591,2273.9,88432.0,137474.0
2025-06-20 10:25:42.683662,2273.9,88369.0,137761.0
2025-06-20 10:25:48.758152,2273.9,87631.0,137626.0
2025-06-20 10:25:50.669720,2274.7,87631.0,137626.0
2025-06-20 10:25:53.663720,2274.0,87631.0,137626.0
2025-06-20 10:25:54.755543,2274.0,88177.0,137333.0
2025-06-20 10:25:58.675045,2274.0,88177.0,137333.0
2025-06-20 10:26:00.564077,2274.8,88268.0,137072.0
2025-06-20 10:26:01.668895,2274.8,88268.0,137072.0
2025-06-20 10:26:06.567952,2274.9,89242.0,137028.0
2025-06-20 10:26:08.666294,2274.1,89242.0,137028.0
2025-06-20 10:26:12.967937,2274.1,89317.0,136760.0
2025-06-20 10:26:16.670869,2274.9,89317.0,136760.0
2025-06-20 10:26:19.277726,2275.5,90376.0,135296.0
2025-06-20 10:26:19.669934,2275.5,90376.0,135296.0
2025-06-20 10:26:22.669503,2275.5,90376.0,135296.0
2025-06-20 10:26:25.481006,2275.5,90097.0,135758.0
2025-06-20 10:26:31.599568,2274.9,90109.0,136263.0
2025-06-20 10:26:31.680665,2274.9,90109.0,136263.0
2025-06-20 10:26:35.681650,2274.8,90109.0,136263.0
2025-06-20 10:26:37.789832,2274.8,90034.0,136254.0
2025-06-20 10:26:43.711605,2275.2,90034.0,136254.0
2025-06-20 10:26:44.291485,2275.2,90082.0,136346.0
2025-06-20 10:26:46.725957,2274.8,90082.0,136346.0
2025-06-20 10:26:50.414151,2274.8,90020.0,136174.0
2025-06-20 10:26:56.604924,2274.8,89934.0,136235.0
2025-06-20 10:26:58.703109,2275.2,89934.0,136235.0
2025-06-20 10:27:02.821242,2274.8,90526.0,136015.0
2025-06-20 10:27:05.692335,2275.5,90526.0,136015.0
2025-06-20 10:27:09.467745,2275.5,90072.0,135007.0
2025-06-20 10:27:10.704771,2275.6,90072.0,135007.0
2025-06-20 10:27:13.717029,2275.6,90072.0,135007.0
2025-06-20 10:27:16.027550,2276.1,91373.0,132634.0
2025-06-20 10:27:17.668646,2277.1,91373.0,132634.0
2025-06-20 10:27:19.708477,2276.0,91373.0,132634.0
2025-06-20 10:27:22.623436,2277.0,90527.0,131809.0
2025-06-20 10:27:24.137756,2277.0,90527.0,131809.0
2025-06-20 10:27:25.718520,2276.4,90527.0,131809.0
2025-06-20 10:27:29.231388,2276.4,90531.0,133708.0
2025-06-20 10:27:29.808831,2276.4,90531.0,133708.0
2025-06-20 10:27:35.678290,2277.0,90531.0,133708.0
2025-06-20 10:27:36.031772,2277.0,90640.0,133194.0
2025-06-20 10:27:42.556917,2276.4,90071.0,134130.0
2025-06-20 10:27:42.697559,2276.4,90071.0,134130.0
2025-06-20 10:27:42.739820,2276.4,90071.0,134130.0
2025-06-20 10:27:43.032661,2276.4,90071.0,134130.0
2025-06-20 10:27:44.244743,2276.4,90071.0,134130.0
2025-06-20 10:27:45.286206,2276.4,90071.0,134130.0
2025-06-20 10:27:46.297221,2276.4,90071.0,134130.0
2025-06-20 10:27:46.733557,2276.4,90071.0,134130.0
2025-06-20 10:27:46.744174,2276.4,90071.0,134130.0
2025-06-20 10:27:47.689432,2276.4,90071.0,134130.0
2025-06-20 10:27:48.798929,2276.6,89920.0,134398.0
2025-06-20 10:27:49.044481,2276.6,89920.0,134398.0
2025-06-20 10:27:50.687775,2276.8,89920.0,134398.0
2025-06-20 10:27:51.514142,2276.8,89920.0,134398.0
2025-06-20 10:27:52.681929,2276.0,89920.0,134398.0
2025-06-20 10:27:52.827281,2276.0,89920.0,134398.0
2025-06-20 10:27:54.032604,2276.0,89920.0,134398.0
2025-06-20 10:27:55.152473,2276.6,89838.0,134223.0
2025-06-20 10:27:55.626302,2276.6,89838.0,134223.0
2025-06-20 10:27:56.677106,2276.6,89838.0,134223.0
2025-06-20 10:28:01.663197,2276.0,90001.0,134280.0
2025-06-20 10:28:01.743469,2276.0,90001.0,134280.0
2025-06-20 10:28:07.665317,2276.8,89842.0,134433.0
2025-06-20 10:28:07.679952,2276.8,89842.0,134433.0
2025-06-20 10:28:13.678752,2276.8,89886.0,135368.0
2025-06-20 10:28:15.677896,2276.1,89886.0,135368.0
2025-06-20 10:28:19.742204,2276.0,89886.0,135368.0
2025-06-20 10:28:19.774046,2276.0,89802.0,136316.0
2025-06-20 10:28:21.675419,2274.8,89802.0,136316.0
2025-06-20 10:28:25.683825,2274.8,89161.0,137196.0
2025-06-20 10:28:31.676263,2275.0,89161.0,137196.0
2025-06-20 10:28:31.781393,2275.0,89236.0,136933.0
2025-06-20 10:28:36.689120,2275.2,89236.0,136933.0
2025-06-20 10:28:38.136936,2275.2,89232.0,136879.0
2025-06-20 10:28:40.678476,2275.6,89232.0,136879.0
2025-06-20 10:28:44.094094,2275.6,89180.0,137119.0
2025-06-20 10:28:45.683389,2275.6,89180.0,137119.0
2025-06-20 10:28:50.592308,2275.6,89814.0,135697.0
2025-06-20 10:28:56.499797,2275.6,90140.0,136044.0
2025-06-20 10:29:00.683017,2275.6,90140.0,136044.0
2025-06-20 10:29:01.293399,2275.1,89957.0,135899.0
2025-06-20 10:29:01.676555,2275.1,89957.0,135899.0
2025-06-20 10:29:02.296299,2275.1,89980.0,135944.0
2025-06-20 10:29:03.404524,2275.0,89621.0,136187.0
2025-06-20 10:29:03.670962,2275.0,89621.0,136187.0
2025-06-20 10:29:04.497503,2275.0,89584.0,136108.0
2025-06-20 10:29:05.403545,2275.0,89541.0,135436.0
2025-06-20 10:29:06.497214,2275.6,89410.0,136073.0
2025-06-20 10:29:06.677703,2275.6,89410.0,136073.0
2025-06-20 10:29:07.503585,2275.6,89584.0,136136.0
2025-06-20 10:29:08.497322,2275.6,89576.0,136236.0
2025-06-20 10:29:09.499873,2275.6,89576.0,136247.0
2025-06-20 10:29:10.410454,2275.6,89685.0,136129.0
2025-06-20 10:29:11.410357,2275.6,89024.0,135866.0
2025-06-20 10:29:12.411580,2275.6,89291.0,136000.0
2025-06-20 10:29:13.414678,2275.6,89602.0,135585.0
2025-06-20 10:29:13.676929,2275.6,89602.0,135585.0
2025-06-20 10:29:14.415319,2275.6,89624.0,135539.0
2025-06-20 10:29:15.416824,2275.6,90171.0,135651.0
2025-06-20 10:29:16.415576,2275.6,89986.0,135557.0
2025-06-20 10:29:17.627285,2275.6,90118.0,135767.0
2025-06-20 10:29:18.572907,2275.6,90378.0,135561.0
2025-06-20 10:29:19.647481,2275.6,90189.0,135551.0
2025-06-20 10:29:20.506865,2275.6,90483.0,135638.0
2025-06-20 10:29:20.679874,2275.6,90483.0,135638.0
2025-06-20 10:29:21.507525,2276.3,91191.0,133074.0
2025-06-20 10:29:21.678736,2276.3,91191.0,133074.0
2025-06-20 10:29:22.509588,2276.3,90715.0,133944.0
2025-06-20 10:29:23.509178,2276.1,90025.0,134406.0
2025-06-20 10:29:23.681430,2276.1,90025.0,134406.0
2025-06-20 10:29:24.645475,2276.1,90359.0,134575.0
2025-06-20 10:29:25.633244,2276.1,90463.0,134206.0
2025-06-20 10:29:26.726788,2276.1,90552.0,134234.0
2025-06-20 10:29:27.734719,2276.1,90762.0,134250.0
2025-06-20 10:29:28.678951,2276.0,90762.0,134250.0
2025-06-20 10:29:29.218071,2276.0,90459.0,134558.0
2025-06-20 10:29:30.221182,2276.0,90630.0,134224.0
2025-06-20 10:29:31.321172,2276.0,90132.0,135494.0
2025-06-20 10:29:31.682855,2276.3,90132.0,135494.0
2025-06-20 10:29:32.336811,2276.3,89883.0,135927.0
2025-06-20 10:29:33.449331,2276.3,90084.0,135608.0
2025-06-20 10:29:34.521777,2276.5,90001.0,135910.0
2025-06-20 10:29:34.677501,2276.5,90001.0,135910.0
2025-06-20 10:29:35.620575,2276.5,90204.0,136031.0
2025-06-20 10:29:36.724857,2276.5,90179.0,135777.0
2025-06-20 10:29:37.820738,2276.5,90130.0,135578.0
2025-06-20 10:29:38.825351,2276.5,90265.0,135219.0
2025-06-20 10:29:39.966420,2276.5,90585.0,134643.0
2025-06-20 10:29:41.035745,2276.5,90278.0,135347.0
2025-06-20 10:29:41.713158,2276.9,90278.0,135347.0
2025-06-20 10:29:42.127025,2276.9,88077.0,135826.0
2025-06-20 10:29:43.226571,2276.9,89993.0,135911.0
2025-06-20 10:29:44.327755,2276.9,90097.0,135570.0
2025-06-20 10:29:44.755663,2274.5,90097.0,135570.0
2025-06-20 10:29:45.262265,2276.2,89925.0,136204.0
2025-06-20 10:29:45.699249,2276.2,89925.0,136204.0
2025-06-20 10:29:46.275832,2276.2,89737.0,136204.0
2025-06-20 10:29:47.329734,2275.4,89523.0,136131.0
2025-06-20 10:29:47.683859,2275.4,89523.0,136131.0
2025-06-20 10:29:48.458718,2275.4,89522.0,136131.0
2025-06-20 10:29:49.529848,2275.4,89550.0,136120.0
2025-06-20 10:29:50.529582,2275.4,89729.0,135953.0
2025-06-20 10:29:51.530606,2275.4,89729.0,135968.0
2025-06-20 10:29:53.128478,2275.4,89731.0,135983.0
2025-06-20 10:29:54.049253,2275.4,89887.0,135566.0
2025-06-20 10:29:55.176316,2276.1,90331.0,134414.0
2025-06-20 10:29:55.709586,2276.1,90331.0,134414.0
2025-06-20 10:29:56.233234,2276.1,90453.0,134439.0
2025-06-20 10:29:56.694088,2276.7,90453.0,134439.0
2025-06-20 10:29:57.137010,2275.8,90107.0,134947.0
2025-06-20 10:29:57.681010,2275.7,90107.0,134947.0
2025-06-20 10:29:58.750419,2275.7,89674.0,135932.0
2025-06-20 10:29:59.836460,2275.7,89731.0,135923.0
2025-06-20 10:30:00.749352,2275.7,89737.0,135794.0
2025-06-20 10:30:01.748206,2275.7,89768.0,135819.0
2025-06-20 10:30:02.675110,2275.9,89768.0,135819.0
2025-06-20 10:30:02.737726,2275.9,90009.0,135716.0
2025-06-20 10:30:03.740040,2275.9,89981.0,135631.0
2025-06-20 10:30:04.744302,2276.2,90144.0,135495.0
2025-06-20 10:30:05.694444,2276.2,90144.0,135495.0
2025-06-20 10:30:05.841909,2276.2,90070.0,134874.0
2025-06-20 10:30:06.677210,2276.9,90070.0,134874.0
2025-06-20 10:30:06.957183,2276.9,90056.0,135668.0
2025-06-20 10:30:07.680667,2276.8,90056.0,135668.0
2025-06-20 10:30:07.845623,2276.8,90021.0,135634.0
2025-06-20 10:30:08.975724,2276.8,90048.0,135177.0
2025-06-20 10:30:09.970139,2276.8,90093.0,135244.0
2025-06-20 10:30:10.689115,2276.2,90093.0,135244.0
2025-06-20 10:30:11.046868,2276.2,90091.0,135172.0
2025-06-20 10:30:11.986506,2276.2,89993.0,135167.0
2025-06-20 10:30:12.986108,2276.2,89993.0,135167.0
2025-06-20 10:30:13.984348,2276.2,89976.0,135167.0
2025-06-20 10:30:14.690008,2276.8,89976.0,135167.0
2025-06-20 10:30:15.147617,2276.8,89853.0,134840.0
2025-06-20 10:30:16.248651,2276.8,90127.0,135152.0
2025-06-20 10:30:17.648296,2276.8,90011.0,135063.0
2025-06-20 10:30:18.551241,2276.8,90012.0,134756.0
2025-06-20 10:30:19.652656,2276.2,90109.0,134628.0
2025-06-20 10:30:19.694675,2276.2,90109.0,134628.0
2025-06-20 10:30:20.553486,2276.2,90080.0,134841.0
2025-06-20 10:30:21.658156,2276.2,90031.0,135111.0
2025-06-20 10:30:22.753846,2276.2,90032.0,135111.0
2025-06-20 10:30:23.893962,2276.2,90032.0,135099.0
2025-06-20 10:30:24.984261,2276.2,90211.0,134687.0
2025-06-20 10:30:25.987045,2276.2,90153.0,134578.0
2025-06-20 10:30:27.055523,2276.2,90122.0,134320.0
2025-06-20 10:30:28.174804,2276.2,90122.0,134307.0
2025-06-20 10:30:29.357957,2276.2,90125.0,134456.0
2025-06-20 10:30:30.261089,2276.2,90146.0,134436.0
2025-06-20 10:30:31.366778,2276.1,90020.0,134669.0
2025-06-20 10:30:31.679789,2276.1,90020.0,134669.0
2025-06-20 10:30:32.562983,2276.1,90473.0,134625.0
2025-06-20 10:30:33.665034,2276.1,90934.0,133716.0
2025-06-20 10:30:34.691117,2276.4,90934.0,133716.0
2025-06-20 10:30:34.764376,2276.4,90820.0,134041.0
2025-06-20 10:30:35.682104,2276.5,90820.0,134041.0
2025-06-20 10:30:35.863006,2276.5,90861.0,134042.0
2025-06-20 10:30:36.768496,2276.5,90861.0,133803.0
2025-06-20 10:30:37.679424,2276.5,90861.0,133803.0
2025-06-20 10:30:37.867666,2276.5,90849.0,133868.0
2025-06-20 10:30:38.681195,2276.5,90849.0,133868.0
2025-06-20 10:30:38.982709,2276.5,90871.0,133932.0
2025-06-20 10:30:40.068219,2276.5,90871.0,133932.0
2025-06-20 10:30:41.184439,2276.5,90879.0,134050.0
2025-06-20 10:30:42.271562,2276.5,90879.0,134061.0
2025-06-20 10:30:43.218487,2276.5,90879.0,134061.0
2025-06-20 10:30:43.270442,2276.5,90917.0,133725.0
2025-06-20 10:30:43.532846,2276.5,90917.0,133725.0
2025-06-20 10:30:43.681349,2276.5,90917.0,133725.0
2025-06-20 10:30:43.851899,2276.5,90917.0,133725.0
2025-06-20 10:30:44.222288,2276.5,90917.0,133725.0
2025-06-20 10:30:44.372198,2276.5,90746.0,133706.0
2025-06-20 10:30:44.633453,2276.5,90746.0,133706.0
2025-06-20 10:30:45.316424,2276.5,90746.0,133706.0
2025-06-20 10:30:45.482117,2277.0,90526.0,133633.0
2025-06-20 10:30:45.687380,2277.0,90526.0,133633.0
2025-06-20 10:30:46.009280,2277.0,90526.0,133633.0
2025-06-20 10:30:46.505533,2277.0,90526.0,133633.0
2025-06-20 10:30:46.572154,2277.0,89904.0,133465.0
2025-06-20 10:30:47.029840,2277.0,89904.0,133465.0
2025-06-20 10:30:47.696680,2277.0,89904.0,133465.0
2025-06-20 10:30:47.704283,2277.0,89908.0,133679.0
2025-06-20 10:30:48.383757,2277.0,89908.0,133679.0
2025-06-20 10:30:48.777148,2277.0,90004.0,133679.0
2025-06-20 10:30:49.734129,2277.0,90004.0,133679.0
2025-06-20 10:30:49.872926,2276.9,90007.0,133686.0
2025-06-20 10:30:50.683454,2276.9,90007.0,133686.0
2025-06-20 10:30:50.763862,2276.9,90007.0,133686.0
2025-06-20 10:30:50.986183,2276.9,90050.0,133496.0
2025-06-20 10:30:52.083517,2276.5,90036.0,133601.0
2025-06-20 10:30:52.257930,2276.5,90036.0,133601.0
2025-06-20 10:30:52.692312,2277.0,90036.0,133601.0
2025-06-20 10:30:53.191242,2277.0,89995.0,133341.0
2025-06-20 10:30:53.533881,2277.0,89995.0,133341.0
2025-06-20 10:30:53.729147,2276.4,89995.0,133341.0
2025-06-20 10:30:54.284714,2276.4,89287.0,132679.0
2025-06-20 10:30:54.679266,2276.4,89287.0,132679.0
2025-06-20 10:30:54.806056,2276.4,89287.0,132679.0
2025-06-20 10:30:55.484727,2276.4,89124.0,133577.0
2025-06-20 10:30:56.523516,2276.4,89124.0,133577.0
2025-06-20 10:30:56.524960,2276.4,89114.0,133274.0
2025-06-20 10:30:57.578322,2277.0,89106.0,133188.0
2025-06-20 10:30:57.704132,2277.0,89106.0,133188.0
2025-06-20 10:30:58.683558,2276.2,89106.0,133188.0
2025-06-20 10:30:58.695219,2276.2,88797.0,133039.0
2025-06-20 10:30:59.683878,2277.0,88797.0,133039.0
2025-06-20 10:30:59.785652,2277.0,89272.0,133373.0
2025-06-20 10:31:01.702728,2277.0,89272.0,133373.0
2025-06-20 10:31:05.179285,2276.9,89274.0,133196.0
2025-06-20 10:31:05.696954,2276.9,89274.0,133196.0
2025-06-20 10:31:07.701200,2276.2,89274.0,133196.0
2025-06-20 10:31:10.797989,2277.1,89274.0,133196.0
2025-06-20 10:31:11.491271,2277.0,89086.0,133295.0
2025-06-20 10:31:13.766804,2277.0,89086.0,133295.0
2025-06-20 10:31:17.500730,2277.0,89412.0,133194.0
2025-06-20 10:31:17.696781,2277.0,89412.0,133194.0
2025-06-20 10:31:20.697168,2277.0,89412.0,133194.0
2025-06-20 10:31:23.501367,2277.0,89096.0,133721.0
2025-06-20 10:31:25.692731,2277.0,89096.0,133721.0
2025-06-20 10:31:29.201138,2277.0,89427.0,133424.0
2025-06-20 10:31:29.749179,2276.2,89427.0,133424.0
2025-06-20 10:31:35.105932,2276.0,88947.0,134220.0
2025-06-20 10:31:35.718441,2276.0,88947.0,134220.0
2025-06-20 10:31:38.717583,2276.7,88947.0,134220.0
2025-06-20 10:31:41.209032,2276.0,89356.0,134343.0
2025-06-20 10:31:41.737252,2276.0,89356.0,134343.0
2025-06-20 10:31:47.114846,2276.0,89477.0,133907.0
2025-06-20 10:31:53.019677,2276.9,89038.0,134485.0
2025-06-20 10:31:53.693484,2276.9,89038.0,134485.0
2025-06-20 10:31:56.694210,2276.1,89038.0,134485.0
2025-06-20 10:31:58.715062,2276.5,89038.0,134485.0
2025-06-20 10:31:58.934219,2276.5,89063.0,134921.0
2025-06-20 10:32:02.708142,2276.2,89063.0,134921.0
2025-06-20 10:32:04.758362,2276.2,89043.0,135234.0
2025-06-20 10:32:05.703084,2276.0,89043.0,135234.0
2025-06-20 10:32:10.705889,2276.0,89043.0,135234.0
2025-06-20 10:32:11.230744,2276.0,88386.0,137670.0
2025-06-20 10:32:17.534795,2276.0,88203.0,137561.0
2025-06-20 10:32:21.696707,2275.4,88203.0,137561.0
2025-06-20 10:32:23.841759,2275.4,88237.0,137253.0
2025-06-20 10:32:25.739252,2275.4,88237.0,137253.0
2025-06-20 10:32:29.901049,2275.5,88237.0,137253.0
2025-06-20 10:32:29.980274,2275.5,87926.0,138144.0
2025-06-20 10:32:31.761065,2275.5,87926.0,138144.0
2025-06-20 10:32:34.694965,2275.2,87926.0,138144.0
2025-06-20 10:32:36.346666,2275.7,87738.0,138269.0
2025-06-20 10:32:37.728847,2275.0,87738.0,138269.0
2025-06-20 10:32:42.249271,2275.0,87567.0,138443.0
2025-06-20 10:32:46.734692,2275.2,87567.0,138443.0
2025-06-20 10:32:48.060794,2275.2,87635.0,138041.0
2025-06-20 10:32:53.744532,2274.9,87635.0,138041.0
2025-06-20 10:32:54.480131,2274.9,87833.0,138732.0
2025-06-20 10:32:58.712783,2275.4,87833.0,138732.0
2025-06-20 10:33:00.560242,2275.4,87733.0,138692.0
2025-06-20 10:33:04.716059,2275.1,87733.0,138692.0
2025-06-20 10:33:06.267137,2275.3,88001.0,138568.0
2025-06-20 10:33:07.743122,2275.3,88001.0,138568.0
2025-06-20 10:33:09.736598,2274.6,88001.0,138568.0
2025-06-20 10:33:11.736287,2275.1,88001.0,138568.0
2025-06-20 10:33:11.987050,2275.1,87429.0,139245.0
2025-06-20 10:33:17.705391,2274.6,87429.0,139245.0
2025-06-20 10:33:17.774641,2274.6,87568.0,140235.0
2025-06-20 10:33:23.739139,2274.5,87736.0,140322.0
2025-06-20 10:33:23.772019,2274.5,87736.0,140322.0
2025-06-20 10:33:29.714360,2274.5,87736.0,140322.0
2025-06-20 10:33:29.779026,2274.5,87740.0,140067.0
2025-06-20 10:33:35.864502,2275.0,87740.0,140067.0
2025-06-20 10:33:35.909557,2275.0,88240.0,138258.0
2025-06-20 10:33:41.690570,2275.1,88240.0,138258.0
2025-06-20 10:33:41.783019,2275.1,88230.0,138290.0
2025-06-20 10:33:43.681061,2275.1,88230.0,138290.0
2025-06-20 10:33:44.037624,2275.1,88230.0,138290.0
2025-06-20 10:33:45.041607,2275.1,88230.0,138290.0
2025-06-20 10:33:46.383700,2275.1,88230.0,138290.0
2025-06-20 10:33:47.521789,2275.1,88230.0,138290.0
2025-06-20 10:33:47.585724,2275.1,87830.0,139048.0
2025-06-20 10:33:47.833225,2275.1,87830.0,139048.0
2025-06-20 10:33:48.795338,2275.1,87830.0,139048.0
2025-06-20 10:33:49.694618,2274.9,87830.0,139048.0
2025-06-20 10:33:50.161439,2274.9,87830.0,139048.0
2025-06-20 10:33:51.361418,2274.9,87830.0,139048.0
2025-06-20 10:33:52.670360,2274.9,87830.0,139048.0
2025-06-20 10:33:52.714802,2273.1,87830.0,139048.0
2025-06-20 10:33:53.397954,2273.1,85638.0,142920.0
2025-06-20 10:33:54.004328,2273.1,85638.0,142920.0
2025-06-20 10:33:55.205521,2273.1,85638.0,142920.0
2025-06-20 10:33:56.858542,2273.1,85638.0,142920.0
2025-06-20 10:33:58.696831,2272.5,85638.0,142920.0
2025-06-20 10:33:59.504940,2272.5,85645.0,142365.0
2025-06-20 10:34:01.697350,2272.5,85645.0,142365.0
2025-06-20 10:34:04.918358,2273.5,85519.0,143080.0
2025-06-20 10:34:08.694671,2272.7,85519.0,143080.0
2025-06-20 10:34:10.913140,2272.7,84833.0,141410.0
2025-06-20 10:34:11.717571,2273.7,84833.0,141410.0
2025-06-20 10:34:16.747810,2273.7,84833.0,141410.0
2025-06-20 10:34:16.957238,2273.7,85076.0,140955.0
2025-06-20 10:34:19.694800,2273.1,85076.0,140955.0
2025-06-20 10:34:22.515527,2273.1,84766.0,141121.0
2025-06-20 10:34:25.727312,2273.1,84766.0,141121.0
2025-06-20 10:34:28.017113,2273.1,84931.0,141233.0
2025-06-20 10:34:32.694095,2273.1,84931.0,141233.0
2025-06-20 10:34:33.735330,2273.1,86307.0,140854.0
2025-06-20 10:34:38.708751,2273.9,86307.0,140854.0
2025-06-20 10:34:39.423910,2273.9,86406.0,140808.0
2025-06-20 10:34:45.420199,2273.5,86456.0,140680.0
2025-06-20 10:34:46.725836,2273.7,86456.0,140680.0
2025-06-20 10:34:50.656139,2273.7,86912.0,139939.0
2025-06-20 10:34:53.743677,2273.6,86912.0,139939.0
2025-06-20 10:34:56.234433,2273.6,86313.0,140592.0
2025-06-20 10:34:59.706603,2273.7,86313.0,140592.0
2025-06-20 10:35:01.626832,2273.7,86482.0,140328.0
2025-06-20 10:35:05.704965,2273.7,86482.0,140328.0
2025-06-20 10:35:07.142405,2273.7,86969.0,139885.0
2025-06-20 10:35:07.702093,2273.9,86969.0,139885.0
2025-06-20 10:35:10.700948,2273.9,86969.0,139885.0
2025-06-20 10:35:12.785986,2274.0,87591.0,138898.0
2025-06-20 10:35:14.699979,2274.0,87591.0,138898.0
2025-06-20 10:35:17.004042,2273.9,87591.0,138898.0
2025-06-20 10:35:18.650227,2274.0,87524.0,139571.0
2025-06-20 10:35:20.698548,2273.7,87524.0,139571.0
2025-06-20 10:35:24.551822,2273.7,87520.0,139795.0
2025-06-20 10:35:26.704603,2274.0,87520.0,139795.0
2025-06-20 10:35:30.356328,2274.0,87942.0,138789.0
2025-06-20 10:35:30.707767,2274.0,87942.0,138789.0
2025-06-20 10:35:32.705202,2274.5,87942.0,138789.0
2025-06-20 10:35:34.727574,2275.0,87942.0,138789.0
2025-06-20 10:35:36.361565,2275.0,87383.0,137949.0
2025-06-20 10:35:36.703777,2275.0,87383.0,137949.0
2025-06-20 10:35:42.164488,2275.0,87292.0,137709.0
2025-06-20 10:35:44.712442,2274.1,87292.0,137709.0
2025-06-20 10:35:47.976418,2274.1,87281.0,137576.0
2025-06-20 10:35:50.702735,2275.0,87281.0,137576.0
2025-06-20 10:35:53.996748,2274.5,87028.0,138917.0
2025-06-20 10:35:54.707560,2274.5,87028.0,138917.0
2025-06-20 10:35:56.700537,2274.8,87028.0,138917.0
2025-06-20 10:35:58.699169,2274.6,87028.0,138917.0
2025-06-20 10:35:59.674425,2274.0,87837.0,139322.0
2025-06-20 10:36:00.695324,2274.0,87837.0,139322.0
2025-06-20 10:36:02.705830,2273.4,87837.0,139322.0
2025-06-20 10:36:05.374247,2273.4,87145.0,140172.0
2025-06-20 10:36:06.719214,2274.2,87145.0,140172.0
2025-06-20 10:36:09.760625,2273.2,87145.0,140172.0
2025-06-20 10:36:11.508288,2274.0,87263.0,139496.0
2025-06-20 10:36:13.713764,2274.0,87263.0,139496.0
2025-06-20 10:36:15.701534,2274.1,87263.0,139496.0
2025-06-20 10:36:17.505363,2273.1,86818.0,139768.0
2025-06-20 10:36:18.714194,2273.1,86818.0,139768.0
2025-06-20 10:36:23.283994,2273.1,86467.0,138247.0
2025-06-20 10:36:29.288301,2273.1,85822.0,139656.0
2025-06-20 10:36:34.708250,2274.1,85822.0,139656.0
2025-06-20 10:36:35.395463,2274.1,85696.0,139938.0
2025-06-20 10:36:36.705791,2274.1,85696.0,139938.0
2025-06-20 10:36:39.705114,2273.3,85696.0,139938.0
2025-06-20 10:36:41.497579,2273.3,85706.0,139753.0
2025-06-20 10:36:44.174596,2273.3,85706.0,139753.0
2025-06-20 10:36:45.239763,2273.3,85706.0,139753.0
2025-06-20 10:36:46.284555,2273.3,85706.0,139753.0
2025-06-20 10:36:47.097445,2273.3,85696.0,139449.0
2025-06-20 10:36:47.446270,2273.3,85696.0,139449.0
2025-06-20 10:36:48.392853,2273.3,85696.0,139449.0
2025-06-20 10:36:49.351290,2273.3,85696.0,139449.0
2025-06-20 10:36:50.691934,2273.3,85696.0,139449.0
2025-06-20 10:36:51.675340,2273.3,85696.0,139449.0
2025-06-20 10:36:51.711422,2274.1,85696.0,139449.0
2025-06-20 10:36:52.913730,2274.1,85919.0,139380.0
2025-06-20 10:36:53.227306,2274.1,85919.0,139380.0
2025-06-20 10:36:54.530260,2274.1,85919.0,139380.0
2025-06-20 10:36:55.758611,2274.1,85919.0,139380.0
2025-06-20 10:36:57.382098,2274.1,85919.0,139380.0
2025-06-20 10:36:58.415308,2274.1,85998.0,139832.0
2025-06-20 10:37:04.213151,2274.1,86531.0,139296.0
2025-06-20 10:37:05.707581,2274.0,86531.0,139296.0
2025-06-20 10:37:07.712923,2274.1,86531.0,139296.0
2025-06-20 10:37:09.710340,2274.0,86531.0,139296.0
2025-06-20 10:37:10.311765,2274.0,87118.0,138834.0
2025-06-20 10:37:11.721255,2274.0,87118.0,138834.0
2025-06-20 10:37:16.051372,2274.1,86989.0,139081.0
2025-06-20 10:37:17.706374,2274.0,86989.0,139081.0
2025-06-20 10:37:21.518140,2274.1,86701.0,139140.0
2025-06-20 10:37:21.706984,2274.1,86701.0,139140.0
2025-06-20 10:37:23.713298,2274.0,86701.0,139140.0
2025-06-20 10:37:26.710054,2273.4,86701.0,139140.0
2025-06-20 10:37:27.321793,2273.4,86094.0,140820.0
2025-06-20 10:37:29.720081,2273.9,86094.0,140820.0
2025-06-20 10:37:32.827894,2273.9,85895.0,141035.0
2025-06-20 10:37:35.713268,2273.3,85895.0,141035.0
2025-06-20 10:37:38.334756,2273.9,85681.0,140375.0
2025-06-20 10:37:38.710438,2273.9,85681.0,140375.0
2025-06-20 10:37:44.035617,2273.9,85966.0,140958.0
2025-06-20 10:37:48.708829,2273.5,85966.0,140958.0
2025-06-20 10:37:49.786412,2273.5,85166.0,142416.0
2025-06-20 10:37:53.714745,2273.5,85166.0,142416.0
2025-06-20 10:37:55.246328,2273.5,85516.0,141287.0
2025-06-20 10:37:56.715699,2272.9,85516.0,141287.0
2025-06-20 10:38:00.979652,2272.9,85756.0,140303.0
2025-06-20 10:38:05.712959,2273.5,85756.0,140303.0
2025-06-20 10:38:06.654970,2273.9,85630.0,141603.0
2025-06-20 10:38:08.709997,2273.9,85630.0,141603.0
2025-06-20 10:38:10.705436,2273.8,85630.0,141603.0
2025-06-20 10:38:12.257744,2273.9,85728.0,141666.0
2025-06-20 10:38:12.711676,2273.9,85728.0,141666.0
2025-06-20 10:38:16.713486,2272.7,85728.0,141666.0
2025-06-20 10:38:17.859133,2272.7,85370.0,142293.0
2025-06-20 10:38:20.715759,2272.5,85370.0,142293.0
2025-06-20 10:38:22.715727,2272.8,85370.0,142293.0
2025-06-20 10:38:23.477545,2272.8,85255.0,142373.0
2025-06-20 10:38:28.870979,2272.8,85358.0,142557.0
2025-06-20 10:38:34.375047,2272.8,85429.0,142465.0
2025-06-20 10:38:36.705863,2273.4,85429.0,142465.0
2025-06-20 10:38:38.710664,2273.5,85429.0,142465.0
2025-06-20 10:38:40.080381,2273.5,85097.0,142673.0
2025-06-20 10:38:45.883651,2273.5,85304.0,142648.0
2025-06-20 10:38:50.722783,2273.3,85304.0,142648.0
2025-06-20 10:38:51.387204,2273.3,85433.0,142993.0
2025-06-20 10:38:52.710259,2272.4,85433.0,142993.0
2025-06-20 10:38:56.848864,2272.4,85124.0,143058.0
2025-06-20 10:39:02.302525,2272.4,85535.0,142467.0
2025-06-20 10:39:06.721516,2273.3,85535.0,142467.0
2025-06-20 10:39:08.200515,2273.0,85702.0,142365.0
2025-06-20 10:39:08.715907,2273.0,85702.0,142365.0
2025-06-20 10:39:12.719095,2273.3,85702.0,142365.0
2025-06-20 10:39:13.804293,2273.3,85360.0,142952.0
2025-06-20 10:39:19.229598,2273.3,85365.0,143067.0
2025-06-20 10:39:20.717603,2273.3,85365.0,143067.0
2025-06-20 10:39:24.817213,2273.3,85342.0,142468.0
2025-06-20 10:39:30.532475,2273.3,85235.0,143106.0
2025-06-20 10:39:34.712476,2273.1,85235.0,143106.0
2025-06-20 10:39:36.716118,2273.3,85235.0,143106.0
2025-06-20 10:39:36.826493,2273.3,85361.0,142741.0
2025-06-20 10:39:42.939163,2273.3,85373.0,142826.0
2025-06-20 10:39:44.643338,2273.3,85373.0,142826.0
2025-06-20 10:39:45.042557,2273.3,85373.0,142826.0
2025-06-20 10:39:46.078119,2273.3,85373.0,142826.0
2025-06-20 10:39:47.451153,2273.3,85373.0,142826.0
2025-06-20 10:39:48.451754,2273.3,85373.0,142826.0
2025-06-20 10:39:49.035279,2273.3,85375.0,142628.0
2025-06-20 10:39:49.827769,2273.3,85375.0,142628.0
2025-06-20 10:39:50.797310,2272.8,85375.0,142628.0
2025-06-20 10:39:51.260646,2272.8,85375.0,142628.0
2025-06-20 10:39:52.152009,2272.8,85375.0,142628.0
2025-06-20 10:39:52.722847,2273.3,85375.0,142628.0
2025-06-20 10:39:53.838677,2273.3,85375.0,142628.0
2025-06-20 10:39:54.838718,2273.3,85410.0,142821.0
2025-06-20 10:39:55.047370,2273.3,85410.0,142821.0
2025-06-20 10:39:56.252970,2273.3,85410.0,142821.0
2025-06-20 10:39:57.884667,2273.3,85410.0,142821.0
2025-06-20 10:40:00.645915,2272.5,85007.0,142977.0
2025-06-20 10:40:00.717250,2272.5,85007.0,142977.0
2025-06-20 10:40:04.767865,2272.8,85007.0,142977.0
2025-06-20 10:40:06.754050,2273.3,85007.0,142977.0
2025-06-20 10:40:06.765264,2273.3,85076.0,142692.0
2025-06-20 10:40:12.655351,2272.4,84935.0,142078.0
2025-06-20 10:40:12.731407,2272.4,84935.0,142078.0
2025-06-20 10:40:18.737600,2272.4,84935.0,142078.0
2025-06-20 10:40:18.766357,2272.4,84940.0,142338.0
2025-06-20 10:40:21.731249,2272.4,84940.0,142338.0
2025-06-20 10:40:24.566391,2272.4,84909.0,142795.0
2025-06-20 10:40:25.724413,2273.3,84909.0,142795.0
2025-06-20 10:40:30.390859,2273.0,84838.0,142875.0
2025-06-20 10:40:31.738762,2273.1,84838.0,142875.0
2025-06-20 10:40:33.751010,2272.8,84838.0,142875.0
2025-06-20 10:40:35.757885,2272.4,84838.0,142875.0
2025-06-20 10:40:35.780822,2272.4,84666.0,143376.0
2025-06-20 10:40:37.726239,2272.4,84666.0,143376.0
2025-06-20 10:40:41.372310,2272.4,84459.0,143174.0
2025-06-20 10:40:41.732225,2272.4,84459.0,143174.0
2025-06-20 10:40:43.729479,2272.4,84459.0,143174.0
2025-06-20 10:40:45.733168,2272.4,84459.0,143174.0
2025-06-20 10:40:46.991889,2272.4,84550.0,142841.0
2025-06-20 10:40:49.727293,2273.0,84550.0,142841.0
2025-06-20 10:40:51.725071,2272.4,84550.0,142841.0
2025-06-20 10:40:52.783416,2272.4,84522.0,142833.0
2025-06-20 10:40:55.735798,2272.4,84522.0,142833.0
2025-06-20 10:40:58.501855,2272.4,85524.0,142966.0
2025-06-20 10:41:00.733840,2272.4,85524.0,142966.0
2025-06-20 10:41:04.535343,2272.8,85097.0,141003.0
2025-06-20 10:41:04.729570,2272.8,85097.0,141003.0
2025-06-20 10:41:08.728948,2273.5,85097.0,141003.0
2025-06-20 10:41:10.806378,2273.5,84941.0,141217.0
2025-06-20 10:41:11.736164,2273.7,84941.0,141217.0
2025-06-20 10:41:13.733191,2273.7,84941.0,141217.0
2025-06-20 10:41:16.736045,2273.9,84941.0,141217.0
2025-06-20 10:41:16.914714,2273.5,85235.0,141360.0
2025-06-20 10:41:19.754352,2273.5,85235.0,141360.0
2025-06-20 10:41:22.536211,2273.9,84989.0,140540.0
2025-06-20 10:41:23.727361,2273.9,84989.0,140540.0
2025-06-20 10:41:25.731413,2273.7,84989.0,140540.0
2025-06-20 10:41:28.538413,2273.7,84805.0,141173.0
2025-06-20 10:41:34.720367,2273.9,85091.0,141084.0
2025-06-20 10:41:36.734510,2273.3,85091.0,141084.0
2025-06-20 10:41:40.754869,2272.8,85091.0,141084.0
2025-06-20 10:41:41.386086,2272.8,84931.0,141680.0
2025-06-20 10:41:47.124281,2273.3,85132.0,141618.0
2025-06-20 10:41:47.738703,2273.3,85132.0,141618.0
2025-06-20 10:41:51.761792,2273.3,85132.0,141618.0
2025-06-20 10:41:52.545208,2273.3,85099.0,141639.0
2025-06-20 10:41:53.737424,2273.1,85099.0,141639.0
2025-06-20 10:41:55.733344,2272.5,85099.0,141639.0
2025-06-20 10:41:57.761877,2272.5,84839.0,141661.0
2025-06-20 10:42:02.833918,2272.5,84757.0,142018.0
2025-06-20 10:42:05.738858,2273.3,84757.0,142018.0
2025-06-20 10:42:07.748718,2273.3,84757.0,142018.0
2025-06-20 10:42:08.447837,2273.3,84604.0,141837.0
2025-06-20 10:42:13.745643,2273.3,84604.0,141837.0
2025-06-20 10:42:13.947353,2273.3,84606.0,141581.0
2025-06-20 10:42:17.746315,2273.3,84606.0,141581.0
2025-06-20 10:42:19.645530,2273.3,85250.0,141638.0
2025-06-20 10:42:19.750402,2273.3,85250.0,141638.0
2025-06-20 10:42:21.734363,2273.3,85250.0,141638.0
2025-06-20 10:42:25.460209,2273.3,85349.0,141588.0
2025-06-20 10:42:25.730886,2273.3,85349.0,141588.0
2025-06-20 10:42:27.748229,2273.3,85349.0,141588.0
2025-06-20 10:42:29.752386,2274.0,85349.0,141588.0
2025-06-20 10:42:31.249509,2273.3,85203.0,140913.0
2025-06-20 10:42:31.793066,2273.3,85203.0,140913.0
2025-06-20 10:42:35.777246,2273.9,85203.0,140913.0
2025-06-20 10:42:37.154562,2273.9,84962.0,141013.0
2025-06-20 10:42:39.797037,2273.8,84962.0,141013.0
2025-06-20 10:42:42.854087,2273.8,84802.0,141574.0
2025-06-20 10:42:45.044879,2273.8,84802.0,141574.0
2025-06-20 10:42:46.160132,2273.8,84802.0,141574.0
2025-06-20 10:42:47.414617,2273.8,84802.0,141574.0
2025-06-20 10:42:48.102583,2273.8,84802.0,141574.0
2025-06-20 10:42:48.781142,2273.8,84824.0,141375.0
2025-06-20 10:42:49.114813,2273.8,84824.0,141375.0
2025-06-20 10:42:50.541977,2273.8,84824.0,141375.0
2025-06-20 10:42:50.812559,2273.9,84824.0,141375.0
2025-06-20 10:42:51.860112,2273.9,84824.0,141375.0
2025-06-20 10:42:52.869787,2273.9,84824.0,141375.0
2025-06-20 10:42:54.361763,2273.9,84824.0,141375.0
2025-06-20 10:42:54.660312,2273.9,84940.0,141281.0
2025-06-20 10:42:55.670183,2273.9,84940.0,141281.0
2025-06-20 10:42:56.902762,2273.9,84940.0,141281.0
2025-06-20 10:42:58.585427,2273.9,84940.0,141281.0
2025-06-20 10:43:01.220699,2273.9,85106.0,140876.0
2025-06-20 10:43:02.752805,2273.9,85106.0,140876.0
2025-06-20 10:43:05.498104,2273.9,85351.0,141195.0
2025-06-20 10:43:06.744737,2273.9,85351.0,141195.0
2025-06-20 10:43:10.797768,2273.9,85137.0,141595.0
2025-06-20 10:43:14.757707,2273.2,85137.0,141595.0
2025-06-20 10:43:16.171448,2273.2,85065.0,141324.0
2025-06-20 10:43:20.746082,2273.9,85065.0,141324.0
2025-06-20 10:43:21.972836,2273.9,85157.0,141645.0
2025-06-20 10:43:26.734376,2273.1,85157.0,141645.0
2025-06-20 10:43:27.583541,2273.1,85090.0,142005.0
2025-06-20 10:43:33.185452,2273.1,84940.0,142002.0
2025-06-20 10:43:36.739353,2273.6,84940.0,142002.0
2025-06-20 10:43:38.889673,2273.6,84833.0,142361.0
2025-06-20 10:43:40.739468,2273.0,84833.0,142361.0
2025-06-20 10:43:44.095924,2273.0,85059.0,142514.0
2025-06-20 10:43:46.770583,2273.5,85059.0,142514.0
2025-06-20 10:43:48.762973,2273.6,85059.0,142514.0
2025-06-20 10:43:49.723289,2273.6,84881.0,142721.0
2025-06-20 10:43:55.300359,2273.6,84868.0,142591.0
2025-06-20 10:44:00.703896,2273.6,85019.0,142309.0
2025-06-20 10:44:04.774757,2273.4,85019.0,142309.0
2025-06-20 10:44:06.305770,2273.7,85019.0,142636.0
2025-06-20 10:44:06.750626,2273.7,85019.0,142636.0
2025-06-20 10:44:10.792094,2273.6,85019.0,142636.0
2025-06-20 10:44:11.710617,2273.4,85054.0,142993.0
2025-06-20 10:44:12.762719,2273.2,85054.0,142993.0
2025-06-20 10:44:14.745723,2272.3,85054.0,142993.0
2025-06-20 10:44:16.772576,2273.2,85054.0,142993.0
2025-06-20 10:44:17.614231,2273.2,84843.0,143428.0
2025-06-20 10:44:20.783908,2273.2,84843.0,143428.0
2025-06-20 10:44:23.215783,2273.2,84815.0,143292.0
2025-06-20 10:44:26.758113,2273.2,84815.0,143292.0
2025-06-20 10:44:28.761933,2273.1,84815.0,143292.0
2025-06-20 10:44:28.820482,2273.1,84537.0,143632.0
2025-06-20 10:44:30.764965,2272.6,84537.0,143632.0
2025-06-20 10:44:32.762737,2272.2,84537.0,143632.0
2025-06-20 10:44:34.330459,2272.2,84240.0,143901.0
2025-06-20 10:44:36.762428,2272.9,84240.0,143901.0
2025-06-20 10:44:39.828613,2272.9,84249.0,143902.0
2025-06-20 10:44:45.235240,2272.9,84418.0,143949.0
2025-06-20 10:44:48.759120,2272.9,84418.0,143949.0
2025-06-20 10:44:50.548693,2271.9,84550.0,143857.0
2025-06-20 10:44:50.756629,2271.9,84550.0,143857.0
2025-06-20 10:44:52.744217,2272.0,84550.0,143857.0
2025-06-20 10:44:54.745187,2272.1,84550.0,143857.0
2025-06-20 10:44:55.736195,2272.1,84967.0,143641.0
2025-06-20 10:45:00.743604,2272.9,84967.0,143641.0
2025-06-20 10:45:00.847532,2273.2,85800.0,141611.0
2025-06-20 10:45:02.760624,2273.9,85800.0,141611.0
2025-06-20 10:45:05.774765,2272.7,85800.0,141611.0
2025-06-20 10:45:06.578788,2273.9,85238.0,142386.0
2025-06-20 10:45:08.750401,2273.7,85238.0,142386.0
2025-06-20 10:45:11.850989,2273.7,85478.0,141949.0
2025-06-20 10:45:17.354315,2273.7,85598.0,141901.0
2025-06-20 10:45:17.776473,2273.7,85598.0,141901.0
2025-06-20 10:45:20.763943,2273.7,85598.0,141901.0
2025-06-20 10:45:23.161807,2274.0,85542.0,141936.0
2025-06-20 10:45:23.780746,2274.0,85542.0,141936.0
2025-06-20 10:45:26.763775,2272.7,85542.0,141936.0
2025-06-20 10:45:28.465807,2273.8,85220.0,141888.0
2025-06-20 10:45:28.761545,2273.8,85220.0,141888.0
2025-06-20 10:45:33.593496,2273.8,85250.0,142023.0
2025-06-20 10:45:34.760049,2272.8,85250.0,142023.0
2025-06-20 10:45:36.759112,2272.9,85250.0,142023.0
2025-06-20 10:45:38.758446,2273.9,85250.0,142023.0
2025-06-20 10:45:38.802830,2273.9,85205.0,141985.0
2025-06-20 10:45:44.482459,2273.1,85030.0,141945.0
2025-06-20 10:45:44.751760,2273.1,85030.0,141945.0
2025-06-20 10:45:45.472340,2273.1,85030.0,141945.0
2025-06-20 10:45:46.202909,2273.1,85030.0,141945.0
2025-06-20 10:45:47.184711,2273.1,85030.0,141945.0
2025-06-20 10:45:48.253955,2273.1,85030.0,141945.0
2025-06-20 10:45:49.310882,2273.1,85030.0,141945.0
2025-06-20 10:45:49.684624,2273.1,85348.0,141876.0
2025-06-20 10:45:49.717639,2273.1,85348.0,141876.0
2025-06-20 10:45:50.690259,2273.1,85348.0,141876.0
2025-06-20 10:45:50.751954,2273.8,85348.0,141876.0
2025-06-20 10:45:52.153821,2273.8,85348.0,141876.0
2025-06-20 10:45:52.748907,2272.9,85348.0,141876.0
2025-06-20 10:45:53.081988,2272.9,85348.0,141876.0
2025-06-20 10:45:54.664897,2272.9,85348.0,141876.0
2025-06-20 10:45:55.389815,2272.9,85533.0,141983.0
2025-06-20 10:45:55.916263,2272.9,85533.0,141983.0
2025-06-20 10:45:56.752381,2273.8,85533.0,141983.0
2025-06-20 10:45:57.223013,2273.8,85533.0,141983.0
2025-06-20 10:45:58.823644,2273.8,85533.0,141983.0
2025-06-20 10:46:00.886579,2273.8,85895.0,141889.0
2025-06-20 10:46:02.808243,2273.8,85895.0,141889.0
2025-06-20 10:46:06.093035,2273.8,86087.0,141621.0
2025-06-20 10:46:06.750725,2274.0,86087.0,141621.0
2025-06-20 10:46:11.604699,2274.0,86905.0,141001.0
2025-06-20 10:46:14.752567,2274.0,86905.0,141001.0
2025-06-20 10:46:16.750701,2274.7,86905.0,141001.0
2025-06-20 10:46:17.007249,2274.7,86689.0,141109.0
2025-06-20 10:46:20.755702,2274.6,86689.0,141109.0
2025-06-20 10:46:22.512719,2274.6,86528.0,141317.0
2025-06-20 10:46:28.607620,2274.6,86560.0,140872.0
2025-06-20 10:46:34.111336,2274.6,86586.0,140972.0
2025-06-20 10:46:37.750670,2274.5,86586.0,140972.0
2025-06-20 10:46:39.313890,2274.5,86487.0,141578.0
2025-06-20 10:46:41.754092,2274.4,86487.0,141578.0
2025-06-20 10:46:44.532189,2274.4,86238.0,141721.0
2025-06-20 10:46:45.782236,2274.0,86238.0,141721.0
2025-06-20 10:46:47.820831,2274.0,86238.0,141721.0
2025-06-20 10:46:50.123426,2274.0,86285.0,141518.0
2025-06-20 10:46:55.438444,2274.0,86288.0,141966.0
2025-06-20 10:46:55.776929,2274.0,86288.0,141966.0
2025-06-20 10:46:57.759484,2274.5,86288.0,141966.0
2025-06-20 10:47:00.629738,2274.5,86279.0,140813.0
2025-06-20 10:47:03.761408,2274.0,86279.0,140813.0
2025-06-20 10:47:05.769364,2274.0,86279.0,140813.0
2025-06-20 10:47:06.067702,2274.0,86399.0,140971.0
2025-06-20 10:47:07.755259,2274.4,86399.0,140971.0
2025-06-20 10:47:11.236407,2274.4,86621.0,140101.0
2025-06-20 10:47:11.777569,2274.6,86621.0,140101.0
2025-06-20 10:47:15.783908,2274.8,86621.0,140101.0
2025-06-20 10:47:16.739209,2275.0,86647.0,139523.0
2025-06-20 10:47:17.758914,2275.0,86647.0,139523.0
2025-06-20 10:47:19.775280,2273.7,86647.0,139523.0
2025-06-20 10:47:22.353643,2273.7,87216.0,140867.0
2025-06-20 10:47:28.647404,2273.7,86800.0,140747.0
2025-06-20 10:47:34.354064,2273.7,86701.0,139850.0
2025-06-20 10:47:36.803584,2274.8,86701.0,139850.0
2025-06-20 10:47:39.654973,2274.8,86869.0,140337.0
2025-06-20 10:47:43.757087,2273.7,86869.0,140337.0
2025-06-20 10:47:45.073642,2273.7,86846.0,140692.0
2025-06-20 10:47:49.755955,2273.7,86846.0,140692.0
2025-06-20 10:47:50.470835,2274.6,87086.0,140863.0
2025-06-20 10:47:51.773372,2274.6,87086.0,140863.0
2025-06-20 10:47:53.768219,2273.8,87086.0,140863.0
2025-06-20 10:47:56.263880,2273.8,86932.0,141528.0
2025-06-20 10:48:01.761143,2274.1,86932.0,141528.0
2025-06-20 10:48:01.969240,2274.1,87290.0,142040.0
2025-06-20 10:48:07.672656,2273.9,86359.0,142277.0
2025-06-20 10:48:07.781537,2273.9,86359.0,142277.0
2025-06-20 10:48:09.768390,2273.8,86359.0,142277.0
2025-06-20 10:48:13.173912,2273.8,86505.0,141912.0
2025-06-20 10:48:13.775835,2273.8,86505.0,141912.0
2025-06-20 10:48:15.781619,2273.8,86505.0,141912.0
2025-06-20 10:48:18.490258,2273.8,87337.0,141623.0
2025-06-20 10:48:19.769599,2273.8,87337.0,141623.0
2025-06-20 10:48:23.879643,2273.8,86716.0,142957.0
2025-06-20 10:48:29.721307,2273.7,86772.0,143319.0
2025-06-20 10:48:29.768558,2273.7,86772.0,143319.0
2025-06-20 10:48:35.185983,2273.7,86799.0,143449.0
2025-06-20 10:48:35.786515,2273.7,86799.0,143449.0
2025-06-20 10:48:40.488111,2273.7,86833.0,143734.0
2025-06-20 10:48:43.767304,2273.3,86833.0,143734.0
2025-06-20 10:48:45.769880,2273.7,86833.0,143734.0
2025-06-20 10:48:46.013915,2273.7,86833.0,143734.0
2025-06-20 10:48:46.094927,2273.7,86657.0,143343.0
2025-06-20 10:48:46.356873,2273.7,86657.0,143343.0
2025-06-20 10:48:47.108835,2273.7,86657.0,143343.0
2025-06-20 10:48:47.764329,2273.5,86657.0,143343.0
2025-06-20 10:48:48.111273,2273.5,86657.0,143343.0
2025-06-20 10:48:49.330851,2273.5,86657.0,143343.0
2025-06-20 10:48:49.764874,2273.7,86657.0,143343.0
2025-06-20 10:48:49.886754,2273.7,86657.0,143343.0
2025-06-20 10:48:50.318894,2273.7,86657.0,143343.0
2025-06-20 10:48:51.282697,2273.7,86657.0,143343.0
2025-06-20 10:48:51.598482,2273.7,86573.0,143413.0
2025-06-20 10:48:52.639432,2273.7,86573.0,143413.0
2025-06-20 10:48:53.633091,2273.7,86573.0,143413.0
2025-06-20 10:48:55.173777,2273.7,86573.0,143413.0
2025-06-20 10:48:56.526800,2273.7,86573.0,143413.0
2025-06-20 10:48:56.773065,2273.7,86573.0,143413.0
2025-06-20 10:48:57.001406,2273.7,86572.0,143467.0
2025-06-20 10:48:57.719152,2273.7,86572.0,143467.0
2025-06-20 10:48:59.338376,2273.7,86572.0,143467.0
2025-06-20 10:49:02.517398,2273.7,86664.0,143513.0
2025-06-20 10:49:05.767237,2273.5,86664.0,143513.0
2025-06-20 10:49:08.443481,2273.9,86450.0,143509.0
2025-06-20 10:49:08.771311,2273.9,86450.0,143509.0
2025-06-20 10:49:11.774686,2274.2,86450.0,143509.0
2025-06-20 10:49:14.028166,2274.2,86753.0,143009.0
2025-06-20 10:49:19.555276,2274.5,86670.0,142671.0
2025-06-20 10:49:20.765857,2274.7,86670.0,142671.0
2025-06-20 10:49:24.936037,2274.7,86709.0,143030.0
2025-06-20 10:49:28.769313,2274.0,86709.0,143030.0
2025-06-20 10:49:30.726168,2273.8,86453.0,142092.0
2025-06-20 10:49:30.780457,2273.8,86453.0,142092.0
2025-06-20 10:49:32.786257,2274.7,86453.0,142092.0
2025-06-20 10:49:34.771982,2274.7,86453.0,142092.0
2025-06-20 10:49:36.231747,2274.7,86605.0,142600.0
2025-06-20 10:49:41.567724,2274.7,86930.0,142343.0
2025-06-20 10:49:42.771292,2274.7,86930.0,142343.0
2025-06-20 10:49:46.938911,2274.7,86366.0,142151.0
2025-06-20 10:49:50.793379,2273.8,86366.0,142151.0
2025-06-20 10:49:52.342589,2273.8,86586.0,142174.0
2025-06-20 10:49:54.808781,2274.7,86586.0,142174.0
2025-06-20 10:49:57.555637,2274.8,86503.0,141822.0
2025-06-20 10:49:58.813480,2274.8,86503.0,141822.0
2025-06-20 10:50:00.827102,2274.4,86503.0,141822.0
2025-06-20 10:50:02.777287,2273.9,86385.0,141895.0
2025-06-20 10:50:02.793099,2273.9,86385.0,141895.0
2025-06-20 10:50:04.828078,2273.6,86385.0,141895.0
2025-06-20 10:50:06.805474,2274.9,86385.0,141895.0
2025-06-20 10:50:08.156534,2274.9,86476.0,141650.0
2025-06-20 10:50:13.265538,2274.9,86580.0,141557.0
2025-06-20 10:50:19.168137,2274.9,87273.0,141390.0
2025-06-20 10:50:20.836802,2274.9,87273.0,141390.0
2025-06-20 10:50:22.801204,2274.9,87273.0,141390.0
2025-06-20 10:50:24.602795,2274.9,87640.0,141007.0
2025-06-20 10:50:25.008890,2274.9,87640.0,141007.0
2025-06-20 10:50:26.847876,2274.9,87640.0,141007.0
2025-06-20 10:50:29.846497,2274.9,87772.0,140936.0
2025-06-20 10:50:30.829208,2274.9,87772.0,140936.0
2025-06-20 10:50:34.835702,2274.9,87772.0,140936.0
2025-06-20 10:50:35.278183,2274.9,87871.0,140944.0
2025-06-20 10:50:36.816089,2274.9,87871.0,140944.0
2025-06-20 10:50:41.003333,2274.9,87962.0,141000.0
2025-06-20 10:50:42.779321,2274.2,87962.0,141000.0
2025-06-20 10:50:46.484968,2274.2,87431.0,141255.0
2025-06-20 10:50:48.789063,2274.2,87431.0,141255.0
2025-06-20 10:50:51.893592,2274.2,87377.0,140726.0
2025-06-20 10:50:57.290887,2274.2,88358.0,140563.0
2025-06-20 10:50:58.773970,2274.9,88358.0,140563.0
2025-06-20 10:51:02.699285,2275.1,89200.0,138952.0
2025-06-20 10:51:02.822110,2275.1,89200.0,138952.0
2025-06-20 10:51:06.788295,2276.0,89200.0,138952.0
2025-06-20 10:51:08.204395,2276.0,89329.0,139219.0
2025-06-20 10:51:12.789370,2275.8,89329.0,139219.0
2025-06-20 10:51:13.706283,2275.8,88900.0,140420.0
2025-06-20 10:51:18.800900,2275.1,88900.0,140420.0
2025-06-20 10:51:19.009543,2275.1,88384.0,140871.0
2025-06-20 10:51:20.808382,2275.1,88384.0,140871.0
2025-06-20 10:51:24.514811,2275.1,88424.0,140476.0
2025-06-20 10:51:26.789366,2275.1,88424.0,140476.0
2025-06-20 10:51:28.834047,2275.1,88424.0,140476.0
2025-06-20 10:51:30.013522,2275.1,88643.0,140720.0
2025-06-20 10:51:30.826088,2274.0,88643.0,140720.0
2025-06-20 10:51:33.816264,2274.9,88643.0,140720.0
2025-06-20 10:51:35.618885,2274.9,87401.0,143618.0
2025-06-20 10:51:41.222667,2274.9,88111.0,141228.0
2025-06-20 10:51:44.818747,2274.8,88111.0,141228.0
2025-06-20 10:51:46.476649,2274.8,88111.0,141228.0
2025-06-20 10:51:46.727218,2274.8,88466.0,141064.0
2025-06-20 10:51:46.859143,2274.8,88466.0,141064.0
2025-06-20 10:51:47.189213,2274.8,88466.0,141064.0
2025-06-20 10:51:48.219646,2274.8,88466.0,141064.0
2025-06-20 10:51:49.287117,2274.8,88466.0,141064.0
2025-06-20 10:51:50.336450,2274.8,88466.0,141064.0
2025-06-20 10:51:50.781095,2274.8,88466.0,141064.0
2025-06-20 10:51:51.806579,2274.8,88466.0,141064.0
2025-06-20 10:51:52.642394,2274.8,88995.0,141762.0
2025-06-20 10:51:53.315733,2274.8,88995.0,141762.0
2025-06-20 10:51:54.084820,2274.8,88995.0,141762.0
2025-06-20 10:51:55.628220,2274.8,88995.0,141762.0
2025-06-20 10:51:56.803417,2274.5,88995.0,141762.0
2025-06-20 10:51:56.874206,2274.5,88995.0,141762.0
2025-06-20 10:51:58.117975,2274.5,88995.0,141762.0
2025-06-20 10:51:58.339875,2274.5,88958.0,141730.0
2025-06-20 10:51:59.783170,2274.5,88958.0,141730.0
2025-06-20 10:52:00.788427,2274.5,88958.0,141730.0
2025-06-20 10:52:01.337753,2274.5,88776.0,141688.0
2025-06-20 10:52:01.797482,2274.5,88776.0,141688.0
2025-06-20 10:52:02.447550,2274.5,88764.0,142480.0
2025-06-20 10:52:03.337755,2274.5,88967.0,142202.0
2025-06-20 10:52:03.790286,2274.5,88967.0,142202.0
2025-06-20 10:52:04.448924,2274.5,88938.0,142336.0
2025-06-20 10:52:04.782295,2274.5,88938.0,142336.0
2025-06-20 10:52:05.449519,2274.5,88431.0,142761.0
2025-06-20 10:52:06.568948,2274.7,88407.0,142404.0
2025-06-20 10:52:06.796560,2274.7,88407.0,142404.0
2025-06-20 10:52:07.639291,2274.7,88317.0,142713.0
2025-06-20 10:52:08.551836,2274.7,88597.0,141905.0
2025-06-20 10:52:09.567793,2274.7,88531.0,141855.0
2025-06-20 10:52:10.639539,2274.7,88506.0,141832.0
2025-06-20 10:52:11.556209,2274.7,88455.0,142041.0
2025-06-20 10:52:12.640153,2274.3,88373.0,142303.0
2025-06-20 10:52:12.802247,2274.3,88373.0,142303.0
2025-06-20 10:52:13.739672,2274.3,88503.0,142137.0
2025-06-20 10:52:14.839437,2274.3,88598.0,141985.0
2025-06-20 10:52:15.950465,2274.3,88600.0,142069.0
2025-06-20 10:52:16.949736,2274.3,88541.0,142326.0
2025-06-20 10:52:17.820233,2274.2,88541.0,142326.0
2025-06-20 10:52:18.072916,2274.2,88632.0,141801.0
2025-06-20 10:52:19.143333,2274.2,88653.0,141797.0
2025-06-20 10:52:20.245044,2274.2,88680.0,142047.0
2025-06-20 10:52:21.779839,2274.2,88680.0,142047.0
2025-06-20 10:52:21.850210,2274.2,88894.0,141233.0
2025-06-20 10:52:22.750901,2274.2,88653.0,141116.0
2025-06-20 10:52:23.866521,2274.2,89476.0,140339.0
2025-06-20 10:52:24.955160,2274.2,89209.0,140341.0
2025-06-20 10:52:26.152037,2274.2,89536.0,139973.0
2025-06-20 10:52:26.791160,2274.9,89536.0,139973.0
2025-06-20 10:52:27.162928,2274.9,89757.0,139825.0
2025-06-20 10:52:28.153579,2274.9,89089.0,139969.0
2025-06-20 10:52:29.253125,2274.9,89088.0,140062.0
2025-06-20 10:52:29.781242,2274.7,89088.0,140062.0
2025-06-20 10:52:30.358199,2274.7,88857.0,139769.0
2025-06-20 10:52:31.461118,2274.7,89416.0,139310.0
2025-06-20 10:52:32.463045,2274.5,89533.0,139652.0
2025-06-20 10:52:32.782829,2274.5,89533.0,139652.0
2025-06-20 10:52:33.358681,2274.5,89266.0,139732.0
2025-06-20 10:52:33.783022,2275.1,89266.0,139732.0
2025-06-20 10:52:34.455140,2275.1,90435.0,138209.0
2025-06-20 10:52:35.569829,2276.0,89662.0,137825.0
2025-06-20 10:52:35.839730,2276.0,89662.0,137825.0
2025-06-20 10:52:36.655071,2276.0,89943.0,137816.0
2025-06-20 10:52:37.758289,2276.0,89909.0,137802.0
2025-06-20 10:52:38.757396,2276.0,90096.0,137541.0
2025-06-20 10:52:39.855375,2276.0,90072.0,137663.0
2025-06-20 10:52:40.780993,2275.7,90072.0,137663.0
2025-06-20 10:52:40.964478,2275.7,90285.0,137899.0
2025-06-20 10:52:41.791054,2276.4,90285.0,137899.0
2025-06-20 10:52:42.109102,2276.4,90407.0,137975.0
2025-06-20 10:52:43.159209,2276.4,90888.0,137571.0
2025-06-20 10:52:44.159927,2276.4,90527.0,137583.0
2025-06-20 10:52:45.267440,2276.4,90777.0,137761.0
2025-06-20 10:52:46.276714,2276.4,90647.0,137786.0
2025-06-20 10:52:47.268503,2276.4,90609.0,137785.0
2025-06-20 10:52:48.269150,2276.4,90589.0,137786.0
2025-06-20 10:52:49.169018,2276.4,90535.0,137541.0
2025-06-20 10:52:49.784201,2276.7,90535.0,137541.0
2025-06-20 10:52:50.270595,2276.7,90512.0,137904.0
2025-06-20 10:52:51.271463,2276.7,90746.0,137412.0
2025-06-20 10:52:52.270909,2276.7,90718.0,137412.0
2025-06-20 10:52:53.272044,2276.7,90718.0,137412.0
2025-06-20 10:52:54.274577,2276.7,90718.0,137119.0
2025-06-20 10:52:54.894056,2276.2,90718.0,137119.0
2025-06-20 10:52:55.172283,2276.2,90829.0,136931.0
2025-06-20 10:52:56.275232,2276.2,90639.0,136854.0
2025-06-20 10:52:57.978782,2276.2,90590.0,137318.0
2025-06-20 10:52:58.787559,2276.9,90590.0,137318.0
2025-06-20 10:52:58.976715,2276.9,90560.0,136793.0
2025-06-20 10:52:59.791647,2276.3,90560.0,136793.0
2025-06-20 10:52:59.878229,2276.3,90717.0,137064.0
2025-06-20 10:53:00.974828,2276.3,90586.0,137174.0
2025-06-20 10:53:01.785445,2276.3,90586.0,137174.0
2025-06-20 10:53:02.088776,2276.3,90655.0,137175.0
2025-06-20 10:53:03.174594,2276.8,90718.0,136975.0
2025-06-20 10:53:03.783610,2276.8,90718.0,136975.0
2025-06-20 10:53:04.275189,2276.8,90720.0,137226.0
2025-06-20 10:53:04.783836,2275.8,90720.0,137226.0
2025-06-20 10:53:05.374121,2275.8,90826.0,137698.0
2025-06-20 10:53:06.376985,2276.5,90848.0,137967.0
2025-06-20 10:53:06.781014,2276.5,90848.0,137967.0
2025-06-20 10:53:07.478911,2276.5,91000.0,137979.0
2025-06-20 10:53:08.614306,2276.5,91611.0,137495.0
2025-06-20 10:53:09.680101,2276.5,91129.0,137146.0
2025-06-20 10:53:10.783547,2275.8,91129.0,137146.0
2025-06-20 10:53:10.790236,2275.8,91204.0,137149.0
2025-06-20 10:53:11.781841,2275.7,91204.0,137149.0
2025-06-20 10:53:11.822902,2275.7,91341.0,137254.0
2025-06-20 10:53:12.878796,2275.7,91249.0,137266.0
2025-06-20 10:53:13.878645,2275.7,90995.0,137028.0
2025-06-20 10:53:14.883041,2275.7,91381.0,137486.0
2025-06-20 10:53:15.979171,2275.7,91126.0,138110.0
2025-06-20 10:53:17.114845,2275.7,90802.0,138575.0
2025-06-20 10:53:17.782445,2276.1,90802.0,138575.0
2025-06-20 10:53:18.095927,2275.3,91271.0,138499.0
2025-06-20 10:53:18.781748,2275.3,91271.0,138499.0
2025-06-20 10:53:19.182121,2275.3,91473.0,138560.0
2025-06-20 10:53:20.182125,2275.3,91472.0,138568.0
2025-06-20 10:53:21.183690,2275.3,91537.0,138214.0
2025-06-20 10:53:22.183394,2275.3,91575.0,138111.0
2025-06-20 10:53:23.202747,2275.3,91474.0,138048.0
2025-06-20 10:53:24.601731,2275.3,91465.0,137896.0
2025-06-20 10:53:25.686323,2275.3,91195.0,137963.0
2025-06-20 10:53:26.782888,2275.7,91195.0,137963.0
2025-06-20 10:53:26.799040,2275.7,91510.0,138138.0
2025-06-20 10:53:27.691493,2275.6,91414.0,138213.0
2025-06-20 10:53:27.788790,2275.6,91414.0,138213.0
2025-06-20 10:53:28.691257,2275.6,91504.0,138200.0
2025-06-20 10:53:29.694069,2275.7,91239.0,138138.0
2025-06-20 10:53:29.780236,2275.7,91239.0,138138.0
2025-06-20 10:53:30.694323,2275.7,91303.0,138100.0
2025-06-20 10:53:31.697223,2276.1,91419.0,138030.0
2025-06-20 10:53:31.782852,2276.1,91419.0,138030.0
2025-06-20 10:53:32.807481,2276.1,91503.0,138041.0
2025-06-20 10:53:33.789117,2276.6,91503.0,138041.0
2025-06-20 10:53:33.815304,2276.6,91285.0,137993.0
2025-06-20 10:53:34.785567,2276.7,91285.0,137993.0
2025-06-20 10:53:34.810515,2276.7,91305.0,137541.0
2025-06-20 10:53:35.810835,2276.7,91316.0,137765.0
2025-06-20 10:53:36.789558,2275.6,91316.0,137765.0
2025-06-20 10:53:36.810356,2275.6,91597.0,137792.0
2025-06-20 10:53:37.850785,2275.6,91886.0,137792.0
2025-06-20 10:53:40.501642,2275.6,91886.0,137804.0
2025-06-20 10:53:41.612254,2275.6,91657.0,137909.0
2025-06-20 10:53:42.862654,2276.5,91657.0,137909.0
2025-06-20 10:53:42.871214,2276.5,91957.0,137734.0
2025-06-20 10:53:43.787319,2275.7,91957.0,137734.0
2025-06-20 10:53:43.910544,2275.6,91698.0,137848.0
2025-06-20 10:53:44.780835,2275.6,91698.0,137848.0
2025-06-20 10:53:45.004503,2275.6,91940.0,137716.0
2025-06-20 10:53:46.006845,2275.6,91804.0,137467.0
2025-06-20 10:53:47.103170,2275.6,92093.0,137384.0
2025-06-20 10:53:48.217703,2275.6,92025.0,137285.0
2025-06-20 10:53:49.305704,2275.6,91767.0,137653.0
2025-06-20 10:53:49.790015,2276.5,91767.0,137653.0
2025-06-20 10:53:50.425438,2276.5,91479.0,137624.0
2025-06-20 10:53:51.421435,2276.5,91599.0,137440.0
2025-06-20 10:53:51.793777,2276.5,91599.0,137440.0
2025-06-20 10:53:52.512477,2276.6,91853.0,137414.0
2025-06-20 10:53:52.787666,2276.6,91853.0,137414.0
2025-06-20 10:53:53.614218,2275.7,91696.0,137279.0
2025-06-20 10:53:53.788257,2275.7,91696.0,137279.0
2025-06-20 10:53:54.508244,2275.7,91719.0,137290.0
2025-06-20 10:53:55.613030,2276.6,91533.0,137280.0
2025-06-20 10:53:55.789124,2276.6,91533.0,137280.0
2025-06-20 10:53:56.510928,2276.6,91733.0,137015.0
2025-06-20 10:53:57.510743,2276.6,91613.0,137015.0
2025-06-20 10:53:58.616022,2275.6,91564.0,137311.0
2025-06-20 10:53:58.790418,2275.6,91564.0,137311.0
2025-06-20 10:53:59.616168,2275.6,91548.0,137188.0
2025-06-20 10:54:00.710681,2276.6,91891.0,136997.0
2025-06-20 10:54:00.790133,2276.6,91891.0,136997.0
2025-06-20 10:54:01.711873,2276.8,91667.0,136771.0
2025-06-20 10:54:01.803601,2276.8,91667.0,136771.0
2025-06-20 10:54:02.828991,2275.7,91429.0,136927.0
2025-06-20 10:54:03.834903,2275.7,91429.0,136927.0
2025-06-20 10:54:03.852729,2275.7,91387.0,137182.0
2025-06-20 10:54:04.930098,2275.7,91357.0,136895.0
2025-06-20 10:54:05.802307,2276.6,91357.0,136895.0
2025-06-20 10:54:06.015493,2276.6,91626.0,136727.0
2025-06-20 10:54:06.790996,2275.8,91626.0,136727.0
2025-06-20 10:54:07.123712,2275.8,91353.0,136655.0
2025-06-20 10:54:08.228809,2275.8,91345.0,136568.0
2025-06-20 10:54:08.801771,2275.7,91345.0,136568.0
2025-06-20 10:54:09.317171,2276.6,91457.0,136684.0
2025-06-20 10:54:09.791357,2276.6,91457.0,136684.0
2025-06-20 10:54:10.321855,2276.6,91433.0,136320.0
2025-06-20 10:54:11.316124,2276.6,91327.0,136464.0
2025-06-20 10:54:12.433230,2276.6,91529.0,136610.0
2025-06-20 10:54:13.442495,2275.7,91525.0,136721.0
2025-06-20 10:54:13.835227,2275.7,91525.0,136721.0
2025-06-20 10:54:14.521369,2275.7,91434.0,136831.0
2025-06-20 10:54:15.619251,2275.7,91809.0,136656.0
2025-06-20 10:54:16.723386,2275.7,91573.0,136802.0
2025-06-20 10:54:17.827606,2275.7,91596.0,136879.0
2025-06-20 10:54:18.831780,2275.7,91670.0,137043.0
2025-06-20 10:54:19.797423,2276.6,91670.0,137043.0
2025-06-20 10:54:19.830124,2276.6,91769.0,136654.0
2025-06-20 10:54:20.789867,2275.8,91769.0,136654.0
2025-06-20 10:54:20.939240,2275.8,91574.0,136779.0
2025-06-20 10:54:22.025533,2275.8,91574.0,136821.0
2025-06-20 10:54:23.127192,2275.8,91592.0,136657.0
2025-06-20 10:54:24.026400,2275.8,91481.0,136695.0
2025-06-20 10:54:25.127429,2275.8,91563.0,136748.0
2025-06-20 10:54:26.235523,2275.8,91450.0,136902.0
2025-06-20 10:54:26.797620,2275.8,91450.0,136902.0
2025-06-20 10:54:27.334492,2275.8,91761.0,136642.0
2025-06-20 10:54:27.789606,2275.7,91761.0,136642.0
2025-06-20 10:54:28.438804,2276.0,91836.0,136189.0
2025-06-20 10:54:28.805556,2276.0,91836.0,136189.0
2025-06-20 10:54:29.442708,2276.0,91664.0,136534.0
2025-06-20 10:54:30.538830,2276.0,91696.0,136861.0
2025-06-20 10:54:31.633101,2276.0,92134.0,136841.0
2025-06-20 10:54:32.732516,2276.0,91932.0,136894.0
2025-06-20 10:54:33.802351,2275.5,91932.0,136894.0
2025-06-20 10:54:33.835188,2275.5,91776.0,136616.0
2025-06-20 10:54:34.738146,2275.5,92369.0,136790.0
2025-06-20 10:54:35.836356,2275.5,92303.0,137126.0
2025-06-20 10:54:36.792320,2276.0,92303.0,137126.0
2025-06-20 10:54:36.948330,2276.0,92478.0,137220.0
2025-06-20 10:54:38.041225,2276.0,92449.0,137227.0
2025-06-20 10:54:39.555075,2276.0,93741.0,137446.0
2025-06-20 10:54:40.637207,2276.0,93761.0,137459.0
2025-06-20 10:54:41.739290,2276.0,93783.0,137070.0
2025-06-20 10:54:42.842488,2276.0,93809.0,137133.0
2025-06-20 10:54:43.792750,2275.7,93809.0,137133.0
2025-06-20 10:54:43.839560,2275.7,91615.0,136948.0
2025-06-20 10:54:44.804564,2275.7,91615.0,136948.0
2025-06-20 10:54:44.840748,2275.7,92528.0,137293.0
2025-06-20 10:54:45.940713,2275.7,92423.0,137294.0
2025-06-20 10:54:46.825337,2275.8,92423.0,137294.0
2025-06-20 10:54:46.842293,2275.8,92246.0,138149.0
2025-06-20 10:54:47.391723,2275.8,92246.0,138149.0
2025-06-20 10:54:47.841431,2275.8,92571.0,138135.0
2025-06-20 10:54:48.246483,2275.8,92571.0,138135.0
2025-06-20 10:54:48.835089,2276.0,92571.0,138135.0
2025-06-20 10:54:48.842102,2276.0,92787.0,137630.0
2025-06-20 10:54:48.863872,2276.0,92787.0,137630.0
2025-06-20 10:54:49.284362,2276.0,92787.0,137630.0
2025-06-20 10:54:49.843428,2276.0,92612.0,138377.0
2025-06-20 10:54:49.957584,2276.0,92612.0,138377.0
2025-06-20 10:54:50.623528,2276.0,92612.0,138377.0
2025-06-20 10:54:50.744157,2276.0,92875.0,138407.0
2025-06-20 10:54:51.172797,2276.0,92875.0,138407.0
2025-06-20 10:54:51.745681,2276.0,92544.0,138406.0
2025-06-20 10:54:52.537833,2276.0,92544.0,138406.0
2025-06-20 10:54:52.748407,2276.0,92789.0,137553.0
2025-06-20 10:54:52.796382,2276.0,92789.0,137553.0
2025-06-20 10:54:53.842293,2276.0,92429.0,137405.0
2025-06-20 10:54:53.890630,2276.0,92429.0,137405.0
2025-06-20 10:54:54.750981,2276.0,92534.0,137615.0
2025-06-20 10:54:54.866081,2276.0,92534.0,137615.0
2025-06-20 10:54:55.751180,2276.0,92580.0,137581.0
2025-06-20 10:54:56.448869,2276.0,92580.0,137581.0
2025-06-20 10:54:56.753055,2276.0,92846.0,137587.0
2025-06-20 10:54:57.693749,2276.0,92846.0,137587.0
2025-06-20 10:54:57.759592,2276.6,92956.0,137535.0
2025-06-20 10:54:57.791765,2276.6,92956.0,137535.0
2025-06-20 10:54:58.753463,2276.1,92913.0,137586.0
2025-06-20 10:54:58.805268,2276.1,92913.0,137586.0
2025-06-20 10:54:58.999014,2276.1,92913.0,137586.0
2025-06-20 10:54:59.800478,2276.0,92913.0,137586.0
2025-06-20 10:54:59.850812,2276.0,92550.0,137300.0
2025-06-20 10:55:00.653015,2276.0,92550.0,137300.0
2025-06-20 10:55:00.789316,2276.0,92550.0,137300.0
2025-06-20 10:55:01.079213,2276.0,92828.0,137399.0
2025-06-20 10:55:01.796103,2276.0,92828.0,137399.0
2025-06-20 10:55:01.955862,2276.0,92827.0,137414.0
2025-06-20 10:55:02.956593,2276.0,92612.0,137665.0
2025-06-20 10:55:04.068085,2276.0,92616.0,137832.0
2025-06-20 10:55:04.798476,2276.0,92616.0,137832.0
2025-06-20 10:55:05.071124,2276.0,92667.0,137885.0
2025-06-20 10:55:06.069913,2276.0,92700.0,137487.0
2025-06-20 10:55:06.806726,2276.0,92700.0,137487.0
2025-06-20 10:55:07.088341,2276.0,92333.0,137613.0
2025-06-20 10:55:08.163367,2276.2,92205.0,138053.0
2025-06-20 10:55:08.795258,2276.2,92205.0,138053.0
2025-06-20 10:55:09.256961,2276.2,92189.0,138374.0
2025-06-20 10:55:10.256522,2276.2,91965.0,138750.0
2025-06-20 10:55:10.791782,2275.8,91965.0,138750.0
2025-06-20 10:55:11.358266,2275.8,91979.0,139474.0
2025-06-20 10:55:11.796792,2275.8,91979.0,139474.0
2025-06-20 10:55:12.368086,2275.8,91367.0,139424.0
2025-06-20 10:55:13.460815,2275.1,91484.0,139279.0
2025-06-20 10:55:13.802034,2275.1,91484.0,139279.0
2025-06-20 10:55:14.467317,2275.1,91284.0,139295.0
2025-06-20 10:55:15.575666,2275.1,91344.0,139246.0
2025-06-20 10:55:15.797698,2275.5,91344.0,139246.0
2025-06-20 10:55:16.577373,2275.5,91321.0,139223.0
2025-06-20 10:55:17.667017,2275.5,91377.0,139849.0
2025-06-20 10:55:18.582834,2275.5,91554.0,140111.0
2025-06-20 10:55:19.670650,2275.5,91629.0,140300.0
2025-06-20 10:55:19.795563,2275.8,91629.0,140300.0
2025-06-20 10:55:20.770612,2275.8,91750.0,140265.0
2025-06-20 10:55:21.794988,2275.7,91750.0,140265.0
2025-06-20 10:55:21.872393,2275.6,91050.0,140737.0
2025-06-20 10:55:22.800629,2275.6,91050.0,140737.0
2025-06-20 10:55:22.871298,2275.6,91013.0,140821.0
2025-06-20 10:55:23.872126,2275.6,91003.0,140689.0
2025-06-20 10:55:24.870859,2275.6,91201.0,140461.0
2025-06-20 10:55:25.873024,2275.6,91258.0,140371.0
2025-06-20 10:55:26.873067,2275.6,91274.0,140383.0
2025-06-20 10:55:27.879829,2275.6,90855.0,140528.0
2025-06-20 10:55:28.873536,2275.6,91356.0,140559.0
2025-06-20 10:55:29.774312,2275.7,91441.0,140254.0
2025-06-20 10:55:29.795166,2275.7,91441.0,140254.0
2025-06-20 10:55:30.773324,2275.7,91396.0,139914.0
2025-06-20 10:55:31.776579,2275.7,91541.0,139946.0
2025-06-20 10:55:32.780818,2275.4,91434.0,139825.0
2025-06-20 10:55:32.793375,2275.4,91434.0,139825.0
2025-06-20 10:55:33.879789,2275.4,91232.0,139963.0
2025-06-20 10:55:34.877962,2275.4,90965.0,140032.0
2025-06-20 10:55:35.878258,2275.4,91521.0,139357.0
2025-06-20 10:55:36.878847,2275.4,91626.0,139481.0
2025-06-20 10:55:37.880150,2275.4,91175.0,139291.0
2025-06-20 10:55:38.981438,2275.4,91654.0,139411.0
2025-06-20 10:55:39.980806,2275.4,91784.0,139272.0
2025-06-20 10:55:40.883407,2275.4,91781.0,139294.0
2025-06-20 10:55:41.983896,2275.4,91410.0,139373.0
2025-06-20 10:55:43.089848,2275.4,91407.0,139337.0
2025-06-20 10:55:44.182644,2275.4,91166.0,139161.0
2025-06-20 10:55:45.285370,2275.4,91063.0,139348.0
2025-06-20 10:55:46.287021,2275.4,91403.0,139182.0
2025-06-20 10:55:47.287516,2275.4,91644.0,139216.0
2025-06-20 10:55:48.286611,2275.4,91605.0,139078.0
2025-06-20 10:55:49.286420,2275.4,91635.0,139057.0
2025-06-20 10:55:49.801816,2275.7,91635.0,139057.0
2025-06-20 10:55:50.290755,2275.7,91705.0,138859.0
2025-06-20 10:55:51.288390,2275.7,92028.0,138521.0
2025-06-20 10:55:52.447805,2275.7,91956.0,138453.0
2025-06-20 10:55:53.388615,2274.6,90963.0,137801.0
2025-06-20 10:55:53.802586,2274.6,90963.0,137801.0
2025-06-20 10:55:54.502394,2274.6,90966.0,137400.0
2025-06-20 10:55:55.492514,2274.6,91394.0,137395.0
2025-06-20 10:55:56.501499,2274.6,91399.0,137506.0
2025-06-20 10:55:57.502151,2274.6,91399.0,137395.0
2025-06-20 10:55:58.610438,2275.0,91352.0,137497.0
2025-06-20 10:55:58.793223,2275.0,91352.0,137497.0
2025-06-20 10:55:59.692563,2275.0,91330.0,137638.0
2025-06-20 10:56:00.804330,2275.7,91330.0,137638.0
2025-06-20 10:56:00.993603,2275.7,91373.0,137169.0
2025-06-20 10:56:01.797830,2275.7,91373.0,137169.0
2025-06-20 10:56:01.996591,2275.7,91445.0,137382.0
2025-06-20 10:56:03.107789,2275.7,91123.0,137237.0
2025-06-20 10:56:04.198025,2275.7,90874.0,137239.0
2025-06-20 10:56:04.793649,2275.7,90874.0,137239.0
2025-06-20 10:56:05.298155,2275.7,90825.0,137574.0
2025-06-20 10:56:06.300257,2275.9,90796.0,137467.0
2025-06-20 10:56:06.796336,2275.9,90796.0,137467.0
2025-06-20 10:56:07.298998,2275.9,90846.0,137744.0
2025-06-20 10:56:08.298187,2275.9,90886.0,137368.0
2025-06-20 10:56:08.800248,2275.8,90886.0,137368.0
2025-06-20 10:56:09.207704,2275.8,91336.0,137530.0
2025-06-20 10:56:10.306016,2275.8,90700.0,136911.0
2025-06-20 10:56:10.800021,2275.8,90700.0,136911.0
2025-06-20 10:56:11.412612,2275.8,91521.0,136415.0
2025-06-20 10:56:12.615523,2275.8,91407.0,136429.0
2025-06-20 10:56:12.788750,2275.8,91407.0,136429.0
2025-06-20 10:56:13.701413,2275.3,91613.0,136793.0
2025-06-20 10:56:13.791315,2275.3,91613.0,136793.0
2025-06-20 10:56:14.820580,2275.3,91656.0,136797.0
2025-06-20 10:56:15.913564,2275.3,91688.0,137037.0
2025-06-20 10:56:16.838419,2275.3,91722.0,137027.0
2025-06-20 10:56:17.918512,2275.3,91765.0,136998.0
2025-06-20 10:56:18.917736,2275.3,91743.0,137063.0
2025-06-20 10:56:19.793189,2275.3,91743.0,137063.0
2025-06-20 10:56:20.005662,2275.3,91736.0,136931.0
2025-06-20 10:56:21.118589,2275.3,91704.0,137340.0
2025-06-20 11:07:08.573026,2273.9,87735.0,143626.0
2025-06-20 12:03:29.512720,2279.2,95256.0,138132.0
2025-06-20 12:03:30.079346,2278.8,95256.0,138132.0
2025-06-20 12:03:30.884311,2278.8,95143.0,139017.0
2025-06-20 12:03:32.106887,2279.2,95143.0,139017.0
2025-06-20 12:03:35.571746,2279.0,95275.0,138796.0
2025-06-20 12:03:36.071533,2279.2,95275.0,138796.0
2025-06-20 12:03:38.091782,2279.8,95275.0,138796.0
2025-06-20 12:03:40.714761,2279.8,95209.0,138717.0
2025-06-20 12:03:42.095001,2279.3,95209.0,138717.0
2025-06-20 12:03:44.076747,2279.4,95209.0,138717.0
2025-06-20 12:03:45.278942,2279.4,95057.0,138834.0
2025-06-20 12:03:48.125059,2279.5,95057.0,138834.0
2025-06-20 12:03:49.109709,2279.5,95057.0,138834.0
2025-06-20 12:03:50.086951,2279.5,95109.0,138351.0
2025-06-20 12:03:52.092886,2279.8,95109.0,138351.0
2025-06-20 12:03:54.086713,2279.8,95109.0,138351.0
2025-06-20 12:03:55.102438,2279.8,95109.0,138351.0
2025-06-20 12:03:55.286308,2279.8,94973.0,138776.0
2025-06-20 12:03:58.075915,2279.8,94973.0,138776.0
2025-06-20 12:03:58.394172,2279.8,94973.0,138776.0
2025-06-20 12:03:59.042163,2279.8,94973.0,138776.0
2025-06-20 12:04:00.091694,2279.8,94973.0,138776.0
2025-06-20 12:04:00.314571,2279.8,94973.0,138776.0
2025-06-20 12:04:00.590788,2279.8,94985.0,138568.0
2025-06-20 12:04:00.676287,2279.8,94985.0,138568.0
2025-06-20 12:04:01.136147,2279.8,94985.0,138568.0
2025-06-20 12:04:02.314133,2279.8,94985.0,138568.0
2025-06-20 12:04:03.355019,2279.8,94985.0,138568.0
2025-06-20 12:04:04.337586,2279.8,94985.0,138568.0
2025-06-20 12:04:05.678996,2279.8,94985.0,138568.0
2025-06-20 12:04:05.792402,2279.8,95102.0,138738.0
2025-06-20 12:04:06.092331,2279.8,95102.0,138738.0
2025-06-20 12:04:06.729891,2279.8,95102.0,138738.0
2025-06-20 12:04:08.133730,2279.5,95102.0,138738.0
2025-06-20 12:04:08.306604,2279.5,95102.0,138738.0
2025-06-20 12:04:09.635665,2279.5,95102.0,138738.0
2025-06-20 12:04:10.088461,2279.5,95102.0,138738.0
2025-06-20 12:04:10.964946,2279.5,95102.0,138738.0
2025-06-20 12:04:11.194877,2279.5,95149.0,138883.0
2025-06-20 12:04:12.077625,2279.8,95149.0,138883.0
2025-06-20 12:04:12.747120,2279.8,95149.0,138883.0
2025-06-20 12:04:16.115094,2279.5,95149.0,138883.0
2025-06-20 12:04:16.296090,2279.5,94791.0,139221.0
2025-06-20 12:04:20.080879,2279.9,94791.0,139221.0
2025-06-20 12:04:21.302779,2279.9,94433.0,139030.0
2025-06-20 12:04:22.085675,2279.9,94433.0,139030.0
2025-06-20 12:04:24.078761,2279.5,94433.0,139030.0
2025-06-20 12:04:26.703374,2279.9,94641.0,138868.0
2025-06-20 12:04:28.097162,2279.9,94641.0,138868.0
2025-06-20 12:04:30.079159,2279.9,94641.0,138868.0
2025-06-20 12:04:32.415008,2279.9,94652.0,138811.0
2025-06-20 12:04:34.081712,2279.9,94652.0,138811.0
2025-06-20 12:04:38.081891,2279.9,94652.0,138811.0
2025-06-20 12:04:38.309404,2279.9,94416.0,138687.0
2025-06-20 12:04:40.076270,2279.9,94416.0,138687.0
2025-06-20 12:04:42.130884,2279.8,94416.0,138687.0
2025-06-20 12:04:43.815857,2279.8,94277.0,138747.0
2025-06-20 12:04:44.077721,2279.9,94277.0,138747.0
2025-06-20 12:04:48.817001,2279.9,94470.0,138412.0
2025-06-20 12:04:50.079009,2279.9,94470.0,138412.0
2025-06-20 12:04:54.081741,2279.8,94470.0,138412.0
2025-06-20 12:04:54.118525,2279.8,94648.0,137747.0
2025-06-20 12:04:56.079831,2279.9,94648.0,137747.0
2025-06-20 12:04:58.080697,2279.8,94648.0,137747.0
2025-06-20 12:04:59.036105,2279.8,94643.0,137790.0
2025-06-20 12:05:00.082713,2279.8,94643.0,137790.0
2025-06-20 12:05:02.086960,2279.8,94643.0,137790.0
2025-06-20 12:05:03.826647,2279.9,94483.0,137898.0
2025-06-20 12:05:04.081365,2279.9,94483.0,137898.0
2025-06-20 12:05:06.084311,2279.9,94483.0,137898.0
2025-06-20 12:05:08.082859,2280.0,94483.0,137898.0
2025-06-20 12:05:08.630359,2280.0,94576.0,137768.0
2025-06-20 12:05:10.082156,2279.6,94576.0,137768.0
2025-06-20 12:05:12.081703,2279.8,94576.0,137768.0
2025-06-20 12:05:13.561295,2279.3,93822.0,138099.0
2025-06-20 12:05:14.081418,2279.3,93822.0,138099.0
2025-06-20 12:05:16.083664,2279.3,93822.0,138099.0
2025-06-20 12:05:18.442682,2279.3,93880.0,137644.0
2025-06-20 12:05:19.090676,2278.3,93880.0,137644.0
2025-06-20 12:05:22.085298,2279.3,93880.0,137644.0
2025-06-20 12:05:23.541325,2279.3,92863.0,138952.0
2025-06-20 12:05:25.093590,2279.4,92863.0,138952.0
2025-06-20 12:05:28.088839,2279.8,92863.0,138952.0
2025-06-20 12:05:28.341297,2279.3,93508.0,138826.0
2025-06-20 12:05:30.082922,2279.3,93508.0,138826.0
2025-06-20 12:05:32.084344,2278.4,93508.0,138826.0
2025-06-20 12:05:33.449189,2279.6,93522.0,138853.0
2025-06-20 12:05:34.133048,2279.6,93522.0,138853.0
2025-06-20 12:05:38.951230,2279.6,91889.0,139782.0
2025-06-20 12:05:44.086991,2279.2,91889.0,139782.0
2025-06-20 12:05:44.349263,2279.2,92218.0,140730.0
2025-06-20 12:05:46.092036,2278.5,92218.0,140730.0
2025-06-20 12:05:49.450328,2279.3,92241.0,140502.0
2025-06-20 12:05:50.084675,2278.5,92241.0,140502.0
2025-06-20 12:05:52.086956,2279.3,92241.0,140502.0
2025-06-20 12:05:54.085667,2278.3,92241.0,140502.0
2025-06-20 12:05:54.351863,2278.3,92129.0,140382.0
2025-06-20 12:05:55.099525,2279.3,92129.0,140382.0
2025-06-20 12:05:58.085061,2279.3,92129.0,140382.0
2025-06-20 12:05:59.353325,2278.5,92281.0,140162.0
2025-06-20 12:06:00.085571,2278.5,92281.0,140162.0
2025-06-20 12:06:01.753721,2279.3,92487.0,140079.0
2025-06-20 12:06:02.081086,2279.3,92487.0,140079.0
2025-06-20 12:06:02.752997,2279.3,92460.0,140136.0
2025-06-20 12:06:03.854660,2279.3,92455.0,140137.0
2025-06-20 12:06:04.953427,2279.3,92455.0,140154.0
2025-06-20 12:06:05.956579,2279.3,92455.0,140154.0
2025-06-20 12:06:07.063499,2279.3,92466.0,140171.0
2025-06-20 12:06:07.088622,2279.3,92466.0,140171.0
2025-06-20 12:06:08.164679,2279.3,92626.0,140185.0
2025-06-20 12:06:09.263624,2279.3,92626.0,140183.0
2025-06-20 12:06:10.365201,2279.3,92599.0,140181.0
2025-06-20 12:06:11.366837,2279.3,92624.0,140190.0
2025-06-20 12:06:12.084721,2278.5,92624.0,140190.0
2025-06-20 12:06:12.369096,2278.5,92061.0,140032.0
2025-06-20 12:06:13.368418,2278.5,92157.0,140065.0
2025-06-20 12:06:14.087791,2278.3,92157.0,140065.0
2025-06-20 12:06:14.368129,2278.3,92830.0,139683.0
2025-06-20 12:06:15.368767,2278.3,92872.0,139683.0
2025-06-20 12:06:16.268260,2278.3,92844.0,140083.0
2025-06-20 12:06:17.089789,2278.6,92844.0,140083.0
2025-06-20 12:06:17.370576,2278.6,92611.0,140179.0
2025-06-20 12:06:18.089503,2279.3,92611.0,140179.0
2025-06-20 12:06:18.371628,2279.3,92835.0,140112.0
2025-06-20 12:06:19.371586,2279.3,92770.0,140145.0
2025-06-20 12:06:20.370023,2279.3,92771.0,140150.0
2025-06-20 12:06:21.368898,2279.3,92771.0,140151.0
2025-06-20 12:06:22.372866,2279.3,92770.0,140020.0
2025-06-20 12:06:23.374853,2279.3,92882.0,139919.0
2025-06-20 12:06:24.378813,2279.3,92910.0,139933.0
2025-06-20 12:06:25.374550,2279.3,92910.0,139933.0
2025-06-20 12:06:26.206087,2278.6,92910.0,139933.0
2025-06-20 12:06:26.374285,2278.6,91208.0,140788.0
2025-06-20 12:06:27.084405,2278.6,91208.0,140788.0
2025-06-20 12:06:27.374760,2278.6,90673.0,141677.0
2025-06-20 12:06:28.117709,2278.7,90673.0,141677.0
2025-06-20 12:06:28.380756,2278.7,90885.0,142586.0
2025-06-20 12:06:29.214178,2278.0,90885.0,142586.0
2025-06-20 12:06:29.493452,2278.0,90751.0,142682.0
2025-06-20 12:06:30.579066,2278.0,90811.0,142602.0
2025-06-20 12:06:31.092557,2278.0,90811.0,142602.0
2025-06-20 12:06:31.584148,2278.0,90713.0,142332.0
2025-06-20 12:06:32.205811,2277.6,90713.0,142332.0
2025-06-20 12:06:32.680712,2277.6,90688.0,142405.0
2025-06-20 12:06:33.780441,2277.6,90786.0,142375.0
2025-06-20 12:06:34.895680,2277.6,90844.0,142305.0
2025-06-20 12:06:35.880568,2277.6,90891.0,142234.0
2025-06-20 12:06:37.028782,2277.6,90842.0,142499.0
2025-06-20 12:06:38.101572,2277.6,90842.0,142555.0
2025-06-20 12:06:39.086755,2278.0,90842.0,142555.0
2025-06-20 12:06:39.183796,2278.0,90863.0,142598.0
2025-06-20 12:06:40.089695,2278.0,90846.0,142635.0
2025-06-20 12:06:41.187352,2278.0,90595.0,142635.0
2025-06-20 12:06:42.187186,2278.0,90996.0,142635.0
2025-06-20 12:06:43.095661,2277.5,90996.0,142635.0
2025-06-20 12:06:43.189890,2277.5,90924.0,142595.0
2025-06-20 12:06:44.086439,2277.6,90924.0,142595.0
2025-06-20 12:06:44.290758,2277.6,90947.0,142544.0
2025-06-20 12:06:45.289919,2277.6,90976.0,142529.0
2025-06-20 12:06:46.087787,2277.6,90976.0,142529.0
2025-06-20 12:06:46.289065,2277.6,90968.0,142538.0
2025-06-20 12:06:47.290595,2277.6,90968.0,142809.0
2025-06-20 12:06:48.227252,2277.6,90968.0,142809.0
2025-06-20 12:06:48.291556,2277.6,90964.0,142795.0
2025-06-20 12:06:49.293116,2277.6,90946.0,142663.0
2025-06-20 12:06:50.091287,2277.4,90946.0,142663.0
2025-06-20 12:06:50.294854,2277.4,90654.0,142332.0
2025-06-20 12:06:51.402531,2277.4,90468.0,142764.0
2025-06-20 12:06:52.603397,2277.4,90499.0,142796.0
2025-06-20 12:06:53.546045,2277.4,90488.0,142785.0
2025-06-20 12:06:54.541089,2277.4,90511.0,142794.0
2025-06-20 12:06:55.598907,2277.4,90505.0,142849.0
2025-06-20 12:06:56.599906,2277.4,90008.0,142514.0
2025-06-20 12:06:57.093071,2277.3,90008.0,142514.0
2025-06-20 12:06:57.513335,2278.0,90349.0,142117.0
2025-06-20 12:06:58.090153,2278.0,90349.0,142117.0
2025-06-20 12:06:58.601509,2277.4,90158.0,141827.0
2025-06-20 12:06:58.874203,2277.4,90158.0,141827.0
2025-06-20 12:06:59.088409,2277.4,90158.0,141827.0
2025-06-20 12:06:59.276707,2277.4,90158.0,141827.0
2025-06-20 12:06:59.602856,2277.4,90174.0,142226.0
2025-06-20 12:06:59.856415,2277.4,90174.0,142226.0
2025-06-20 12:07:00.345076,2277.4,90174.0,142226.0
2025-06-20 12:07:01.068243,2277.4,90174.0,142226.0
2025-06-20 12:07:02.101757,2278.0,90174.0,142226.0
2025-06-20 12:07:02.187874,2278.0,90174.0,142226.0
2025-06-20 12:07:03.250374,2278.0,90174.0,142226.0
2025-06-20 12:07:03.614948,2278.0,90424.0,142216.0
2025-06-20 12:07:03.678253,2278.0,90424.0,142216.0
2025-06-20 12:07:04.643355,2278.0,90424.0,142216.0
2025-06-20 12:07:06.244764,2278.0,90424.0,142216.0
2025-06-20 12:07:07.252213,2278.0,90424.0,142216.0
2025-06-20 12:07:08.095199,2278.0,90424.0,142216.0
2025-06-20 12:07:08.569629,2278.0,90424.0,142216.0
2025-06-20 12:07:09.094284,2278.0,90110.0,142644.0
2025-06-20 12:07:09.861549,2278.0,90110.0,142644.0
2025-06-20 12:07:10.097354,2278.0,90110.0,142644.0
2025-06-20 12:07:11.154256,2278.0,90110.0,142644.0
2025-06-20 12:07:12.800693,2278.0,90110.0,142644.0
2025-06-20 12:07:14.116709,2277.4,90110.0,142644.0
2025-06-20 12:07:14.224968,2277.4,90315.0,142591.0
2025-06-20 12:07:18.108433,2277.4,90315.0,142591.0
2025-06-20 12:07:19.052807,2277.4,90346.0,142252.0
2025-06-20 12:07:22.109150,2277.5,90346.0,142252.0
2025-06-20 12:07:23.130407,2278.0,90346.0,142252.0
2025-06-20 12:07:23.730259,2278.0,90665.0,142123.0
2025-06-20 12:07:28.095465,2278.0,90665.0,142123.0
2025-06-20 12:07:28.733987,2277.5,90717.0,142170.0
2025-06-20 12:07:30.099943,2277.5,90717.0,142170.0
2025-06-20 12:07:33.732086,2277.5,90426.0,143249.0
2025-06-20 12:07:34.090796,2277.5,90426.0,143249.0
2025-06-20 12:07:36.094772,2277.5,90426.0,143249.0
2025-06-20 12:07:39.138640,2277.5,90171.0,143604.0
2025-06-20 12:07:40.090780,2277.4,90171.0,143604.0
2025-06-20 12:07:44.099856,2277.4,90171.0,143604.0
2025-06-20 12:07:44.546284,2277.9,90199.0,143700.0
2025-06-20 12:07:46.098156,2277.9,90199.0,143700.0
2025-06-20 12:07:49.952628,2277.9,90200.0,144087.0
2025-06-20 12:07:50.125641,2277.9,90200.0,144087.0
2025-06-20 12:07:52.094023,2277.9,90200.0,144087.0
2025-06-20 12:07:55.348390,2277.9,89639.0,144464.0
2025-06-20 12:07:58.133165,2277.8,89639.0,144464.0
2025-06-20 12:08:00.095534,2277.4,89639.0,144464.0
2025-06-20 12:08:00.559218,2277.4,88731.0,144475.0
2025-06-20 12:08:01.451619,2277.4,88987.0,144350.0
2025-06-20 12:08:02.354327,2277.4,89019.0,144371.0
2025-06-20 12:08:03.126781,2277.4,89019.0,144371.0
2025-06-20 12:08:03.454983,2277.4,88864.0,144443.0
2025-06-20 12:08:04.558426,2277.4,88880.0,144412.0
2025-06-20 12:08:05.659608,2277.4,88053.0,144234.0
2025-06-20 12:08:06.756887,2277.4,89285.0,144340.0
2025-06-20 12:08:07.133855,2277.4,89285.0,144340.0
2025-06-20 12:08:07.756134,2277.4,89447.0,144402.0
2025-06-20 12:08:08.856696,2277.4,89453.0,144457.0
2025-06-20 12:08:09.856850,2277.7,89639.0,144392.0
2025-06-20 12:08:10.141110,2277.7,89639.0,144392.0
2025-06-20 12:08:10.959201,2277.7,89469.0,144393.0
2025-06-20 12:08:11.860363,2277.6,89186.0,144555.0
2025-06-20 12:08:12.111028,2277.6,89186.0,144555.0
2025-06-20 12:08:12.857739,2277.7,89249.0,144524.0
2025-06-20 12:08:13.116639,2277.7,89249.0,144524.0
2025-06-20 12:08:13.858077,2277.7,89250.0,144518.0
2025-06-20 12:08:14.858779,2277.6,89257.0,144502.0
2025-06-20 12:08:15.103328,2277.6,89257.0,144502.0
2025-06-20 12:08:15.859356,2277.6,89248.0,144472.0
2025-06-20 12:08:16.760043,2277.6,89227.0,144458.0
2025-06-20 12:08:17.106271,2277.6,89227.0,144458.0
2025-06-20 12:08:17.761408,2277.6,89227.0,144595.0
2025-06-20 12:08:18.761064,2277.6,89354.0,144620.0
2025-06-20 12:08:19.138939,2277.6,89354.0,144620.0
2025-06-20 12:08:19.762580,2277.6,89574.0,144378.0
2025-06-20 12:08:20.769462,2277.6,89574.0,144363.0
2025-06-20 12:08:21.762490,2277.6,89658.0,143674.0
2025-06-20 12:08:22.771241,2277.9,89679.0,143874.0
2025-06-20 12:08:23.098455,2277.9,89679.0,143874.0
