timestamp,ltp,bid_qty,ask_qty
2025-06-20 10:10:48.253759,1214.8,230924.0,355570.0
2025-06-20 10:10:49.593289,1214.8,230924.0,355570.0
2025-06-20 10:10:51.366487,1214.8,230867.0,355261.0
2025-06-20 10:10:53.587856,1214.9,230867.0,355261.0
2025-06-20 10:10:57.068167,1214.8,231937.0,355119.0
2025-06-20 10:10:57.598678,1214.8,231937.0,355119.0
2025-06-20 10:11:01.662606,1214.8,231937.0,355119.0
2025-06-20 10:11:02.486853,1214.8,231055.0,355388.0
2025-06-20 10:11:03.605247,1214.8,231055.0,355388.0
2025-06-20 10:11:05.604116,1214.5,231055.0,355388.0
2025-06-20 10:11:07.621587,1214.8,231055.0,355388.0
2025-06-20 10:11:08.474475,1214.8,231220.0,355742.0
2025-06-20 10:11:11.844543,1214.5,231220.0,355742.0
2025-06-20 10:11:13.643471,1214.8,231220.0,355742.0
2025-06-20 10:11:14.382874,1214.8,231310.0,354981.0
2025-06-20 10:11:15.640505,1214.8,231310.0,354981.0
2025-06-20 10:11:19.781476,1214.8,231599.0,354920.0
2025-06-20 10:11:24.888499,1215.6,231767.0,352818.0
2025-06-20 10:11:26.259752,1215.0,231767.0,352818.0
2025-06-20 10:11:30.869347,1215.0,232145.0,353319.0
2025-06-20 10:11:33.602987,1215.3,232145.0,353319.0
2025-06-20 10:11:35.609833,1215.3,232145.0,353319.0
2025-06-20 10:11:35.997469,1215.2,228658.0,355444.0
2025-06-20 10:11:37.611668,1215.3,228658.0,355444.0
2025-06-20 10:11:39.598927,1215.3,228658.0,355444.0
2025-06-20 10:11:41.598670,1215.1,228658.0,355444.0
2025-06-20 10:11:41.997228,1215.0,231969.0,355168.0
2025-06-20 10:11:43.604798,1215.0,231969.0,355168.0
2025-06-20 10:11:45.601109,1215.0,231969.0,355168.0
2025-06-20 10:11:48.002166,1215.0,234881.0,353361.0
2025-06-20 10:11:53.713330,1215.1,234006.0,353467.0
2025-06-20 10:11:55.615925,1215.1,234006.0,353467.0
2025-06-20 10:11:57.603163,1215.1,234006.0,353467.0
2025-06-20 10:11:59.603653,1215.0,234006.0,353467.0
2025-06-20 10:11:59.843504,1215.3,232217.0,351506.0
2025-06-20 10:12:04.613440,1215.1,232217.0,351506.0
2025-06-20 10:12:06.217731,1215.1,233309.0,350049.0
2025-06-20 10:12:07.600221,1215.3,233309.0,350049.0
2025-06-20 10:12:10.602562,1215.2,233309.0,350049.0
2025-06-20 10:12:12.925485,1215.2,231910.0,350892.0
2025-06-20 10:12:15.609966,1215.1,231910.0,350892.0
2025-06-20 10:12:19.220182,1215.2,231755.0,354415.0
2025-06-20 10:12:19.595919,1215.2,231755.0,354415.0
2025-06-20 10:12:22.601608,1215.1,231755.0,354415.0
2025-06-20 10:12:25.449596,1215.1,230997.0,353715.0
2025-06-20 10:12:25.615141,1215.1,230997.0,353715.0
2025-06-20 10:12:29.594658,1215.1,230997.0,353715.0
2025-06-20 10:12:31.652051,1215.1,233384.0,351829.0
2025-06-20 10:12:35.645249,1215.1,233384.0,351829.0
2025-06-20 10:12:37.645441,1215.1,231115.0,353760.0
2025-06-20 10:12:39.604858,1215.1,231115.0,353760.0
2025-06-20 10:12:40.548968,1215.1,231115.0,353760.0
2025-06-20 10:12:41.164417,1215.1,231115.0,353760.0
2025-06-20 10:12:41.609030,1215.1,231115.0,353760.0
2025-06-20 10:12:41.697766,1215.1,231115.0,353760.0
2025-06-20 10:12:42.299954,1215.1,231115.0,353760.0
2025-06-20 10:12:43.439473,1215.1,231115.0,353760.0
2025-06-20 10:12:43.452552,1215.1,231872.0,353443.0
2025-06-20 10:12:43.943959,1215.1,231872.0,353443.0
2025-06-20 10:12:44.654882,1215.1,231872.0,353443.0
2025-06-20 10:12:45.420659,1215.1,231872.0,353443.0
2025-06-20 10:12:45.642463,1215.6,231872.0,353443.0
2025-06-20 10:12:46.684440,1215.6,231872.0,353443.0
2025-06-20 10:12:47.610673,1215.6,231872.0,353443.0
2025-06-20 10:12:47.650977,1215.6,231872.0,353443.0
2025-06-20 10:12:49.154920,1215.6,231872.0,353443.0
2025-06-20 10:12:49.363501,1215.3,233282.0,351973.0
2025-06-20 10:12:49.605178,1215.3,233282.0,351973.0
2025-06-20 10:12:50.478486,1215.3,233282.0,351973.0
2025-06-20 10:12:51.717426,1215.3,233282.0,351973.0
2025-06-20 10:12:53.265075,1215.3,233282.0,351973.0
2025-06-20 10:12:55.144778,1215.3,231861.0,353016.0
2025-06-20 10:12:55.606828,1215.3,231861.0,353016.0
2025-06-20 10:12:59.608007,1215.3,231861.0,353016.0
2025-06-20 10:13:00.747319,1215.3,231143.0,353088.0
2025-06-20 10:13:01.603463,1215.3,231143.0,353088.0
2025-06-20 10:13:03.606758,1215.1,231143.0,353088.0
2025-06-20 10:13:05.614445,1215.1,231143.0,353088.0
2025-06-20 10:13:06.365685,1215.6,231371.0,353114.0
2025-06-20 10:13:07.605496,1215.6,231371.0,353114.0
2025-06-20 10:13:09.648485,1215.1,231371.0,353114.0
2025-06-20 10:13:11.603869,1215.1,231371.0,353114.0
2025-06-20 10:13:15.613510,1215.2,231371.0,353114.0
2025-06-20 10:13:17.621249,1215.0,231371.0,353114.0
2025-06-20 10:13:17.963763,1215.0,234126.0,353300.0
2025-06-20 10:13:19.610048,1215.1,234126.0,353300.0
2025-06-20 10:13:21.610116,1215.1,234126.0,353300.0
2025-06-20 10:13:23.628142,1215.3,234126.0,353300.0
2025-06-20 10:13:24.166865,1215.3,235942.0,350948.0
2025-06-20 10:13:27.610824,1215.3,235942.0,350948.0
2025-06-20 10:13:29.609384,1215.3,235942.0,350948.0
2025-06-20 10:13:30.381585,1215.3,233089.0,353866.0
2025-06-20 10:13:33.607530,1215.1,233089.0,353866.0
2025-06-20 10:13:35.611024,1215.1,233089.0,353866.0
2025-06-20 10:13:36.576213,1215.4,232100.0,354615.0
2025-06-20 10:13:37.627495,1215.4,232100.0,354615.0
2025-06-20 10:13:39.604384,1215.1,232100.0,354615.0
2025-06-20 10:13:41.621105,1215.4,232100.0,354615.0
2025-06-20 10:13:42.678722,1215.4,232168.0,353701.0
2025-06-20 10:13:45.634081,1215.3,232168.0,353701.0
2025-06-20 10:13:47.639341,1215.3,232168.0,353701.0
2025-06-20 10:13:48.481576,1215.3,235114.0,350445.0
2025-06-20 10:13:49.652133,1215.8,235114.0,350445.0
2025-06-20 10:13:51.608735,1216.1,235114.0,350445.0
2025-06-20 10:13:53.616588,1216.1,235114.0,350445.0
2025-06-20 10:13:53.900575,1216.1,238252.0,348350.0
2025-06-20 10:13:55.606480,1215.6,238252.0,348350.0
2025-06-20 10:13:57.612883,1215.9,238252.0,348350.0
2025-06-20 10:13:59.592381,1215.6,239613.0,348274.0
2025-06-20 10:13:59.606806,1215.6,239613.0,348274.0
2025-06-20 10:14:01.612824,1215.6,239613.0,348274.0
2025-06-20 10:14:05.194028,1215.6,239614.0,348675.0
2025-06-20 10:14:05.655083,1215.6,239614.0,348675.0
2025-06-20 10:14:07.632242,1216.0,239614.0,348675.0
2025-06-20 10:14:09.624486,1216.1,239614.0,348675.0
2025-06-20 10:14:11.097354,1215.6,234689.0,352841.0
2025-06-20 10:14:11.696511,1215.6,234689.0,352841.0
2025-06-20 10:14:15.619661,1215.6,234689.0,352841.0
2025-06-20 10:14:16.807951,1215.8,231552.0,353054.0
2025-06-20 10:14:17.602917,1215.8,231552.0,353054.0
2025-06-20 10:14:19.655358,1215.6,231552.0,353054.0
2025-06-20 10:14:21.620507,1215.6,231552.0,353054.0
2025-06-20 10:14:22.617276,1215.6,233556.0,352431.0
2025-06-20 10:14:25.611255,1215.6,233556.0,352431.0
2025-06-20 10:14:27.614516,1215.6,233556.0,352431.0
2025-06-20 10:14:28.705741,1215.6,233841.0,352520.0
2025-06-20 10:14:29.606604,1215.6,233841.0,352520.0
2025-06-20 10:14:33.619491,1215.7,233841.0,352520.0
2025-06-20 10:14:34.506561,1215.6,233101.0,352842.0
2025-06-20 10:14:35.623953,1215.6,233101.0,352842.0
2025-06-20 10:14:39.610782,1215.7,233101.0,352842.0
2025-06-20 10:14:39.917007,1215.7,234558.0,352410.0
2025-06-20 10:14:41.612317,1215.6,234558.0,352410.0
2025-06-20 10:14:43.619216,1215.6,234558.0,352410.0
2025-06-20 10:14:45.666023,1215.8,234558.0,352410.0
2025-06-20 10:14:45.668373,1215.8,233376.0,352485.0
2025-06-20 10:14:47.662279,1215.8,233376.0,352485.0
2025-06-20 10:14:49.612439,1215.6,233376.0,352485.0
2025-06-20 10:14:51.435549,1215.8,233849.0,353116.0
2025-06-20 10:14:51.616804,1215.8,233849.0,353116.0
2025-06-20 10:14:53.601965,1215.8,233849.0,353116.0
2025-06-20 10:14:55.638796,1215.6,233849.0,353116.0
2025-06-20 10:14:57.337193,1215.6,232432.0,352555.0
2025-06-20 10:14:57.634269,1215.8,232432.0,352555.0
2025-06-20 10:14:59.607443,1215.6,232432.0,352555.0
2025-06-20 10:15:01.366787,1215.8,234305.0,352058.0
2025-06-20 10:15:01.676997,1215.8,234305.0,352058.0
2025-06-20 10:15:02.429972,1215.8,234211.0,352230.0
2025-06-20 10:15:03.528613,1215.8,233293.0,352839.0
2025-06-20 10:15:03.662712,1215.8,233293.0,352839.0
2025-06-20 10:15:04.530175,1215.6,234294.0,352874.0
2025-06-20 10:15:04.607520,1215.6,234294.0,352874.0
2025-06-20 10:15:05.641514,1215.6,234491.0,352407.0
2025-06-20 10:15:06.612058,1215.8,234491.0,352407.0
2025-06-20 10:15:06.638664,1215.8,235421.0,349691.0
2025-06-20 10:15:07.613958,1215.8,235421.0,349691.0
2025-06-20 10:15:07.643673,1215.8,237003.0,349515.0
2025-06-20 10:15:08.645107,1215.8,236659.0,349605.0
2025-06-20 10:15:09.610136,1215.8,236659.0,349605.0
2025-06-20 10:15:09.731291,1215.8,236372.0,350217.0
2025-06-20 10:15:10.611722,1215.6,236372.0,350217.0
2025-06-20 10:15:10.732497,1215.6,237458.0,348849.0
2025-06-20 10:15:11.935123,1215.6,236118.0,349943.0
2025-06-20 10:15:13.035200,1215.6,236277.0,350042.0
2025-06-20 10:15:14.135452,1215.8,236252.0,350041.0
2025-06-20 10:15:14.605323,1215.8,236252.0,350041.0
2025-06-20 10:15:15.236851,1216.4,236398.0,346355.0
2025-06-20 10:15:15.614011,1215.9,236398.0,346355.0
2025-06-20 10:15:16.236816,1215.9,237320.0,347551.0
2025-06-20 10:15:16.614848,1215.9,237320.0,347551.0
2025-06-20 10:15:17.235772,1215.9,236759.0,347728.0
2025-06-20 10:15:18.238968,1215.9,237050.0,348387.0
2025-06-20 10:15:19.242213,1215.9,236626.0,348307.0
2025-06-20 10:15:19.609471,1215.9,236626.0,348307.0
2025-06-20 10:15:20.246234,1215.9,235732.0,349328.0
2025-06-20 10:15:20.613031,1215.9,235732.0,349328.0
2025-06-20 10:15:21.352073,1215.9,235843.0,349218.0
2025-06-20 10:15:21.610994,1215.9,235843.0,349218.0
2025-06-20 10:15:22.449586,1215.9,236122.0,348953.0
2025-06-20 10:15:23.404410,1215.9,236135.0,349030.0
2025-06-20 10:15:23.608811,1215.9,236135.0,349030.0
2025-06-20 10:15:24.448104,1215.9,235986.0,348818.0
2025-06-20 10:15:24.614951,1215.9,235986.0,348818.0
2025-06-20 10:15:25.542687,1215.9,236025.0,348180.0
2025-06-20 10:15:26.609158,1216.0,236025.0,348180.0
2025-06-20 10:15:26.655285,1216.0,237725.0,347717.0
2025-06-20 10:15:27.611917,1216.5,237725.0,347717.0
2025-06-20 10:15:27.743619,1216.5,236363.0,347973.0
2025-06-20 10:15:28.859284,1216.5,236644.0,347799.0
2025-06-20 10:15:29.618563,1216.4,236644.0,347799.0
2025-06-20 10:15:29.945444,1216.4,237422.0,345279.0
2025-06-20 10:15:30.945145,1216.4,237976.0,345353.0
2025-06-20 10:15:31.616446,1216.4,237976.0,345353.0
2025-06-20 10:15:31.948396,1216.4,237593.0,344416.0
2025-06-20 10:15:32.611345,1216.3,237593.0,344416.0
2025-06-20 10:15:33.046828,1216.3,238538.0,345587.0
2025-06-20 10:15:33.607721,1216.3,238538.0,345587.0
2025-06-20 10:15:34.153615,1216.3,237175.0,345839.0
2025-06-20 10:15:34.610839,1216.3,237175.0,345839.0
2025-06-20 10:15:35.158051,1216.3,237690.0,345574.0
2025-06-20 10:15:36.050561,1216.3,238831.0,346072.0
2025-06-20 10:15:37.052257,1216.3,239457.0,346132.0
2025-06-20 10:15:38.162014,1216.3,239459.0,346113.0
2025-06-20 10:15:39.163253,1216.3,239033.0,346203.0
2025-06-20 10:15:39.617659,1216.3,239033.0,346203.0
2025-06-20 10:15:40.161963,1216.3,238322.0,346142.0
2025-06-20 10:15:40.624938,1216.3,238322.0,346142.0
2025-06-20 10:15:40.969029,1216.3,238322.0,346142.0
2025-06-20 10:15:41.159414,1216.3,239028.0,346043.0
2025-06-20 10:15:41.372320,1216.3,239028.0,346043.0
2025-06-20 10:15:42.173579,1216.3,239028.0,346043.0
2025-06-20 10:15:42.260381,1216.3,239299.0,343729.0
2025-06-20 10:15:42.426735,1216.3,239299.0,343729.0
2025-06-20 10:15:43.256644,1216.3,240025.0,343668.0
2025-06-20 10:15:43.464377,1216.3,240025.0,343668.0
2025-06-20 10:15:43.613009,1216.5,240025.0,343668.0
2025-06-20 10:15:43.858936,1216.5,240025.0,343668.0
2025-06-20 10:15:44.256732,1216.3,238972.0,344805.0
2025-06-20 10:15:44.464760,1216.3,238972.0,344805.0
2025-06-20 10:15:44.611955,1216.3,238972.0,344805.0
2025-06-20 10:15:44.822153,1216.3,238972.0,344805.0
2025-06-20 10:15:45.363233,1216.3,239650.0,344190.0
2025-06-20 10:15:45.782672,1216.3,239650.0,344190.0
2025-06-20 10:15:46.469766,1216.3,239647.0,344375.0
2025-06-20 10:15:46.613701,1216.3,239647.0,344375.0
2025-06-20 10:15:47.116168,1216.3,239647.0,344375.0
2025-06-20 10:15:47.463192,1216.3,239384.0,344535.0
2025-06-20 10:15:48.076993,1216.3,239384.0,344535.0
2025-06-20 10:15:48.458073,1216.3,238574.0,343145.0
2025-06-20 10:15:49.462451,1216.6,238672.0,344580.0
2025-06-20 10:15:49.655656,1216.6,238672.0,344580.0
2025-06-20 10:15:49.661618,1216.6,238672.0,344580.0
2025-06-20 10:15:50.459449,1216.6,238715.0,346123.0
2025-06-20 10:15:50.882790,1216.6,238715.0,346123.0
2025-06-20 10:15:51.561318,1216.6,238683.0,346836.0
2025-06-20 10:15:52.128110,1216.6,238683.0,346836.0
2025-06-20 10:15:52.559636,1216.6,238461.0,347050.0
2025-06-20 10:15:53.561144,1216.6,237946.0,346792.0
2025-06-20 10:15:53.708167,1216.6,237946.0,346792.0
2025-06-20 10:15:54.460973,1216.3,237950.0,346662.0
2025-06-20 10:15:54.611232,1216.3,237950.0,346662.0
2025-06-20 10:15:55.797872,1216.3,239946.0,345925.0
2025-06-20 10:15:56.464787,1216.3,239947.0,345911.0
2025-06-20 10:15:57.566212,1216.3,240050.0,346551.0
2025-06-20 10:15:58.675671,1216.3,242229.0,344565.0
2025-06-20 10:15:59.616080,1216.4,242229.0,344565.0
2025-06-20 10:15:59.767028,1216.4,238743.0,343955.0
2025-06-20 10:16:01.273008,1216.5,241211.0,342281.0
2025-06-20 10:16:01.617715,1216.6,241211.0,342281.0
2025-06-20 10:16:02.273308,1216.5,240199.0,342880.0
2025-06-20 10:16:02.618563,1216.5,240199.0,342880.0
2025-06-20 10:16:03.381187,1216.5,241598.0,340997.0
2025-06-20 10:16:03.617719,1216.5,241598.0,340997.0
2025-06-20 10:16:04.470108,1216.5,241047.0,342267.0
2025-06-20 10:16:04.623003,1216.5,241047.0,342267.0
2025-06-20 10:16:05.571179,1216.5,241105.0,343023.0
2025-06-20 10:16:05.666973,1216.5,241105.0,343023.0
2025-06-20 10:16:06.497136,1216.7,241090.0,342251.0
2025-06-20 10:16:06.618455,1216.7,241090.0,342251.0
2025-06-20 10:16:07.571751,1216.7,241050.0,342171.0
2025-06-20 10:16:08.569451,1216.7,243020.0,340751.0
2025-06-20 10:16:08.609269,1216.7,243020.0,340751.0
2025-06-20 10:16:09.617424,1216.5,243020.0,340751.0
2025-06-20 10:16:09.672117,1216.5,243109.0,341837.0
2025-06-20 10:16:10.620052,1216.5,243109.0,341837.0
2025-06-20 10:16:10.674112,1216.5,243139.0,341787.0
2025-06-20 10:16:11.772691,1216.5,241605.0,342204.0
2025-06-20 10:16:12.879450,1216.5,240707.0,343718.0
2025-06-20 10:16:13.973032,1216.8,240617.0,344794.0
2025-06-20 10:16:14.616430,1216.5,240617.0,344794.0
2025-06-20 10:16:14.977556,1216.5,240830.0,344967.0
2025-06-20 10:16:15.976203,1216.5,240659.0,345597.0
2025-06-20 10:16:16.616047,1216.5,240659.0,345597.0
2025-06-20 10:16:16.976501,1216.5,241010.0,344010.0
2025-06-20 10:16:17.622388,1216.5,241010.0,344010.0
2025-06-20 10:16:18.076293,1216.5,241668.0,343623.0
2025-06-20 10:16:19.176314,1216.5,241328.0,342906.0
2025-06-20 10:16:20.280389,1216.7,240593.0,343664.0
2025-06-20 10:16:20.618905,1216.5,240593.0,343664.0
2025-06-20 10:16:21.379892,1216.5,242817.0,343227.0
2025-06-20 10:16:22.477708,1216.8,242706.0,343038.0
2025-06-20 10:16:22.618638,1216.8,242706.0,343038.0
2025-06-20 10:16:23.577675,1216.8,243055.0,343084.0
2025-06-20 10:16:23.613216,1216.8,243055.0,343084.0
2025-06-20 10:16:24.584598,1216.7,242943.0,343196.0
2025-06-20 10:16:24.628633,1216.7,242943.0,343196.0
2025-06-20 10:16:25.588453,1216.7,242672.0,343249.0
2025-06-20 10:16:26.649230,1216.7,242672.0,343249.0
2025-06-20 10:16:26.707784,1216.7,242569.0,343005.0
2025-06-20 10:16:27.782652,1216.7,242286.0,343489.0
2025-06-20 10:16:28.610720,1216.7,242286.0,343489.0
2025-06-20 10:16:28.781353,1216.7,243582.0,342713.0
2025-06-20 10:16:29.616575,1216.7,243582.0,342713.0
2025-06-20 10:16:29.890412,1216.7,243517.0,342729.0
2025-06-20 10:16:30.614529,1216.7,243517.0,342729.0
2025-06-20 10:16:30.897111,1216.7,240283.0,344566.0
2025-06-20 10:16:31.645546,1216.8,240283.0,344566.0
2025-06-20 10:16:31.784784,1216.8,239470.0,345697.0
2025-06-20 10:16:32.615576,1216.4,239470.0,345697.0
2025-06-20 10:16:32.785183,1216.4,236033.0,344532.0
2025-06-20 10:16:33.786481,1216.4,237048.0,346116.0
2025-06-20 10:16:34.892930,1216.4,237107.0,346824.0
2025-06-20 10:16:35.616902,1216.7,237107.0,346824.0
2025-06-20 10:16:36.006524,1216.8,237463.0,345506.0
2025-06-20 10:16:36.630347,1216.4,237463.0,345506.0
2025-06-20 10:16:37.091331,1216.4,238005.0,346494.0
2025-06-20 10:16:38.094312,1216.4,237937.0,346472.0
2025-06-20 10:16:39.192064,1216.4,238012.0,346506.0
2025-06-20 10:16:39.652977,1216.4,238012.0,346506.0
2025-06-20 10:16:40.306166,1216.4,238039.0,346197.0
2025-06-20 10:16:40.616837,1216.4,238039.0,346197.0
2025-06-20 10:16:41.300324,1216.4,238662.0,345919.0
2025-06-20 10:16:42.294608,1216.4,238492.0,346075.0
2025-06-20 10:16:43.302316,1216.4,238468.0,346068.0
2025-06-20 10:16:43.616145,1216.7,238468.0,346068.0
2025-06-20 10:16:44.300378,1216.4,237640.0,346148.0
2025-06-20 10:16:44.667657,1216.4,237640.0,346148.0
2025-06-20 10:16:45.304267,1216.4,237682.0,346517.0
2025-06-20 10:16:45.622416,1216.4,237682.0,346517.0
2025-06-20 10:16:46.515235,1216.7,237509.0,346741.0
2025-06-20 10:16:46.618304,1216.7,237509.0,346741.0
2025-06-20 10:16:47.328517,1216.7,237381.0,346619.0
2025-06-20 10:16:48.303569,1216.7,238380.0,346197.0
2025-06-20 10:16:48.621846,1216.7,238380.0,346197.0
2025-06-20 10:16:49.306455,1216.4,238511.0,346229.0
2025-06-20 10:16:49.619880,1216.4,238511.0,346229.0
2025-06-20 10:16:50.310046,1216.7,238271.0,346233.0
2025-06-20 10:16:50.615238,1216.7,238271.0,346233.0
2025-06-20 10:16:51.601282,1216.7,238605.0,345723.0
2025-06-20 10:16:51.621010,1216.7,238605.0,345723.0
2025-06-20 10:16:52.447001,1216.7,238659.0,346067.0
2025-06-20 10:16:52.620904,1216.7,238659.0,346067.0
2025-06-20 10:16:53.412172,1216.7,238408.0,346360.0
2025-06-20 10:16:53.614158,1216.7,238408.0,346360.0
2025-06-20 10:16:54.656858,1216.4,238607.0,346478.0
2025-06-20 10:16:54.682721,1216.4,238607.0,346478.0
2025-06-20 10:16:55.430223,1216.4,239581.0,346197.0
2025-06-20 10:16:56.504840,1216.4,236707.0,348883.0
2025-06-20 10:16:56.619938,1216.4,236707.0,348883.0
2025-06-20 10:16:57.657240,1216.2,234837.0,349940.0
2025-06-20 10:16:57.662341,1216.2,234837.0,349940.0
2025-06-20 10:16:58.605936,1216.2,235910.0,349476.0
2025-06-20 10:16:59.624007,1216.2,235910.0,349476.0
2025-06-20 10:16:59.705760,1216.2,235868.0,349460.0
2025-06-20 10:17:01.514442,1216.0,236263.0,349586.0
2025-06-20 10:17:01.616637,1216.0,236263.0,349586.0
2025-06-20 10:17:02.708949,1216.0,236343.0,349242.0
2025-06-20 10:17:04.618980,1216.0,236343.0,349242.0
2025-06-20 10:17:05.419319,1216.0,235779.0,349173.0
2025-06-20 10:17:06.619157,1216.2,235779.0,349173.0
2025-06-20 10:17:07.618868,1216.2,235779.0,349173.0
2025-06-20 10:17:08.815041,1216.2,236287.0,349785.0
2025-06-20 10:17:09.628788,1216.0,236287.0,349785.0
2025-06-20 10:17:10.445352,1216.2,236241.0,349952.0
2025-06-20 10:17:10.626600,1216.0,236241.0,349952.0
2025-06-20 10:17:13.619175,1216.2,236241.0,349952.0
2025-06-20 10:17:14.497635,1216.0,237156.0,348675.0
2025-06-20 10:17:14.637307,1216.0,237156.0,348675.0
2025-06-20 10:17:15.215154,1216.0,237154.0,348670.0
2025-06-20 10:17:16.215748,1216.0,236963.0,349224.0
2025-06-20 10:17:16.616735,1216.0,236963.0,349224.0
2025-06-20 10:17:17.326503,1216.0,237159.0,349251.0
2025-06-20 10:17:18.217163,1216.0,237102.0,348461.0
2025-06-20 10:17:18.622682,1216.2,237102.0,348461.0
2025-06-20 10:17:19.117831,1216.2,237557.0,348664.0
2025-06-20 10:17:19.619732,1216.0,237557.0,348664.0
2025-06-20 10:17:20.120935,1216.0,237178.0,348364.0
2025-06-20 10:17:20.623026,1216.0,237178.0,348364.0
2025-06-20 10:17:21.128842,1216.0,236662.0,348655.0
2025-06-20 10:17:22.022782,1216.0,236569.0,348398.0
2025-06-20 10:17:22.928514,1216.0,236546.0,348647.0
2025-06-20 10:17:24.620361,1216.1,236546.0,348647.0
2025-06-20 10:17:24.935936,1216.2,239759.0,346743.0
2025-06-20 10:17:25.628862,1216.1,239759.0,346743.0
2025-06-20 10:17:25.926827,1216.1,239200.0,346659.0
2025-06-20 10:17:26.629079,1216.2,239200.0,346659.0
2025-06-20 10:17:26.947570,1216.1,239129.0,348340.0
2025-06-20 10:17:27.623791,1216.1,239129.0,348340.0
2025-06-20 10:17:28.616261,1216.2,239129.0,348340.0
2025-06-20 10:17:28.838312,1216.2,239373.0,348347.0
2025-06-20 10:17:29.622216,1216.1,239373.0,348347.0
2025-06-20 10:17:31.627442,1216.1,239373.0,348347.0
2025-06-20 10:17:32.616694,1216.2,239373.0,348347.0
2025-06-20 10:17:33.059916,1216.2,239289.0,348697.0
2025-06-20 10:17:33.867443,1216.2,239824.0,346281.0
2025-06-20 10:17:34.634707,1216.1,239824.0,346281.0
2025-06-20 10:17:35.619642,1216.2,239824.0,346281.0
2025-06-20 10:17:35.838721,1216.2,236706.0,346360.0
2025-06-20 10:17:36.619426,1216.1,236706.0,346360.0
2025-06-20 10:17:36.730621,1216.1,237486.0,348215.0
2025-06-20 10:17:37.618598,1216.6,237486.0,348215.0
2025-06-20 10:17:37.732038,1216.6,237079.0,347302.0
2025-06-20 10:17:38.643766,1216.1,237079.0,347302.0
2025-06-20 10:17:38.656780,1216.1,236622.0,347323.0
2025-06-20 10:17:39.625509,1216.1,236622.0,347323.0
2025-06-20 10:17:39.728743,1216.1,237015.0,346639.0
2025-06-20 10:17:40.627871,1216.2,237015.0,346639.0
2025-06-20 10:17:40.648499,1216.2,236973.0,346964.0
2025-06-20 10:17:41.533603,1216.2,237025.0,347129.0
2025-06-20 10:17:42.534458,1216.2,237872.0,346290.0
2025-06-20 10:17:43.447271,1216.2,238031.0,345100.0
2025-06-20 10:17:44.446564,1216.3,238832.0,344290.0
2025-06-20 10:17:44.619289,1216.3,238832.0,344290.0
2025-06-20 10:17:47.457838,1216.3,236717.0,346133.0
2025-06-20 10:17:48.458470,1216.3,236517.0,346170.0
2025-06-20 10:17:49.624374,1216.3,236517.0,346170.0
2025-06-20 10:17:50.476691,1216.7,236730.0,346413.0
2025-06-20 10:17:50.624171,1216.7,236730.0,346413.0
2025-06-20 10:17:51.435441,1216.7,236678.0,346310.0
2025-06-20 10:17:51.626539,1216.7,236678.0,346310.0
2025-06-20 10:17:53.452792,1216.7,237137.0,346587.0
2025-06-20 10:17:54.537094,1216.3,236537.0,346390.0
2025-06-20 10:17:54.621773,1216.3,236537.0,346390.0
2025-06-20 10:17:55.537729,1216.3,237066.0,347895.0
2025-06-20 10:17:56.626007,1216.5,237066.0,347895.0
2025-06-20 10:17:56.944120,1216.5,237362.0,347105.0
2025-06-20 10:17:58.365042,1216.5,237158.0,347052.0
2025-06-20 10:17:59.239367,1216.3,237121.0,346973.0
2025-06-20 10:17:59.623397,1216.3,237121.0,346973.0
2025-06-20 10:18:00.244164,1216.3,239191.0,344354.0
2025-06-20 10:18:00.632531,1216.3,239191.0,344354.0
2025-06-20 10:18:01.648746,1216.3,238879.0,345014.0
2025-06-20 10:18:02.647394,1216.3,239231.0,344686.0
2025-06-20 10:18:03.543842,1216.3,239290.0,344852.0
2025-06-20 10:18:04.456906,1216.3,238812.0,344301.0
2025-06-20 10:18:04.624329,1216.3,238812.0,344301.0
2025-06-20 10:18:05.548665,1216.3,238857.0,345728.0
2025-06-20 10:18:06.468640,1216.7,239664.0,344675.0
2025-06-20 10:18:06.624812,1216.7,239664.0,344675.0
2025-06-20 10:18:07.446943,1216.7,239423.0,344794.0
2025-06-20 10:18:09.451452,1216.3,240145.0,344759.0
2025-06-20 10:18:09.624792,1216.3,240145.0,344759.0
2025-06-20 10:18:10.358527,1216.3,240890.0,343553.0
2025-06-20 10:18:10.625762,1216.3,240890.0,343553.0
2025-06-20 10:18:11.358586,1216.3,240063.0,344334.0
2025-06-20 10:18:12.252316,1216.3,239277.0,345633.0
2025-06-20 10:18:13.251103,1216.7,239449.0,345680.0
2025-06-20 10:18:13.626677,1216.7,239449.0,345680.0
2025-06-20 10:18:14.251731,1216.3,239612.0,345148.0
2025-06-20 10:18:14.677442,1216.3,239612.0,345148.0
2025-06-20 10:18:15.360730,1216.3,240302.0,343873.0
2025-06-20 10:18:16.360465,1216.3,239552.0,344856.0
2025-06-20 10:18:16.623839,1216.4,239552.0,344856.0
2025-06-20 10:18:17.256847,1216.6,240778.0,342786.0
2025-06-20 10:18:17.625843,1216.6,240778.0,342786.0
2025-06-20 10:18:18.255513,1216.6,240854.0,343950.0
2025-06-20 10:18:19.257167,1216.6,241107.0,343860.0
2025-06-20 10:18:20.257356,1216.5,239366.0,344387.0
2025-06-20 10:18:20.627911,1216.5,239366.0,344387.0
2025-06-20 10:18:21.160755,1216.5,238271.0,344897.0
2025-06-20 10:18:22.158768,1216.5,238235.0,345340.0
2025-06-20 10:18:23.625520,1216.5,238235.0,345340.0
2025-06-20 10:18:24.626880,1216.5,238235.0,345340.0
2025-06-20 10:18:25.263053,1216.5,238604.0,345522.0
2025-06-20 10:18:25.632957,1216.5,238604.0,345522.0
2025-06-20 10:18:26.256504,1216.7,240510.0,344305.0
2025-06-20 10:18:26.657053,1216.7,240510.0,344305.0
2025-06-20 10:18:27.159608,1216.7,240542.0,344354.0
2025-06-20 10:18:27.627032,1216.7,240542.0,344354.0
2025-06-20 10:18:28.159674,1216.7,238843.0,344711.0
2025-06-20 10:18:29.624990,1216.2,238843.0,344711.0
2025-06-20 10:18:31.633363,1216.7,238843.0,344711.0
2025-06-20 10:18:33.061838,1216.7,239035.0,345109.0
2025-06-20 10:18:33.627444,1216.7,239035.0,345109.0
2025-06-20 10:18:34.063169,1216.7,238988.0,345345.0
2025-06-20 10:18:34.635922,1216.5,238988.0,345345.0
2025-06-20 10:18:35.059357,1216.5,239184.0,345016.0
2025-06-20 10:18:36.964563,1216.5,236843.0,345717.0
2025-06-20 10:18:37.964160,1216.5,239351.0,344368.0
2025-06-20 10:18:38.630921,1216.5,239351.0,344368.0
2025-06-20 10:18:38.966873,1216.5,239351.0,344656.0
2025-06-20 10:18:39.628561,1216.5,239351.0,344656.0
2025-06-20 10:18:40.567794,1216.5,236775.0,344908.0
2025-06-20 10:18:40.632936,1216.5,236775.0,344908.0
2025-06-20 10:18:41.586100,1216.5,236775.0,344908.0
2025-06-20 10:18:41.626837,1216.5,236775.0,344908.0
2025-06-20 10:18:41.677306,1216.5,236775.0,344908.0
2025-06-20 10:18:41.977888,1216.5,236808.0,344999.0
2025-06-20 10:18:42.124155,1216.5,236808.0,344999.0
2025-06-20 10:18:42.681845,1216.5,236808.0,344999.0
2025-06-20 10:18:42.735852,1216.5,236808.0,344999.0
2025-06-20 10:18:42.977581,1216.5,237502.0,344702.0
2025-06-20 10:18:43.307656,1216.5,237502.0,344702.0
2025-06-20 10:18:43.973145,1216.6,239011.0,344766.0
2025-06-20 10:18:44.440654,1216.6,239011.0,344766.0
2025-06-20 10:18:44.698381,1216.5,239011.0,344766.0
2025-06-20 10:18:45.017912,1216.5,239011.0,344766.0
2025-06-20 10:18:45.032638,1216.5,239007.0,344871.0
2025-06-20 10:18:45.442792,1216.5,239007.0,344871.0
2025-06-20 10:18:46.385524,1216.5,239007.0,344871.0
2025-06-20 10:18:46.879412,1216.5,236675.0,345026.0
2025-06-20 10:18:47.626598,1216.5,236675.0,345026.0
2025-06-20 10:18:47.691550,1216.5,236675.0,345026.0
2025-06-20 10:18:48.629817,1216.5,236675.0,345026.0
2025-06-20 10:18:48.700657,1216.5,236675.0,345026.0
2025-06-20 10:18:48.886037,1216.5,237324.0,344992.0
2025-06-20 10:18:49.656421,1216.5,237324.0,344992.0
2025-06-20 10:18:49.901363,1216.5,236705.0,345732.0
2025-06-20 10:18:50.227407,1216.5,236705.0,345732.0
2025-06-20 10:18:51.467001,1216.5,236705.0,345732.0
2025-06-20 10:18:51.635761,1216.5,236705.0,345732.0
2025-06-20 10:18:51.880200,1216.5,238459.0,345392.0
2025-06-20 10:18:52.723879,1216.5,238459.0,345392.0
2025-06-20 10:18:52.774511,1216.5,239339.0,343989.0
2025-06-20 10:18:53.773245,1216.5,237441.0,345051.0
2025-06-20 10:18:54.433345,1216.5,237441.0,345051.0
2025-06-20 10:18:54.655294,1216.6,237441.0,345051.0
2025-06-20 10:18:56.629148,1216.6,237441.0,345051.0
2025-06-20 10:18:56.777688,1216.6,238917.0,345137.0
2025-06-20 10:18:59.644374,1216.6,238917.0,345137.0
2025-06-20 10:19:00.647570,1216.5,238917.0,345137.0
2025-06-20 10:19:01.178113,1216.6,237967.0,345083.0
2025-06-20 10:19:01.641796,1216.6,237967.0,345083.0
2025-06-20 10:19:02.278267,1216.6,239085.0,344602.0
2025-06-20 10:19:03.394372,1216.5,238390.0,344027.0
2025-06-20 10:19:03.650069,1216.5,238390.0,344027.0
2025-06-20 10:19:04.478832,1216.5,237971.0,345053.0
2025-06-20 10:19:04.640793,1216.5,237971.0,345053.0
2025-06-20 10:19:05.479405,1216.5,238140.0,344616.0
2025-06-20 10:19:06.588971,1216.7,238144.0,344320.0
2025-06-20 10:19:06.634287,1216.7,238144.0,344320.0
2025-06-20 10:19:07.679883,1216.7,238336.0,344550.0
2025-06-20 10:19:08.779008,1216.7,238378.0,345226.0
2025-06-20 10:19:09.631456,1216.5,238378.0,345226.0
2025-06-20 10:19:09.780392,1216.5,239222.0,344580.0
2025-06-20 10:19:10.671735,1216.5,239222.0,344580.0
2025-06-20 10:19:10.780308,1216.5,238561.0,344980.0
2025-06-20 10:19:11.642259,1216.5,238561.0,344980.0
2025-06-20 10:19:12.080983,1216.5,238143.0,345084.0
2025-06-20 10:19:12.983438,1216.5,237557.0,345084.0
2025-06-20 10:19:13.644402,1216.5,237557.0,345084.0
2025-06-20 10:19:14.083881,1216.6,235508.0,345444.0
2025-06-20 10:19:14.647825,1216.5,235508.0,345444.0
2025-06-20 10:19:15.183692,1216.5,238682.0,344239.0
2025-06-20 10:19:15.663934,1216.6,238682.0,344239.0
2025-06-20 10:19:16.285171,1216.6,239335.0,345012.0
2025-06-20 10:19:17.419237,1216.6,239278.0,345031.0
2025-06-20 10:19:17.659085,1216.6,239278.0,345031.0
2025-06-20 10:19:18.490446,1216.6,241153.0,345055.0
2025-06-20 10:19:19.588760,1216.6,241233.0,344797.0
2025-06-20 10:19:19.633473,1216.6,241233.0,344797.0
2025-06-20 10:19:20.688079,1216.6,241046.0,344900.0
2025-06-20 10:19:21.788773,1216.6,240852.0,344904.0
2025-06-20 10:19:22.900806,1216.6,240343.0,344981.0
2025-06-20 10:19:23.991891,1216.6,240515.0,345005.0
2025-06-20 10:19:24.887214,1216.6,240515.0,345005.0
2025-06-20 10:19:25.091837,1216.6,241730.0,344501.0
2025-06-20 10:19:25.695491,1216.7,241730.0,344501.0
2025-06-20 10:19:26.193075,1216.7,241829.0,342646.0
2025-06-20 10:19:26.672688,1216.7,241829.0,342646.0
2025-06-20 10:19:27.295019,1217.0,241441.0,342870.0
2025-06-20 10:19:27.693731,1217.0,241441.0,342870.0
2025-06-20 10:19:28.435993,1217.0,240966.0,343067.0
2025-06-20 10:19:29.494260,1217.0,240690.0,343022.0
2025-06-20 10:19:30.595790,1217.1,242855.0,340428.0
2025-06-20 10:19:30.640201,1217.1,242855.0,340428.0
2025-06-20 10:19:31.670939,1217.4,242855.0,340428.0
2025-06-20 10:19:31.700372,1217.4,244276.0,340867.0
2025-06-20 10:19:32.655199,1217.4,244276.0,340867.0
2025-06-20 10:19:32.797979,1217.4,244235.0,340716.0
2025-06-20 10:19:33.911711,1217.4,243181.0,340517.0
2025-06-20 10:19:34.640132,1217.3,243181.0,340517.0
2025-06-20 10:19:34.999718,1217.4,243189.0,339777.0
2025-06-20 10:19:35.645680,1217.4,243189.0,339777.0
2025-06-20 10:19:36.038309,1217.4,242999.0,339797.0
2025-06-20 10:19:36.649502,1217.4,242999.0,339797.0
2025-06-20 10:19:37.104875,1217.4,242892.0,339343.0
2025-06-20 10:19:38.200146,1217.5,242838.0,340202.0
2025-06-20 10:19:38.638903,1217.5,242838.0,340202.0
2025-06-20 10:19:39.304230,1217.3,242452.0,340857.0
2025-06-20 10:19:39.638095,1217.3,242452.0,340857.0
2025-06-20 10:19:40.476300,1217.5,242453.0,340946.0
2025-06-20 10:19:40.908313,1217.3,242453.0,340946.0
2025-06-20 10:19:41.324967,1217.3,242450.0,340931.0
2025-06-20 10:19:42.418323,1217.3,242079.0,341209.0
2025-06-20 10:19:43.505446,1217.3,242227.0,340504.0
2025-06-20 10:19:44.607398,1217.3,242962.0,340839.0
2025-06-20 10:19:44.634273,1217.3,242962.0,340839.0
2025-06-20 10:19:45.715574,1217.3,244317.0,339378.0
2025-06-20 10:19:46.644336,1217.3,244317.0,339378.0
2025-06-20 10:19:46.811121,1217.3,243324.0,340241.0
2025-06-20 10:19:47.645759,1217.3,243324.0,340241.0
2025-06-20 10:19:47.813531,1217.3,243740.0,339945.0
2025-06-20 10:19:48.643139,1217.5,243740.0,339945.0
2025-06-20 10:19:48.922809,1217.5,243143.0,340491.0
2025-06-20 10:19:49.638418,1217.4,243143.0,340491.0
2025-06-20 10:19:50.027472,1217.4,243698.0,340424.0
2025-06-20 10:19:51.119438,1217.4,245434.0,339357.0
2025-06-20 10:19:51.642340,1217.4,245434.0,339357.0
2025-06-20 10:19:52.223011,1217.4,245581.0,340050.0
2025-06-20 10:19:53.220813,1217.5,246379.0,337435.0
2025-06-20 10:19:53.636995,1217.5,246379.0,337435.0
2025-06-20 10:19:54.321941,1217.4,246046.0,338289.0
2025-06-20 10:19:54.677020,1217.4,246046.0,338289.0
2025-06-20 10:19:55.433842,1217.4,246047.0,338569.0
2025-06-20 10:19:56.521481,1217.4,245144.0,339071.0
2025-06-20 10:19:57.624941,1217.4,245011.0,339241.0
2025-06-20 10:19:58.730974,1217.4,245016.0,339241.0
2025-06-20 10:19:59.638956,1217.4,245016.0,339241.0
2025-06-20 10:19:59.728885,1217.4,244700.0,339372.0
2025-06-20 10:20:00.672772,1217.8,244700.0,339372.0
2025-06-20 10:20:01.629063,1218.0,248388.0,333779.0
2025-06-20 10:20:01.679543,1218.0,248388.0,333779.0
2025-06-20 10:20:02.528258,1218.3,248002.0,331372.0
2025-06-20 10:20:02.642191,1218.3,248002.0,331372.0
2025-06-20 10:20:03.529254,1218.7,249496.0,331102.0
2025-06-20 10:20:03.668191,1218.7,249496.0,331102.0
2025-06-20 10:20:04.531544,1218.4,248576.0,331898.0
2025-06-20 10:20:04.639160,1218.8,248576.0,331898.0
2025-06-20 10:20:05.531629,1218.9,249145.0,331058.0
2025-06-20 10:20:05.641982,1218.9,249145.0,331058.0
2025-06-20 10:20:06.432875,1218.9,247811.0,331663.0
2025-06-20 10:20:06.638916,1218.9,247811.0,331663.0
2025-06-20 10:20:07.342016,1218.9,249922.0,331081.0
2025-06-20 10:20:07.638171,1219.0,249922.0,331081.0
2025-06-20 10:20:08.236798,1219.2,249922.0,329870.0
2025-06-20 10:20:08.642831,1219.2,249922.0,329870.0
2025-06-20 10:20:09.260894,1218.7,249263.0,330378.0
2025-06-20 10:20:09.638996,1218.7,249263.0,330378.0
2025-06-20 10:20:10.135476,1218.5,247608.0,332564.0
2025-06-20 10:20:10.639184,1218.5,247608.0,332564.0
2025-06-20 10:20:11.219849,1218.5,247773.0,332789.0
2025-06-20 10:20:11.685657,1219.0,247773.0,332789.0
2025-06-20 10:20:12.137373,1219.0,248132.0,331740.0
2025-06-20 10:20:12.677434,1218.6,248132.0,331740.0
2025-06-20 10:20:13.137393,1218.6,248417.0,331816.0
2025-06-20 10:20:14.137909,1219.0,250503.0,328531.0
2025-06-20 10:20:14.650921,1219.0,250503.0,328531.0
2025-06-20 10:20:15.038354,1219.0,248686.0,330029.0
2025-06-20 10:20:15.670177,1218.7,248686.0,330029.0
2025-06-20 10:20:16.039806,1219.0,249950.0,330651.0
2025-06-20 10:20:16.678162,1218.6,249950.0,330651.0
2025-06-20 10:20:16.939685,1219.1,248354.0,330154.0
2025-06-20 10:20:17.649966,1219.0,248354.0,330154.0
2025-06-20 10:20:17.945220,1219.0,249785.0,330343.0
2025-06-20 10:20:18.850924,1219.0,251551.0,328955.0
2025-06-20 10:20:19.640896,1218.7,251551.0,328955.0
2025-06-20 10:20:19.741027,1218.7,253127.0,328633.0
2025-06-20 10:20:20.641870,1219.1,253127.0,328633.0
2025-06-20 10:20:20.750790,1219.1,251615.0,327921.0
2025-06-20 10:20:21.751464,1219.1,252427.0,328475.0
2025-06-20 10:20:22.749985,1219.1,251774.0,329537.0
2025-06-20 10:20:23.644924,1218.9,251774.0,329537.0
2025-06-20 10:20:23.743766,1218.9,251330.0,327934.0
2025-06-20 10:20:24.644254,1218.9,251330.0,327934.0
2025-06-20 10:20:24.746339,1218.9,251088.0,328053.0
2025-06-20 10:20:25.752520,1218.9,251155.0,328265.0
2025-06-20 10:20:26.748374,1218.9,250092.0,328253.0
2025-06-20 10:20:27.703604,1219.2,250092.0,328253.0
2025-06-20 10:20:27.748305,1219.2,253309.0,326065.0
2025-06-20 10:20:28.748717,1219.2,252219.0,326247.0
2025-06-20 10:20:29.642329,1219.0,252219.0,326247.0
2025-06-20 10:20:29.749329,1219.0,249901.0,326955.0
2025-06-20 10:20:30.657038,1219.0,250191.0,327575.0
2025-06-20 10:20:31.658937,1219.0,250594.0,326487.0
2025-06-20 10:20:32.708476,1219.3,250594.0,326487.0
2025-06-20 10:20:32.717100,1219.3,251156.0,325248.0
2025-06-20 10:20:33.642655,1219.3,251156.0,325248.0
2025-06-20 10:20:33.666769,1219.3,251627.0,325748.0
2025-06-20 10:20:34.640239,1219.1,251627.0,325748.0
2025-06-20 10:20:34.673186,1219.1,250707.0,326071.0
2025-06-20 10:20:35.558640,1219.1,250616.0,326046.0
2025-06-20 10:20:35.642727,1219.1,250616.0,326046.0
2025-06-20 10:20:36.670989,1219.1,251321.0,326343.0
2025-06-20 10:20:37.649981,1219.2,251321.0,326343.0
2025-06-20 10:20:37.677445,1219.2,250613.0,327258.0
2025-06-20 10:20:38.672437,1219.2,250760.0,326959.0
2025-06-20 10:20:39.646197,1219.1,250760.0,326959.0
2025-06-20 10:20:39.669879,1219.1,249594.0,329250.0
2025-06-20 10:20:40.646773,1219.1,249594.0,329250.0
2025-06-20 10:20:40.668857,1219.1,249558.0,329166.0
2025-06-20 10:20:41.641176,1219.1,249558.0,329166.0
2025-06-20 10:20:41.759632,1219.1,250256.0,329078.0
2025-06-20 10:20:42.642415,1219.1,250256.0,329078.0
2025-06-20 10:20:42.762815,1219.1,248792.0,329263.0
2025-06-20 10:20:43.648900,1219.1,248792.0,329263.0
2025-06-20 10:20:43.762058,1219.1,250139.0,329552.0
2025-06-20 10:20:44.646723,1219.1,250139.0,329552.0
2025-06-20 10:20:44.762996,1219.1,249877.0,329728.0
2025-06-20 10:20:45.660411,1219.1,249877.0,329728.0
2025-06-20 10:20:45.761753,1219.1,250228.0,329569.0
2025-06-20 10:20:46.642566,1219.1,250228.0,329569.0
2025-06-20 10:20:46.762016,1219.1,250274.0,329384.0
2025-06-20 10:20:47.648100,1219.0,250274.0,329384.0
2025-06-20 10:20:47.764149,1219.0,250229.0,329393.0
2025-06-20 10:20:48.763973,1219.0,249951.0,330399.0
2025-06-20 10:20:49.701446,1219.0,249951.0,330399.0
2025-06-20 10:20:49.766079,1219.0,248996.0,330758.0
2025-06-20 10:20:50.683718,1219.0,248996.0,330758.0
2025-06-20 10:20:50.766960,1219.0,246387.0,331591.0
2025-06-20 10:20:51.642993,1218.9,246387.0,331591.0
2025-06-20 10:20:51.767088,1218.9,249248.0,330841.0
2025-06-20 10:20:52.879400,1218.9,249862.0,331704.0
2025-06-20 10:20:53.909469,1218.9,249601.0,331891.0
2025-06-20 10:20:54.643122,1218.9,249601.0,331891.0
2025-06-20 10:20:54.974264,1218.9,249523.0,332387.0
2025-06-20 10:20:55.971339,1218.9,249249.0,332893.0
2025-06-20 10:20:56.656566,1218.9,249249.0,332893.0
2025-06-20 10:20:57.070149,1218.9,249351.0,332921.0
2025-06-20 10:20:58.171053,1219.1,251301.0,332332.0
2025-06-20 10:20:58.644069,1219.1,251301.0,332332.0
2025-06-20 10:20:59.273315,1218.9,251524.0,331556.0
2025-06-20 10:20:59.655003,1219.1,251524.0,331556.0
2025-06-20 10:21:00.276857,1219.1,251037.0,333092.0
2025-06-20 10:21:01.911699,1219.1,252152.0,330945.0
2025-06-20 10:21:02.647626,1218.9,252152.0,330945.0
2025-06-20 10:21:02.886917,1218.9,251871.0,331116.0
2025-06-20 10:21:03.645385,1219.1,251871.0,331116.0
2025-06-20 10:21:03.771460,1219.1,251910.0,331249.0
2025-06-20 10:21:04.652718,1218.9,251910.0,331249.0
2025-06-20 10:21:04.772243,1218.9,251772.0,332732.0
2025-06-20 10:21:05.643167,1219.1,251772.0,332732.0
2025-06-20 10:21:05.774001,1219.1,250494.0,332184.0
2025-06-20 10:21:06.639759,1219.1,250494.0,332184.0
2025-06-20 10:21:06.773417,1219.1,250014.0,332881.0
2025-06-20 10:21:07.679680,1219.1,248089.0,333182.0
2025-06-20 10:21:08.773415,1219.1,249231.0,333498.0
2025-06-20 10:21:09.641615,1218.9,249231.0,333498.0
2025-06-20 10:21:09.678702,1218.9,248847.0,334290.0
2025-06-20 10:21:10.579252,1218.9,249825.0,333596.0
2025-06-20 10:21:10.641455,1218.9,249825.0,333596.0
2025-06-20 10:21:11.578222,1218.9,250668.0,333397.0
2025-06-20 10:21:12.579275,1218.9,249992.0,332352.0
2025-06-20 10:21:13.494073,1218.9,249995.0,332610.0
2025-06-20 10:21:14.481546,1218.9,249463.0,333774.0
2025-06-20 10:21:14.648901,1218.9,249463.0,333774.0
2025-06-20 10:21:15.417260,1218.9,249587.0,334004.0
2025-06-20 10:21:15.699629,1219.2,249587.0,334004.0
2025-06-20 10:21:16.465153,1219.2,249640.0,333478.0
2025-06-20 10:21:16.648382,1218.9,249640.0,333478.0
2025-06-20 10:21:17.287829,1218.9,249876.0,333629.0
2025-06-20 10:21:18.286640,1218.9,249720.0,334657.0
2025-06-20 10:21:19.183775,1219.1,249202.0,333492.0
2025-06-20 10:21:19.643755,1218.9,249202.0,333492.0
2025-06-20 10:21:20.186639,1218.9,248938.0,334032.0
2025-06-20 10:21:21.185076,1218.9,249210.0,334156.0
2025-06-20 10:21:21.642098,1219.2,249210.0,334156.0
2025-06-20 10:21:22.202580,1219.2,249221.0,334169.0
2025-06-20 10:21:23.186350,1219.2,249227.0,334229.0
2025-06-20 10:21:23.647468,1219.2,249227.0,334229.0
2025-06-20 10:21:24.086903,1219.2,249216.0,334298.0
2025-06-20 10:21:24.642649,1218.9,249216.0,334298.0
2025-06-20 10:21:24.999204,1218.9,248672.0,332543.0
2025-06-20 10:21:25.991578,1218.9,249642.0,332787.0
2025-06-20 10:21:26.991527,1218.9,250310.0,332847.0
2025-06-20 10:21:27.997357,1218.9,249584.0,332812.0
2025-06-20 10:21:28.648789,1219.2,249584.0,332812.0
2025-06-20 10:21:29.008560,1219.2,251827.0,331553.0
2025-06-20 10:21:29.647055,1218.9,251827.0,331553.0
2025-06-20 10:21:29.905776,1219.1,253553.0,330424.0
2025-06-20 10:21:30.647588,1219.2,253553.0,330424.0
2025-06-20 10:21:30.907691,1219.2,252284.0,330373.0
2025-06-20 10:21:32.203924,1219.2,252201.0,330505.0
2025-06-20 10:21:32.668311,1219.3,252201.0,330505.0
2025-06-20 10:21:33.116267,1219.3,252433.0,330650.0
2025-06-20 10:21:33.905569,1219.3,252550.0,330747.0
2025-06-20 10:21:34.639902,1219.2,252550.0,330747.0
2025-06-20 10:21:34.805955,1219.2,251546.0,330214.0
2025-06-20 10:21:35.641156,1219.2,251546.0,330214.0
2025-06-20 10:21:35.791942,1219.2,251338.0,330350.0
2025-06-20 10:21:36.692113,1219.2,252128.0,330555.0
2025-06-20 10:21:37.594760,1219.2,251398.0,332561.0
2025-06-20 10:21:37.689110,1219.2,251398.0,332561.0
2025-06-20 10:21:38.493898,1219.2,251624.0,332408.0
2025-06-20 10:21:39.408227,1219.1,251585.0,332473.0
2025-06-20 10:21:39.641235,1219.1,251585.0,332473.0
2025-06-20 10:21:40.415107,1219.1,251521.0,332555.0
2025-06-20 10:21:40.642001,1219.1,251521.0,332555.0
2025-06-20 10:21:41.299229,1219.1,251830.0,332252.0
2025-06-20 10:21:41.850247,1219.1,251830.0,332252.0
2025-06-20 10:21:42.202526,1219.1,251830.0,332252.0
2025-06-20 10:21:42.301353,1219.1,251977.0,332448.0
2025-06-20 10:21:42.479715,1219.1,251977.0,332448.0
2025-06-20 10:21:43.098990,1219.1,251977.0,332448.0
2025-06-20 10:21:43.297985,1219.1,251671.0,332534.0
2025-06-20 10:21:43.382442,1219.1,251671.0,332534.0
2025-06-20 10:21:44.201134,1219.1,251714.0,332566.0
2025-06-20 10:21:44.455347,1219.1,251714.0,332566.0
2025-06-20 10:21:44.644815,1219.1,251714.0,332566.0
2025-06-20 10:21:44.842453,1219.1,251714.0,332566.0
2025-06-20 10:21:45.103653,1219.1,252232.0,331743.0
2025-06-20 10:21:45.479994,1219.1,252232.0,331743.0
2025-06-20 10:21:45.704417,1219.1,252232.0,331743.0
2025-06-20 10:21:45.826874,1219.1,252232.0,331743.0
2025-06-20 10:21:46.102082,1219.2,252163.0,332413.0
2025-06-20 10:21:46.685898,1219.2,252163.0,332413.0
2025-06-20 10:21:46.899087,1219.2,252163.0,332413.0
2025-06-20 10:21:47.214734,1219.2,252784.0,332104.0
2025-06-20 10:21:48.140972,1219.2,252784.0,332104.0
2025-06-20 10:21:48.306265,1219.2,252447.0,332586.0
2025-06-20 10:21:48.650771,1219.2,252447.0,332586.0
2025-06-20 10:21:49.145206,1219.2,252447.0,332586.0
2025-06-20 10:21:49.306146,1219.1,251864.0,332569.0
2025-06-20 10:21:49.690005,1219.1,251864.0,332569.0
2025-06-20 10:21:50.306655,1219.1,251973.0,332075.0
2025-06-20 10:21:50.708348,1219.1,251973.0,332075.0
2025-06-20 10:21:51.305231,1219.1,253171.0,330780.0
2025-06-20 10:21:51.988268,1219.1,253171.0,330780.0
2025-06-20 10:21:52.367351,1219.1,253087.0,331707.0
2025-06-20 10:21:53.219957,1219.1,253087.0,331707.0
2025-06-20 10:21:53.417780,1219.1,251631.0,332656.0
2025-06-20 10:21:53.641692,1219.2,251631.0,332656.0
2025-06-20 10:21:54.504867,1219.1,252222.0,330489.0
2025-06-20 10:21:54.648262,1219.1,252222.0,330489.0
2025-06-20 10:21:54.801454,1219.1,252222.0,330489.0
2025-06-20 10:21:55.506574,1219.1,252659.0,331220.0
2025-06-20 10:21:56.605258,1219.1,252309.0,330951.0
2025-06-20 10:21:57.705273,1219.1,252115.0,331158.0
2025-06-20 10:21:58.644156,1219.1,252115.0,331158.0
2025-06-20 10:21:58.708705,1219.1,251599.0,331071.0
2025-06-20 10:21:59.654664,1219.1,251599.0,331071.0
2025-06-20 10:21:59.713721,1219.1,251637.0,329992.0
2025-06-20 10:22:01.210445,1219.1,251645.0,330761.0
2025-06-20 10:22:01.690571,1219.1,251645.0,330761.0
2025-06-20 10:22:02.212783,1219.1,253669.0,330603.0
2025-06-20 10:22:02.686807,1219.2,253669.0,330603.0
2025-06-20 10:22:03.313359,1219.2,254042.0,329520.0
2025-06-20 10:22:04.444849,1219.1,254060.0,330000.0
2025-06-20 10:22:04.648444,1219.1,254060.0,330000.0
2025-06-20 10:22:05.512337,1219.4,254356.0,329773.0
2025-06-20 10:22:05.713915,1219.2,254356.0,329773.0
2025-06-20 10:22:06.424836,1219.4,254866.0,329949.0
2025-06-20 10:22:06.655251,1219.4,254866.0,329949.0
2025-06-20 10:22:07.772620,1219.2,253225.0,329522.0
2025-06-20 10:22:07.992980,1219.2,253225.0,329522.0
2025-06-20 10:22:08.578381,1219.1,253674.0,330130.0
2025-06-20 10:22:08.722317,1219.1,253674.0,330130.0
2025-06-20 10:22:09.615543,1219.1,249562.0,332064.0
2025-06-20 10:22:09.657719,1219.1,249562.0,332064.0
2025-06-20 10:22:11.291808,1219.1,249562.0,332064.0
2025-06-20 10:22:11.298880,1219.1,251423.0,332276.0
2025-06-20 10:22:11.815356,1219.1,251603.0,334393.0
2025-06-20 10:22:12.652010,1219.1,251603.0,334393.0
2025-06-20 10:22:12.815306,1219.1,251422.0,334517.0
2025-06-20 10:22:13.925762,1219.1,252207.0,333651.0
2025-06-20 10:22:14.670238,1219.1,252207.0,333651.0
2025-06-20 10:22:15.027412,1219.1,253372.0,333253.0
2025-06-20 10:22:16.117148,1219.1,253068.0,333797.0
2025-06-20 10:22:16.653033,1219.0,253068.0,333797.0
2025-06-20 10:22:17.216724,1219.2,252511.0,333448.0
2025-06-20 10:22:17.654501,1219.2,252511.0,333448.0
2025-06-20 10:22:18.216370,1219.2,252108.0,332381.0
2025-06-20 10:22:18.689111,1219.2,252108.0,332381.0
2025-06-20 10:22:19.119195,1219.2,252273.0,332420.0
2025-06-20 10:22:19.650271,1219.2,252273.0,332420.0
2025-06-20 10:22:20.217711,1219.2,252437.0,332638.0
2025-06-20 10:22:20.650472,1219.1,252437.0,332638.0
2025-06-20 10:22:21.318981,1219.1,252929.0,332417.0
2025-06-20 10:22:22.429849,1219.1,252974.0,332387.0
2025-06-20 10:22:22.672583,1219.1,252974.0,332387.0
2025-06-20 10:22:23.520430,1219.1,253015.0,332368.0
2025-06-20 10:22:24.433315,1219.1,252747.0,332719.0
2025-06-20 10:22:24.654880,1219.1,252747.0,332719.0
2025-06-20 10:22:25.523369,1219.1,251513.0,334025.0
2025-06-20 10:22:26.434482,1219.1,251507.0,334079.0
2025-06-20 10:22:27.623345,1219.1,251761.0,333831.0
2025-06-20 10:22:28.625455,1218.8,251346.0,333972.0
2025-06-20 10:22:28.659263,1218.8,251346.0,333972.0
2025-06-20 10:22:29.687483,1218.8,251346.0,333972.0
2025-06-20 10:22:29.731459,1218.8,251240.0,334453.0
2025-06-20 10:22:31.176586,1218.8,251316.0,334656.0
2025-06-20 10:22:31.827187,1218.8,251515.0,334443.0
2025-06-20 10:22:32.663812,1218.8,251515.0,334443.0
2025-06-20 10:22:32.827798,1218.8,251412.0,334457.0
2025-06-20 10:22:33.940795,1218.8,251965.0,333980.0
2025-06-20 10:22:34.720417,1218.8,251965.0,333980.0
2025-06-20 10:22:35.029196,1218.8,252598.0,334201.0
2025-06-20 10:22:36.130465,1218.8,252903.0,334704.0
2025-06-20 10:22:37.135152,1218.8,250907.0,334480.0
2025-06-20 10:22:38.232925,1218.8,252148.0,334518.0
2025-06-20 10:22:39.395132,1218.8,252178.0,334707.0
2025-06-20 10:22:39.658453,1218.8,252178.0,334707.0
2025-06-20 10:22:40.621126,1218.8,253391.0,333910.0
2025-06-20 10:22:40.734292,1218.8,253391.0,333910.0
2025-06-20 10:22:41.368043,1218.8,253258.0,334675.0
2025-06-20 10:22:42.443480,1218.8,251679.0,334839.0
2025-06-20 10:22:43.538129,1218.8,252354.0,334923.0
2025-06-20 10:22:44.642904,1218.8,252228.0,335006.0
2025-06-20 10:22:44.663054,1218.8,252228.0,335006.0
2025-06-20 10:22:45.637091,1218.8,252227.0,335006.0
2025-06-20 10:22:46.739524,1218.8,252247.0,335368.0
2025-06-20 10:22:47.745197,1218.8,252236.0,335463.0
2025-06-20 10:22:48.838506,1218.8,252364.0,334284.0
2025-06-20 10:22:49.656564,1218.8,252364.0,334284.0
2025-06-20 10:22:50.037586,1219.1,252107.0,334658.0
2025-06-20 10:22:50.652995,1219.1,252107.0,334658.0
2025-06-20 10:22:51.038353,1219.1,252157.0,334585.0
2025-06-20 10:22:51.652299,1219.1,252157.0,334585.0
2025-06-20 10:22:52.039735,1219.1,252174.0,334689.0
2025-06-20 10:22:53.038700,1219.1,252175.0,334689.0
2025-06-20 10:22:53.948807,1219.1,251715.0,334358.0
2025-06-20 10:22:54.656289,1218.8,251715.0,334358.0
2025-06-20 10:22:55.096221,1218.8,251689.0,335004.0
2025-06-20 10:22:55.656185,1218.8,251689.0,335004.0
2025-06-20 10:22:56.039147,1218.8,250748.0,335617.0
2025-06-20 10:22:57.145443,1218.8,251503.0,335809.0
2025-06-20 10:22:58.197347,1218.8,250883.0,335641.0
2025-06-20 10:22:58.678038,1218.8,250883.0,335641.0
2025-06-20 10:22:59.152470,1219.0,251432.0,335588.0
2025-06-20 10:22:59.653823,1218.8,251432.0,335588.0
2025-06-20 10:23:00.142812,1218.8,251561.0,335640.0
2025-06-20 10:23:00.653994,1218.8,251561.0,335640.0
2025-06-20 10:23:02.657666,1219.0,251561.0,335640.0
2025-06-20 10:23:04.665655,1218.8,251561.0,335640.0
2025-06-20 10:23:05.469313,1218.8,250801.0,337714.0
2025-06-20 10:23:06.663983,1219.0,250801.0,337714.0
2025-06-20 10:23:08.661750,1218.8,250801.0,337714.0
2025-06-20 10:23:10.659388,1218.6,250801.0,337714.0
2025-06-20 10:23:11.050192,1218.6,248324.0,339633.0
2025-06-20 10:23:14.660112,1218.1,248324.0,339633.0
2025-06-20 10:23:16.457277,1218.0,248355.0,342837.0
2025-06-20 10:23:16.660842,1217.9,248355.0,342837.0
2025-06-20 10:23:18.716068,1218.4,248355.0,342837.0
2025-06-20 10:23:20.661444,1218.0,248355.0,342837.0
2025-06-20 10:23:22.559805,1218.5,250409.0,340037.0
2025-06-20 10:23:22.658452,1218.5,250409.0,340037.0
2025-06-20 10:23:24.660496,1218.2,250409.0,340037.0
2025-06-20 10:23:26.661484,1218.5,250409.0,340037.0
2025-06-20 10:23:28.417789,1218.5,247644.0,337968.0
2025-06-20 10:23:28.678623,1218.5,247644.0,337968.0
2025-06-20 10:23:30.659055,1218.7,247644.0,337968.0
2025-06-20 10:23:32.668799,1218.2,247644.0,337968.0
2025-06-20 10:23:33.968833,1218.2,248938.0,339545.0
2025-06-20 10:23:34.669389,1218.3,248938.0,339545.0
2025-06-20 10:23:36.665097,1218.2,248938.0,339545.0
2025-06-20 10:23:38.664755,1218.0,248938.0,339545.0
2025-06-20 10:23:39.887127,1217.8,243364.0,344007.0
2025-06-20 10:23:40.766007,1217.8,243364.0,344007.0
2025-06-20 10:23:44.668186,1217.4,243364.0,344007.0
2025-06-20 10:23:46.094079,1217.4,245650.0,343604.0
2025-06-20 10:23:46.668724,1217.4,245650.0,343604.0
2025-06-20 10:23:48.679156,1217.5,245650.0,343604.0
2025-06-20 10:23:50.669477,1217.9,245650.0,343604.0
2025-06-20 10:23:51.783855,1217.9,246921.0,340723.0
2025-06-20 10:23:52.660451,1218.0,246921.0,340723.0
2025-06-20 10:23:54.671436,1217.6,246921.0,340723.0
2025-06-20 10:23:56.665263,1217.6,246921.0,340723.0
2025-06-20 10:23:57.484939,1217.6,248669.0,342068.0
2025-06-20 10:24:00.683748,1217.6,248669.0,342068.0
2025-06-20 10:24:01.181871,1217.6,247806.0,342645.0
2025-06-20 10:24:02.300554,1217.6,248620.0,342432.0
2025-06-20 10:24:02.657270,1217.6,248620.0,342432.0
2025-06-20 10:24:03.298521,1217.6,245486.0,342592.0
2025-06-20 10:24:04.399296,1217.5,246093.0,342705.0
2025-06-20 10:24:04.658709,1217.5,246093.0,342705.0
2025-06-20 10:24:05.486407,1217.5,245701.0,342801.0
2025-06-20 10:24:06.662579,1217.8,245701.0,342801.0
2025-06-20 10:24:07.396891,1217.8,246056.0,342072.0
2025-06-20 10:24:07.717853,1217.8,246056.0,342072.0
2025-06-20 10:24:08.292873,1217.8,246148.0,342766.0
2025-06-20 10:24:08.658429,1217.5,246148.0,342766.0
2025-06-20 10:24:09.401625,1217.6,246561.0,342765.0
2025-06-20 10:24:09.763820,1217.6,246561.0,342765.0
2025-06-20 10:24:10.323034,1217.6,246561.0,342765.0
2025-06-20 10:24:10.925021,1217.6,246561.0,342765.0
2025-06-20 10:24:11.404828,1217.6,246469.0,342826.0
2025-06-20 10:24:12.427210,1217.6,246412.0,342719.0
2025-06-20 10:24:14.054350,1217.8,246999.0,342810.0
2025-06-20 10:24:14.096444,1217.8,246999.0,342810.0
2025-06-20 10:24:14.631307,1217.6,246901.0,343284.0
2025-06-20 10:24:14.677552,1217.6,246901.0,343284.0
2025-06-20 10:24:15.654335,1217.8,246901.0,343284.0
2025-06-20 10:24:15.702430,1217.8,246925.0,342582.0
2025-06-20 10:24:16.744312,1217.6,246925.0,342582.0
2025-06-20 10:24:16.792746,1217.6,246608.0,342878.0
2025-06-20 10:24:17.907392,1217.6,247800.0,342998.0
2025-06-20 10:24:18.994209,1217.6,247795.0,342648.0
2025-06-20 10:24:19.656023,1217.6,247795.0,342648.0
2025-06-20 10:24:20.098802,1217.6,246278.0,343788.0
2025-06-20 10:24:20.668543,1217.6,246278.0,343788.0
2025-06-20 10:24:21.097155,1217.6,246150.0,343684.0
2025-06-20 10:24:21.659994,1217.6,246150.0,343684.0
2025-06-20 10:24:22.200420,1217.6,246317.0,343479.0
2025-06-20 10:24:23.308024,1217.6,246126.0,343648.0
2025-06-20 10:24:23.664284,1217.6,246126.0,343648.0
2025-06-20 10:24:24.415462,1217.7,246234.0,342609.0
2025-06-20 10:24:24.666633,1217.7,246234.0,342609.0
2025-06-20 10:24:25.502535,1217.6,245853.0,344702.0
2025-06-20 10:24:25.668333,1217.6,245853.0,344702.0
2025-06-20 10:24:26.414204,1217.6,246433.0,344696.0
2025-06-20 10:24:26.656663,1217.6,246433.0,344696.0
2025-06-20 10:24:27.499118,1217.6,246387.0,344920.0
2025-06-20 10:24:28.601388,1217.6,246243.0,344561.0
2025-06-20 10:24:28.659424,1217.6,246243.0,344561.0
2025-06-20 10:24:29.664571,1217.6,246243.0,344561.0
2025-06-20 10:24:29.711709,1217.6,246240.0,344608.0
2025-06-20 10:24:30.657875,1217.7,246240.0,344608.0
2025-06-20 10:24:30.802952,1217.7,246328.0,344022.0
2025-06-20 10:24:31.804132,1217.7,246783.0,344188.0
2025-06-20 10:24:32.657729,1217.7,246783.0,344188.0
2025-06-20 10:24:32.918053,1217.7,246850.0,344209.0
2025-06-20 10:24:34.006052,1217.7,246808.0,344192.0
2025-06-20 10:24:34.662747,1217.6,246808.0,344192.0
2025-06-20 10:24:35.108951,1217.6,246678.0,344211.0
2025-06-20 10:24:35.657228,1217.7,246678.0,344211.0
2025-06-20 10:24:36.204871,1217.7,246192.0,343653.0
2025-06-20 10:24:36.659635,1217.8,246192.0,343653.0
2025-06-20 10:24:37.305322,1217.8,246138.0,344378.0
2025-06-20 10:24:37.657083,1217.8,246138.0,344378.0
2025-06-20 10:24:38.422360,1217.8,246186.0,344327.0
2025-06-20 10:24:39.507933,1217.6,246155.0,344495.0
2025-06-20 10:24:39.657305,1217.6,246155.0,344495.0
2025-06-20 10:24:40.607583,1217.6,246194.0,344433.0
2025-06-20 10:24:40.665312,1217.6,246194.0,344433.0
2025-06-20 10:24:41.709359,1217.6,246171.0,344763.0
2025-06-20 10:24:42.328735,1217.6,246171.0,344763.0
2025-06-20 10:24:42.809040,1217.6,246171.0,344894.0
2025-06-20 10:24:42.962703,1217.6,246171.0,344894.0
2025-06-20 10:24:43.529437,1217.6,246171.0,344894.0
2025-06-20 10:24:43.657168,1217.6,246171.0,344894.0
2025-06-20 10:24:43.714225,1217.6,246273.0,345073.0
2025-06-20 10:24:43.785899,1217.6,246273.0,345073.0
2025-06-20 10:24:44.038108,1217.6,246273.0,345073.0
2025-06-20 10:24:44.701455,1217.6,246273.0,345073.0
2025-06-20 10:24:44.810227,1217.6,246239.0,344717.0
2025-06-20 10:24:45.087221,1217.6,246239.0,344717.0
2025-06-20 10:24:45.658782,1217.6,246239.0,344717.0
2025-06-20 10:24:45.923305,1217.6,246229.0,344694.0
2025-06-20 10:24:46.102290,1217.6,246229.0,344694.0
2025-06-20 10:24:47.010242,1217.6,246273.0,344633.0
2025-06-20 10:24:47.686837,1217.6,246273.0,344633.0
2025-06-20 10:24:47.702478,1217.8,246273.0,344633.0
2025-06-20 10:24:48.111225,1217.8,246293.0,344661.0
2025-06-20 10:24:48.818354,1217.8,246293.0,344661.0
2025-06-20 10:24:49.209843,1217.8,246485.0,344705.0
2025-06-20 10:24:49.656868,1217.8,246485.0,344705.0
2025-06-20 10:24:49.795886,1217.8,246485.0,344705.0
2025-06-20 10:24:50.110625,1217.8,246487.0,344655.0
2025-06-20 10:24:51.213553,1217.8,246489.0,343870.0
2025-06-20 10:24:51.326226,1217.8,246489.0,343870.0
2025-06-20 10:24:52.310857,1217.8,246781.0,343102.0
2025-06-20 10:24:52.597098,1217.8,246781.0,343102.0
2025-06-20 10:24:53.512988,1217.6,246976.0,343812.0
2025-06-20 10:24:53.665225,1217.6,246976.0,343812.0
2025-06-20 10:24:53.838393,1217.6,246976.0,343812.0
2025-06-20 10:24:54.514161,1217.6,246884.0,343884.0
2025-06-20 10:24:54.662304,1217.6,246884.0,343884.0
2025-06-20 10:24:55.462431,1217.6,246884.0,343884.0
2025-06-20 10:24:55.614037,1217.6,247531.0,343972.0
2025-06-20 10:24:56.655965,1217.7,247531.0,343972.0
2025-06-20 10:24:56.714042,1217.7,247534.0,343968.0
2025-06-20 10:24:57.659481,1217.7,247534.0,343968.0
2025-06-20 10:24:57.817417,1217.7,247455.0,343870.0
2025-06-20 10:24:58.939162,1217.7,247501.0,343649.0
2025-06-20 10:25:00.016962,1217.7,247422.0,343705.0
2025-06-20 10:25:00.662751,1217.7,247422.0,343705.0
2025-06-20 10:25:04.672805,1217.8,247422.0,343705.0
2025-06-20 10:25:06.323023,1217.9,247665.0,342098.0
2025-06-20 10:25:06.664086,1217.9,247665.0,342098.0
2025-06-20 10:25:10.720974,1217.7,247665.0,342098.0
2025-06-20 10:25:12.528087,1217.7,246129.0,344205.0
2025-06-20 10:25:14.665840,1217.7,246129.0,344205.0
2025-06-20 10:25:17.662174,1217.7,246129.0,344205.0
2025-06-20 10:25:18.631376,1217.7,244634.0,343822.0
2025-06-20 10:25:20.704270,1217.7,244634.0,343822.0
2025-06-20 10:25:24.735493,1217.7,246731.0,342998.0
2025-06-20 10:25:26.785476,1217.7,246731.0,342998.0
2025-06-20 10:25:29.660929,1217.7,246731.0,342998.0
2025-06-20 10:25:30.738994,1217.9,251090.0,339100.0
2025-06-20 10:25:32.666963,1218.1,251090.0,339100.0
2025-06-20 10:25:35.668708,1218.0,251090.0,339100.0
2025-06-20 10:25:37.044382,1218.0,251405.0,338653.0
2025-06-20 10:25:38.662090,1218.0,251405.0,338653.0
2025-06-20 10:25:41.662226,1218.0,251405.0,338653.0
2025-06-20 10:25:43.416501,1218.0,247357.0,341310.0
2025-06-20 10:25:44.672095,1218.4,247357.0,341310.0
2025-06-20 10:25:47.667518,1218.2,247357.0,341310.0
2025-06-20 10:25:49.464312,1218.8,247903.0,338918.0
2025-06-20 10:25:50.672089,1218.8,247903.0,338918.0
2025-06-20 10:25:53.666434,1218.2,247903.0,338918.0
2025-06-20 10:25:55.512748,1218.7,248907.0,339954.0
2025-06-20 10:25:56.666891,1218.0,248907.0,339954.0
2025-06-20 10:25:59.669620,1218.0,248907.0,339954.0
2025-06-20 10:26:01.660656,1218.5,248907.0,339954.0
2025-06-20 10:26:01.670833,1218.5,246283.0,340311.0
2025-06-20 10:26:02.672631,1218.5,247614.0,339603.0
2025-06-20 10:26:03.675753,1218.5,248399.0,339728.0
2025-06-20 10:26:04.669705,1218.5,249769.0,338593.0
2025-06-20 10:26:05.763103,1218.5,249915.0,338511.0
2025-06-20 10:26:06.660177,1218.2,249915.0,338511.0
2025-06-20 10:26:06.862893,1218.2,249908.0,338730.0
2025-06-20 10:26:07.663633,1218.2,249908.0,338730.0
2025-06-20 10:26:08.363231,1218.2,252356.0,337314.0
2025-06-20 10:26:09.467960,1218.3,251278.0,337753.0
2025-06-20 10:26:09.662983,1218.3,251278.0,337753.0
2025-06-20 10:26:10.471752,1218.4,251456.0,337517.0
2025-06-20 10:26:10.664740,1218.4,251456.0,337517.0
2025-06-20 10:26:11.568359,1218.4,250186.0,337311.0
2025-06-20 10:26:12.674629,1218.4,250082.0,337235.0
2025-06-20 10:26:13.677388,1218.4,250221.0,337169.0
2025-06-20 10:26:14.581375,1218.6,252169.0,336204.0
2025-06-20 10:26:14.664306,1218.6,252169.0,336204.0
2025-06-20 10:26:15.663112,1218.5,252169.0,336204.0
2025-06-20 10:26:15.676946,1218.5,250384.0,336384.0
2025-06-20 10:26:16.660576,1218.3,250384.0,336384.0
2025-06-20 10:26:16.770148,1218.3,250452.0,336672.0
2025-06-20 10:26:17.873151,1218.3,250236.0,336503.0
2025-06-20 10:26:18.974160,1218.3,251547.0,336321.0
2025-06-20 10:26:19.662744,1218.4,251547.0,336321.0
2025-06-20 10:26:20.075108,1218.4,251653.0,336169.0
2025-06-20 10:26:20.693775,1218.4,251653.0,336169.0
2025-06-20 10:26:21.075433,1218.4,251529.0,336116.0
2025-06-20 10:26:22.182071,1218.4,251529.0,335953.0
2025-06-20 10:26:23.278182,1218.4,251508.0,336000.0
2025-06-20 10:26:24.279805,1218.4,251855.0,336025.0
2025-06-20 10:26:24.663425,1218.7,251855.0,336025.0
2025-06-20 10:26:25.281416,1218.7,253201.0,331816.0
2025-06-20 10:26:26.279039,1218.7,253197.0,332415.0
2025-06-20 10:26:27.281281,1218.7,253228.0,333303.0
2025-06-20 10:26:28.281603,1218.6,251976.0,333232.0
2025-06-20 10:26:28.667344,1218.6,251976.0,333232.0
2025-06-20 10:26:29.280907,1218.7,251905.0,333305.0
2025-06-20 10:26:29.663083,1218.7,251905.0,333305.0
2025-06-20 10:26:30.382649,1218.7,251963.0,333286.0
2025-06-20 10:26:31.385106,1218.9,252095.0,333052.0
2025-06-20 10:26:31.671202,1218.9,252095.0,333052.0
2025-06-20 10:26:32.387659,1218.9,252814.0,332287.0
2025-06-20 10:26:32.665310,1218.9,252814.0,332287.0
2025-06-20 10:26:33.389372,1218.9,252751.0,331566.0
2025-06-20 10:26:33.662443,1218.9,252751.0,331566.0
2025-06-20 10:26:34.489565,1218.8,252257.0,332233.0
2025-06-20 10:26:34.667959,1218.8,252257.0,332233.0
2025-06-20 10:26:35.489737,1219.1,253751.0,326163.0
2025-06-20 10:26:35.676434,1219.1,253751.0,326163.0
2025-06-20 10:26:36.488751,1218.9,253481.0,331011.0
2025-06-20 10:26:36.669364,1218.9,253481.0,331011.0
2025-06-20 10:26:37.490811,1219.5,251933.0,331006.0
2025-06-20 10:26:37.674236,1219.5,251933.0,331006.0
2025-06-20 10:26:38.539553,1219.5,251583.0,331248.0
2025-06-20 10:26:39.397188,1219.0,251726.0,331311.0
2025-06-20 10:26:39.673109,1219.0,251726.0,331311.0
2025-06-20 10:26:40.398159,1219.0,251779.0,331291.0
2025-06-20 10:26:40.661731,1219.0,251779.0,331291.0
2025-06-20 10:26:41.396925,1219.0,253211.0,331212.0
2025-06-20 10:26:41.659292,1219.1,253211.0,331212.0
2025-06-20 10:26:42.503902,1219.1,252992.0,331318.0
2025-06-20 10:26:42.704207,1219.5,252992.0,331318.0
2025-06-20 10:26:43.589400,1219.5,252483.0,331256.0
2025-06-20 10:26:44.811218,1219.1,252483.0,331256.0
2025-06-20 10:26:45.192646,1219.1,252251.0,331118.0
2025-06-20 10:26:45.665683,1219.5,252251.0,331118.0
2025-06-20 10:26:46.198406,1219.9,251866.0,328059.0
2025-06-20 10:26:46.711188,1219.9,251866.0,328059.0
2025-06-20 10:26:47.297913,1219.9,251081.0,328728.0
2025-06-20 10:26:48.413768,1219.9,251287.0,330801.0
2025-06-20 10:26:49.505963,1219.0,245054.0,331517.0
2025-06-20 10:26:49.706715,1219.0,245054.0,331517.0
2025-06-20 10:26:50.600868,1219.0,251447.0,331135.0
2025-06-20 10:26:51.677619,1219.5,252358.0,330960.0
2025-06-20 10:26:51.704495,1219.5,252358.0,330960.0
2025-06-20 10:26:52.673774,1219.5,252358.0,330960.0
2025-06-20 10:26:52.921580,1219.5,251950.0,329463.0
2025-06-20 10:26:53.687926,1219.5,251950.0,329463.0
2025-06-20 10:26:53.805501,1219.5,252169.0,330510.0
2025-06-20 10:26:54.698958,1219.2,252169.0,330510.0
2025-06-20 10:26:54.939415,1219.2,251694.0,330634.0
2025-06-20 10:26:56.105226,1219.4,252852.0,330968.0
2025-06-20 10:26:57.010599,1219.4,252852.0,330968.0
2025-06-20 10:26:57.104485,1219.9,251513.0,329896.0
2025-06-20 10:26:57.695459,1219.8,251513.0,329896.0
2025-06-20 10:26:58.104803,1219.8,250958.0,330922.0
2025-06-20 10:26:59.208091,1219.3,251592.0,331630.0
2025-06-20 10:26:59.709490,1219.2,251592.0,331630.0
2025-06-20 10:27:00.306136,1219.7,251563.0,331914.0
2025-06-20 10:27:01.209760,1219.7,251668.0,328975.0
2025-06-20 10:27:01.688191,1219.7,251668.0,328975.0
2025-06-20 10:27:02.305996,1219.7,255119.0,327257.0
2025-06-20 10:27:03.421252,1219.7,253974.0,328145.0
2025-06-20 10:27:03.690563,1219.8,253974.0,328145.0
2025-06-20 10:27:04.521903,1219.9,254479.0,326601.0
2025-06-20 10:27:04.713578,1219.9,254479.0,326601.0
2025-06-20 10:27:05.608062,1219.9,253212.0,326518.0
2025-06-20 10:27:06.610527,1220.0,254318.0,323418.0
2025-06-20 10:27:06.700005,1220.0,254318.0,323418.0
2025-06-20 10:27:07.610082,1220.0,255856.0,324586.0
2025-06-20 10:27:07.689874,1220.0,255856.0,324586.0
2025-06-20 10:27:08.609895,1220.1,253720.0,324254.0
2025-06-20 10:27:08.711696,1220.0,253720.0,324254.0
2025-06-20 10:27:09.687585,1220.0,253720.0,324254.0
2025-06-20 10:27:09.723669,1220.0,252797.0,324222.0
2025-06-20 10:27:10.684295,1220.1,252797.0,324222.0
2025-06-20 10:27:10.749901,1220.1,253264.0,321641.0
2025-06-20 10:27:11.670367,1220.7,253264.0,321641.0
2025-06-20 10:27:11.812006,1220.7,252252.0,323744.0
2025-06-20 10:27:12.669081,1220.7,252252.0,323744.0
2025-06-20 10:27:12.924852,1220.7,250861.0,325488.0
2025-06-20 10:27:13.679457,1220.7,250861.0,325488.0
2025-06-20 10:27:14.151863,1220.7,251232.0,324180.0
2025-06-20 10:27:14.670101,1220.3,251232.0,324180.0
2025-06-20 10:27:15.113707,1220.3,252809.0,323315.0
2025-06-20 10:27:15.663925,1220.5,252809.0,323315.0
2025-06-20 10:27:16.219695,1221.2,251224.0,316019.0
2025-06-20 10:27:16.664031,1221.2,251224.0,316019.0
2025-06-20 10:27:17.664753,1221.2,251224.0,316019.0
2025-06-20 10:27:17.731543,1221.2,251153.0,318078.0
2025-06-20 10:27:18.671671,1221.2,251153.0,318078.0
2025-06-20 10:27:18.819486,1221.2,250464.0,319939.0
2025-06-20 10:27:19.662873,1221.2,250464.0,319939.0
2025-06-20 10:27:19.954490,1221.2,250709.0,320105.0
2025-06-20 10:27:20.670666,1221.2,250709.0,320105.0
2025-06-20 10:27:21.021142,1221.2,249932.0,318590.0
2025-06-20 10:27:21.663757,1221.2,249932.0,318590.0
2025-06-20 10:27:22.121946,1221.2,250921.0,318748.0
2025-06-20 10:27:23.226394,1221.7,248893.0,317730.0
2025-06-20 10:27:24.134751,1221.2,248893.0,317730.0
2025-06-20 10:27:24.323811,1221.2,249064.0,320740.0
2025-06-20 10:27:25.473882,1221.2,247828.0,320588.0
2025-06-20 10:27:25.674020,1221.2,247828.0,320588.0
2025-06-20 10:27:26.529856,1221.2,248331.0,321272.0
2025-06-20 10:27:26.667026,1221.2,248331.0,321272.0
2025-06-20 10:27:27.625620,1221.2,248853.0,321809.0
2025-06-20 10:27:28.627866,1221.4,248446.0,321548.0
2025-06-20 10:27:28.685571,1221.4,248446.0,321548.0
2025-06-20 10:27:29.809589,1221.4,247592.0,321214.0
2025-06-20 10:27:30.708738,1221.2,248492.0,321272.0
2025-06-20 10:27:31.342724,1221.2,248492.0,321272.0
2025-06-20 10:27:31.679555,1221.2,248492.0,321272.0
2025-06-20 10:27:31.739434,1221.2,248391.0,320695.0
2025-06-20 10:27:32.743116,1221.2,250378.0,320416.0
2025-06-20 10:27:33.833826,1221.4,250338.0,320467.0
2025-06-20 10:27:34.690034,1221.3,250338.0,320467.0
2025-06-20 10:27:34.947605,1221.3,250361.0,319820.0
2025-06-20 10:27:35.667821,1221.3,250361.0,319820.0
2025-06-20 10:27:36.033526,1221.3,248317.0,320892.0
2025-06-20 10:27:36.690728,1221.3,248317.0,320892.0
2025-06-20 10:27:37.167729,1221.3,248324.0,321173.0
2025-06-20 10:27:37.677122,1221.3,248324.0,321173.0
2025-06-20 10:27:38.037543,1221.3,248180.0,321676.0
2025-06-20 10:27:38.718867,1221.3,248180.0,321676.0
2025-06-20 10:27:39.142363,1221.4,247543.0,322626.0
2025-06-20 10:27:39.693721,1221.1,247543.0,322626.0
2025-06-20 10:27:40.240004,1221.1,247520.0,322638.0
2025-06-20 10:27:40.681627,1221.1,247520.0,322638.0
2025-06-20 10:27:41.344009,1221.1,247495.0,322618.0
2025-06-20 10:27:42.553893,1221.1,247884.0,322831.0
2025-06-20 10:27:42.698096,1221.1,247884.0,322831.0
2025-06-20 10:27:43.034298,1221.1,247884.0,322831.0
2025-06-20 10:27:43.542496,1221.3,247834.0,321395.0
2025-06-20 10:27:43.676931,1221.3,247834.0,321395.0
2025-06-20 10:27:43.696860,1221.3,247834.0,321395.0
2025-06-20 10:27:44.265893,1221.3,247834.0,321395.0
2025-06-20 10:27:44.547520,1221.1,248083.0,321658.0
2025-06-20 10:27:44.628149,1221.1,248083.0,321658.0
2025-06-20 10:27:44.670059,1221.1,248083.0,321658.0
2025-06-20 10:27:45.286785,1221.1,248083.0,321658.0
2025-06-20 10:27:45.644105,1221.1,249168.0,321614.0
2025-06-20 10:27:45.674707,1221.1,249168.0,321614.0
2025-06-20 10:27:45.781692,1221.1,249168.0,321614.0
2025-06-20 10:27:46.297881,1221.1,249168.0,321614.0
2025-06-20 10:27:46.785993,1221.1,247794.0,323130.0
2025-06-20 10:27:47.690551,1221.1,247794.0,323130.0
2025-06-20 10:27:47.720174,1221.1,247794.0,323130.0
2025-06-20 10:27:47.850141,1221.1,247884.0,323129.0
2025-06-20 10:27:48.675988,1221.2,247884.0,323129.0
2025-06-20 10:27:48.979460,1221.2,247542.0,323793.0
2025-06-20 10:27:49.044799,1221.2,247542.0,323793.0
2025-06-20 10:27:49.676318,1221.1,247542.0,323793.0
2025-06-20 10:27:50.005191,1221.1,247542.0,323793.0
2025-06-20 10:27:50.046483,1221.1,247538.0,323621.0
2025-06-20 10:27:51.048287,1221.1,247538.0,323562.0
2025-06-20 10:27:51.515689,1221.1,247538.0,323562.0
2025-06-20 10:27:52.049686,1221.1,247672.0,322298.0
2025-06-20 10:27:52.828417,1221.1,247672.0,322298.0
2025-06-20 10:27:53.150670,1221.1,248169.0,321454.0
2025-06-20 10:27:54.032858,1221.1,248169.0,321454.0
2025-06-20 10:27:54.250563,1221.1,248627.0,322269.0
2025-06-20 10:27:54.679905,1221.1,248627.0,322269.0
2025-06-20 10:27:55.482204,1221.0,248547.0,323484.0
2025-06-20 10:27:55.626850,1221.0,248547.0,323484.0
2025-06-20 10:27:55.706980,1221.0,248547.0,323484.0
2025-06-20 10:27:56.483014,1221.0,248554.0,323640.0
2025-06-20 10:27:56.676392,1221.0,248554.0,323640.0
2025-06-20 10:27:57.472202,1221.0,248504.0,323654.0
2025-06-20 10:27:57.678285,1221.1,248504.0,323654.0
2025-06-20 10:27:58.462322,1221.1,248558.0,323619.0
2025-06-20 10:27:59.468396,1221.1,248560.0,323618.0
2025-06-20 10:28:01.065303,1221.0,252615.0,322559.0
2025-06-20 10:28:01.716384,1221.0,252615.0,322559.0
2025-06-20 10:28:02.158112,1221.0,251840.0,323175.0
2025-06-20 10:28:03.057788,1221.0,251626.0,323369.0
2025-06-20 10:28:03.684138,1221.0,251626.0,323369.0
2025-06-20 10:28:04.158840,1221.0,253240.0,322667.0
2025-06-20 10:28:04.669906,1221.1,253240.0,322667.0
2025-06-20 10:28:05.267364,1221.0,251668.0,322642.0
2025-06-20 10:28:05.671652,1221.0,251668.0,322642.0
2025-06-20 10:28:06.360378,1221.1,251759.0,322247.0
2025-06-20 10:28:06.670397,1221.1,251759.0,322247.0
2025-06-20 10:28:07.469425,1221.1,251889.0,322890.0
2025-06-20 10:28:07.674189,1221.1,251889.0,322890.0
2025-06-20 10:28:08.559761,1221.1,251849.0,322954.0
2025-06-20 10:28:09.660835,1221.1,251732.0,323636.0
2025-06-20 10:28:09.670201,1221.1,251732.0,323636.0
2025-06-20 10:28:10.671367,1220.5,251732.0,323636.0
2025-06-20 10:28:10.760666,1220.5,251569.0,328229.0
2025-06-20 10:28:11.861614,1220.5,252767.0,327704.0
2025-06-20 10:28:12.969220,1220.5,252767.0,326927.0
2025-06-20 10:28:14.074306,1220.5,252740.0,327469.0
2025-06-20 10:28:14.670385,1220.4,252740.0,327469.0
2025-06-20 10:28:15.164140,1220.4,250810.0,328196.0
2025-06-20 10:28:15.672221,1220.4,250810.0,328196.0
2025-06-20 10:28:16.266987,1220.4,251090.0,328217.0
2025-06-20 10:28:17.368594,1220.2,252222.0,328966.0
2025-06-20 10:28:17.670566,1220.2,252222.0,328966.0
2025-06-20 10:28:18.467436,1220.2,252338.0,329176.0
2025-06-20 10:28:18.671593,1220.2,252338.0,329176.0
2025-06-20 10:28:19.567631,1220.0,252068.0,330073.0
2025-06-20 10:28:19.736550,1220.0,252068.0,330073.0
2025-06-20 10:28:20.672213,1220.0,252068.0,330073.0
2025-06-20 10:28:20.681189,1220.0,251767.0,329841.0
2025-06-20 10:28:21.709116,1220.0,251830.0,330002.0
2025-06-20 10:28:22.714630,1220.0,251830.0,330002.0
2025-06-20 10:28:22.720004,1220.0,250161.0,331518.0
2025-06-20 10:28:23.689984,1220.1,250161.0,331518.0
2025-06-20 10:28:23.776438,1220.1,249303.0,331936.0
2025-06-20 10:28:24.674245,1219.7,249303.0,331936.0
2025-06-20 10:28:24.886357,1219.7,249364.0,331724.0
2025-06-20 10:28:25.670585,1219.7,249364.0,331724.0
2025-06-20 10:28:25.982148,1219.7,248729.0,332509.0
2025-06-20 10:28:27.076923,1219.7,249324.0,332432.0
2025-06-20 10:28:28.276049,1219.7,249147.0,333400.0
2025-06-20 10:28:29.375885,1219.7,249263.0,333565.0
2025-06-20 10:28:29.669821,1219.7,249263.0,333565.0
2025-06-20 10:28:30.480158,1219.7,249143.0,333520.0
2025-06-20 10:28:30.671219,1219.7,249143.0,333520.0
2025-06-20 10:28:31.577708,1219.7,249086.0,334806.0
2025-06-20 10:28:31.672552,1219.7,249086.0,334806.0
2025-06-20 10:28:32.692004,1219.7,248891.0,334903.0
2025-06-20 10:28:33.579677,1219.7,249430.0,335433.0
2025-06-20 10:28:34.597675,1219.7,249801.0,334975.0
2025-06-20 10:28:34.669874,1219.7,249801.0,334975.0
2025-06-20 10:28:35.587765,1219.7,250627.0,334110.0
2025-06-20 10:28:36.681793,1219.7,250627.0,334110.0
2025-06-20 10:28:36.716158,1219.7,250551.0,334565.0
2025-06-20 10:28:37.785061,1219.7,250791.0,334442.0
2025-06-20 10:28:39.125842,1219.7,250196.0,334442.0
2025-06-20 10:28:39.692722,1219.8,250196.0,334442.0
2025-06-20 10:28:39.933684,1219.8,249266.0,334937.0
2025-06-20 10:28:40.672707,1219.7,249266.0,334937.0
2025-06-20 10:28:40.986990,1219.7,249168.0,335276.0
2025-06-20 10:28:41.673281,1219.7,249168.0,335276.0
2025-06-20 10:28:41.987743,1219.7,249151.0,335658.0
2025-06-20 10:28:42.672886,1219.7,249151.0,335658.0
2025-06-20 10:28:43.086245,1219.8,249999.0,334966.0
2025-06-20 10:28:43.672862,1219.7,249999.0,334966.0
2025-06-20 10:28:44.093938,1219.7,249297.0,335049.0
2025-06-20 10:28:45.187640,1219.7,249291.0,334994.0
2025-06-20 10:28:45.678799,1219.7,249291.0,334994.0
2025-06-20 10:28:46.088764,1219.8,250965.0,333763.0
2025-06-20 10:28:46.675500,1219.8,250965.0,333763.0
2025-06-20 10:28:47.189748,1219.7,251135.0,333877.0
2025-06-20 10:28:47.672105,1219.7,251135.0,333877.0
2025-06-20 10:28:48.290589,1219.7,251217.0,333890.0
2025-06-20 10:28:49.393945,1219.7,251334.0,333630.0
2025-06-20 10:28:49.675231,1219.7,251334.0,333630.0
2025-06-20 10:28:50.737916,1219.7,251334.0,333630.0
2025-06-20 10:28:51.091374,1219.7,251416.0,333208.0
2025-06-20 10:28:52.090511,1219.7,251417.0,332571.0
2025-06-20 10:28:53.191075,1219.7,251254.0,332621.0
2025-06-20 10:28:54.290848,1219.7,251920.0,333191.0
2025-06-20 10:28:54.675801,1219.7,251920.0,333191.0
2025-06-20 10:28:55.406829,1219.7,251804.0,333394.0
2025-06-20 10:28:56.499157,1219.7,251138.0,334080.0
2025-06-20 10:28:57.595683,1219.7,251296.0,334162.0
2025-06-20 10:28:57.684081,1219.7,251296.0,334162.0
2025-06-20 10:28:58.676307,1219.8,251296.0,334162.0
2025-06-20 10:28:58.723596,1219.8,251057.0,333835.0
2025-06-20 10:28:59.671387,1219.7,251057.0,333835.0
2025-06-20 10:28:59.793958,1219.7,251164.0,333726.0
2025-06-20 10:29:00.685105,1219.7,251164.0,333726.0
2025-06-20 10:29:03.196086,1219.7,251066.0,333788.0
2025-06-20 10:29:04.719302,1219.7,251066.0,333788.0
2025-06-20 10:29:06.683523,1219.8,251066.0,333788.0
2025-06-20 10:29:08.678722,1219.4,251066.0,333788.0
2025-06-20 10:29:09.201341,1219.4,248703.0,335958.0
2025-06-20 10:29:10.684474,1219.3,248703.0,335958.0
2025-06-20 10:29:12.722503,1219.4,248703.0,335958.0
2025-06-20 10:29:14.684071,1219.8,248703.0,335958.0
2025-06-20 10:29:15.429289,1219.8,250924.0,333665.0
2025-06-20 10:29:16.688169,1219.6,250924.0,333665.0
2025-06-20 10:29:18.988699,1219.4,250924.0,333665.0
2025-06-20 10:29:20.718674,1219.4,250924.0,333665.0
2025-06-20 10:29:21.310425,1219.4,252228.0,333292.0
2025-06-20 10:29:22.696662,1219.6,252228.0,333292.0
2025-06-20 10:29:24.714993,1219.4,252228.0,333292.0
2025-06-20 10:29:26.689836,1219.6,252228.0,333292.0
2025-06-20 10:29:26.954391,1219.6,251585.0,334198.0
2025-06-20 10:29:30.730017,1219.4,251585.0,334198.0
2025-06-20 10:29:32.635717,1219.4,251513.0,334529.0
2025-06-20 10:29:34.683603,1219.4,251513.0,334529.0
2025-06-20 10:29:37.678425,1219.6,251513.0,334529.0
2025-06-20 10:29:38.454955,1219.6,250602.0,334939.0
2025-06-20 10:29:40.682381,1219.6,250602.0,334939.0
2025-06-20 10:29:43.679504,1219.9,250602.0,334939.0
2025-06-20 10:29:44.716579,1219.6,249658.0,334600.0
2025-06-20 10:29:45.714318,1219.6,249658.0,334600.0
2025-06-20 10:29:49.696988,1219.6,249658.0,334600.0
2025-06-20 10:29:50.330930,1219.6,245974.0,333965.0
2025-06-20 10:29:55.709918,1219.6,245974.0,333965.0
2025-06-20 10:29:56.035086,1219.6,245976.0,334618.0
2025-06-20 10:29:58.684077,1219.4,245976.0,334618.0
2025-06-20 10:30:00.706139,1219.6,245976.0,334618.0
2025-06-20 10:30:01.238345,1219.6,245644.0,337809.0
2025-06-20 10:30:01.676755,1219.3,245644.0,337809.0
2025-06-20 10:30:02.239737,1219.2,245706.0,338140.0
2025-06-20 10:30:02.676466,1219.2,245706.0,338140.0
2025-06-20 10:30:03.257293,1219.2,245341.0,338451.0
2025-06-20 10:30:04.243419,1219.2,245906.0,338182.0
2025-06-20 10:30:05.340809,1219.2,245914.0,338163.0
2025-06-20 10:30:05.698038,1218.9,245914.0,338163.0
2025-06-20 10:30:06.478504,1219.1,245777.0,335974.0
2025-06-20 10:30:06.678833,1219.6,245777.0,335974.0
2025-06-20 10:30:07.541880,1219.6,246758.0,336042.0
2025-06-20 10:30:08.544730,1219.6,247127.0,335323.0
2025-06-20 10:30:08.672606,1219.6,247127.0,335323.0
2025-06-20 10:30:09.527721,1219.5,248967.0,333567.0
2025-06-20 10:30:09.742453,1219.5,248967.0,333567.0
2025-06-20 10:30:10.483499,1219.5,249008.0,334288.0
2025-06-20 10:30:10.690170,1219.5,249008.0,334288.0
2025-06-20 10:30:11.546901,1219.6,248023.0,334412.0
2025-06-20 10:30:11.694770,1219.6,248023.0,334412.0
2025-06-20 10:30:12.469323,1219.6,248582.0,333810.0
2025-06-20 10:30:13.483177,1219.6,246662.0,333806.0
2025-06-20 10:30:14.350756,1219.5,248512.0,334566.0
2025-06-20 10:30:14.691254,1219.5,248512.0,334566.0
2025-06-20 10:30:15.472568,1219.5,245546.0,335135.0
2025-06-20 10:30:16.634289,1219.6,247278.0,335196.0
2025-06-20 10:30:16.957943,1219.6,247278.0,335196.0
2025-06-20 10:30:17.689434,1219.6,247278.0,335196.0
2025-06-20 10:30:17.748398,1219.6,246627.0,335655.0
2025-06-20 10:30:18.794905,1219.6,246635.0,335760.0
2025-06-20 10:30:19.695224,1219.5,246635.0,335760.0
2025-06-20 10:30:19.750990,1219.5,246637.0,335661.0
2025-06-20 10:30:20.750750,1219.5,246637.0,335889.0
2025-06-20 10:30:21.680950,1219.5,246637.0,335889.0
2025-06-20 10:30:21.851476,1219.5,246578.0,335833.0
2025-06-20 10:30:22.678602,1219.6,246578.0,335833.0
2025-06-20 10:30:22.979068,1219.6,247171.0,334589.0
2025-06-20 10:30:23.717372,1219.6,247171.0,334589.0
2025-06-20 10:30:24.052584,1219.6,247899.0,334514.0
2025-06-20 10:30:24.699922,1219.5,247899.0,334514.0
2025-06-20 10:30:25.153421,1219.5,247667.0,333894.0
2025-06-20 10:30:26.159608,1219.0,244707.0,334542.0
2025-06-20 10:30:26.689413,1219.0,244707.0,334542.0
2025-06-20 10:30:27.254950,1219.0,247267.0,333283.0
2025-06-20 10:30:28.357804,1219.6,247983.0,332599.0
2025-06-20 10:30:28.688886,1219.6,247983.0,332599.0
2025-06-20 10:30:29.471547,1219.6,248344.0,332750.0
2025-06-20 10:30:30.471184,1219.6,248216.0,332680.0
2025-06-20 10:30:31.473027,1219.8,250953.0,327021.0
2025-06-20 10:30:31.681094,1219.8,250953.0,327021.0
2025-06-20 10:30:32.666560,1219.8,249881.0,327048.0
2025-06-20 10:30:32.678542,1219.8,249881.0,327048.0
2025-06-20 10:30:33.680940,1220.1,249881.0,327048.0
2025-06-20 10:30:33.765594,1220.1,251663.0,324411.0
2025-06-20 10:30:34.864129,1220.1,250237.0,324830.0
2025-06-20 10:30:35.683340,1219.8,250237.0,324830.0
2025-06-20 10:30:35.973805,1219.8,249204.0,327380.0
2025-06-20 10:30:37.366635,1219.8,249124.0,327353.0
2025-06-20 10:30:38.477927,1219.6,246892.0,329607.0
2025-06-20 10:30:38.681851,1219.6,246892.0,329607.0
2025-06-20 10:30:39.568356,1219.6,247295.0,328901.0
2025-06-20 10:30:40.676004,1219.7,247409.0,328784.0
2025-06-20 10:30:40.688325,1219.7,247409.0,328784.0
2025-06-20 10:30:41.772827,1219.7,248675.0,328429.0
2025-06-20 10:30:42.869740,1219.7,248422.0,328443.0
2025-06-20 10:30:43.222683,1219.7,248422.0,328443.0
2025-06-20 10:30:43.884247,1219.7,248495.0,328462.0
2025-06-20 10:30:44.222672,1219.7,248495.0,328462.0
2025-06-20 10:30:45.009054,1219.7,248547.0,328513.0
2025-06-20 10:30:45.317272,1219.7,248547.0,328513.0
2025-06-20 10:30:46.073178,1219.8,248047.0,328569.0
2025-06-20 10:30:46.506040,1219.8,248047.0,328569.0
2025-06-20 10:30:46.676430,1219.8,248047.0,328569.0
2025-06-20 10:30:47.032522,1219.8,248047.0,328569.0
2025-06-20 10:30:47.218529,1220.1,247892.0,328553.0
2025-06-20 10:30:47.698155,1220.1,247892.0,328553.0
2025-06-20 10:30:47.702392,1220.1,247892.0,328553.0
2025-06-20 10:30:48.274087,1220.1,247816.0,328974.0
2025-06-20 10:30:48.385314,1220.1,247816.0,328974.0
2025-06-20 10:30:49.438707,1220.1,248049.0,328935.0
2025-06-20 10:30:49.680884,1220.1,248049.0,328935.0
2025-06-20 10:30:49.734570,1220.1,248049.0,328935.0
2025-06-20 10:30:50.504055,1220.1,248107.0,329018.0
2025-06-20 10:30:50.764353,1220.1,248107.0,329018.0
2025-06-20 10:30:51.575438,1220.1,248140.0,329215.0
2025-06-20 10:30:51.682937,1220.1,248140.0,329215.0
2025-06-20 10:30:52.259515,1220.1,248140.0,329215.0
2025-06-20 10:30:52.701901,1220.1,249246.0,328225.0
2025-06-20 10:30:53.534233,1220.1,249246.0,328225.0
2025-06-20 10:30:53.730581,1219.9,249246.0,328225.0
2025-06-20 10:30:53.775743,1219.9,247692.0,325854.0
2025-06-20 10:30:54.680483,1219.8,247692.0,325854.0
2025-06-20 10:30:54.806310,1219.8,247692.0,325854.0
2025-06-20 10:30:54.887269,1219.9,250629.0,325087.0
2025-06-20 10:30:55.688448,1220.1,250629.0,325087.0
2025-06-20 10:30:55.986184,1220.1,250029.0,326448.0
2025-06-20 10:30:56.524033,1220.1,250029.0,326448.0
2025-06-20 10:30:56.689805,1220.4,250029.0,326448.0
2025-06-20 10:30:57.078264,1220.1,249580.0,325139.0
2025-06-20 10:30:57.705141,1220.5,249580.0,325139.0
2025-06-20 10:30:58.193775,1220.5,252842.0,323423.0
2025-06-20 10:30:58.684696,1220.4,252842.0,323423.0
2025-06-20 10:30:59.284404,1220.4,249493.0,323925.0
2025-06-20 10:30:59.685186,1220.4,249493.0,323925.0
2025-06-20 10:31:00.381127,1220.9,251513.0,323390.0
2025-06-20 10:31:01.579554,1220.9,251873.0,323700.0
2025-06-20 10:31:01.684399,1220.9,251873.0,323700.0
2025-06-20 10:31:02.687056,1220.8,251873.0,323700.0
2025-06-20 10:31:02.698506,1220.8,250626.0,323873.0
2025-06-20 10:31:03.684165,1220.8,250626.0,323873.0
2025-06-20 10:31:03.778981,1220.5,250894.0,323483.0
2025-06-20 10:31:04.689398,1220.5,250894.0,323483.0
2025-06-20 10:31:04.878120,1220.5,252014.0,323377.0
2025-06-20 10:31:05.990809,1220.5,249732.0,323923.0
2025-06-20 10:31:06.687447,1220.6,249732.0,323923.0
2025-06-20 10:31:06.882862,1220.6,251678.0,323233.0
2025-06-20 10:31:07.884078,1220.6,252444.0,323674.0
2025-06-20 10:31:08.685237,1220.9,252444.0,323674.0
2025-06-20 10:31:08.994631,1220.9,252650.0,323665.0
2025-06-20 10:31:09.944782,1220.6,252650.0,323665.0
2025-06-20 10:31:10.085735,1220.6,252329.0,322940.0
2025-06-20 10:31:10.689992,1220.6,252329.0,322940.0
2025-06-20 10:31:11.086854,1220.6,253108.0,323649.0
2025-06-20 10:31:11.706190,1220.6,253108.0,323649.0
2025-06-20 10:31:12.087757,1220.8,253367.0,323516.0
2025-06-20 10:31:12.695594,1220.8,253367.0,323516.0
2025-06-20 10:31:13.000456,1220.8,253364.0,323680.0
2025-06-20 10:31:13.748333,1221.1,253364.0,323680.0
2025-06-20 10:31:14.092482,1221.1,253309.0,319971.0
2025-06-20 10:31:14.699476,1221.1,253309.0,319971.0
2025-06-20 10:31:15.193275,1221.4,254445.0,317977.0
2025-06-20 10:31:15.688510,1221.5,254445.0,317977.0
2025-06-20 10:31:16.306872,1221.5,253516.0,318055.0
2025-06-20 10:31:16.693833,1221.5,253516.0,318055.0
2025-06-20 10:31:17.401241,1222.0,253528.0,316160.0
2025-06-20 10:31:17.686982,1222.0,253528.0,316160.0
2025-06-20 10:31:18.505166,1222.0,253884.0,316839.0
2025-06-20 10:31:18.691883,1221.8,253884.0,316839.0
2025-06-20 10:31:19.404168,1222.4,254100.0,314504.0
2025-06-20 10:31:19.686795,1222.6,254100.0,314504.0
2025-06-20 10:31:20.499763,1222.5,249916.0,319467.0
2025-06-20 10:31:20.694464,1221.7,249916.0,319467.0
2025-06-20 10:31:21.597122,1221.9,249586.0,321749.0
2025-06-20 10:31:21.695278,1221.9,249586.0,321749.0
2025-06-20 10:31:22.745166,1221.9,249559.0,321678.0
2025-06-20 10:31:23.803169,1221.9,248425.0,321184.0
2025-06-20 10:31:24.689144,1221.9,248425.0,321184.0
2025-06-20 10:31:24.830600,1221.9,248511.0,319703.0
2025-06-20 10:31:25.905977,1222.2,248690.0,319747.0
2025-06-20 10:31:26.685290,1222.2,248690.0,319747.0
2025-06-20 10:31:27.002298,1222.2,248823.0,319848.0
2025-06-20 10:31:27.691682,1221.7,248823.0,319848.0
2025-06-20 10:31:28.097321,1221.7,249101.0,320105.0
2025-06-20 10:31:28.722485,1221.7,249101.0,320105.0
2025-06-20 10:31:29.200566,1221.7,249357.0,320527.0
2025-06-20 10:31:29.735398,1221.7,249357.0,320527.0
2025-06-20 10:31:30.203461,1221.7,250579.0,318503.0
2025-06-20 10:31:31.313882,1221.7,250634.0,319527.0
2025-06-20 10:31:31.705534,1221.7,250634.0,319527.0
2025-06-20 10:31:32.630064,1222.1,247571.0,322299.0
2025-06-20 10:31:32.705380,1222.1,247571.0,322299.0
2025-06-20 10:31:33.507100,1222.1,246549.0,323559.0
2025-06-20 10:31:34.603633,1222.1,245099.0,323684.0
2025-06-20 10:31:35.703230,1221.7,245099.0,323684.0
2025-06-20 10:31:35.719309,1221.7,248500.0,324288.0
2025-06-20 10:31:36.703720,1221.7,248500.0,324288.0
2025-06-20 10:31:36.726332,1221.7,248543.0,323175.0
2025-06-20 10:31:37.689071,1221.7,248543.0,323175.0
2025-06-20 10:31:37.808761,1221.7,248485.0,323064.0
2025-06-20 10:31:38.919155,1221.7,248762.0,323746.0
2025-06-20 10:31:39.746204,1221.7,248762.0,323746.0
2025-06-20 10:31:40.308195,1221.7,248436.0,324228.0
2025-06-20 10:31:40.762614,1221.7,248436.0,324228.0
2025-06-20 10:31:41.108283,1221.6,248293.0,325186.0
2025-06-20 10:31:41.696924,1221.6,248293.0,325186.0
2025-06-20 10:31:42.209564,1221.6,249369.0,321129.0
2025-06-20 10:31:43.706489,1221.6,249369.0,321129.0
2025-06-20 10:31:43.814544,1221.6,249294.0,321223.0
2025-06-20 10:31:44.924152,1222.0,247060.0,321112.0
2025-06-20 10:31:45.723958,1222.0,247060.0,321112.0
2025-06-20 10:31:46.017997,1222.0,249502.0,320797.0
2025-06-20 10:31:47.111880,1222.0,250181.0,319880.0
2025-06-20 10:31:47.704606,1222.3,250181.0,319880.0
2025-06-20 10:31:48.211748,1222.3,249636.0,320035.0
2025-06-20 10:31:49.216492,1222.3,249760.0,320158.0
2025-06-20 10:31:50.349226,1222.0,249761.0,320598.0
2025-06-20 10:31:50.704086,1222.0,249761.0,320598.0
2025-06-20 10:31:51.426244,1222.0,247900.0,322169.0
2025-06-20 10:31:52.513695,1222.0,248586.0,322170.0
2025-06-20 10:31:52.698340,1222.0,248586.0,322170.0
2025-06-20 10:31:53.613804,1222.0,247597.0,325026.0
2025-06-20 10:31:54.652421,1222.0,247879.0,326188.0
2025-06-20 10:31:55.706047,1221.6,247879.0,326188.0
2025-06-20 10:31:55.753220,1221.6,247408.0,326598.0
2025-06-20 10:31:56.822873,1221.6,247718.0,326650.0
2025-06-20 10:31:57.932005,1221.6,247738.0,327030.0
2025-06-20 10:31:59.025903,1221.6,247812.0,327312.0
2025-06-20 10:31:59.682700,1221.6,247812.0,327312.0
2025-06-20 10:32:00.023634,1221.6,245909.0,328065.0
2025-06-20 10:32:01.120119,1221.0,247701.0,326670.0
2025-06-20 10:32:01.702227,1221.0,247701.0,326670.0
2025-06-20 10:32:02.120615,1221.0,249488.0,326692.0
2025-06-20 10:32:03.133822,1221.0,247610.0,326719.0
2025-06-20 10:32:04.121036,1221.0,246397.0,328044.0
2025-06-20 10:32:05.122308,1221.3,240207.0,330466.0
2025-06-20 10:32:05.692614,1221.3,240207.0,330466.0
2025-06-20 10:32:06.223851,1221.0,238394.0,330624.0
2025-06-20 10:32:06.938320,1221.3,238394.0,330624.0
2025-06-20 10:32:07.123739,1221.3,246307.0,329216.0
2025-06-20 10:32:08.125308,1221.3,245428.0,330477.0
2025-06-20 10:32:09.124631,1221.3,245256.0,330778.0
2025-06-20 10:32:10.166744,1221.3,245429.0,330830.0
2025-06-20 10:32:10.694402,1221.0,245429.0,330830.0
2025-06-20 10:32:11.126270,1221.0,245385.0,331261.0
2025-06-20 10:32:11.699501,1221.0,245385.0,331261.0
2025-06-20 10:32:12.129737,1221.0,244810.0,330753.0
2025-06-20 10:32:13.153429,1221.0,244216.0,331722.0
2025-06-20 10:32:13.942434,1221.0,244330.0,330594.0
2025-06-20 10:32:14.685057,1221.0,244330.0,330594.0
2025-06-20 10:32:14.944653,1221.0,245715.0,328115.0
2025-06-20 10:32:15.699051,1221.2,245715.0,328115.0
2025-06-20 10:32:15.945731,1221.2,245962.0,328911.0
2025-06-20 10:32:16.684024,1221.0,245962.0,328911.0
2025-06-20 10:32:16.967833,1221.0,246105.0,329661.0
2025-06-20 10:32:17.968417,1221.0,246067.0,330443.0
2025-06-20 10:32:18.684836,1221.0,246067.0,330443.0
2025-06-20 10:32:18.841666,1221.0,246057.0,330457.0
2025-06-20 10:32:19.687453,1221.0,246057.0,330457.0
2025-06-20 10:32:19.838887,1221.0,245947.0,330249.0
2025-06-20 10:32:20.709996,1221.0,245947.0,330249.0
2025-06-20 10:32:20.842720,1221.0,246001.0,330584.0
2025-06-20 10:32:21.685204,1221.0,246001.0,330584.0
2025-06-20 10:32:21.837916,1221.0,245863.0,330461.0
2025-06-20 10:32:22.837791,1221.0,246044.0,328685.0
2025-06-20 10:32:23.839167,1221.0,246665.0,328421.0
2025-06-20 10:32:24.689960,1221.0,246665.0,328421.0
2025-06-20 10:32:24.842332,1221.0,245885.0,328653.0
2025-06-20 10:32:25.731065,1221.2,245885.0,328653.0
2025-06-20 10:32:25.742499,1221.2,246413.0,329310.0
2025-06-20 10:32:26.685008,1221.0,246413.0,329310.0
2025-06-20 10:32:26.746928,1221.0,246189.0,328805.0
2025-06-20 10:32:27.741696,1221.0,246671.0,328305.0
2025-06-20 10:32:28.691829,1221.1,246671.0,328305.0
2025-06-20 10:32:28.749231,1221.1,249699.0,326390.0
2025-06-20 10:32:29.897620,1221.1,249699.0,326390.0
2025-06-20 10:32:29.902471,1221.1,249393.0,325644.0
2025-06-20 10:32:30.706693,1221.2,249393.0,325644.0
2025-06-20 10:32:30.747594,1221.2,249558.0,323676.0
2025-06-20 10:32:31.641434,1221.2,248365.0,324962.0
2025-06-20 10:32:31.690575,1221.2,248365.0,324962.0
2025-06-20 10:32:32.641697,1221.2,247143.0,325806.0
2025-06-20 10:32:33.644071,1221.2,247366.0,325708.0
2025-06-20 10:32:34.544228,1221.2,248294.0,325176.0
2025-06-20 10:32:34.686006,1221.2,248294.0,325176.0
2025-06-20 10:32:35.460627,1221.2,248423.0,325581.0
2025-06-20 10:32:36.343641,1221.2,248380.0,325615.0
2025-06-20 10:32:36.687625,1221.2,248380.0,325615.0
2025-06-20 10:32:37.345183,1221.2,247908.0,326674.0
2025-06-20 10:32:37.688675,1221.3,247908.0,326674.0
2025-06-20 10:32:38.243571,1221.3,248465.0,326512.0
2025-06-20 10:32:39.243399,1221.4,249490.0,322839.0
2025-06-20 10:32:39.686334,1221.4,249490.0,322839.0
2025-06-20 10:32:40.252766,1221.4,248814.0,323489.0
2025-06-20 10:32:40.700273,1221.9,248814.0,323489.0
2025-06-20 10:32:41.248050,1221.3,248749.0,324327.0
2025-06-20 10:32:41.684549,1221.3,248749.0,324327.0
2025-06-20 10:32:42.146833,1222.0,249038.0,323668.0
2025-06-20 10:32:42.684584,1222.0,249038.0,323668.0
2025-06-20 10:32:43.147096,1221.5,248962.0,323593.0
2025-06-20 10:32:43.689972,1221.5,248962.0,323593.0
2025-06-20 10:32:44.052377,1221.5,249162.0,323490.0
2025-06-20 10:32:44.959887,1221.5,248541.0,323620.0
2025-06-20 10:32:45.851143,1221.5,249221.0,323535.0
2025-06-20 10:32:46.698249,1221.4,249221.0,323535.0
2025-06-20 10:32:46.758705,1221.4,249392.0,323489.0
2025-06-20 10:32:47.759656,1221.4,249746.0,323323.0
2025-06-20 10:32:48.698291,1222.0,249746.0,323323.0
2025-06-20 10:32:48.761745,1222.0,243702.0,317481.0
2025-06-20 10:32:49.649241,1222.0,252079.0,318828.0
2025-06-20 10:32:50.650196,1221.9,252828.0,319709.0
2025-06-20 10:32:50.687741,1221.9,252828.0,319709.0
2025-06-20 10:32:51.813550,1221.9,252857.0,319711.0
2025-06-20 10:32:51.817795,1221.9,252857.0,319711.0
2025-06-20 10:32:52.552283,1222.3,251292.0,319554.0
2025-06-20 10:32:52.689410,1222.3,251292.0,319554.0
2025-06-20 10:32:53.480134,1222.3,250672.0,318328.0
2025-06-20 10:32:54.352336,1221.8,251271.0,319584.0
2025-06-20 10:32:54.692422,1221.8,251271.0,319584.0
2025-06-20 10:32:55.255514,1221.8,251281.0,319846.0
2025-06-20 10:32:56.255555,1221.8,252396.0,320410.0
2025-06-20 10:32:56.747036,1221.8,252396.0,320410.0
2025-06-20 10:32:57.257383,1221.7,250944.0,320347.0
2025-06-20 10:32:57.687262,1221.7,250944.0,320347.0
2025-06-20 10:32:58.256824,1221.7,251001.0,321010.0
2025-06-20 10:32:59.259174,1221.7,251047.0,320727.0
2025-06-20 10:33:00.159662,1221.7,251232.0,320795.0
2025-06-20 10:33:01.257806,1221.7,251225.0,320877.0
2025-06-20 10:33:01.701762,1221.7,251225.0,320877.0
2025-06-20 10:33:02.163281,1221.7,251279.0,320790.0
2025-06-20 10:33:02.695787,1222.3,251279.0,320790.0
2025-06-20 10:33:03.261805,1222.3,250435.0,319431.0
2025-06-20 10:33:04.361343,1222.3,250729.0,320308.0
2025-06-20 10:33:05.497340,1222.3,252473.0,319677.0
2025-06-20 10:33:06.563091,1221.9,251452.0,319505.0
2025-06-20 10:33:06.705306,1221.8,251452.0,319505.0
2025-06-20 10:33:07.692652,1221.8,251846.0,319414.0
2025-06-20 10:33:09.113220,1221.8,252455.0,319357.0
2025-06-20 10:33:09.712700,1222.3,252455.0,319357.0
2025-06-20 10:33:09.765045,1222.3,252354.0,318909.0
2025-06-20 10:33:10.775581,1222.0,252354.0,318909.0
2025-06-20 10:33:10.941247,1222.0,251370.0,319114.0
2025-06-20 10:33:11.704834,1221.9,251370.0,319114.0
2025-06-20 10:33:11.976129,1221.9,252049.0,319020.0
2025-06-20 10:33:12.695077,1221.9,252049.0,319020.0
2025-06-20 10:33:12.998449,1221.9,252183.0,318654.0
2025-06-20 10:33:14.064444,1221.9,251771.0,319125.0
2025-06-20 10:33:14.690992,1221.8,251771.0,319125.0
2025-06-20 10:33:15.166285,1221.8,251788.0,319106.0
2025-06-20 10:33:15.692365,1222.3,251788.0,319106.0
2025-06-20 10:33:16.266586,1221.9,251316.0,319437.0
2025-06-20 10:33:16.690965,1221.9,251316.0,319437.0
2025-06-20 10:33:17.266713,1221.9,251794.0,319436.0
2025-06-20 10:33:18.367341,1221.9,251664.0,319443.0
2025-06-20 10:33:18.698110,1221.9,251664.0,319443.0
2025-06-20 10:33:19.368317,1221.9,251642.0,319622.0
2025-06-20 10:33:20.371333,1221.9,251528.0,320513.0
2025-06-20 10:33:21.370681,1221.9,250875.0,321082.0
2025-06-20 10:33:21.690246,1221.9,250875.0,321082.0
2025-06-20 10:33:22.486390,1222.1,250800.0,321106.0
2025-06-20 10:33:22.742613,1222.1,250800.0,321106.0
2025-06-20 10:33:23.513769,1222.1,250714.0,321157.0
2025-06-20 10:33:23.750564,1221.9,250714.0,321157.0
2025-06-20 10:33:24.488286,1221.9,250706.0,321154.0
2025-06-20 10:33:25.374550,1221.9,250307.0,320955.0
2025-06-20 10:33:25.704149,1221.9,250307.0,320955.0
2025-06-20 10:33:26.375350,1221.9,246818.0,322386.0
2025-06-20 10:33:26.694765,1221.9,246818.0,322386.0
2025-06-20 10:33:27.491741,1221.9,248883.0,323128.0
2025-06-20 10:33:28.490888,1222.0,249008.0,323270.0
2025-06-20 10:33:28.755827,1222.0,249008.0,323270.0
2025-06-20 10:33:29.578271,1222.0,248908.0,323048.0
2025-06-20 10:33:29.708942,1222.0,248908.0,323048.0
2025-06-20 10:33:30.682782,1222.0,248928.0,323097.0
2025-06-20 10:33:31.679423,1222.0,248933.0,323680.0
2025-06-20 10:33:32.797513,1222.0,256497.0,321891.0
2025-06-20 10:33:32.827655,1222.0,256497.0,321891.0
2025-06-20 10:33:33.678595,1222.3,256621.0,320880.0
2025-06-20 10:33:33.691913,1222.3,256621.0,320880.0
2025-06-20 10:33:34.687633,1222.0,257482.0,320940.0
2025-06-20 10:33:34.704977,1222.0,257482.0,320940.0
2025-06-20 10:33:35.750393,1222.1,258458.0,321589.0
2025-06-20 10:33:35.775262,1222.1,258458.0,321589.0
2025-06-20 10:33:36.700165,1221.8,258458.0,321589.0
2025-06-20 10:33:36.786108,1221.8,256951.0,322408.0
2025-06-20 10:33:37.683294,1221.9,257958.0,322135.0
2025-06-20 10:33:37.693908,1221.9,257958.0,322135.0
2025-06-20 10:33:38.690049,1222.1,257958.0,322135.0
2025-06-20 10:33:38.781141,1222.1,258229.0,322359.0
2025-06-20 10:33:39.701136,1222.0,258229.0,322359.0
2025-06-20 10:33:39.885676,1222.0,257786.0,321702.0
2025-06-20 10:33:40.696865,1221.9,257786.0,321702.0
2025-06-20 10:33:41.010517,1221.9,257079.0,321413.0
2025-06-20 10:33:41.689775,1221.9,257079.0,321413.0
2025-06-20 10:33:42.082907,1221.9,257292.0,321481.0
2025-06-20 10:33:42.686766,1222.3,257292.0,321481.0
2025-06-20 10:33:43.002932,1222.3,257293.0,321458.0
2025-06-20 10:33:43.682631,1222.3,257293.0,321458.0
2025-06-20 10:33:44.038925,1222.3,257293.0,321458.0
2025-06-20 10:33:44.082996,1222.3,257263.0,321586.0
2025-06-20 10:33:44.345109,1222.3,257263.0,321586.0
2025-06-20 10:33:45.042116,1222.3,257263.0,321586.0
2025-06-20 10:33:45.182696,1222.3,258862.0,320701.0
2025-06-20 10:33:45.305077,1222.3,258862.0,320701.0
2025-06-20 10:33:45.693057,1222.3,258862.0,320701.0
2025-06-20 10:33:45.748254,1222.3,258862.0,320701.0
2025-06-20 10:33:46.283624,1221.9,258009.0,321322.0
2025-06-20 10:33:46.384617,1221.9,258009.0,321322.0
2025-06-20 10:33:46.694737,1222.0,258009.0,321322.0
2025-06-20 10:33:46.846942,1222.0,258009.0,321322.0
2025-06-20 10:33:47.390661,1221.8,258558.0,321891.0
2025-06-20 10:33:47.523741,1221.8,258558.0,321891.0
2025-06-20 10:33:47.687443,1221.8,258558.0,321891.0
2025-06-20 10:33:47.834847,1221.8,258558.0,321891.0
2025-06-20 10:33:48.496745,1222.0,258729.0,322496.0
2025-06-20 10:33:48.700781,1222.0,258729.0,322496.0
2025-06-20 10:33:48.797256,1222.0,258729.0,322496.0
2025-06-20 10:33:49.384043,1221.9,258105.0,322464.0
2025-06-20 10:33:49.690055,1221.9,258105.0,322464.0
2025-06-20 10:33:50.161892,1221.9,258105.0,322464.0
2025-06-20 10:33:50.495569,1221.9,256275.0,324108.0
2025-06-20 10:33:51.362620,1221.9,256275.0,324108.0
2025-06-20 10:33:51.596078,1221.9,256256.0,323795.0
2025-06-20 10:33:51.688268,1221.9,256256.0,323795.0
2025-06-20 10:33:52.672042,1221.9,256256.0,323795.0
2025-06-20 10:33:52.712905,1222.0,256256.0,323795.0
2025-06-20 10:33:52.715525,1222.0,256901.0,323452.0
2025-06-20 10:33:53.690763,1221.9,256901.0,323452.0
2025-06-20 10:33:53.792923,1221.9,256811.0,325004.0
2025-06-20 10:33:54.005884,1221.9,256811.0,325004.0
2025-06-20 10:33:54.744127,1221.9,256811.0,325116.0
2025-06-20 10:33:55.207783,1221.9,256811.0,325116.0
2025-06-20 10:33:55.697058,1221.9,256144.0,325821.0
2025-06-20 10:33:56.686666,1221.9,256144.0,325821.0
2025-06-20 10:33:56.796007,1221.9,256015.0,326058.0
2025-06-20 10:33:56.858937,1221.9,256015.0,326058.0
2025-06-20 10:33:57.903746,1221.9,256015.0,326115.0
2025-06-20 10:33:59.007361,1221.9,254079.0,326471.0
2025-06-20 10:33:59.686328,1221.9,254079.0,326471.0
2025-06-20 10:34:00.096341,1221.9,254416.0,327797.0
2025-06-20 10:34:01.409800,1221.7,254745.0,328281.0
2025-06-20 10:34:01.693166,1221.7,254745.0,328281.0
2025-06-20 10:34:02.499304,1221.7,254653.0,328106.0
2025-06-20 10:34:03.608827,1221.7,254740.0,327768.0
2025-06-20 10:34:03.692228,1221.7,254740.0,327768.0
2025-06-20 10:34:04.693206,1221.7,254740.0,327768.0
2025-06-20 10:34:05.005326,1221.7,253419.0,331217.0
2025-06-20 10:34:06.004355,1221.7,253998.0,330477.0
2025-06-20 10:34:06.696166,1221.2,253998.0,330477.0
2025-06-20 10:34:07.004685,1221.2,254459.0,329476.0
2025-06-20 10:34:08.003615,1221.2,256308.0,327689.0
2025-06-20 10:34:08.692476,1221.6,256308.0,327689.0
2025-06-20 10:34:09.002424,1221.6,256378.0,328341.0
2025-06-20 10:34:09.689970,1221.7,256378.0,328341.0
2025-06-20 10:34:10.101638,1221.5,257364.0,326595.0
2025-06-20 10:34:10.738142,1221.9,257364.0,326595.0
2025-06-20 10:34:11.302368,1221.6,256695.0,325479.0
2025-06-20 10:34:11.714815,1221.6,256695.0,325479.0
2025-06-20 10:34:12.201201,1221.6,255830.0,326293.0
2025-06-20 10:34:13.418113,1221.6,257120.0,327365.0
2025-06-20 10:34:14.510270,1221.6,255889.0,327874.0
2025-06-20 10:34:14.700859,1221.6,255889.0,327874.0
2025-06-20 10:34:15.613541,1221.6,256766.0,328493.0
2025-06-20 10:34:16.611564,1222.0,255684.0,327185.0
2025-06-20 10:34:16.743502,1222.0,255684.0,327185.0
2025-06-20 10:34:17.693685,1221.6,255684.0,327185.0
2025-06-20 10:34:17.804668,1221.6,254592.0,329790.0
2025-06-20 10:34:18.804589,1221.6,256337.0,329051.0
2025-06-20 10:34:19.806072,1221.6,255568.0,328714.0
2025-06-20 10:34:20.946913,1221.6,256454.0,328456.0
2025-06-20 10:34:21.699051,1221.8,256454.0,328456.0
2025-06-20 10:34:21.922430,1221.8,256962.0,328370.0
2025-06-20 10:34:22.919870,1221.8,256990.0,328425.0
2025-06-20 10:34:23.920707,1221.8,256444.0,328683.0
2025-06-20 10:34:25.011866,1221.8,256546.0,328589.0
2025-06-20 10:34:26.012860,1221.8,255903.0,328552.0
2025-06-20 10:34:26.698718,1221.4,255903.0,328552.0
2025-06-20 10:34:27.112683,1221.4,256510.0,328345.0
2025-06-20 10:34:28.212357,1221.4,257134.0,327786.0
2025-06-20 10:34:29.211952,1221.4,257134.0,327943.0
2025-06-20 10:34:30.348584,1221.4,256541.0,327964.0
2025-06-20 10:34:31.425593,1221.4,256330.0,327995.0
2025-06-20 10:34:31.699743,1221.4,256330.0,327995.0
2025-06-20 10:34:32.421527,1221.5,256449.0,328376.0
2025-06-20 10:34:32.692220,1221.5,256449.0,328376.0
2025-06-20 10:34:33.414545,1221.5,256449.0,328316.0
2025-06-20 10:34:33.711517,1221.5,256449.0,328316.0
2025-06-20 10:34:34.422634,1221.5,254855.0,329795.0
2025-06-20 10:34:35.327455,1221.5,255761.0,329003.0
2025-06-20 10:34:36.522376,1221.5,256108.0,328485.0
2025-06-20 10:34:36.733449,1221.5,256108.0,328485.0
2025-06-20 10:34:37.621701,1221.5,256154.0,326593.0
2025-06-20 10:34:38.747261,1221.5,256021.0,326570.0
2025-06-20 10:34:39.704109,1221.5,256021.0,326570.0
2025-06-20 10:34:39.827193,1221.5,255970.0,326603.0
2025-06-20 10:34:40.713731,1221.5,255970.0,326603.0
2025-06-20 10:34:40.934090,1221.5,256244.0,326892.0
2025-06-20 10:34:42.023868,1221.5,254800.0,328669.0
2025-06-20 10:34:43.127015,1221.5,255088.0,327841.0
2025-06-20 10:34:44.075727,1221.5,255088.0,327841.0
2025-06-20 10:34:44.225013,1221.5,255055.0,328352.0
2025-06-20 10:34:45.422592,1221.5,255142.0,328046.0
2025-06-20 10:34:46.324907,1221.5,254716.0,328629.0
2025-06-20 10:34:46.722497,1221.5,254716.0,328629.0
2025-06-20 10:34:47.329249,1221.5,253992.0,330162.0
2025-06-20 10:34:47.735120,1221.5,253992.0,330162.0
2025-06-20 10:34:48.529323,1221.5,253853.0,330672.0
2025-06-20 10:34:49.529597,1221.5,253920.0,330552.0
2025-06-20 10:34:52.409246,1221.1,253920.0,330552.0
2025-06-20 10:34:52.425906,1221.1,253807.0,331582.0
2025-06-20 10:34:52.757020,1221.5,253807.0,331582.0
2025-06-20 10:34:52.769098,1221.5,253936.0,331581.0
2025-06-20 10:34:53.829576,1221.5,253874.0,331599.0
2025-06-20 10:34:54.942868,1221.5,253997.0,330919.0
2025-06-20 10:34:56.034831,1221.5,253971.0,331598.0
2025-06-20 10:34:56.758138,1221.1,253971.0,331598.0
2025-06-20 10:34:57.136522,1221.1,253586.0,333068.0
