timestamp,ltp,bid_qty,ask_qty
2025-06-20 10:10:48.210236,1971.5,135266.0,200355.0
2025-06-20 10:10:48.590984,1971.5,135266.0,200355.0
2025-06-20 10:10:50.587428,1971.5,135266.0,200355.0
2025-06-20 10:10:52.469628,1971.6,136676.0,199711.0
2025-06-20 10:10:52.589935,1971.6,136676.0,199711.0
2025-06-20 10:10:54.592930,1971.5,136676.0,199711.0
2025-06-20 10:10:58.165601,1971.5,136477.0,199372.0
2025-06-20 10:11:06.605551,1972.0,136477.0,199372.0
2025-06-20 10:11:09.774772,1972.0,136027.0,199653.0
2025-06-20 10:11:10.644673,1971.5,136027.0,199653.0
2025-06-20 10:11:15.487332,1972.0,136345.0,199793.0
2025-06-20 10:11:16.652465,1972.0,136345.0,199793.0
2025-06-20 10:11:20.598177,1971.6,136345.0,199793.0
2025-06-20 10:11:20.779235,1971.6,136516.0,199372.0
2025-06-20 10:11:26.284960,1971.6,132652.0,199563.0
2025-06-20 10:11:28.872838,1972.0,132652.0,199563.0
2025-06-20 10:11:30.850776,1972.0,132652.0,199563.0
2025-06-20 10:11:31.606356,1972.0,132350.0,198554.0
2025-06-20 10:11:34.617175,1971.8,132350.0,198554.0
2025-06-20 10:11:36.602183,1972.0,132350.0,198554.0
2025-06-20 10:11:37.195929,1972.0,132503.0,199754.0
2025-06-20 10:11:38.593112,1971.8,132503.0,199754.0
2025-06-20 10:11:40.595305,1971.1,132503.0,199754.0
2025-06-20 10:11:43.198186,1971.1,131576.0,201220.0
2025-06-20 10:11:46.590494,1971.1,131576.0,201220.0
2025-06-20 10:11:48.595323,1971.1,131576.0,201220.0
2025-06-20 10:11:49.102908,1971.1,131627.0,202093.0
2025-06-20 10:11:52.602677,1970.2,131627.0,202093.0
2025-06-20 10:11:54.595215,1971.1,131627.0,202093.0
2025-06-20 10:11:55.011893,1971.1,132348.0,200158.0
2025-06-20 10:11:58.599940,1971.1,132348.0,200158.0
2025-06-20 10:12:01.009401,1973.0,132166.0,196041.0
2025-06-20 10:12:01.600201,1973.0,132166.0,196041.0
2025-06-20 10:12:02.111921,1973.0,136665.0,196319.0
2025-06-20 10:12:03.210084,1973.0,137165.0,197416.0
2025-06-20 10:12:04.340377,1973.0,137070.0,197167.0
2025-06-20 10:12:05.432849,1973.0,136993.0,197834.0
2025-06-20 10:12:06.515716,1973.0,138347.0,196934.0
2025-06-20 10:12:07.525027,1972.9,139206.0,197016.0
2025-06-20 10:12:07.593361,1972.9,139206.0,197016.0
2025-06-20 10:12:08.596556,1972.9,139206.0,197016.0
2025-06-20 10:12:08.627894,1972.9,139379.0,196272.0
2025-06-20 10:12:09.596468,1973.8,139379.0,196272.0
2025-06-20 10:12:09.625514,1973.8,139200.0,194000.0
2025-06-20 10:12:10.598458,1973.4,139200.0,194000.0
2025-06-20 10:12:10.625436,1973.4,140291.0,194144.0
2025-06-20 10:12:11.597145,1974.2,140291.0,194144.0
2025-06-20 10:12:11.639755,1974.2,140238.0,192676.0
2025-06-20 10:12:12.595619,1974.9,140238.0,192676.0
2025-06-20 10:12:12.625140,1974.9,140610.0,193053.0
2025-06-20 10:12:13.843554,1974.9,140336.0,193770.0
2025-06-20 10:12:14.863728,1974.9,140318.0,193719.0
2025-06-20 10:12:15.949375,1974.9,141279.0,192393.0
2025-06-20 10:12:17.016119,1974.9,140837.0,192348.0
2025-06-20 10:12:18.037980,1974.9,141034.0,192412.0
2025-06-20 10:12:18.598224,1974.4,141034.0,192412.0
2025-06-20 10:12:19.118535,1974.4,140126.0,192174.0
2025-06-20 10:12:20.121072,1974.4,140735.0,192173.0
2025-06-20 10:12:21.121942,1974.4,140934.0,192351.0
2025-06-20 10:12:22.240144,1974.4,140741.0,191951.0
2025-06-20 10:12:23.124079,1974.4,140748.0,192625.0
2025-06-20 10:12:24.123400,1974.4,140719.0,192762.0
2025-06-20 10:12:25.224449,1974.4,140603.0,192990.0
2025-06-20 10:12:26.225767,1974.4,140572.0,193025.0
2025-06-20 10:12:27.356697,1974.4,140502.0,193080.0
2025-06-20 10:12:28.360048,1974.4,140549.0,193197.0
2025-06-20 10:12:29.442380,1974.4,140457.0,193398.0
2025-06-20 10:12:30.530289,1974.4,140555.0,193094.0
2025-06-20 10:12:30.597915,1974.4,140555.0,193094.0
2025-06-20 10:12:31.651475,1974.4,140618.0,192908.0
2025-06-20 10:12:32.605702,1974.4,140618.0,192908.0
2025-06-20 10:12:32.640844,1974.4,140617.0,192812.0
2025-06-20 10:12:33.742466,1974.4,140648.0,193082.0
2025-06-20 10:12:34.868895,1974.4,140738.0,193075.0
2025-06-20 10:12:35.934779,1974.4,140580.0,193031.0
2025-06-20 10:12:37.028605,1974.4,140605.0,192982.0
2025-06-20 10:12:38.129399,1974.4,140732.0,192049.0
2025-06-20 10:12:39.130844,1974.4,140713.0,192013.0
2025-06-20 10:12:40.233305,1974.4,141421.0,191818.0
2025-06-20 10:12:40.546868,1974.4,141421.0,191818.0
2025-06-20 10:12:40.595615,1974.4,141421.0,191818.0
2025-06-20 10:12:40.919206,1974.4,141421.0,191818.0
2025-06-20 10:12:41.140486,1974.4,141421.0,191818.0
2025-06-20 10:12:41.363455,1974.4,141214.0,192007.0
2025-06-20 10:12:41.438554,1974.4,141214.0,192007.0
2025-06-20 10:12:42.292180,1974.4,141214.0,192007.0
2025-06-20 10:12:42.441440,1975.5,141216.0,192334.0
2025-06-20 10:12:42.594265,1975.5,141216.0,192334.0
2025-06-20 10:12:42.955180,1975.5,141216.0,192334.0
2025-06-20 10:12:43.437744,1975.5,141216.0,192334.0
2025-06-20 10:12:43.536696,1975.7,141580.0,191893.0
2025-06-20 10:12:43.594750,1975.7,141580.0,191893.0
2025-06-20 10:12:43.942766,1975.7,141580.0,191893.0
2025-06-20 10:12:44.620203,1975.7,141580.0,191893.0
2025-06-20 10:12:45.034633,1975.7,141430.0,192297.0
2025-06-20 10:12:45.418253,1975.7,141430.0,192297.0
2025-06-20 10:12:46.135186,1974.3,141715.0,193558.0
2025-06-20 10:12:46.608294,1974.3,141715.0,193558.0
2025-06-20 10:12:46.681335,1974.3,141715.0,193558.0
2025-06-20 10:12:47.235842,1974.3,141915.0,192784.0
2025-06-20 10:12:47.649390,1974.3,141915.0,192784.0
2025-06-20 10:12:48.349512,1975.6,142041.0,193014.0
2025-06-20 10:12:48.598777,1975.6,142041.0,193014.0
2025-06-20 10:12:49.162199,1975.6,142041.0,193014.0
2025-06-20 10:12:49.446744,1974.9,141699.0,192839.0
2025-06-20 10:12:49.599813,1974.9,141699.0,192839.0
2025-06-20 10:12:50.474770,1974.9,141699.0,192839.0
2025-06-20 10:12:50.539951,1974.9,141928.0,192641.0
2025-06-20 10:12:51.711966,1974.9,141928.0,192641.0
2025-06-20 10:12:51.715132,1974.9,142396.0,192511.0
2025-06-20 10:12:52.599113,1975.6,142396.0,192511.0
2025-06-20 10:12:52.740870,1975.6,141973.0,193467.0
2025-06-20 10:12:53.264427,1975.6,141973.0,193467.0
2025-06-20 10:12:53.605019,1974.9,141973.0,193467.0
2025-06-20 10:12:53.868879,1974.9,141917.0,193570.0
2025-06-20 10:12:54.942554,1974.9,140651.0,194159.0
2025-06-20 10:12:55.941658,1974.9,141696.0,194426.0
2025-06-20 10:12:57.042663,1974.9,142141.0,193202.0
2025-06-20 10:12:58.142508,1974.9,141910.0,193708.0
2025-06-20 10:12:59.242857,1974.9,140878.0,194688.0
2025-06-20 10:12:59.596552,1975.0,140878.0,194688.0
2025-06-20 10:13:00.374193,1975.0,141500.0,195049.0
2025-06-20 10:13:00.598447,1975.6,141500.0,195049.0
2025-06-20 10:13:01.549852,1975.6,141162.0,194733.0
2025-06-20 10:13:01.594392,1975.6,141162.0,194733.0
2025-06-20 10:13:02.551046,1975.6,141219.0,194879.0
2025-06-20 10:13:03.650469,1975.6,141195.0,195021.0
2025-06-20 10:13:04.596703,1975.5,141195.0,195021.0
2025-06-20 10:13:04.748821,1975.5,141324.0,194471.0
2025-06-20 10:13:05.595778,1975.6,141324.0,194471.0
2025-06-20 10:13:05.865221,1975.6,141375.0,194399.0
2025-06-20 10:13:06.950061,1975.6,141443.0,194006.0
2025-06-20 10:13:08.050934,1975.6,142174.0,193414.0
2025-06-20 10:13:09.152288,1975.6,142197.0,193420.0
2025-06-20 10:13:09.640003,1975.1,142197.0,193420.0
2025-06-20 10:13:10.253119,1975.1,142217.0,193594.0
2025-06-20 10:13:10.598254,1976.0,142217.0,193594.0
2025-06-20 10:13:11.254281,1976.0,142321.0,193285.0
2025-06-20 10:13:11.596102,1975.0,142321.0,193285.0
2025-06-20 10:13:12.368751,1975.0,142300.0,193291.0
2025-06-20 10:13:13.465288,1975.0,142329.0,193239.0
2025-06-20 10:13:14.557501,1975.0,142304.0,193353.0
2025-06-20 10:13:15.669431,1975.0,142315.0,193443.0
2025-06-20 10:13:16.760996,1975.0,142556.0,193220.0
2025-06-20 10:13:17.598250,1975.2,142556.0,193220.0
2025-06-20 10:13:17.877172,1975.2,142632.0,193083.0
2025-06-20 10:13:18.876014,1975.2,142596.0,193161.0
2025-06-20 10:13:19.602852,1976.0,142596.0,193161.0
2025-06-20 10:13:19.875396,1976.0,142556.0,193119.0
2025-06-20 10:13:20.875842,1976.0,141082.0,192160.0
2025-06-20 10:13:21.963972,1976.0,141623.0,192033.0
2025-06-20 10:13:22.599671,1975.2,141623.0,192033.0
2025-06-20 10:13:22.962082,1975.2,141475.0,192497.0
2025-06-20 10:13:23.603104,1976.0,141475.0,192497.0
2025-06-20 10:13:23.965252,1976.0,141395.0,192290.0
2025-06-20 10:13:24.876195,1975.3,141301.0,192727.0
2025-06-20 10:13:25.596868,1975.3,141301.0,192727.0
2025-06-20 10:13:25.965666,1975.3,141927.0,191365.0
2025-06-20 10:13:26.606323,1975.3,141927.0,191365.0
2025-06-20 10:13:26.965291,1975.3,142230.0,192105.0
2025-06-20 10:13:27.964786,1975.3,142169.0,192166.0
2025-06-20 10:13:28.970017,1975.3,140843.0,193057.0
2025-06-20 10:13:29.597804,1975.2,140843.0,193057.0
2025-06-20 10:13:30.071040,1975.2,141587.0,193310.0
2025-06-20 10:13:31.068451,1975.2,141136.0,193851.0
2025-06-20 10:13:32.171014,1975.2,141099.0,193774.0
2025-06-20 10:13:33.270140,1975.1,140453.0,193516.0
2025-06-20 10:13:33.595858,1975.1,140453.0,193516.0
2025-06-20 10:13:34.379946,1975.1,140545.0,194024.0
2025-06-20 10:13:35.492341,1975.1,141015.0,193914.0
2025-06-20 10:13:36.574620,1975.1,141785.0,193416.0
2025-06-20 10:13:37.570535,1975.1,141563.0,193715.0
2025-06-20 10:13:37.600989,1975.1,141563.0,193715.0
2025-06-20 10:13:38.674120,1975.1,141612.0,193296.0
2025-06-20 10:13:39.772795,1975.1,141635.0,193511.0
2025-06-20 10:13:40.603366,1975.2,141635.0,193511.0
2025-06-20 10:13:40.888905,1975.2,141531.0,193310.0
2025-06-20 10:13:41.975316,1975.2,142156.0,192353.0
2025-06-20 10:13:43.076583,1975.2,142784.0,192793.0
2025-06-20 10:13:43.597558,1976.0,142784.0,192793.0
2025-06-20 10:13:43.979980,1976.0,142534.0,191912.0
2025-06-20 10:13:45.075763,1976.0,142605.0,192790.0
2025-06-20 10:13:45.602435,1975.2,142605.0,192790.0
2025-06-20 10:13:46.176907,1976.0,140191.0,192934.0
2025-06-20 10:13:46.598954,1976.0,140191.0,192934.0
2025-06-20 10:13:47.278536,1976.0,142092.0,193056.0
2025-06-20 10:13:48.393554,1976.0,141572.0,193297.0
2025-06-20 10:13:49.480083,1975.9,142243.0,193158.0
2025-06-20 10:13:49.643714,1975.9,142243.0,193158.0
2025-06-20 10:13:50.582112,1975.9,141752.0,193471.0
2025-06-20 10:13:51.681088,1975.9,141719.0,193622.0
2025-06-20 10:13:52.784183,1975.9,141719.0,193750.0
2025-06-20 10:13:53.601007,1975.0,141719.0,193750.0
2025-06-20 10:13:53.898944,1975.0,141755.0,193668.0
2025-06-20 10:13:54.983268,1975.0,141751.0,193578.0
2025-06-20 10:13:55.989303,1975.0,140111.0,194511.0
2025-06-20 10:13:57.087982,1975.0,140625.0,194555.0
2025-06-20 10:13:58.185295,1975.0,139968.0,194804.0
2025-06-20 10:13:59.285573,1975.2,141011.0,194909.0
2025-06-20 10:13:59.599827,1975.2,141011.0,194909.0
2025-06-20 10:14:00.296890,1975.2,141154.0,194952.0
2025-06-20 10:14:01.405986,1975.2,141232.0,194937.0
2025-06-20 10:14:02.424797,1975.2,141234.0,195138.0
2025-06-20 10:14:03.403099,1975.0,141419.0,194479.0
2025-06-20 10:14:03.607822,1975.0,141419.0,194479.0
2025-06-20 10:14:04.490715,1975.0,141553.0,194816.0
2025-06-20 10:14:05.648996,1975.0,141454.0,194396.0
2025-06-20 10:14:06.597770,1975.0,141435.0,194360.0
2025-06-20 10:14:07.693459,1975.0,142158.0,193060.0
2025-06-20 10:14:08.699071,1975.0,142141.0,192576.0
2025-06-20 10:14:09.798000,1975.0,141931.0,192934.0
2025-06-20 10:14:10.604418,1975.2,141931.0,192934.0
2025-06-20 10:14:10.928869,1975.2,142031.0,192663.0
2025-06-20 10:14:11.910694,1975.2,141653.0,193071.0
2025-06-20 10:14:12.911095,1975.2,141732.0,192862.0
2025-06-20 10:14:13.622103,1975.1,141732.0,192862.0
2025-06-20 10:14:13.914438,1975.1,141883.0,193621.0
2025-06-20 10:14:14.606290,1975.0,141883.0,193621.0
2025-06-20 10:14:14.913696,1975.0,142090.0,193385.0
2025-06-20 10:14:15.608389,1975.0,142090.0,193385.0
2025-06-20 10:14:16.008997,1975.0,142098.0,193405.0
2025-06-20 10:14:17.000507,1975.0,141621.0,193235.0
2025-06-20 10:14:18.001534,1975.0,142199.0,193194.0
2025-06-20 10:14:19.100325,1975.0,142303.0,193055.0
2025-06-20 10:14:19.650886,1975.1,142303.0,193055.0
2025-06-20 10:14:20.101173,1975.1,141310.0,193622.0
2025-06-20 10:14:21.311317,1975.1,141626.0,194059.0
2025-06-20 10:14:22.415241,1975.1,141602.0,194081.0
2025-06-20 10:14:23.914955,1975.1,141397.0,193271.0
2025-06-20 10:14:24.914588,1975.1,141158.0,193204.0
2025-06-20 10:14:25.931164,1975.1,141170.0,193471.0
2025-06-20 10:14:27.103520,1975.1,141146.0,194443.0
2025-06-20 10:14:28.104115,1975.1,141960.0,194212.0
2025-06-20 10:14:28.601653,1975.6,141960.0,194212.0
2025-06-20 10:14:29.008396,1975.6,141954.0,194005.0
2025-06-20 10:14:30.104045,1975.6,141999.0,193995.0
2025-06-20 10:14:30.607187,1975.1,141999.0,193995.0
2025-06-20 10:14:31.105073,1975.1,142038.0,193936.0
2025-06-20 10:14:32.106853,1975.1,141918.0,193999.0
2025-06-20 10:14:32.603804,1975.6,141918.0,193999.0
2025-06-20 10:14:33.019438,1975.6,141821.0,193666.0
2025-06-20 10:14:34.021831,1975.6,141812.0,193632.0
2025-06-20 10:14:34.659378,1975.6,141812.0,193632.0
2025-06-20 10:14:35.018155,1975.6,141853.0,193541.0
2025-06-20 10:14:36.108587,1975.6,141809.0,193618.0
2025-06-20 10:14:37.822926,1975.6,141337.0,194129.0
2025-06-20 10:14:38.608526,1975.1,141337.0,194129.0
2025-06-20 10:14:38.913519,1975.1,141406.0,194055.0
2025-06-20 10:14:39.604650,1975.0,141406.0,194055.0
2025-06-20 10:14:40.025165,1975.0,141123.0,195093.0
2025-06-20 10:14:40.604970,1974.2,141123.0,195093.0
2025-06-20 10:14:40.918990,1974.2,141512.0,195267.0
2025-06-20 10:14:41.605473,1974.1,141512.0,195267.0
2025-06-20 10:14:42.242817,1974.1,141195.0,195597.0
2025-06-20 10:14:43.111983,1974.1,140981.0,195801.0
2025-06-20 10:14:44.225816,1974.1,140928.0,195765.0
2025-06-20 10:14:45.330044,1974.1,141244.0,195716.0
2025-06-20 10:14:46.719587,1974.1,140975.0,195300.0
2025-06-20 10:14:47.715874,1974.1,141060.0,195790.0
2025-06-20 10:14:49.037184,1974.1,141013.0,195876.0
2025-06-20 10:14:49.934070,1974.1,141213.0,195450.0
2025-06-20 10:14:50.925240,1974.1,141090.0,195964.0
2025-06-20 10:14:51.920611,1974.1,141247.0,194861.0
2025-06-20 10:14:52.922284,1974.1,141229.0,195669.0
2025-06-20 10:14:53.601452,1974.9,141229.0,195669.0
2025-06-20 10:14:54.020775,1974.9,140816.0,195789.0
2025-06-20 10:14:55.020606,1974.9,140888.0,195240.0
2025-06-20 10:14:55.635713,1975.2,140888.0,195240.0
2025-06-20 10:14:55.919933,1975.2,141029.0,193053.0
2025-06-20 10:14:56.604571,1974.9,141029.0,193053.0
2025-06-20 10:14:57.024015,1974.9,141134.0,193094.0
2025-06-20 10:14:57.927622,1974.9,142271.0,193569.0
2025-06-20 10:14:59.024142,1974.9,141935.0,193831.0
2025-06-20 10:14:59.938090,1974.9,141983.0,193686.0
2025-06-20 10:15:00.608458,1975.0,141983.0,193686.0
2025-06-20 10:15:01.027792,1975.0,141684.0,193815.0
2025-06-20 10:15:01.674033,1975.0,141684.0,193815.0
2025-06-20 10:15:02.126723,1975.0,141861.0,193784.0
2025-06-20 10:15:03.229888,1975.0,141862.0,193495.0
2025-06-20 10:15:04.231158,1975.0,142152.0,193117.0
2025-06-20 10:15:04.605779,1975.0,142152.0,193117.0
2025-06-20 10:15:05.341824,1974.8,142172.0,192857.0
2025-06-20 10:15:05.607519,1974.8,142172.0,192857.0
2025-06-20 10:15:06.360221,1975.4,143244.0,190914.0
2025-06-20 10:15:06.608988,1975.4,143244.0,190914.0
2025-06-20 10:15:07.342433,1975.4,143027.0,191583.0
2025-06-20 10:15:08.554194,1975.4,142912.0,191667.0
2025-06-20 10:15:09.449023,1975.4,143261.0,191334.0
2025-06-20 10:15:09.605921,1975.4,143261.0,191334.0
2025-06-20 10:15:10.533754,1975.2,143250.0,191316.0
2025-06-20 10:15:10.607825,1975.2,143250.0,191316.0
2025-06-20 10:15:11.652234,1975.2,142594.0,191256.0
2025-06-20 10:15:12.736325,1975.2,142595.0,191306.0
2025-06-20 10:15:13.604988,1975.5,142595.0,191306.0
2025-06-20 10:15:13.857999,1975.5,142641.0,191511.0
2025-06-20 10:15:14.602888,1975.8,142641.0,191511.0
2025-06-20 10:15:14.936500,1975.9,141700.0,190582.0
2025-06-20 10:15:15.604628,1976.0,141700.0,190582.0
2025-06-20 10:15:16.036304,1975.8,144483.0,189940.0
2025-06-20 10:15:16.607799,1975.8,144483.0,189940.0
2025-06-20 10:15:16.940939,1975.8,144377.0,190032.0
2025-06-20 10:15:18.038332,1975.8,143972.0,189924.0
2025-06-20 10:15:19.039569,1976.6,143704.0,189645.0
2025-06-20 10:15:19.604028,1976.6,143704.0,189645.0
2025-06-20 10:15:20.041022,1976.6,143169.0,190659.0
2025-06-20 10:15:21.146732,1976.6,143610.0,190610.0
2025-06-20 10:15:22.247473,1975.6,143720.0,190335.0
2025-06-20 10:15:22.616856,1975.6,143720.0,190335.0
2025-06-20 10:15:23.355914,1975.6,144109.0,189237.0
2025-06-20 10:15:24.246159,1976.0,144138.0,189321.0
2025-06-20 10:15:24.610575,1976.0,144138.0,189321.0
2025-06-20 10:15:25.356375,1976.0,143311.0,190036.0
2025-06-20 10:15:26.450456,1976.0,144067.0,190019.0
2025-06-20 10:15:27.564445,1976.7,144801.0,189742.0
2025-06-20 10:15:27.608809,1976.7,144801.0,189742.0
2025-06-20 10:15:28.607490,1977.0,144801.0,189742.0
2025-06-20 10:15:28.652118,1977.0,144697.0,189508.0
2025-06-20 10:15:29.614629,1977.0,144697.0,189508.0
2025-06-20 10:15:29.745414,1977.0,145055.0,188768.0
2025-06-20 10:15:30.746225,1977.0,144989.0,188698.0
2025-06-20 10:15:31.608303,1977.0,144989.0,188698.0
2025-06-20 10:15:31.747787,1977.0,145170.0,188853.0
2025-06-20 10:15:32.607124,1976.4,145170.0,188853.0
2025-06-20 10:15:32.861749,1976.4,144495.0,188824.0
2025-06-20 10:15:33.949088,1977.0,144494.0,189151.0
2025-06-20 10:15:34.608006,1977.0,144494.0,189151.0
2025-06-20 10:15:34.952657,1977.0,144514.0,189112.0
2025-06-20 10:15:35.906721,1977.0,144453.0,189157.0
2025-06-20 10:15:36.939373,1977.0,144592.0,189162.0
2025-06-20 10:15:37.963860,1977.0,144765.0,188705.0
2025-06-20 10:15:38.608296,1977.0,144765.0,188705.0
2025-06-20 10:15:38.955012,1977.0,145933.0,186979.0
2025-06-20 10:15:39.955077,1977.0,145981.0,185990.0
2025-06-20 10:15:40.614867,1977.1,145981.0,185990.0
2025-06-20 10:15:40.956290,1977.7,146087.0,185920.0
2025-06-20 10:15:40.967862,1977.7,146087.0,185920.0
2025-06-20 10:15:41.362415,1977.7,146087.0,185920.0
2025-06-20 10:15:41.610082,1978.0,146087.0,185920.0
2025-06-20 10:15:41.914736,1978.0,146087.0,185920.0
2025-06-20 10:15:42.055558,1978.0,147478.0,184113.0
2025-06-20 10:15:42.172802,1978.0,147478.0,184113.0
2025-06-20 10:15:42.607668,1979.0,147478.0,184113.0
2025-06-20 10:15:42.772543,1979.0,147478.0,184113.0
2025-06-20 10:15:43.075616,1979.0,147838.0,184932.0
2025-06-20 10:15:43.461423,1979.0,147838.0,184932.0
2025-06-20 10:15:43.612063,1979.0,147838.0,184932.0
2025-06-20 10:15:43.858371,1979.0,147838.0,184932.0
2025-06-20 10:15:44.058836,1979.0,146795.0,186142.0
2025-06-20 10:15:44.459933,1979.0,146795.0,186142.0
2025-06-20 10:15:44.610037,1979.2,146795.0,186142.0
2025-06-20 10:15:44.821246,1979.2,146795.0,186142.0
2025-06-20 10:15:45.164737,1979.2,148305.0,184835.0
2025-06-20 10:15:45.608128,1979.3,148305.0,184835.0
2025-06-20 10:15:45.776114,1979.3,148305.0,184835.0
2025-06-20 10:15:46.258495,1979.3,147694.0,185718.0
2025-06-20 10:15:47.115217,1979.3,147694.0,185718.0
2025-06-20 10:15:47.257890,1979.3,147729.0,185424.0
2025-06-20 10:15:47.609276,1979.2,147729.0,185424.0
2025-06-20 10:15:48.078870,1979.2,147729.0,185424.0
2025-06-20 10:15:48.258799,1979.2,146614.0,183264.0
2025-06-20 10:15:49.259865,1980.0,148382.0,181265.0
2025-06-20 10:15:49.659500,1980.0,148382.0,181265.0
2025-06-20 10:15:49.660181,1980.0,148382.0,181265.0
2025-06-20 10:15:50.259839,1980.3,148330.0,182615.0
2025-06-20 10:15:50.610486,1980.3,148330.0,182615.0
2025-06-20 10:15:50.882104,1980.3,148330.0,182615.0
2025-06-20 10:15:51.365219,1980.6,148038.0,183364.0
2025-06-20 10:15:51.610112,1980.6,148038.0,183364.0
2025-06-20 10:15:52.123287,1980.6,148038.0,183364.0
2025-06-20 10:15:52.371611,1980.6,148029.0,183279.0
2025-06-20 10:15:52.610598,1979.2,148029.0,183279.0
2025-06-20 10:15:53.364955,1979.8,146536.0,185397.0
2025-06-20 10:15:53.605504,1979.9,146536.0,185397.0
2025-06-20 10:15:53.699259,1979.9,146536.0,185397.0
2025-06-20 10:15:54.261926,1979.5,146154.0,185170.0
2025-06-20 10:15:54.608521,1979.5,146154.0,185170.0
2025-06-20 10:15:55.797080,1979.7,146553.0,184925.0
2025-06-20 10:15:55.798854,1979.5,146553.0,184925.0
2025-06-20 10:15:56.264298,1979.5,145784.0,185250.0
2025-06-20 10:15:56.609621,1979.5,145784.0,185250.0
2025-06-20 10:15:57.374339,1979.5,146421.0,185419.0
2025-06-20 10:15:58.473503,1979.5,146795.0,185124.0
2025-06-20 10:15:59.567688,1979.5,146623.0,185218.0
2025-06-20 10:15:59.610838,1979.5,146623.0,185218.0
2025-06-20 10:16:00.881023,1979.5,147149.0,183120.0
2025-06-20 10:16:01.611650,1979.3,147149.0,183120.0
2025-06-20 10:16:01.970369,1979.3,147154.0,183764.0
2025-06-20 10:16:03.071050,1979.3,147257.0,182509.0
2025-06-20 10:16:04.181218,1979.3,147102.0,182851.0
2025-06-20 10:16:05.270906,1979.3,148151.0,183126.0
2025-06-20 10:16:05.661312,1979.5,148151.0,183126.0
2025-06-20 10:16:06.274143,1979.5,148146.0,182908.0
2025-06-20 10:16:07.270992,1979.5,148154.0,183207.0
2025-06-20 10:16:07.611288,1979.5,148154.0,183207.0
2025-06-20 10:16:08.273095,1979.5,149711.0,182598.0
2025-06-20 10:16:09.377587,1979.9,149443.0,183510.0
2025-06-20 10:16:09.609707,1979.1,149443.0,183510.0
2025-06-20 10:16:10.382785,1979.9,149328.0,183158.0
2025-06-20 10:16:10.610364,1979.1,149328.0,183158.0
2025-06-20 10:16:11.476584,1979.1,148675.0,183250.0
2025-06-20 10:16:12.574400,1979.1,149104.0,183812.0
2025-06-20 10:16:13.679145,1979.1,148009.0,183985.0
2025-06-20 10:16:14.610133,1979.1,148009.0,183985.0
2025-06-20 10:16:14.678971,1979.1,148464.0,184532.0
2025-06-20 10:16:15.610641,1979.0,148464.0,184532.0
2025-06-20 10:16:15.675352,1979.0,146559.0,187243.0
2025-06-20 10:16:16.680494,1979.0,145749.0,186603.0
2025-06-20 10:16:17.610797,1978.9,145749.0,186603.0
2025-06-20 10:16:17.776608,1978.9,147491.0,186318.0
2025-06-20 10:16:18.884157,1978.9,147471.0,186298.0
2025-06-20 10:16:19.978978,1978.9,147445.0,186241.0
2025-06-20 10:16:21.077739,1978.9,147570.0,185469.0
2025-06-20 10:16:22.178639,1978.9,147705.0,185328.0
2025-06-20 10:16:23.301985,1978.9,144895.0,187176.0
2025-06-20 10:16:24.392443,1978.9,146442.0,187202.0
2025-06-20 10:16:25.409168,1978.9,146348.0,187282.0
2025-06-20 10:16:26.481723,1978.6,146309.0,186809.0
2025-06-20 10:16:26.644092,1978.6,146309.0,186809.0
2025-06-20 10:16:27.584181,1978.6,143897.0,187800.0
2025-06-20 10:16:28.581854,1978.6,144682.0,185490.0
2025-06-20 10:16:29.690452,1978.6,144316.0,186082.0
2025-06-20 10:16:30.683518,1978.6,144130.0,186711.0
2025-06-20 10:16:31.587429,1978.6,143908.0,187557.0
2025-06-20 10:16:32.585007,1978.6,143989.0,187357.0
2025-06-20 10:16:33.587237,1978.6,143472.0,187840.0
2025-06-20 10:16:34.659026,1977.1,143472.0,187840.0
2025-06-20 10:16:34.690944,1977.1,143392.0,188354.0
2025-06-20 10:16:35.786270,1977.1,142434.0,188879.0
2025-06-20 10:16:36.916772,1977.1,142999.0,188703.0
2025-06-20 10:16:37.989506,1977.1,145085.0,187492.0
2025-06-20 10:16:38.623930,1977.2,145085.0,187492.0
2025-06-20 10:16:38.990390,1977.2,145076.0,188211.0
2025-06-20 10:16:39.647315,1977.0,145076.0,188211.0
2025-06-20 10:16:40.089674,1977.2,145533.0,187440.0
2025-06-20 10:16:40.611109,1977.6,145533.0,187440.0
2025-06-20 10:16:41.092241,1977.6,145551.0,186561.0
2025-06-20 10:16:42.092597,1977.6,145588.0,187177.0
2025-06-20 10:16:43.094244,1977.6,145004.0,187853.0
2025-06-20 10:16:43.615224,1977.5,145004.0,187853.0
2025-06-20 10:16:44.093258,1977.0,144316.0,189473.0
2025-06-20 10:16:44.664314,1977.0,144316.0,189473.0
2025-06-20 10:16:45.094146,1977.0,144364.0,188131.0
2025-06-20 10:16:45.614445,1977.0,144364.0,188131.0
2025-06-20 10:16:46.094439,1977.3,143561.0,189076.0
2025-06-20 10:16:46.612181,1977.3,143561.0,189076.0
2025-06-20 10:16:47.094159,1977.3,142961.0,189531.0
2025-06-20 10:16:48.095409,1977.3,144282.0,189658.0
2025-06-20 10:16:49.097089,1977.3,143413.0,190750.0
2025-06-20 10:16:50.099006,1977.2,143658.0,190201.0
2025-06-20 10:16:50.611131,1977.2,143658.0,190201.0
2025-06-20 10:16:51.198400,1977.2,144685.0,188856.0
2025-06-20 10:16:51.614318,1977.2,144685.0,188856.0
2025-06-20 10:16:52.199801,1977.0,144830.0,188155.0
2025-06-20 10:16:52.614059,1977.9,144830.0,188155.0
2025-06-20 10:16:53.200733,1977.9,144570.0,188103.0
2025-06-20 10:16:54.200410,1977.9,144633.0,188087.0
2025-06-20 10:16:55.200500,1977.2,144329.0,188080.0
2025-06-20 10:16:55.613155,1977.2,144329.0,188080.0
2025-06-20 10:16:56.312960,1977.2,144026.0,188567.0
2025-06-20 10:16:57.420863,1977.2,143846.0,188516.0
2025-06-20 10:16:58.417735,1977.2,143893.0,188724.0
2025-06-20 10:16:59.506041,1977.2,143143.0,188884.0
2025-06-20 10:17:01.010861,1977.2,143780.0,188920.0
2025-06-20 10:17:02.708087,1977.3,144404.0,187966.0
2025-06-20 10:17:03.613570,1977.3,144404.0,187966.0
2025-06-20 10:17:05.613084,1977.4,144404.0,187966.0
2025-06-20 10:17:08.617022,1977.2,144404.0,187966.0
2025-06-20 10:17:08.715394,1977.2,144015.0,188010.0
2025-06-20 10:17:09.616174,1978.4,144015.0,188010.0
2025-06-20 10:17:10.613389,1977.4,144015.0,188010.0
2025-06-20 10:17:14.633032,1978.6,144015.0,188010.0
2025-06-20 10:17:14.922543,1978.6,144969.0,187223.0
2025-06-20 10:17:16.014814,1978.6,144928.0,187265.0
2025-06-20 10:17:17.116493,1978.7,145021.0,187290.0
2025-06-20 10:17:17.619311,1978.7,145021.0,187290.0
2025-06-20 10:17:20.616306,1977.8,145021.0,187290.0
2025-06-20 10:17:20.929820,1977.8,144906.0,187003.0
2025-06-20 10:17:23.618022,1978.5,144906.0,187003.0
2025-06-20 10:17:26.619679,1978.5,144906.0,187003.0
2025-06-20 10:17:26.725907,1978.5,144812.0,187041.0
2025-06-20 10:17:28.614098,1978.7,144812.0,187041.0
2025-06-20 10:17:31.617701,1978.7,144812.0,187041.0
2025-06-20 10:17:32.613923,1978.7,144812.0,187041.0
2025-06-20 10:17:33.640134,1977.9,144812.0,187041.0
2025-06-20 10:17:34.619082,1979.4,144812.0,187041.0
2025-06-20 10:17:38.127776,1979.4,146937.0,183157.0
2025-06-20 10:17:39.129650,1979.4,147628.0,183631.0
2025-06-20 10:17:40.132713,1979.4,147563.0,183431.0
2025-06-20 10:17:40.619632,1978.9,147563.0,183431.0
2025-06-20 10:17:42.618021,1978.7,147563.0,183431.0
2025-06-20 10:17:47.615342,1978.5,147563.0,183431.0
2025-06-20 10:17:50.937514,1978.5,146824.0,184421.0
2025-06-20 10:17:51.616533,1978.3,146824.0,184421.0
2025-06-20 10:17:51.936441,1978.3,146668.0,185011.0
2025-06-20 10:17:53.619775,1978.3,146668.0,185011.0
2025-06-20 10:17:54.617945,1979.2,146668.0,185011.0
2025-06-20 10:17:56.619408,1978.2,146668.0,185011.0
2025-06-20 10:17:56.941734,1978.2,147218.0,185663.0
2025-06-20 10:17:59.646198,1978.2,147637.0,185153.0
2025-06-20 10:18:01.620708,1979.6,147637.0,185153.0
2025-06-20 10:18:02.042237,1978.7,147948.0,184269.0
2025-06-20 10:18:02.622433,1978.7,147948.0,184269.0
2025-06-20 10:18:03.043794,1978.7,147852.0,182856.0
2025-06-20 10:18:03.943019,1978.7,147955.0,182732.0
2025-06-20 10:18:04.619428,1978.8,147955.0,182732.0
2025-06-20 10:18:04.946157,1978.8,148821.0,181874.0
2025-06-20 10:18:05.954625,1978.8,148734.0,182565.0
2025-06-20 10:18:06.947643,1978.8,148443.0,182687.0
2025-06-20 10:18:07.858842,1978.8,148075.0,183490.0
2025-06-20 10:18:08.949798,1978.8,148629.0,181859.0
2025-06-20 10:18:09.747591,1978.8,147076.0,182795.0
2025-06-20 10:18:10.620371,1978.5,147076.0,182795.0
2025-06-20 10:18:10.748198,1978.5,147325.0,184327.0
2025-06-20 10:18:11.620504,1978.5,147325.0,184327.0
2025-06-20 10:18:11.749086,1978.5,147174.0,186103.0
2025-06-20 10:18:12.749751,1978.5,147271.0,185621.0
2025-06-20 10:18:13.618949,1978.9,147271.0,185621.0
2025-06-20 10:18:13.749155,1978.9,147266.0,185219.0
2025-06-20 10:18:14.752054,1978.9,147282.0,185390.0
2025-06-20 10:18:15.751669,1978.9,147557.0,185351.0
2025-06-20 10:18:16.755141,1978.9,147563.0,185402.0
2025-06-20 10:18:17.753332,1978.9,147413.0,185338.0
2025-06-20 10:18:18.754321,1978.9,147758.0,185057.0
2025-06-20 10:18:19.621987,1979.0,147758.0,185057.0
2025-06-20 10:18:19.755714,1979.0,146934.0,185558.0
2025-06-20 10:18:20.755730,1979.0,146659.0,185781.0
2025-06-20 10:18:21.622514,1978.2,146659.0,185781.0
2025-06-20 10:18:21.661739,1978.2,146242.0,185954.0
2025-06-20 10:18:22.620207,1978.3,146242.0,185954.0
2025-06-20 10:18:22.655513,1978.3,143780.0,186723.0
2025-06-20 10:18:23.664710,1978.3,146573.0,186777.0
2025-06-20 10:18:24.657697,1978.3,146798.0,185887.0
2025-06-20 10:18:25.661586,1978.3,146889.0,185239.0
2025-06-20 10:18:26.663934,1978.3,146966.0,185192.0
2025-06-20 10:18:27.660299,1978.3,146637.0,186364.0
2025-06-20 10:18:28.557786,1978.5,146742.0,186164.0
2025-06-20 10:18:28.623779,1978.5,146742.0,186164.0
2025-06-20 10:18:29.566545,1977.5,146637.0,186329.0
2025-06-20 10:18:29.620268,1977.5,146637.0,186329.0
2025-06-20 10:18:30.571153,1977.5,146622.0,186170.0
2025-06-20 10:18:31.562287,1977.5,146274.0,186420.0
2025-06-20 10:18:32.559655,1977.5,146683.0,186388.0
2025-06-20 10:18:32.623980,1977.5,146683.0,186388.0
2025-06-20 10:18:33.560402,1978.5,147238.0,185811.0
2025-06-20 10:18:33.620433,1978.5,147238.0,185811.0
2025-06-20 10:18:34.560956,1978.3,147236.0,185826.0
2025-06-20 10:18:34.630751,1978.3,147236.0,185826.0
2025-06-20 10:18:35.462595,1978.3,146053.0,187458.0
2025-06-20 10:18:35.623034,1978.3,146053.0,187458.0
2025-06-20 10:18:36.461295,1978.3,146091.0,187688.0
2025-06-20 10:18:37.462239,1978.3,144791.0,187564.0
2025-06-20 10:18:38.463544,1978.3,145560.0,186573.0
2025-06-20 10:18:39.465508,1978.3,145407.0,186672.0
2025-06-20 10:18:40.463764,1978.0,145140.0,186865.0
2025-06-20 10:18:40.626927,1978.0,145140.0,186865.0
2025-06-20 10:18:41.582526,1978.0,145140.0,186865.0
2025-06-20 10:18:41.591180,1977.8,145668.0,186180.0
2025-06-20 10:18:41.621778,1977.8,145668.0,186180.0
2025-06-20 10:18:41.676264,1977.8,145668.0,186180.0
2025-06-20 10:18:42.128097,1977.8,145668.0,186180.0
2025-06-20 10:18:42.529182,1977.8,145063.0,186454.0
2025-06-20 10:18:42.734692,1977.8,145063.0,186454.0
2025-06-20 10:18:43.303487,1977.8,145063.0,186454.0
2025-06-20 10:18:43.473506,1978.0,146085.0,185881.0
2025-06-20 10:18:43.623928,1978.0,146085.0,185881.0
2025-06-20 10:18:43.950060,1978.0,146085.0,185881.0
2025-06-20 10:18:44.439511,1978.0,146085.0,185881.0
2025-06-20 10:18:44.467595,1978.0,146109.0,185935.0
2025-06-20 10:18:45.016614,1978.0,146109.0,185935.0
2025-06-20 10:18:45.436551,1978.0,146109.0,185935.0
2025-06-20 10:18:45.441526,1978.0,145615.0,186408.0
2025-06-20 10:18:46.351716,1978.0,145615.0,186408.0
2025-06-20 10:18:46.468427,1978.0,145313.0,186544.0
2025-06-20 10:18:47.381627,1978.0,145978.0,186144.0
2025-06-20 10:18:47.690100,1978.0,145978.0,186144.0
2025-06-20 10:18:48.384821,1978.0,145924.0,186054.0
2025-06-20 10:18:48.692380,1978.0,145924.0,186054.0
2025-06-20 10:18:49.383492,1978.0,145887.0,186100.0
2025-06-20 10:18:50.231367,1978.0,145887.0,186100.0
2025-06-20 10:18:50.384188,1978.0,145829.0,186238.0
2025-06-20 10:18:51.380625,1978.0,145843.0,186739.0
2025-06-20 10:18:51.463040,1978.0,145843.0,186739.0
2025-06-20 10:18:52.273656,1978.0,145897.0,186660.0
2025-06-20 10:18:52.758861,1978.0,145897.0,186660.0
2025-06-20 10:18:53.272670,1978.0,145823.0,186625.0
2025-06-20 10:18:54.278019,1978.3,145907.0,186682.0
2025-06-20 10:18:54.409874,1978.3,145907.0,186682.0
2025-06-20 10:18:54.629028,1978.3,145907.0,186682.0
2025-06-20 10:18:55.273712,1978.3,146140.0,184517.0
2025-06-20 10:18:55.640854,1979.6,146140.0,184517.0
2025-06-20 10:18:56.272779,1979.6,146176.0,184423.0
2025-06-20 10:18:56.622947,1979.6,146176.0,184423.0
2025-06-20 10:18:57.275035,1979.6,146368.0,184467.0
2025-06-20 10:18:58.176098,1979.2,145807.0,185998.0
2025-06-20 10:18:58.632058,1979.2,145807.0,185998.0
2025-06-20 10:18:59.175813,1979.1,146367.0,185997.0
2025-06-20 10:18:59.639252,1979.1,146367.0,185997.0
2025-06-20 10:19:00.174221,1979.1,146011.0,186060.0
2025-06-20 10:19:01.677389,1979.1,146591.0,186142.0
2025-06-20 10:19:02.637034,1978.8,146591.0,186142.0
2025-06-20 10:19:02.789203,1978.8,146591.0,186210.0
2025-06-20 10:19:03.636791,1978.9,146591.0,186210.0
2025-06-20 10:19:03.885402,1978.9,145983.0,186388.0
2025-06-20 10:19:04.889457,1978.9,146501.0,186222.0
2025-06-20 10:19:05.980297,1978.9,146557.0,186212.0
2025-06-20 10:19:07.079432,1978.9,146778.0,185538.0
2025-06-20 10:19:08.181018,1978.5,146714.0,185496.0
2025-06-20 10:19:08.626367,1978.3,146714.0,185496.0
2025-06-20 10:19:09.180486,1978.3,146359.0,186474.0
2025-06-20 10:19:10.180086,1978.3,146247.0,187107.0
2025-06-20 10:19:10.667574,1977.4,146247.0,187107.0
2025-06-20 10:19:11.181754,1977.4,146248.0,187069.0
2025-06-20 10:19:12.282185,1978.0,144624.0,188484.0
2025-06-20 10:19:12.627414,1978.0,144624.0,188484.0
2025-06-20 10:19:13.394496,1978.0,145192.0,189454.0
2025-06-20 10:19:14.483247,1978.0,144731.0,188489.0
2025-06-20 10:19:15.589295,1978.0,145638.0,186955.0
2025-06-20 10:19:16.684653,1978.0,145330.0,187744.0
2025-06-20 10:19:17.786140,1978.0,145911.0,188607.0
2025-06-20 10:19:18.737613,1978.2,145911.0,188607.0
2025-06-20 10:19:18.897058,1978.2,146056.0,188460.0
2025-06-20 10:19:19.986506,1977.8,145031.0,188870.0
2025-06-20 10:19:20.668257,1977.5,145031.0,188870.0
2025-06-20 10:19:21.090568,1977.3,144437.0,189810.0
2025-06-20 10:19:21.681939,1977.3,144437.0,189810.0
2025-06-20 10:19:22.188502,1977.3,144498.0,189233.0
2025-06-20 10:19:23.291091,1977.3,144877.0,189302.0
2025-06-20 10:19:24.406938,1977.0,144303.0,188527.0
2025-06-20 10:19:24.884640,1977.0,144303.0,188527.0
2025-06-20 10:19:25.493987,1977.8,144685.0,188802.0
2025-06-20 10:19:25.689099,1977.8,144685.0,188802.0
2025-06-20 10:19:26.593434,1977.8,144681.0,188802.0
2025-06-20 10:19:27.702035,1977.8,144379.0,188503.0
2025-06-20 10:19:28.685273,1977.3,144379.0,188503.0
2025-06-20 10:19:28.794111,1977.3,144510.0,188678.0
2025-06-20 10:19:29.908769,1977.0,144311.0,188831.0
2025-06-20 10:19:30.636928,1977.0,144311.0,188831.0
2025-06-20 10:19:31.017230,1977.4,145039.0,188082.0
2025-06-20 10:19:31.641827,1977.4,145039.0,188082.0
2025-06-20 10:19:32.098831,1977.4,144879.0,188210.0
2025-06-20 10:19:33.199692,1977.4,144630.0,189087.0
2025-06-20 10:19:34.301146,1977.4,144332.0,189382.0
2025-06-20 10:19:35.208335,1977.4,144223.0,188747.0
2025-06-20 10:19:35.642702,1977.4,144223.0,188747.0
2025-06-20 10:19:36.450537,1977.4,144328.0,188788.0
2025-06-20 10:19:36.635974,1977.4,144328.0,188788.0
2025-06-20 10:19:37.573195,1977.4,144290.0,188827.0
2025-06-20 10:19:37.699885,1977.5,144290.0,188827.0
2025-06-20 10:19:38.603769,1977.5,144273.0,188710.0
2025-06-20 10:19:39.633714,1977.5,144273.0,188710.0
2025-06-20 10:19:39.706964,1977.0,143931.0,189806.0
2025-06-20 10:19:40.906779,1977.0,143931.0,189806.0
2025-06-20 10:19:40.910435,1977.0,143928.0,189875.0
2025-06-20 10:19:41.674130,1977.6,143928.0,189875.0
2025-06-20 10:19:41.712091,1977.6,143617.0,189628.0
2025-06-20 10:19:42.807897,1977.6,143629.0,189551.0
2025-06-20 10:19:43.628099,1977.0,143629.0,189551.0
2025-06-20 10:19:43.920413,1977.0,143579.0,189264.0
2025-06-20 10:19:44.631469,1977.0,143579.0,189264.0
2025-06-20 10:19:45.008887,1977.0,143582.0,189525.0
2025-06-20 10:19:46.111658,1977.6,143567.0,189414.0
2025-06-20 10:19:46.640522,1977.6,143567.0,189414.0
2025-06-20 10:19:47.115796,1977.6,143629.0,189221.0
2025-06-20 10:19:48.215836,1977.4,143616.0,189506.0
2025-06-20 10:19:48.636417,1977.4,143616.0,189506.0
2025-06-20 10:19:49.316276,1977.4,142984.0,190787.0
2025-06-20 10:19:49.634273,1977.4,142984.0,190787.0
2025-06-20 10:19:50.432422,1977.0,142939.0,190983.0
2025-06-20 10:19:50.637024,1977.0,142939.0,190983.0
2025-06-20 10:19:51.518735,1977.0,141954.0,191559.0
2025-06-20 10:19:51.638625,1977.0,141954.0,191559.0
2025-06-20 10:19:52.692554,1977.0,141956.0,192105.0
2025-06-20 10:19:53.621645,1977.0,141930.0,191506.0
2025-06-20 10:19:54.636997,1977.0,141930.0,191506.0
2025-06-20 10:19:54.720882,1977.0,142085.0,191289.0
2025-06-20 10:19:55.638047,1976.5,142085.0,191289.0
2025-06-20 10:19:55.822590,1976.5,142423.0,191278.0
2025-06-20 10:19:56.932338,1976.5,142436.0,191280.0
2025-06-20 10:19:58.027063,1977.1,142556.0,190952.0
2025-06-20 10:19:58.633157,1977.3,142556.0,190952.0
2025-06-20 10:19:59.028202,1977.3,142778.0,190780.0
2025-06-20 10:20:00.127589,1977.3,142842.0,190520.0
2025-06-20 10:20:01.164717,1977.1,143233.0,188501.0
2025-06-20 10:20:01.672261,1977.7,143233.0,188501.0
2025-06-20 10:20:02.129253,1977.7,144483.0,186234.0
2025-06-20 10:20:03.130073,1977.7,144511.0,185929.0
2025-06-20 10:20:04.131328,1977.7,144727.0,186619.0
2025-06-20 10:20:05.168521,1977.7,144680.0,186879.0
2025-06-20 10:20:06.034083,1977.7,143614.0,186928.0
2025-06-20 10:20:06.934213,1977.7,143634.0,187477.0
2025-06-20 10:20:07.635961,1978.3,143634.0,187477.0
2025-06-20 10:20:07.933428,1978.3,144251.0,186692.0
2025-06-20 10:20:08.639762,1977.7,144251.0,186692.0
2025-06-20 10:20:08.837010,1977.7,143524.0,187617.0
2025-06-20 10:20:09.636814,1977.7,143524.0,187617.0
2025-06-20 10:20:09.741327,1977.7,142449.0,189543.0
2025-06-20 10:20:10.637055,1977.7,142449.0,189543.0
2025-06-20 10:20:10.742322,1977.7,142797.0,189046.0
2025-06-20 10:20:11.680552,1977.7,142797.0,189046.0
2025-06-20 10:20:11.750541,1977.7,142348.0,190183.0
2025-06-20 10:20:12.680689,1977.7,142908.0,190178.0
2025-06-20 10:20:13.750300,1977.7,142955.0,189381.0
2025-06-20 10:20:14.689467,1977.7,142942.0,189357.0
2025-06-20 10:20:15.667902,1977.8,142942.0,189357.0
2025-06-20 10:20:15.673555,1977.8,142956.0,189813.0
2025-06-20 10:20:16.544355,1977.6,142962.0,189586.0
2025-06-20 10:20:16.638799,1977.6,142962.0,189586.0
2025-06-20 10:20:17.539861,1977.6,143054.0,189631.0
2025-06-20 10:20:18.440196,1977.6,143098.0,189257.0
2025-06-20 10:20:19.348388,1977.6,143092.0,189204.0
2025-06-20 10:20:20.357381,1977.1,143665.0,189076.0
2025-06-20 10:20:20.636802,1977.1,143665.0,189076.0
2025-06-20 10:20:21.350685,1977.1,143665.0,188828.0
2025-06-20 10:20:22.445103,1977.1,143577.0,189098.0
2025-06-20 10:20:23.445068,1977.9,143545.0,189409.0
2025-06-20 10:20:23.641430,1977.9,143545.0,189409.0
2025-06-20 10:20:24.460643,1977.9,143611.0,189420.0
2025-06-20 10:20:25.466967,1977.9,143584.0,189380.0
2025-06-20 10:20:26.447464,1977.9,143702.0,188956.0
2025-06-20 10:20:27.457780,1977.9,143867.0,188622.0
2025-06-20 10:20:28.545523,1977.9,143921.0,188285.0
2025-06-20 10:20:29.462340,1977.9,143892.0,188579.0
2025-06-20 10:20:30.365827,1977.9,142868.0,188777.0
2025-06-20 10:20:31.365210,1978.4,143058.0,188522.0
2025-06-20 10:20:31.643433,1978.4,143058.0,188522.0
2025-06-20 10:20:32.455958,1977.4,143178.0,188418.0
2025-06-20 10:20:32.704112,1977.4,143178.0,188418.0
2025-06-20 10:20:33.391916,1977.4,143182.0,187730.0
2025-06-20 10:20:34.579133,1977.4,143143.0,187815.0
2025-06-20 10:20:35.392129,1977.7,143336.0,187361.0
2025-06-20 10:20:35.639350,1977.7,143336.0,187361.0
2025-06-20 10:20:36.465487,1977.7,143279.0,187698.0
2025-06-20 10:20:37.457686,1977.7,142781.0,188438.0
2025-06-20 10:20:38.392433,1977.7,142910.0,188337.0
2025-06-20 10:20:39.386107,1977.7,143032.0,187829.0
2025-06-20 10:20:40.467737,1977.7,142310.0,189038.0
2025-06-20 10:20:41.564421,1977.7,142600.0,189826.0
2025-06-20 10:20:42.562355,1977.7,142951.0,188939.0
2025-06-20 10:20:43.561324,1977.7,142850.0,188888.0
2025-06-20 10:20:44.564943,1977.7,142875.0,189211.0
2025-06-20 10:20:45.564912,1977.1,142829.0,189320.0
2025-06-20 10:20:45.653692,1977.1,142829.0,189320.0
2025-06-20 10:20:46.564787,1977.1,142849.0,189276.0
2025-06-20 10:20:47.562967,1978.2,143089.0,189518.0
2025-06-20 10:20:47.642996,1978.2,143089.0,189518.0
2025-06-20 10:20:48.565722,1978.2,142830.0,189604.0
2025-06-20 10:20:49.622418,1978.2,142511.0,189454.0
2025-06-20 10:20:50.568848,1977.7,141692.0,190641.0
2025-06-20 10:20:50.676313,1977.7,141692.0,190641.0
2025-06-20 10:20:51.565924,1977.7,142736.0,191597.0
2025-06-20 10:20:52.676126,1977.7,142799.0,191272.0
2025-06-20 10:20:53.672664,1977.7,142169.0,191887.0
2025-06-20 10:20:54.640113,1977.0,142169.0,191887.0
2025-06-20 10:20:54.669557,1977.0,142020.0,192351.0
2025-06-20 10:20:55.644589,1977.0,142020.0,192351.0
2025-06-20 10:20:55.770904,1977.0,141572.0,191991.0
2025-06-20 10:20:56.641634,1976.5,141572.0,191991.0
2025-06-20 10:20:56.909762,1976.5,141011.0,192944.0
2025-06-20 10:20:57.972468,1976.5,141834.0,192027.0
2025-06-20 10:20:59.072044,1976.5,141041.0,192608.0
2025-06-20 10:20:59.649277,1976.4,141041.0,192608.0
2025-06-20 10:21:00.073548,1976.5,141141.0,192176.0
2025-06-20 10:21:01.175837,1976.5,141441.0,191599.0
2025-06-20 10:21:01.644569,1976.5,141441.0,191599.0
2025-06-20 10:21:02.070056,1976.5,141346.0,191673.0
2025-06-20 10:21:02.648865,1975.9,141346.0,191673.0
2025-06-20 10:21:03.071896,1975.9,141007.0,191714.0
2025-06-20 10:21:03.971079,1975.9,141102.0,191905.0
2025-06-20 10:21:05.644153,1975.7,141102.0,191905.0
2025-06-20 10:21:06.972411,1975.7,140286.0,194253.0
2025-06-20 10:21:08.073591,1975.7,141215.0,192679.0
2025-06-20 10:21:08.974738,1975.7,141157.0,192831.0
2025-06-20 10:21:10.109352,1975.7,141020.0,192803.0
2025-06-20 10:21:10.642664,1975.8,141020.0,192803.0
2025-06-20 10:21:11.780716,1975.8,141593.0,191834.0
2025-06-20 10:21:12.790257,1975.8,141535.0,192444.0
2025-06-20 10:21:13.690304,1975.8,141413.0,191949.0
2025-06-20 10:21:14.690088,1975.8,141293.0,192149.0
2025-06-20 10:21:15.580832,1975.8,141405.0,192201.0
2025-06-20 10:21:16.582552,1975.8,141430.0,192139.0
2025-06-20 10:21:17.482072,1976.5,141418.0,192116.0
2025-06-20 10:21:17.644437,1976.5,141418.0,192116.0
2025-06-20 10:21:18.484123,1976.5,140216.0,193858.0
2025-06-20 10:21:18.643065,1976.5,140216.0,193858.0
2025-06-20 10:21:19.414220,1976.5,141246.0,192937.0
2025-06-20 10:21:20.390473,1976.5,141969.0,192421.0
2025-06-20 10:21:21.613175,1976.5,141981.0,192555.0
2025-06-20 10:21:22.425691,1976.5,141988.0,192576.0
2025-06-20 10:21:23.609707,1976.5,142026.0,192123.0
2025-06-20 10:21:24.288365,1977.1,142071.0,191131.0
2025-06-20 10:21:24.643311,1977.1,142071.0,191131.0
2025-06-20 10:21:25.188823,1977.1,140744.0,189961.0
2025-06-20 10:21:26.187518,1977.1,141831.0,190660.0
2025-06-20 10:21:27.189832,1977.1,142357.0,190309.0
2025-06-20 10:21:28.193121,1977.1,142375.0,190621.0
2025-06-20 10:21:29.190717,1977.1,142523.0,189772.0
2025-06-20 10:21:30.091279,1977.1,142302.0,188539.0
2025-06-20 10:21:32.158743,1977.8,142302.0,188539.0
2025-06-20 10:21:32.231577,1977.8,142823.0,188468.0
2025-06-20 10:21:33.118843,1977.8,142512.0,188654.0
2025-06-20 10:21:34.093624,1977.8,142394.0,189128.0
2025-06-20 10:21:34.992340,1977.8,142643.0,188572.0
2025-06-20 10:21:35.993462,1977.8,142340.0,188895.0
2025-06-20 10:21:37.113292,1977.8,142365.0,188612.0
2025-06-20 10:21:37.791430,1977.8,142338.0,188612.0
2025-06-20 10:21:38.695997,1977.8,142128.0,189031.0
2025-06-20 10:21:39.593412,1977.8,142121.0,189212.0
2025-06-20 10:21:40.595050,1977.9,142457.0,189120.0
2025-06-20 10:21:40.643264,1977.9,142457.0,189120.0
2025-06-20 10:21:41.495956,1977.9,142442.0,188958.0
2025-06-20 10:21:41.849539,1977.9,142442.0,188958.0
2025-06-20 10:21:42.179002,1977.9,142442.0,188958.0
2025-06-20 10:21:42.502374,1977.9,143053.0,188690.0
2025-06-20 10:21:42.800041,1977.9,143053.0,188690.0
2025-06-20 10:21:43.096548,1977.9,143053.0,188690.0
2025-06-20 10:21:43.499704,1978.4,142987.0,188675.0
2025-06-20 10:21:43.649970,1978.4,142987.0,188675.0
2025-06-20 10:21:43.726804,1978.4,142987.0,188675.0
2025-06-20 10:21:44.454446,1978.4,142987.0,188675.0
2025-06-20 10:21:44.455687,1978.4,142789.0,189011.0
2025-06-20 10:21:44.839184,1978.4,142789.0,189011.0
2025-06-20 10:21:45.476244,1978.4,142789.0,189011.0
2025-06-20 10:21:45.481659,1977.9,141702.0,189345.0
2025-06-20 10:21:45.705139,1977.9,141702.0,189345.0
2025-06-20 10:21:45.825990,1977.9,141702.0,189345.0
2025-06-20 10:21:46.543737,1977.9,141851.0,189726.0
2025-06-20 10:21:46.833826,1977.9,141851.0,189726.0
2025-06-20 10:21:47.601093,1977.9,141776.0,190083.0
2025-06-20 10:21:48.164560,1977.9,141776.0,190083.0
2025-06-20 10:21:48.704043,1977.9,141784.0,190342.0
2025-06-20 10:21:49.144090,1977.9,141784.0,190342.0
2025-06-20 10:21:49.605031,1977.9,141992.0,189846.0
2025-06-20 10:21:50.720694,1977.9,141992.0,189846.0
2025-06-20 10:21:50.720830,1977.9,142004.0,189846.0
2025-06-20 10:21:51.622272,1977.9,141908.0,189835.0
2025-06-20 10:21:51.954158,1977.9,141908.0,189835.0
2025-06-20 10:21:52.803993,1977.9,141889.0,190283.0
2025-06-20 10:21:53.216485,1977.9,141889.0,190283.0
2025-06-20 10:21:53.934746,1977.9,141821.0,190044.0
2025-06-20 10:21:54.662857,1977.9,141821.0,190044.0
2025-06-20 10:21:54.820059,1977.9,141821.0,190044.0
2025-06-20 10:21:54.939503,1977.9,141923.0,190283.0
2025-06-20 10:21:56.007951,1977.9,141934.0,190323.0
2025-06-20 10:21:57.105468,1977.9,141929.0,190264.0
2025-06-20 10:21:58.027063,1977.8,141231.0,191050.0
2025-06-20 10:21:58.644600,1978.1,141231.0,191050.0
2025-06-20 10:21:59.208458,1978.1,141924.0,190497.0
2025-06-20 10:22:00.208120,1978.1,142133.0,190312.0
2025-06-20 10:22:01.610485,1978.1,142473.0,188950.0
2025-06-20 10:22:02.614027,1978.1,142266.0,189496.0
2025-06-20 10:22:03.711569,1978.1,142064.0,190024.0
2025-06-20 10:22:04.643051,1978.2,142064.0,190024.0
2025-06-20 10:22:04.810837,1978.2,142056.0,190085.0
2025-06-20 10:22:06.712503,1978.2,141962.0,190044.0
2025-06-20 10:22:08.026607,1978.4,141862.0,190980.0
2025-06-20 10:22:08.721786,1977.9,141862.0,190980.0
2025-06-20 10:22:08.938756,1977.9,141894.0,190454.0
2025-06-20 10:22:09.656379,1978.0,141894.0,190454.0
2025-06-20 10:22:10.017632,1978.0,141721.0,190929.0
2025-06-20 10:22:11.290345,1977.0,141721.0,190929.0
2025-06-20 10:22:11.512994,1977.0,141823.0,191341.0
2025-06-20 10:22:12.115364,1977.0,140761.0,193616.0
2025-06-20 10:22:13.215901,1977.0,141413.0,193462.0
2025-06-20 10:22:13.698503,1977.4,141413.0,193462.0
2025-06-20 10:22:14.322773,1977.4,141522.0,193034.0
2025-06-20 10:22:15.428051,1977.4,141556.0,192333.0
2025-06-20 10:22:16.515499,1977.4,141411.0,193040.0
2025-06-20 10:22:17.517736,1977.0,141462.0,193130.0
2025-06-20 10:22:17.652368,1977.0,141462.0,193130.0
2025-06-20 10:22:18.447368,1977.0,140756.0,193087.0
2025-06-20 10:22:19.519424,1977.0,141407.0,192505.0
2025-06-20 10:22:20.629099,1976.5,141341.0,192796.0
2025-06-20 10:22:20.650068,1976.5,141341.0,192796.0
2025-06-20 10:22:21.658696,1977.0,141341.0,192796.0
2025-06-20 10:22:21.722926,1977.0,142935.0,190876.0
2025-06-20 10:22:22.820603,1977.0,142178.0,191194.0
2025-06-20 10:22:23.821685,1977.0,142179.0,190630.0
2025-06-20 10:22:24.822794,1977.0,142122.0,191923.0
2025-06-20 10:22:25.822136,1977.0,142145.0,192122.0
2025-06-20 10:22:26.824907,1977.0,142132.0,191116.0
2025-06-20 10:22:27.951129,1977.0,142076.0,191429.0
2025-06-20 10:22:28.655206,1977.0,142076.0,191429.0
2025-06-20 10:22:29.029306,1977.0,142220.0,191444.0
2025-06-20 10:22:30.127880,1977.0,141760.0,192664.0
2025-06-20 10:22:31.182121,1977.0,142306.0,191756.0
2025-06-20 10:22:31.658689,1976.9,142306.0,191756.0
2025-06-20 10:22:32.228330,1976.9,142317.0,191846.0
2025-06-20 10:22:33.230248,1976.9,142398.0,192019.0
2025-06-20 10:22:34.419153,1976.9,142373.0,192003.0
2025-06-20 10:22:34.718250,1977.9,142373.0,192003.0
2025-06-20 10:22:35.443822,1977.9,142413.0,192166.0
2025-06-20 10:22:36.446243,1977.8,142234.0,192223.0
2025-06-20 10:22:36.650932,1977.8,142234.0,192223.0
2025-06-20 10:22:37.539953,1977.8,142246.0,192336.0
2025-06-20 10:22:38.634767,1977.8,142254.0,192268.0
2025-06-20 10:22:39.638282,1977.8,142228.0,192167.0
2025-06-20 10:22:40.707093,1977.0,142191.0,192249.0
2025-06-20 10:22:40.732405,1977.0,142191.0,192249.0
2025-06-20 10:22:41.699131,1977.0,142191.0,192249.0
2025-06-20 10:22:41.734745,1977.0,142193.0,191873.0
2025-06-20 10:22:42.696828,1976.8,142193.0,191873.0
2025-06-20 10:22:42.841649,1976.8,142460.0,192015.0
2025-06-20 10:22:43.951732,1976.8,142893.0,190165.0
2025-06-20 10:22:44.661383,1978.2,142893.0,190165.0
2025-06-20 10:22:44.946716,1978.2,142951.0,190159.0
2025-06-20 10:22:46.039451,1978.2,142781.0,191156.0
2025-06-20 10:22:47.137187,1977.3,142731.0,191689.0
2025-06-20 10:22:47.656058,1977.3,142731.0,191689.0
2025-06-20 10:22:48.039326,1977.3,142723.0,191043.0
2025-06-20 10:22:49.237105,1977.3,142661.0,190711.0
2025-06-20 10:22:50.344739,1977.3,142731.0,190741.0
2025-06-20 10:22:51.345575,1977.3,142781.0,190818.0
2025-06-20 10:22:52.841301,1977.3,142792.0,190776.0
2025-06-20 10:22:53.741353,1977.3,142792.0,190744.0
2025-06-20 10:22:55.002029,1977.3,142730.0,190997.0
2025-06-20 10:22:55.655639,1978.1,142730.0,190997.0
2025-06-20 10:22:55.953087,1978.1,142040.0,191225.0
2025-06-20 10:22:57.040843,1978.1,142630.0,191265.0
2025-06-20 10:22:57.655291,1977.2,142630.0,191265.0
2025-06-20 10:22:58.096319,1977.2,142627.0,191247.0
2025-06-20 10:22:59.043805,1977.2,142627.0,191290.0
2025-06-20 10:23:00.043467,1977.2,142729.0,191089.0
2025-06-20 10:23:01.345321,1977.3,142733.0,190980.0
2025-06-20 10:23:01.655501,1977.3,142733.0,190980.0
2025-06-20 10:23:02.343874,1977.3,142766.0,190990.0
2025-06-20 10:23:04.245927,1977.3,142754.0,190993.0
2025-06-20 10:23:05.246278,1977.3,142778.0,190976.0
2025-06-20 10:23:06.177550,1977.3,142603.0,191151.0
2025-06-20 10:23:07.159296,1977.3,142675.0,191550.0
2025-06-20 10:23:08.048547,1977.3,142686.0,191314.0
2025-06-20 10:23:09.047041,1977.3,142685.0,191488.0
2025-06-20 10:23:09.705419,1978.2,142685.0,191488.0
2025-06-20 10:23:09.953958,1978.2,142450.0,191384.0
2025-06-20 10:23:10.847618,1978.2,142093.0,192091.0
2025-06-20 10:23:11.857366,1978.2,142414.0,192185.0
2025-06-20 10:23:12.852493,1978.2,141822.0,192389.0
2025-06-20 10:23:13.855396,1978.2,142245.0,192060.0
2025-06-20 10:23:14.856982,1978.2,142282.0,192060.0
2025-06-20 10:23:15.663874,1976.7,142282.0,192060.0
2025-06-20 10:23:15.856207,1976.7,142257.0,191737.0
2025-06-20 10:23:16.654715,1977.3,142257.0,191737.0
2025-06-20 10:23:16.858728,1977.3,142077.0,191672.0
2025-06-20 10:23:17.753499,1977.3,141911.0,191956.0
2025-06-20 10:23:18.712827,1977.7,141911.0,191956.0
2025-06-20 10:23:18.812364,1977.7,142129.0,191328.0
2025-06-20 10:23:19.766674,1977.7,142152.0,191312.0
2025-06-20 10:23:20.756580,1977.7,142423.0,191157.0
2025-06-20 10:23:21.661291,1977.9,142423.0,191157.0
2025-06-20 10:23:21.668945,1977.9,142556.0,190898.0
2025-06-20 10:23:22.653759,1977.2,142556.0,190898.0
2025-06-20 10:23:22.661731,1977.2,142435.0,191023.0
2025-06-20 10:23:23.656835,1978.0,142435.0,191023.0
2025-06-20 10:23:23.666050,1978.0,142985.0,191234.0
2025-06-20 10:23:24.667579,1978.0,142907.0,191302.0
2025-06-20 10:23:25.660186,1978.2,142907.0,191302.0
2025-06-20 10:23:25.667226,1978.2,142775.0,191301.0
2025-06-20 10:23:26.559324,1978.2,142832.0,191229.0
2025-06-20 10:23:27.559809,1978.0,142995.0,188968.0
2025-06-20 10:23:27.653453,1978.0,142995.0,188968.0
2025-06-20 10:23:28.598715,1978.0,142970.0,189716.0
2025-06-20 10:23:29.460948,1978.0,143849.0,188229.0
2025-06-20 10:23:30.464338,1978.0,143706.0,188437.0
2025-06-20 10:23:31.605106,1978.0,143660.0,188503.0
2025-06-20 10:23:31.682577,1978.1,143660.0,188503.0
2025-06-20 10:23:32.469692,1978.1,143615.0,188793.0
2025-06-20 10:23:33.591321,1978.1,143681.0,188650.0
2025-06-20 10:23:34.424282,1978.1,143680.0,188634.0
2025-06-20 10:23:35.569837,1978.1,143650.0,188736.0
2025-06-20 10:23:36.268777,1978.1,143224.0,188665.0
2025-06-20 10:23:37.380074,1978.1,143049.0,189011.0
2025-06-20 10:23:38.383251,1978.1,142876.0,189240.0
2025-06-20 10:23:39.384261,1978.1,142901.0,189588.0
2025-06-20 10:23:39.657930,1978.5,142901.0,189588.0
2025-06-20 10:23:40.294629,1978.5,145964.0,189536.0
2025-06-20 10:23:40.747579,1978.0,145964.0,189536.0
2025-06-20 10:23:41.277466,1978.0,146540.0,189488.0
2025-06-20 10:23:42.270686,1978.0,146558.0,189456.0
2025-06-20 10:23:43.271948,1978.0,146555.0,189589.0
2025-06-20 10:23:44.273454,1978.0,146516.0,189556.0
2025-06-20 10:23:45.172987,1978.0,146492.0,189574.0
2025-06-20 10:23:46.094407,1978.0,146275.0,190093.0
2025-06-20 10:23:47.074145,1978.0,146419.0,189879.0
2025-06-20 10:23:47.658688,1978.0,146419.0,189879.0
2025-06-20 10:23:47.978626,1978.0,146446.0,189665.0
2025-06-20 10:23:48.912874,1978.0,146311.0,188952.0
2025-06-20 10:23:49.887532,1978.0,146377.0,189307.0
2025-06-20 10:23:51.099575,1978.0,146366.0,189911.0
2025-06-20 10:23:52.106687,1978.0,146284.0,189273.0
2025-06-20 10:23:52.655501,1978.0,146284.0,189273.0
2025-06-20 10:23:52.887755,1978.0,146509.0,189274.0
2025-06-20 10:23:53.657274,1978.0,146509.0,189274.0
2025-06-20 10:23:53.888777,1978.0,146533.0,189510.0
2025-06-20 10:23:54.664704,1978.4,146533.0,189510.0
2025-06-20 10:23:54.889757,1978.0,146516.0,189656.0
2025-06-20 10:23:55.665873,1978.0,146516.0,189656.0
2025-06-20 10:23:55.779376,1978.0,146582.0,189933.0
2025-06-20 10:23:56.783883,1978.0,146594.0,189489.0
2025-06-20 10:23:57.657666,1977.4,146594.0,189489.0
2025-06-20 10:23:57.779671,1977.4,146147.0,189936.0
2025-06-20 10:23:58.692476,1977.4,146141.0,190156.0
2025-06-20 10:23:59.691583,1977.4,146310.0,190030.0
2025-06-20 10:24:01.291597,1978.0,146076.0,190107.0
2025-06-20 10:24:01.662223,1978.0,146076.0,190107.0
2025-06-20 10:24:02.626241,1977.4,146092.0,190125.0
2025-06-20 10:24:02.657645,1977.4,146092.0,190125.0
2025-06-20 10:24:03.623358,1977.4,146069.0,190228.0
2025-06-20 10:24:03.658284,1977.4,146069.0,190228.0
2025-06-20 10:24:04.585553,1977.4,146088.0,190226.0
2025-06-20 10:24:05.703283,1977.4,146074.0,190212.0
2025-06-20 10:24:06.873694,1977.4,145571.0,189905.0
2025-06-20 10:24:07.899955,1977.4,146070.0,190406.0
2025-06-20 10:24:08.995323,1977.4,146160.0,190429.0
2025-06-20 10:24:09.988593,1977.4,146112.0,190273.0
2025-06-20 10:24:10.926511,1977.4,146112.0,190273.0
2025-06-20 10:24:11.095362,1977.4,146195.0,190428.0
2025-06-20 10:24:12.090315,1978.0,146252.0,190395.0
2025-06-20 10:24:12.840313,1978.0,146252.0,190395.0
2025-06-20 10:24:13.192273,1978.0,146342.0,190146.0
2025-06-20 10:24:14.310125,1978.0,146043.0,190167.0
2025-06-20 10:24:15.292594,1978.0,146036.0,190203.0
2025-06-20 10:24:16.407456,1978.0,146040.0,190182.0
2025-06-20 10:24:17.410955,1978.0,146025.0,190284.0
2025-06-20 10:24:18.497321,1978.0,146041.0,190263.0
2025-06-20 10:24:19.704385,1978.0,146249.0,189925.0
2025-06-20 10:24:20.669564,1978.0,146249.0,189925.0
2025-06-20 10:24:20.709519,1978.0,146303.0,189951.0
2025-06-20 10:24:21.797738,1978.2,146250.0,189794.0
2025-06-20 10:24:22.658326,1978.2,146250.0,189794.0
2025-06-20 10:24:22.909813,1978.2,146254.0,189666.0
2025-06-20 10:24:23.997850,1978.2,146297.0,189725.0
2025-06-20 10:24:25.102895,1978.2,146242.0,189838.0
2025-06-20 10:24:26.000725,1978.2,146271.0,189807.0
2025-06-20 10:24:27.100734,1978.2,146252.0,189779.0
2025-06-20 10:24:28.203367,1978.2,146015.0,190098.0
2025-06-20 10:24:29.305401,1978.2,146019.0,189975.0
2025-06-20 10:24:30.416025,1978.2,145990.0,189976.0
2025-06-20 10:24:31.505577,1978.2,145965.0,190481.0
2025-06-20 10:24:32.506965,1978.2,146136.0,190432.0
2025-06-20 10:24:33.505942,1978.2,146070.0,190789.0
2025-06-20 10:24:34.606213,1978.2,145997.0,191544.0
2025-06-20 10:24:35.718132,1978.2,145960.0,191067.0
2025-06-20 10:24:36.661351,1977.5,145960.0,191067.0
2025-06-20 10:24:36.807744,1977.5,145951.0,191166.0
2025-06-20 10:24:37.941086,1978.0,145952.0,190745.0
2025-06-20 10:24:38.661271,1978.0,145952.0,190745.0
2025-06-20 10:24:39.509293,1978.0,146077.0,190701.0
2025-06-20 10:24:40.666833,1977.5,146077.0,190701.0
2025-06-20 10:24:41.210673,1977.5,146062.0,190711.0
2025-06-20 10:24:42.296602,1977.5,146062.0,190711.0
2025-06-20 10:24:42.422759,1977.5,146062.0,190711.0
2025-06-20 10:24:42.651548,1977.5,146062.0,190711.0
2025-06-20 10:24:43.447538,1977.5,146487.0,189437.0
2025-06-20 10:24:43.502721,1977.5,146487.0,189437.0
2025-06-20 10:24:44.050547,1977.5,146487.0,189437.0
2025-06-20 10:24:44.436847,1977.5,146634.0,189528.0
2025-06-20 10:24:44.438722,1977.5,146634.0,189528.0
2025-06-20 10:24:45.060480,1977.5,146634.0,189528.0
2025-06-20 10:24:45.445544,1978.4,148224.0,187572.0
2025-06-20 10:24:45.510863,1978.4,148224.0,187572.0
2025-06-20 10:24:45.659601,1978.4,148224.0,187572.0
2025-06-20 10:24:46.101187,1978.4,148224.0,187572.0
2025-06-20 10:24:46.512696,1979.1,148041.0,187628.0
2025-06-20 10:24:46.658526,1979.1,148041.0,187628.0
2025-06-20 10:24:47.691573,1979.1,148041.0,187628.0
2025-06-20 10:24:47.699815,1979.1,147959.0,187802.0
2025-06-20 10:24:48.712185,1979.1,147940.0,187652.0
2025-06-20 10:24:48.816901,1979.1,147940.0,187652.0
2025-06-20 10:24:49.612112,1979.1,147940.0,187652.0
2025-06-20 10:24:49.789680,1979.1,147940.0,187652.0
2025-06-20 10:24:50.659317,1978.4,147940.0,187652.0
2025-06-20 10:24:50.714064,1978.4,147381.0,187604.0
2025-06-20 10:24:51.325133,1978.4,147381.0,187604.0
2025-06-20 10:24:52.012772,1978.4,147631.0,187420.0
2025-06-20 10:24:52.576877,1978.4,147631.0,187420.0
2025-06-20 10:24:52.948220,1978.4,147651.0,187407.0
2025-06-20 10:24:53.834058,1978.4,147651.0,187407.0
2025-06-20 10:24:54.112492,1978.4,147398.0,187240.0
2025-06-20 10:24:55.114992,1978.4,147418.0,187152.0
2025-06-20 10:24:55.456091,1978.4,147418.0,187152.0
2025-06-20 10:24:56.217839,1979.2,147279.0,187462.0
2025-06-20 10:24:56.658193,1979.2,147279.0,187462.0
2025-06-20 10:24:57.514219,1979.2,147341.0,187470.0
2025-06-20 10:24:58.522103,1978.5,147567.0,186473.0
2025-06-20 10:24:58.662544,1978.5,147567.0,186473.0
2025-06-20 10:24:59.516499,1979.7,147713.0,186750.0
2025-06-20 10:24:59.661595,1978.6,147713.0,186750.0
2025-06-20 10:25:01.318031,1979.7,147410.0,185321.0
2025-06-20 10:25:01.662761,1979.7,147410.0,185321.0
2025-06-20 10:25:02.322426,1979.7,146412.0,185742.0
2025-06-20 10:25:02.659085,1979.7,146412.0,185742.0
2025-06-20 10:25:03.319323,1979.7,147369.0,185391.0
2025-06-20 10:25:04.442837,1979.7,148081.0,184900.0
2025-06-20 10:25:05.454580,1979.7,147923.0,184101.0
2025-06-20 10:25:06.436367,1979.7,147969.0,184513.0
2025-06-20 10:25:07.526025,1979.7,147828.0,184277.0
2025-06-20 10:25:08.527229,1979.9,148035.0,183281.0
2025-06-20 10:25:08.665559,1979.9,148035.0,183281.0
2025-06-20 10:25:09.654826,1979.9,148087.0,184077.0
2025-06-20 10:25:10.529203,1979.8,147906.0,184076.0
2025-06-20 10:25:10.677753,1979.8,147906.0,184076.0
2025-06-20 10:25:11.528657,1979.5,148191.0,184204.0
2025-06-20 10:25:11.661740,1979.5,148191.0,184204.0
2025-06-20 10:25:13.029062,1979.5,148344.0,183949.0
2025-06-20 10:25:14.131184,1979.5,148424.0,183949.0
2025-06-20 10:25:15.129127,1979.5,148390.0,184319.0
2025-06-20 10:25:16.128019,1979.5,148424.0,184162.0
2025-06-20 10:25:16.668430,1979.4,148424.0,184162.0
2025-06-20 10:25:17.128858,1979.4,148333.0,184292.0
2025-06-20 10:25:18.229653,1979.4,149127.0,184544.0
2025-06-20 10:25:18.661620,1979.4,149127.0,184544.0
2025-06-20 10:25:19.410471,1979.9,149127.0,184423.0
2025-06-20 10:25:20.350434,1979.9,149127.0,184423.0
2025-06-20 10:25:20.481033,1979.9,149237.0,184320.0
2025-06-20 10:25:21.531938,1979.9,149374.0,183932.0
2025-06-20 10:25:22.632604,1979.9,149222.0,183938.0
2025-06-20 10:25:22.658830,1979.9,149222.0,183938.0
2025-06-20 10:25:23.744301,1979.9,149252.0,183948.0
2025-06-20 10:25:24.835552,1979.9,149306.0,183984.0
2025-06-20 10:25:25.667206,1980.8,149306.0,183984.0
2025-06-20 10:25:25.745738,1980.8,150350.0,183596.0
2025-06-20 10:25:26.905605,1980.8,150292.0,183102.0
2025-06-20 10:25:27.707949,1980.9,150292.0,183102.0
2025-06-20 10:25:28.034010,1980.9,149794.0,182950.0
2025-06-20 10:25:29.036287,1980.9,149847.0,183071.0
2025-06-20 10:25:30.234784,1980.9,149934.0,182977.0
2025-06-20 10:25:30.661510,1980.3,149934.0,182977.0
2025-06-20 10:25:31.237115,1980.3,149792.0,183023.0
2025-06-20 10:25:32.336982,1980.3,149984.0,182705.0
2025-06-20 10:25:33.240128,1980.3,149955.0,182827.0
2025-06-20 10:25:34.341948,1981.0,149959.0,182776.0
2025-06-20 10:25:34.659896,1981.0,149959.0,182776.0
2025-06-20 10:25:35.342110,1981.0,149959.0,182680.0
2025-06-20 10:25:35.663309,1981.0,149959.0,182680.0
2025-06-20 10:25:36.453055,1980.2,149781.0,183254.0
2025-06-20 10:25:36.662265,1981.0,149781.0,183254.0
2025-06-20 10:25:37.541703,1981.0,149858.0,183139.0
2025-06-20 10:25:38.552137,1981.0,149785.0,183154.0
2025-06-20 10:25:38.658676,1981.0,149785.0,183154.0
2025-06-20 10:25:39.643347,1981.0,149785.0,183046.0
2025-06-20 10:25:39.665414,1981.0,149785.0,183046.0
2025-06-20 10:25:40.668602,1980.3,149785.0,183046.0
2025-06-20 10:25:40.803678,1980.3,149694.0,182980.0
2025-06-20 10:25:41.846427,1980.3,149946.0,182967.0
2025-06-20 10:25:43.046304,1980.3,149965.0,182912.0
2025-06-20 10:25:43.736231,1981.0,149965.0,182912.0
2025-06-20 10:25:43.977766,1981.0,149944.0,182892.0
2025-06-20 10:25:44.667180,1981.0,149944.0,182892.0
2025-06-20 10:25:45.149748,1981.0,149945.0,182862.0
2025-06-20 10:25:45.661074,1980.8,149945.0,182862.0
2025-06-20 10:25:46.248664,1980.8,149164.0,183945.0
2025-06-20 10:25:47.348572,1980.8,149313.0,183982.0
2025-06-20 10:25:48.461767,1980.8,149313.0,184189.0
2025-06-20 10:25:49.552014,1980.8,149225.0,184293.0
2025-06-20 10:25:49.662523,1980.8,149225.0,184293.0
2025-06-20 10:25:50.552313,1980.8,149277.0,184171.0
2025-06-20 10:25:51.551041,1980.8,149024.0,185071.0
2025-06-20 10:25:52.653758,1980.8,149063.0,184540.0
2025-06-20 10:25:52.662829,1980.8,149063.0,184540.0
2025-06-20 10:25:53.654743,1980.8,149481.0,184702.0
2025-06-20 10:25:54.854564,1980.8,149481.0,184733.0
2025-06-20 10:25:55.855456,1980.8,149574.0,184702.0
2025-06-20 10:25:56.856505,1980.8,149324.0,184915.0
2025-06-20 10:25:57.670109,1980.8,149324.0,184915.0
2025-06-20 10:25:57.957214,1980.7,149401.0,185119.0
2025-06-20 10:25:58.665361,1980.3,149401.0,185119.0
2025-06-20 10:25:59.058639,1980.3,149357.0,185118.0
2025-06-20 10:26:00.162068,1980.3,149379.0,185134.0
2025-06-20 10:26:01.360918,1980.8,149631.0,185257.0
2025-06-20 10:26:01.663839,1980.8,149631.0,185257.0
2025-06-20 10:26:02.371120,1980.8,149404.0,185212.0
2025-06-20 10:26:03.362180,1980.8,149404.0,185212.0
2025-06-20 10:26:04.362250,1980.8,149369.0,185207.0
2025-06-20 10:26:05.464407,1980.8,149764.0,185310.0
2025-06-20 10:26:06.565549,1980.4,148549.0,186473.0
2025-06-20 10:26:06.666437,1980.4,148549.0,186473.0
2025-06-20 10:26:07.669029,1980.0,148549.0,186473.0
2025-06-20 10:26:07.675429,1980.0,148659.0,186375.0
2025-06-20 10:26:08.670153,1980.0,148785.0,186215.0
2025-06-20 10:26:09.668487,1980.6,148785.0,186215.0
2025-06-20 10:26:09.765603,1980.6,148876.0,186453.0
2025-06-20 10:26:10.668386,1980.0,148876.0,186453.0
2025-06-20 10:26:10.769193,1980.0,148877.0,186488.0
2025-06-20 10:26:11.661018,1980.9,148877.0,186488.0
2025-06-20 10:26:11.771520,1980.9,148601.0,186410.0
2025-06-20 10:26:12.870192,1980.9,148551.0,186420.0
2025-06-20 10:26:13.664493,1979.7,148551.0,186420.0
2025-06-20 10:26:13.987219,1979.7,148300.0,186762.0
2025-06-20 10:26:14.872450,1979.7,148415.0,186879.0
2025-06-20 10:26:15.971640,1979.7,148371.0,187266.0
2025-06-20 10:26:16.664896,1980.2,148371.0,187266.0
2025-06-20 10:26:17.072331,1980.2,148601.0,186820.0
2025-06-20 10:26:18.177665,1980.2,148527.0,186801.0
2025-06-20 10:26:19.276936,1980.2,148606.0,186658.0
2025-06-20 10:26:20.377536,1980.2,148529.0,186777.0
2025-06-20 10:26:21.505360,1980.2,148559.0,186830.0
2025-06-20 10:26:22.486927,1980.2,148497.0,186876.0
2025-06-20 10:26:23.601630,1980.2,148407.0,187281.0
2025-06-20 10:26:24.593022,1980.2,148520.0,187203.0
2025-06-20 10:26:25.586955,1980.2,148036.0,187220.0
2025-06-20 10:26:26.604416,1980.2,148647.0,186753.0
2025-06-20 10:26:27.617225,1980.2,148622.0,187087.0
2025-06-20 10:26:28.583488,1980.4,148656.0,186998.0
2025-06-20 10:26:28.670905,1980.4,148656.0,186998.0
2025-06-20 10:26:29.595021,1980.4,148694.0,186998.0
2025-06-20 10:26:30.591123,1980.4,148719.0,187204.0
2025-06-20 10:26:31.599014,1980.4,148701.0,187032.0
2025-06-20 10:26:32.696724,1980.4,148087.0,187474.0
2025-06-20 10:26:33.698943,1980.4,148573.0,187486.0
2025-06-20 10:26:34.786905,1980.4,148486.0,187169.0
2025-06-20 10:26:35.785285,1980.4,148479.0,186905.0
2025-06-20 10:26:36.672674,1980.4,148479.0,186905.0
2025-06-20 10:26:36.785705,1980.3,148549.0,187133.0
2025-06-20 10:26:37.680133,1980.3,148549.0,187133.0
2025-06-20 10:26:37.789095,1980.3,148865.0,187047.0
2025-06-20 10:26:38.786064,1980.3,148840.0,187129.0
2025-06-20 10:26:39.723209,1980.3,148815.0,187282.0
2025-06-20 10:26:40.666005,1979.7,148815.0,187282.0
2025-06-20 10:26:40.690649,1979.7,148812.0,187437.0
2025-06-20 10:26:41.691277,1979.7,148803.0,187233.0
2025-06-20 10:26:42.788381,1979.7,148773.0,187254.0
2025-06-20 10:26:43.905963,1979.7,148702.0,187577.0
2025-06-20 10:26:44.931390,1979.7,148628.0,187580.0
2025-06-20 10:26:45.670411,1979.7,148628.0,187580.0
2025-06-20 10:26:45.798646,1979.7,148496.0,187753.0
2025-06-20 10:26:46.713202,1980.2,148496.0,187753.0
2025-06-20 10:26:47.652308,1980.2,148324.0,187939.0
2025-06-20 10:26:48.597339,1980.2,148155.0,187871.0
2025-06-20 10:26:49.718404,1980.2,148324.0,187855.0
2025-06-20 10:26:50.797930,1980.2,148436.0,187374.0
2025-06-20 10:26:51.798751,1980.2,148445.0,187605.0
2025-06-20 10:26:52.923978,1980.2,148844.0,185469.0
2025-06-20 10:26:54.001025,1980.2,148949.0,186145.0
2025-06-20 10:26:55.102946,1980.2,148519.0,186391.0
2025-06-20 10:26:56.209539,1980.2,148834.0,185768.0
2025-06-20 10:26:57.015203,1979.8,148834.0,185768.0
2025-06-20 10:26:57.304357,1980.2,148841.0,186203.0
2025-06-20 10:26:57.698191,1980.2,148841.0,186203.0
2025-06-20 10:26:58.303976,1980.2,148795.0,186246.0
2025-06-20 10:26:59.418717,1980.2,147937.0,186587.0
2025-06-20 10:27:01.213891,1980.2,148847.0,185782.0
2025-06-20 10:27:02.307143,1980.2,148908.0,185921.0
2025-06-20 10:27:03.422817,1980.2,148655.0,185996.0
2025-06-20 10:27:04.522730,1980.4,148669.0,186303.0
2025-06-20 10:27:04.721246,1980.4,148669.0,186303.0
2025-06-20 10:27:05.609517,1980.4,148712.0,186134.0
2025-06-20 10:27:06.611938,1980.6,150123.0,184607.0
2025-06-20 10:27:06.700313,1980.6,150123.0,184607.0
2025-06-20 10:27:07.611732,1980.6,150058.0,185283.0
2025-06-20 10:27:08.611314,1980.6,149997.0,185306.0
2025-06-20 10:27:09.688114,1980.7,149997.0,185306.0
2025-06-20 10:27:09.724188,1980.7,149967.0,185015.0
2025-06-20 10:27:10.684462,1981.0,149967.0,185015.0
2025-06-20 10:27:10.750739,1981.0,150516.0,183910.0
2025-06-20 10:27:11.672371,1980.6,150516.0,183910.0
2025-06-20 10:27:11.813568,1980.6,149705.0,184216.0
2025-06-20 10:27:12.926212,1981.5,150241.0,180846.0
2025-06-20 10:27:13.680471,1982.4,150241.0,180846.0
2025-06-20 10:27:14.152714,1982.4,149352.0,180906.0
2025-06-20 10:27:14.670695,1983.2,149352.0,180906.0
2025-06-20 10:27:15.115732,1983.5,148305.0,180894.0
2025-06-20 10:27:15.664511,1983.5,148305.0,180894.0
2025-06-20 10:27:16.221020,1983.5,148715.0,180264.0
2025-06-20 10:27:16.665624,1983.7,148715.0,180264.0
2025-06-20 10:27:17.316287,1983.5,148407.0,181051.0
2025-06-20 10:27:17.665236,1983.5,148407.0,181051.0
2025-06-20 10:27:18.821241,1983.5,148494.0,181572.0
2025-06-20 10:27:19.663576,1982.6,148494.0,181572.0
2025-06-20 10:27:19.955430,1982.6,148602.0,181700.0
2025-06-20 10:27:21.021986,1982.6,148747.0,180960.0
2025-06-20 10:27:22.122935,1982.6,148590.0,180884.0
2025-06-20 10:27:23.227394,1982.6,148732.0,180550.0
2025-06-20 10:27:24.324632,1982.6,148544.0,181565.0
2025-06-20 10:27:25.475254,1982.6,148516.0,182255.0
2025-06-20 10:27:26.530757,1982.6,146598.0,182742.0
2025-06-20 10:27:26.667634,1982.6,146598.0,182742.0
2025-06-20 10:27:27.626994,1982.6,147562.0,182722.0
2025-06-20 10:27:28.752152,1982.6,147629.0,182602.0
2025-06-20 10:27:29.891630,1982.6,148213.0,182455.0
2025-06-20 10:27:30.709519,1982.6,148221.0,182367.0
2025-06-20 10:27:31.740217,1982.1,148133.0,182482.0
2025-06-20 10:27:32.715602,1982.1,148133.0,182482.0
2025-06-20 10:27:32.771017,1982.1,148274.0,182420.0
2025-06-20 10:27:33.940754,1982.1,148187.0,182508.0
2025-06-20 10:27:35.031549,1982.1,148016.0,182917.0
2025-06-20 10:27:36.033885,1982.1,148009.0,182962.0
2025-06-20 10:27:37.168455,1982.1,148147.0,182748.0
2025-06-20 10:27:38.136759,1982.6,148049.0,182932.0
2025-06-20 10:27:38.719575,1982.6,148049.0,182932.0
2025-06-20 10:27:39.143085,1982.7,148079.0,183085.0
2025-06-20 10:27:39.694557,1982.7,148079.0,183085.0
2025-06-20 10:27:40.337514,1982.1,148024.0,182983.0
2025-06-20 10:27:40.682050,1982.1,148024.0,182983.0
2025-06-20 10:27:41.449987,1982.1,147571.0,184340.0
2025-06-20 10:27:41.666927,1981.4,147571.0,184340.0
2025-06-20 10:27:42.555257,1981.4,148672.0,184299.0
2025-06-20 10:27:42.697404,1981.4,148672.0,184299.0
2025-06-20 10:27:43.032084,1981.4,148672.0,184299.0
2025-06-20 10:27:43.543413,1981.4,148636.0,184210.0
2025-06-20 10:27:43.689136,1981.4,148636.0,184210.0
2025-06-20 10:27:44.244558,1981.4,148636.0,184210.0
2025-06-20 10:27:44.640460,1981.4,148691.0,183995.0
2025-06-20 10:27:45.285901,1981.4,148691.0,183995.0
2025-06-20 10:27:45.675160,1982.5,148691.0,183995.0
2025-06-20 10:27:45.742129,1982.5,148691.0,183995.0
2025-06-20 10:27:45.782860,1982.5,149081.0,183834.0
2025-06-20 10:27:46.297033,1982.5,149081.0,183834.0
2025-06-20 10:27:46.849888,1982.5,149162.0,183842.0
2025-06-20 10:27:47.709879,1982.5,149162.0,183842.0
2025-06-20 10:27:47.721505,1982.5,149162.0,183842.0
2025-06-20 10:27:47.850951,1982.5,149155.0,183804.0
2025-06-20 10:27:48.979720,1982.4,148747.0,184149.0
2025-06-20 10:27:49.007830,1982.4,148747.0,184149.0
2025-06-20 10:27:49.676789,1982.4,148747.0,184149.0
2025-06-20 10:27:50.003546,1982.4,148747.0,184149.0
2025-06-20 10:27:50.047174,1982.4,148832.0,184285.0
2025-06-20 10:27:51.050604,1982.4,148818.0,184258.0
2025-06-20 10:27:51.534998,1982.4,148818.0,184258.0
2025-06-20 10:27:51.678754,1982.3,148818.0,184258.0
2025-06-20 10:27:52.146550,1982.3,148952.0,184252.0
2025-06-20 10:27:52.823601,1982.3,148952.0,184252.0
2025-06-20 10:27:53.248519,1982.3,149012.0,183735.0
2025-06-20 10:27:53.670051,1982.3,149012.0,183735.0
2025-06-20 10:27:54.032514,1982.3,149012.0,183735.0
2025-06-20 10:27:54.251301,1982.3,149012.0,183923.0
2025-06-20 10:27:55.483529,1982.3,148988.0,183916.0
2025-06-20 10:27:55.624492,1982.3,148988.0,183916.0
2025-06-20 10:27:56.484321,1982.3,148971.0,183821.0
2025-06-20 10:27:57.473187,1982.3,148618.0,184177.0
2025-06-20 10:27:58.463098,1982.3,148644.0,184290.0
2025-06-20 10:27:59.474832,1982.3,148619.0,184239.0
2025-06-20 10:28:00.665015,1982.3,148619.0,184239.0
2025-06-20 10:28:01.066791,1981.6,148723.0,184175.0
2025-06-20 10:28:01.716838,1981.6,148723.0,184175.0
2025-06-20 10:28:02.159419,1981.6,148472.0,184212.0
2025-06-20 10:28:03.059044,1981.6,148490.0,184344.0
2025-06-20 10:28:04.160182,1981.6,148594.0,184240.0
2025-06-20 10:28:05.268497,1981.6,149128.0,183848.0
2025-06-20 10:28:06.361616,1981.8,148672.0,183979.0
2025-06-20 10:28:06.671540,1981.8,148672.0,183979.0
2025-06-20 10:28:07.470847,1981.8,148711.0,183976.0
2025-06-20 10:28:08.561147,1981.8,148575.0,184185.0
2025-06-20 10:28:08.670713,1981.8,148575.0,184185.0
2025-06-20 10:28:09.662266,1981.8,148571.0,184537.0
2025-06-20 10:28:10.672607,1981.6,148571.0,184537.0
2025-06-20 10:28:10.762041,1981.6,148439.0,184593.0
2025-06-20 10:28:11.862655,1981.6,148671.0,184425.0
2025-06-20 10:28:12.970615,1981.6,148510.0,184531.0
2025-06-20 10:28:13.673196,1981.6,148510.0,184531.0
2025-06-20 10:28:14.074683,1982.3,148456.0,184556.0
2025-06-20 10:28:14.671278,1982.3,148456.0,184556.0
2025-06-20 10:28:15.165562,1981.6,146294.0,185700.0
2025-06-20 10:28:15.673106,1981.6,146294.0,185700.0
2025-06-20 10:28:16.267661,1981.6,147414.0,185729.0
2025-06-20 10:28:17.369431,1982.0,147756.0,185893.0
2025-06-20 10:28:17.671484,1982.0,147756.0,185893.0
2025-06-20 10:28:18.468766,1981.4,147904.0,186291.0
2025-06-20 10:28:18.672870,1981.4,147904.0,186291.0
2025-06-20 10:28:19.568898,1981.4,147941.0,186248.0
2025-06-20 10:28:20.681792,1981.4,147986.0,186264.0
2025-06-20 10:28:21.710124,1981.4,147972.0,186129.0
2025-06-20 10:28:22.715790,1980.7,147972.0,186129.0
2025-06-20 10:28:22.769456,1980.7,147512.0,186497.0
2025-06-20 10:28:23.882417,1980.7,147696.0,186803.0
2025-06-20 10:28:24.980734,1980.7,147313.0,186848.0
2025-06-20 10:28:26.072619,1980.7,147915.0,186745.0
2025-06-20 10:28:27.180061,1980.7,148054.0,186623.0
2025-06-20 10:28:28.277413,1980.7,144067.0,186580.0
2025-06-20 10:28:29.377207,1980.7,143901.0,186880.0
2025-06-20 10:28:30.482165,1981.3,143810.0,186909.0
2025-06-20 10:28:30.672258,1981.3,143810.0,186909.0
2025-06-20 10:28:31.579149,1981.3,143859.0,186914.0
2025-06-20 10:28:32.706258,1981.3,143914.0,186883.0
2025-06-20 10:28:33.683535,1980.2,143757.0,187208.0
2025-06-20 10:28:33.748397,1980.2,143757.0,187208.0
2025-06-20 10:28:34.694147,1980.2,143954.0,187047.0
2025-06-20 10:28:35.691963,1980.2,143769.0,187088.0
2025-06-20 10:28:36.682742,1980.4,143769.0,187088.0
2025-06-20 10:28:36.782406,1980.4,143971.0,187156.0
2025-06-20 10:28:37.897585,1980.4,143435.0,186540.0
2025-06-20 10:28:39.126645,1980.4,144196.0,186626.0
2025-06-20 10:28:39.984840,1980.4,144202.0,186572.0
2025-06-20 10:28:40.673545,1980.8,144202.0,186572.0
2025-06-20 10:28:41.084575,1980.8,145059.0,186286.0
2025-06-20 10:28:42.088516,1980.8,145062.0,186408.0
2025-06-20 10:28:42.673843,1981.7,145062.0,186408.0
2025-06-20 10:28:43.183123,1981.7,144685.0,186535.0
2025-06-20 10:28:44.184028,1981.7,144686.0,186578.0
2025-06-20 10:28:45.188251,1981.7,144802.0,186357.0
2025-06-20 10:28:46.184543,1981.7,144826.0,186275.0
2025-06-20 10:28:47.297087,1980.9,144664.0,186222.0
2025-06-20 10:28:47.673284,1980.9,144664.0,186222.0
2025-06-20 10:28:48.389800,1980.9,144663.0,186246.0
2025-06-20 10:28:49.490987,1980.9,144694.0,186215.0
2025-06-20 10:28:50.704349,1980.9,144693.0,186243.0
2025-06-20 10:28:51.590443,1980.9,144313.0,186528.0
2025-06-20 10:28:52.694736,1980.9,144361.0,186460.0
2025-06-20 10:28:53.789065,1980.9,144380.0,186578.0
2025-06-20 10:28:54.892345,1980.9,145501.0,184929.0
2025-06-20 10:28:55.991222,1980.9,145145.0,184839.0
2025-06-20 10:28:57.092692,1980.9,145099.0,184915.0
2025-06-20 10:28:58.193408,1980.9,145040.0,182298.0
2025-06-20 10:28:59.293306,1982.3,145332.0,184823.0
2025-06-20 10:28:59.672759,1982.3,145332.0,184823.0
2025-06-20 10:29:00.399079,1982.3,145377.0,184425.0
2025-06-20 10:29:01.679698,1982.3,145377.0,184425.0
2025-06-20 10:29:03.672373,1982.3,145377.0,184425.0
2025-06-20 10:29:05.681020,1982.3,145377.0,184425.0
2025-06-20 10:29:07.677407,1981.8,145377.0,184425.0
2025-06-20 10:29:10.502799,1981.6,145063.0,184805.0
2025-06-20 10:29:11.692820,1981.6,145063.0,184805.0
2025-06-20 10:29:15.684451,1981.6,145063.0,184805.0
2025-06-20 10:29:16.718277,1981.6,144888.0,184746.0
2025-06-20 10:29:17.688284,1981.6,144888.0,184746.0
2025-06-20 10:29:19.697897,1981.6,144888.0,184746.0
2025-06-20 10:29:21.680826,1981.6,144888.0,184746.0
2025-06-20 10:29:22.512247,1981.6,145066.0,184527.0
2025-06-20 10:29:27.687220,1982.3,145066.0,184527.0
2025-06-20 10:29:28.215143,1982.5,149197.0,184549.0
2025-06-20 10:29:29.678715,1982.5,149197.0,184549.0
2025-06-20 10:29:33.821014,1982.5,149023.0,185813.0
2025-06-20 10:29:38.682622,1982.3,149023.0,185813.0
2025-06-20 10:29:39.625478,1982.3,149716.0,183681.0
2025-06-20 10:29:41.714097,1982.5,149716.0,183681.0
2025-06-20 10:29:44.756604,1982.8,149716.0,183681.0
2025-06-20 10:29:45.746962,1983.0,149363.0,184326.0
2025-06-20 10:29:47.685876,1983.0,149363.0,184326.0
2025-06-20 10:29:50.680464,1983.4,149363.0,184326.0
2025-06-20 10:29:51.531718,1982.4,149552.0,184303.0
2025-06-20 10:29:53.715401,1983.3,149552.0,184303.0
2025-06-20 10:29:57.235072,1983.3,149272.0,184926.0
2025-06-20 10:29:59.688879,1982.3,149272.0,184926.0
2025-06-20 10:30:01.701502,1981.3,149272.0,184926.0
2025-06-20 10:30:04.683557,1982.3,149272.0,184926.0
2025-06-20 10:30:08.750935,1982.3,149710.0,186820.0
2025-06-20 10:30:11.706092,1982.3,149710.0,186820.0
2025-06-20 10:30:14.750155,1982.3,149073.0,186748.0
2025-06-20 10:30:17.695275,1982.5,149073.0,186748.0
2025-06-20 10:30:19.725852,1983.6,149073.0,186748.0
2025-06-20 10:30:20.554167,1983.1,148988.0,179286.0
2025-06-20 10:30:21.707027,1983.1,148988.0,179286.0
2025-06-20 10:30:25.715285,1983.1,148988.0,179286.0
2025-06-20 10:30:26.355319,1983.1,148415.0,180649.0
2025-06-20 10:30:27.717311,1983.1,148415.0,180649.0
2025-06-20 10:30:32.067144,1982.3,148442.0,181910.0
2025-06-20 10:30:33.686150,1982.3,148442.0,181910.0
2025-06-20 10:30:36.683929,1982.3,148442.0,181910.0
2025-06-20 10:30:37.868538,1982.3,148835.0,181630.0
2025-06-20 10:30:42.682090,1983.0,148835.0,181630.0
2025-06-20 10:30:43.218013,1983.0,148835.0,181630.0
2025-06-20 10:30:43.676466,1982.5,148827.0,181596.0
2025-06-20 10:30:43.851639,1982.5,148827.0,181596.0
2025-06-20 10:30:44.222153,1982.5,148827.0,181596.0
2025-06-20 10:30:45.316100,1982.5,148827.0,181596.0
2025-06-20 10:30:45.698859,1983.0,148827.0,181596.0
2025-06-20 10:30:46.013430,1983.0,148827.0,181596.0
2025-06-20 10:30:46.494529,1983.0,148827.0,181596.0
2025-06-20 10:30:47.669925,1983.0,148827.0,181596.0
2025-06-20 10:30:48.418079,1983.0,148827.0,181596.0
2025-06-20 10:30:49.436504,1983.0,149028.0,181358.0
2025-06-20 10:30:49.732840,1983.0,149028.0,181358.0
2025-06-20 10:30:50.763699,1983.0,149028.0,181358.0
2025-06-20 10:30:52.262898,1983.0,149028.0,181358.0
2025-06-20 10:30:53.532979,1983.0,149028.0,181358.0
2025-06-20 10:30:54.687590,1983.0,149028.0,181358.0
2025-06-20 10:30:54.779867,1983.0,149287.0,179407.0
2025-06-20 10:30:54.805970,1983.0,149287.0,179407.0
2025-06-20 10:30:56.501781,1983.0,149287.0,179407.0
2025-06-20 10:30:57.729590,1983.0,149287.0,179407.0
2025-06-20 10:31:00.682906,1984.4,149287.0,179407.0
2025-06-20 10:31:01.077681,1984.4,149773.0,178924.0
2025-06-20 10:31:01.687704,1983.6,149773.0,178924.0
2025-06-20 10:31:02.186971,1983.6,149046.0,178941.0
2025-06-20 10:31:02.688934,1984.7,149046.0,178941.0
2025-06-20 10:31:03.361366,1984.7,148901.0,179072.0
2025-06-20 10:31:04.377568,1984.7,149029.0,179358.0
2025-06-20 10:31:05.489161,1984.7,148985.0,179057.0
2025-06-20 10:31:06.486869,1984.4,149392.0,179209.0
2025-06-20 10:31:06.689763,1984.4,149392.0,179209.0
2025-06-20 10:31:07.494235,1984.4,149372.0,179368.0
2025-06-20 10:31:08.586183,1983.7,149370.0,179245.0
2025-06-20 10:31:08.686112,1983.7,149370.0,179245.0
2025-06-20 10:31:09.946349,1984.5,149370.0,179245.0
2025-06-20 10:31:09.953268,1984.5,149445.0,179195.0
2025-06-20 10:31:10.692281,1983.8,149445.0,179195.0
2025-06-20 10:31:10.798358,1983.8,149411.0,179423.0
2025-06-20 10:31:11.707441,1984.6,149411.0,179423.0
2025-06-20 10:31:11.731404,1984.6,149452.0,179552.0
2025-06-20 10:31:12.718321,1984.6,149504.0,179550.0
2025-06-20 10:31:13.754328,1983.9,149504.0,179550.0
2025-06-20 10:31:13.767322,1983.9,149758.0,178955.0
2025-06-20 10:31:14.793608,1983.9,149802.0,178977.0
2025-06-20 10:31:15.690228,1984.7,149802.0,178977.0
2025-06-20 10:31:15.895288,1983.9,149880.0,178964.0
2025-06-20 10:31:16.695128,1983.9,149880.0,178964.0
2025-06-20 10:31:17.001665,1983.9,149927.0,178752.0
2025-06-20 10:31:17.689495,1984.8,149927.0,178752.0
2025-06-20 10:31:18.092780,1984.8,149936.0,178978.0
2025-06-20 10:31:19.005401,1984.8,149961.0,179067.0
2025-06-20 10:31:20.093522,1984.8,149778.0,178259.0
2025-06-20 10:31:21.195750,1984.8,149709.0,179035.0
2025-06-20 10:31:21.702068,1984.9,149709.0,179035.0
2025-06-20 10:31:22.296204,1984.9,149711.0,178999.0
2025-06-20 10:31:23.406686,1984.9,149831.0,178975.0
2025-06-20 10:31:24.504628,1984.4,149449.0,178890.0
2025-06-20 10:31:24.699146,1984.4,149449.0,178890.0
2025-06-20 10:31:25.495408,1984.9,149671.0,178561.0
2025-06-20 10:31:25.682208,1984.9,149671.0,178561.0
2025-06-20 10:31:26.596186,1984.9,149666.0,178707.0
2025-06-20 10:31:26.686962,1984.9,149666.0,178707.0
2025-06-20 10:31:27.736904,1984.9,149749.0,178692.0
2025-06-20 10:31:28.725367,1984.9,149749.0,178692.0
2025-06-20 10:31:28.802710,1984.9,149715.0,178732.0
2025-06-20 10:31:29.738095,1984.1,149715.0,178732.0
2025-06-20 10:31:29.924247,1984.1,149621.0,178804.0
2025-06-20 10:31:30.708699,1984.1,149621.0,178804.0
2025-06-20 10:31:30.912713,1984.1,149730.0,179112.0
2025-06-20 10:31:31.706248,1984.9,149730.0,179112.0
2025-06-20 10:31:32.009609,1984.9,149471.0,179390.0
2025-06-20 10:31:33.101366,1983.0,147692.0,181099.0
2025-06-20 10:31:33.732619,1983.0,147692.0,181099.0
2025-06-20 10:31:34.201868,1983.1,148225.0,180860.0
2025-06-20 10:31:34.734644,1983.8,148225.0,180860.0
2025-06-20 10:31:35.315529,1983.8,148259.0,180699.0
2025-06-20 10:31:36.419374,1983.8,148345.0,180645.0
2025-06-20 10:31:37.418358,1983.1,147813.0,180673.0
2025-06-20 10:31:37.698154,1983.1,147813.0,180673.0
2025-06-20 10:31:38.650765,1983.1,148236.0,181202.0
2025-06-20 10:31:38.705477,1983.1,148236.0,181202.0
2025-06-20 10:31:39.655641,1983.1,148323.0,180887.0
2025-06-20 10:31:40.774450,1983.1,148323.0,180887.0
2025-06-20 10:31:41.047142,1983.1,148322.0,180926.0
2025-06-20 10:31:41.698273,1984.0,148322.0,180926.0
2025-06-20 10:31:41.810519,1984.0,148410.0,181132.0
2025-06-20 10:31:42.830608,1984.0,148455.0,180721.0
2025-06-20 10:31:43.708212,1983.1,148455.0,180721.0
2025-06-20 10:31:43.920558,1983.1,148361.0,180698.0
2025-06-20 10:31:44.688617,1983.9,148361.0,180698.0
2025-06-20 10:31:45.019991,1983.9,148745.0,180358.0
2025-06-20 10:31:45.725387,1983.9,148745.0,180358.0
2025-06-20 10:31:46.110348,1983.9,148735.0,180153.0
2025-06-20 10:31:47.212368,1983.9,148703.0,180107.0
2025-06-20 10:31:47.705577,1984.0,148703.0,180107.0
2025-06-20 10:31:48.214667,1984.0,148728.0,180151.0
2025-06-20 10:31:49.321745,1983.9,148629.0,180658.0
2025-06-20 10:31:49.698479,1983.9,148629.0,180658.0
2025-06-20 10:31:50.426894,1983.9,148594.0,180683.0
2025-06-20 10:31:50.705486,1983.9,148594.0,180683.0
2025-06-20 10:31:51.516237,1983.9,148562.0,180380.0
2025-06-20 10:31:52.621607,1983.8,148396.0,181007.0
2025-06-20 10:31:52.699634,1983.8,148396.0,181007.0
2025-06-20 10:31:53.720032,1983.8,148431.0,181047.0
2025-06-20 10:31:54.738474,1983.8,148460.0,181463.0
2025-06-20 10:31:55.818053,1983.8,148473.0,181629.0
2025-06-20 10:31:56.685385,1983.1,148473.0,181629.0
2025-06-20 10:31:57.019829,1983.1,148797.0,181266.0
2025-06-20 10:31:58.023136,1983.1,148779.0,181952.0
2025-06-20 10:31:58.698445,1983.1,148779.0,181952.0
2025-06-20 10:31:59.119392,1983.7,148619.0,182358.0
2025-06-20 10:31:59.684427,1983.1,148619.0,182358.0
2025-06-20 10:32:00.119547,1983.1,148582.0,182897.0
2025-06-20 10:32:06.976650,1982.3,148034.0,184260.0
2025-06-20 10:32:07.733737,1982.3,148034.0,184260.0
2025-06-20 10:32:11.709666,1982.0,148034.0,184260.0
2025-06-20 10:32:13.156258,1982.0,146728.0,186361.0
2025-06-20 10:32:15.736368,1982.4,146728.0,186361.0
2025-06-20 10:32:19.538262,1982.4,148229.0,185782.0
2025-06-20 10:32:23.698201,1982.4,148229.0,185782.0
2025-06-20 10:32:25.845793,1982.4,147318.0,186019.0
2025-06-20 10:32:30.741688,1981.9,147318.0,186019.0
2025-06-20 10:32:31.980523,1982.1,147901.0,185424.0
2025-06-20 10:32:33.690778,1982.1,147901.0,185424.0
2025-06-20 10:32:36.733518,1982.1,147901.0,185424.0
2025-06-20 10:32:38.151991,1983.0,148278.0,183209.0
2025-06-20 10:32:39.734774,1982.3,148278.0,183209.0
2025-06-20 10:32:42.691285,1982.0,148278.0,183209.0
2025-06-20 10:32:44.053585,1982.0,148771.0,178867.0
2025-06-20 10:32:50.052435,1982.0,149257.0,177013.0
2025-06-20 10:32:51.873746,1982.7,149257.0,177013.0
2025-06-20 10:32:54.700926,1983.0,149257.0,177013.0
2025-06-20 10:32:56.488442,1983.0,149099.0,177771.0
2025-06-20 10:33:02.361182,1983.0,149636.0,177518.0
2025-06-20 10:33:03.787226,1982.7,149636.0,177518.0
2025-06-20 10:33:06.712516,1983.0,149636.0,177518.0
2025-06-20 10:33:08.061622,1983.1,150306.0,175617.0
2025-06-20 10:33:09.150198,1983.1,150306.0,175617.0
2025-06-20 10:33:10.843964,1983.1,150306.0,175617.0
2025-06-20 10:33:13.797287,1983.9,150211.0,177094.0
2025-06-20 10:33:14.694822,1983.1,150211.0,177094.0
2025-06-20 10:33:16.694292,1983.6,150211.0,177094.0
2025-06-20 10:33:19.706882,1983.6,150080.0,177017.0
2025-06-20 10:33:22.748007,1982.8,150080.0,177017.0
2025-06-20 10:33:25.681983,1982.8,150030.0,177930.0
2025-06-20 10:33:26.699407,1982.9,150030.0,177930.0
2025-06-20 10:33:30.698244,1983.6,150030.0,177930.0
2025-06-20 10:33:31.683783,1983.6,149903.0,178773.0
2025-06-20 10:33:36.706476,1983.6,149903.0,178773.0
2025-06-20 10:33:37.886714,1983.6,152703.0,178360.0
2025-06-20 10:33:42.690532,1983.6,152703.0,178360.0
2025-06-20 10:33:43.677084,1983.6,152703.0,178360.0
2025-06-20 10:33:43.722625,1983.6,152857.0,177960.0
2025-06-20 10:33:44.042076,1983.6,152857.0,177960.0
2025-06-20 10:33:45.035632,1983.6,152857.0,177960.0
2025-06-20 10:33:45.695806,1982.9,152857.0,177960.0
2025-06-20 10:33:45.744002,1982.9,152857.0,177960.0
2025-06-20 10:33:46.416039,1982.9,152857.0,177960.0
2025-06-20 10:33:47.516368,1982.9,152857.0,177960.0
2025-06-20 10:33:48.708784,1983.0,152857.0,177960.0
2025-06-20 10:33:48.822413,1983.0,152857.0,177960.0
2025-06-20 10:33:49.496214,1983.0,153536.0,178232.0
2025-06-20 10:33:50.145722,1983.0,153536.0,178232.0
2025-06-20 10:33:51.357851,1983.0,153536.0,178232.0
2025-06-20 10:33:52.708042,1983.0,153536.0,178232.0
2025-06-20 10:33:54.000272,1983.0,153536.0,178232.0
2025-06-20 10:33:54.739794,1982.8,153536.0,178232.0
2025-06-20 10:33:55.204951,1982.8,153536.0,178232.0
2025-06-20 10:33:55.404442,1982.8,151535.0,179652.0
2025-06-20 10:33:56.842361,1982.8,151535.0,179652.0
2025-06-20 10:34:01.200761,1982.8,151876.0,179662.0
2025-06-20 10:34:06.698340,1982.5,151876.0,179662.0
2025-06-20 10:34:06.804040,1982.5,151725.0,181064.0
2025-06-20 10:34:09.693118,1982.5,151725.0,181064.0
2025-06-20 10:34:12.695821,1982.8,151725.0,181064.0
2025-06-20 10:34:12.910554,1982.8,152060.0,179331.0
2025-06-20 10:34:15.694290,1982.8,152060.0,179331.0
2025-06-20 10:34:18.694166,1982.8,152060.0,179331.0
2025-06-20 10:34:18.722181,1982.8,151858.0,179746.0
2025-06-20 10:34:21.700756,1981.8,151858.0,179746.0
2025-06-20 10:34:24.211118,1982.5,151906.0,180975.0
2025-06-20 10:34:24.736203,1982.5,151906.0,180975.0
2025-06-20 10:34:27.741209,1982.5,151906.0,180975.0
2025-06-20 10:34:29.814089,1981.9,151045.0,181420.0
2025-06-20 10:34:30.702739,1981.9,151045.0,181420.0
2025-06-20 10:34:33.720660,1981.8,151045.0,181420.0
2025-06-20 10:34:35.617479,1981.8,150199.0,182490.0
2025-06-20 10:34:39.705422,1981.8,150199.0,182490.0
2025-06-20 10:34:41.321197,1981.8,150712.0,182711.0
2025-06-20 10:34:42.739442,1981.8,150712.0,182711.0
2025-06-20 10:34:45.745239,1982.3,150712.0,182711.0
2025-06-20 10:34:47.032332,1981.8,150292.0,183837.0
2025-06-20 10:34:48.698652,1981.8,150292.0,183837.0
2025-06-20 10:34:52.410723,1982.1,150292.0,183837.0
2025-06-20 10:34:52.557033,1982.1,151090.0,182273.0
2025-06-20 10:34:54.722135,1983.4,151090.0,182273.0
2025-06-20 10:34:58.041627,1983.4,153911.0,179120.0
2025-06-20 10:35:00.765280,1983.3,153911.0,179120.0
2025-06-20 10:35:02.040616,1983.3,153800.0,179261.0
2025-06-20 10:35:02.841038,1983.3,153800.0,179550.0
2025-06-20 10:35:03.697241,1983.2,153800.0,179550.0
2025-06-20 10:35:04.173984,1983.2,153161.0,180037.0
2025-06-20 10:35:05.037486,1983.2,153618.0,179916.0
2025-06-20 10:35:06.040281,1983.2,153604.0,179788.0
2025-06-20 10:35:07.140960,1983.2,153532.0,179724.0
2025-06-20 10:35:07.697138,1982.8,153532.0,179724.0
2025-06-20 10:35:08.145767,1982.8,153558.0,179601.0
2025-06-20 10:35:09.768207,1982.8,154062.0,179217.0
2025-06-20 10:35:10.695872,1982.7,154062.0,179217.0
2025-06-20 10:35:10.744117,1982.7,153615.0,179319.0
2025-06-20 10:35:11.695486,1983.2,153615.0,179319.0
2025-06-20 10:35:11.758312,1983.2,153605.0,179391.0
2025-06-20 10:35:12.642507,1983.1,153580.0,179073.0
2025-06-20 10:35:12.694914,1983.1,153580.0,179073.0
2025-06-20 10:35:13.643543,1983.1,153782.0,179159.0
2025-06-20 10:35:14.644023,1983.1,153705.0,179132.0
2025-06-20 10:35:15.645977,1983.2,153354.0,179173.0
2025-06-20 10:35:15.696220,1983.2,153354.0,179173.0
2025-06-20 10:35:16.645800,1983.2,153391.0,179354.0
2025-06-20 10:35:17.646005,1983.2,153423.0,179406.0
2025-06-20 10:35:18.647878,1982.7,153099.0,179703.0
2025-06-20 10:35:18.695590,1982.7,153099.0,179703.0
2025-06-20 10:35:19.548889,1982.7,153938.0,179572.0
2025-06-20 10:35:22.351779,1982.7,153149.0,180102.0
2025-06-20 10:35:23.351704,1982.7,152965.0,180171.0
2025-06-20 10:35:24.351285,1982.7,153574.0,180038.0
2025-06-20 10:35:24.694613,1982.7,153574.0,180038.0
2025-06-20 10:35:25.353699,1982.7,153623.0,179780.0
2025-06-20 10:35:26.353428,1982.7,153911.0,179768.0
2025-06-20 10:35:27.353741,1982.7,153109.0,179932.0
2025-06-20 10:35:28.355110,1983.0,153814.0,179760.0
2025-06-20 10:35:28.702175,1983.0,153814.0,179760.0
2025-06-20 10:35:29.352722,1983.0,153341.0,179961.0
2025-06-20 10:35:30.257825,1983.0,153792.0,179855.0
2025-06-20 10:35:31.254591,1983.0,153833.0,179884.0
2025-06-20 10:35:31.695383,1983.0,153833.0,179884.0
2025-06-20 10:35:32.255074,1983.0,154124.0,179455.0
2025-06-20 10:35:33.157314,1983.0,153585.0,179486.0
2025-06-20 10:35:34.156274,1983.0,153739.0,179519.0
2025-06-20 10:35:35.060353,1983.0,153646.0,179658.0
2025-06-20 10:35:35.696541,1983.2,153646.0,179658.0
2025-06-20 10:35:36.059946,1983.2,153646.0,179808.0
2025-06-20 10:35:36.698353,1983.2,153646.0,179808.0
2025-06-20 10:35:37.057016,1983.2,153193.0,180303.0
2025-06-20 10:35:38.068746,1983.2,153124.0,180303.0
2025-06-20 10:35:39.060519,1983.2,153379.0,180050.0
2025-06-20 10:35:40.060110,1983.2,153130.0,180122.0
2025-06-20 10:35:40.700857,1983.2,153130.0,180122.0
2025-06-20 10:35:41.060248,1983.2,152979.0,180097.0
2025-06-20 10:35:42.063788,1983.2,152980.0,180106.0
2025-06-20 10:35:43.061063,1983.2,153054.0,179886.0
2025-06-20 10:35:44.062333,1983.2,153344.0,179770.0
2025-06-20 10:35:45.062150,1983.2,153042.0,179901.0
2025-06-20 10:35:46.173538,1983.2,153064.0,180059.0
2025-06-20 10:35:46.692228,1983.2,153064.0,180059.0
2025-06-20 10:35:47.061890,1983.2,151905.0,180958.0
2025-06-20 10:35:48.064265,1983.2,151306.0,180936.0
2025-06-20 10:35:49.063760,1983.2,151794.0,180931.0
2025-06-20 10:35:50.066432,1983.2,151861.0,180892.0
2025-06-20 10:35:51.075031,1983.2,151615.0,181391.0
2025-06-20 10:35:52.166088,1983.2,151475.0,181268.0
2025-06-20 10:35:53.169565,1983.2,151788.0,180932.0
2025-06-20 10:35:53.708020,1983.2,151788.0,180932.0
2025-06-20 10:35:54.174302,1983.2,152270.0,180600.0
2025-06-20 10:35:55.067542,1983.2,152250.0,180600.0
2025-06-20 10:35:56.074388,1983.2,152236.0,180911.0
2025-06-20 10:35:57.170523,1983.2,152162.0,180566.0
2025-06-20 10:35:58.268464,1983.2,152017.0,180513.0
2025-06-20 10:35:58.695124,1983.2,152017.0,180513.0
2025-06-20 10:35:59.270120,1983.2,151613.0,180528.0
2025-06-20 10:35:59.703282,1983.2,151613.0,180528.0
2025-06-20 10:36:00.370433,1983.2,151644.0,180651.0
2025-06-20 10:36:01.375844,1983.2,151916.0,181214.0
2025-06-20 10:36:01.715569,1982.7,151916.0,181214.0
2025-06-20 10:36:03.710679,1982.7,151916.0,181214.0
2025-06-20 10:36:07.173505,1982.7,151363.0,185963.0
2025-06-20 10:36:11.710758,1982.2,151363.0,185963.0
2025-06-20 10:36:13.413518,1982.5,151397.0,187067.0
2025-06-20 10:36:14.726851,1982.5,151397.0,187067.0
2025-06-20 10:36:17.714271,1981.8,151397.0,187067.0
2025-06-20 10:36:19.379778,1981.8,151214.0,187744.0
2025-06-20 10:36:23.712460,1982.7,151214.0,187744.0
2025-06-20 10:36:25.184044,1982.5,151173.0,187725.0
2025-06-20 10:36:26.702304,1982.7,151173.0,187725.0
2025-06-20 10:36:31.188310,1982.7,151355.0,187572.0
2025-06-20 10:36:35.711275,1982.5,151355.0,187572.0
2025-06-20 10:36:37.397381,1982.5,151770.0,186148.0
2025-06-20 10:36:41.715596,1982.2,151770.0,186148.0
2025-06-20 10:36:43.195782,1982.5,151672.0,185864.0
2025-06-20 10:36:44.144297,1982.5,151672.0,185864.0
2025-06-20 10:36:44.712022,1982.5,151672.0,185864.0
2025-06-20 10:36:44.846966,1982.5,151672.0,185864.0
2025-06-20 10:36:45.237983,1982.5,151672.0,185864.0
2025-06-20 10:36:46.309840,1982.5,151672.0,185864.0
2025-06-20 10:36:46.705056,1982.4,151672.0,185864.0
2025-06-20 10:36:46.949846,1982.4,151672.0,185864.0
2025-06-20 10:36:47.416863,1982.4,151672.0,185864.0
2025-06-20 10:36:48.397570,1982.4,151672.0,185864.0
2025-06-20 10:36:48.909393,1982.4,154132.0,188717.0
2025-06-20 10:36:49.351204,1982.4,154132.0,188717.0
2025-06-20 10:36:50.697051,1982.4,154132.0,188717.0
2025-06-20 10:36:51.674173,1982.4,154132.0,188717.0
2025-06-20 10:36:52.703086,1982.3,154132.0,188717.0
2025-06-20 10:36:53.239073,1982.3,154132.0,188717.0
2025-06-20 10:36:54.521415,1982.3,154132.0,188717.0
2025-06-20 10:36:54.601287,1982.3,154096.0,189456.0
2025-06-20 10:36:55.755523,1982.3,154096.0,189456.0
2025-06-20 10:36:57.381870,1982.3,154096.0,189456.0
2025-06-20 10:37:00.209505,1982.3,153994.0,189949.0
2025-06-20 10:37:00.698702,1982.3,153994.0,189949.0
2025-06-20 10:37:01.306486,1982.3,153694.0,189832.0
2025-06-20 10:37:02.411917,1982.3,153709.0,189839.0
2025-06-20 10:37:03.508792,1982.4,153690.0,190049.0
2025-06-20 10:37:03.705773,1982.4,153690.0,190049.0
2025-06-20 10:37:04.605504,1982.4,153944.0,190023.0
2025-06-20 10:37:05.512010,1982.4,153813.0,189622.0
2025-06-20 10:37:06.517662,1982.4,154001.0,189463.0
2025-06-20 10:37:07.514735,1982.4,154017.0,189555.0
2025-06-20 10:37:08.519017,1982.4,154022.0,189620.0
2025-06-20 10:37:08.701912,1982.4,154022.0,189620.0
2025-06-20 10:37:09.513552,1982.4,154067.0,189484.0
2025-06-20 10:37:10.609924,1982.0,154078.0,189678.0
2025-06-20 10:37:10.714578,1982.0,154078.0,189678.0
2025-06-20 10:37:11.657706,1982.0,154024.0,189919.0
2025-06-20 10:37:12.725954,1982.0,153748.0,189495.0
2025-06-20 10:37:13.810667,1982.0,153704.0,189532.0
2025-06-20 10:37:14.928305,1982.0,154026.0,189424.0
2025-06-20 10:37:15.708196,1982.0,154026.0,189424.0
2025-06-20 10:37:16.050404,1982.0,154034.0,189424.0
2025-06-20 10:37:16.710815,1982.0,154034.0,189424.0
2025-06-20 10:37:17.025613,1982.0,153928.0,189773.0
2025-06-20 10:37:18.117128,1982.0,153928.0,189761.0
2025-06-20 10:37:19.218758,1982.0,153753.0,189740.0
2025-06-20 10:37:19.706669,1982.0,153753.0,189740.0
2025-06-20 10:37:20.315886,1982.0,153692.0,189798.0
2025-06-20 10:37:20.705252,1982.0,153692.0,189798.0
2025-06-20 10:37:21.415158,1982.0,153602.0,189857.0
2025-06-20 10:37:22.651496,1982.0,153829.0,189793.0
2025-06-20 10:37:23.656982,1982.0,153830.0,189987.0
2025-06-20 10:37:23.709351,1982.0,153830.0,189987.0
2025-06-20 10:37:24.733144,1982.0,154025.0,190116.0
2025-06-20 10:37:25.703003,1982.4,154025.0,190116.0
2025-06-20 10:37:25.818903,1982.4,153525.0,190105.0
2025-06-20 10:37:26.929724,1982.4,153642.0,190013.0
2025-06-20 10:37:28.031283,1982.4,153535.0,190067.0
2025-06-20 10:37:28.753855,1981.8,153535.0,190067.0
2025-06-20 10:37:29.058789,1981.8,153530.0,190142.0
2025-06-20 10:37:29.709059,1981.8,153530.0,190142.0
2025-06-20 10:37:30.124639,1981.8,153530.0,190162.0
2025-06-20 10:37:31.225468,1981.8,153506.0,190346.0
2025-06-20 10:37:32.324517,1981.8,153516.0,190266.0
2025-06-20 10:37:33.438934,1981.8,151837.0,192812.0
2025-06-20 10:37:33.703539,1981.8,151837.0,192812.0
2025-06-20 10:37:34.531953,1981.8,152712.0,191991.0
2025-06-20 10:37:35.625819,1981.8,152788.0,191925.0
2025-06-20 10:37:36.737048,1981.0,150352.0,191850.0
2025-06-20 10:37:37.718144,1981.0,150352.0,191850.0
2025-06-20 10:37:37.827415,1981.0,152656.0,191242.0
2025-06-20 10:37:38.941533,1981.0,152628.0,191255.0
2025-06-20 10:37:40.036012,1981.0,152556.0,191557.0
2025-06-20 10:37:40.711602,1981.3,152556.0,191557.0
2025-06-20 10:37:41.135877,1981.3,152404.0,191254.0
2025-06-20 10:37:42.233204,1981.3,152378.0,191270.0
2025-06-20 10:37:43.332799,1981.9,152385.0,191567.0
2025-06-20 10:37:43.736309,1981.9,152385.0,191567.0
2025-06-20 10:37:44.440087,1981.9,152213.0,192387.0
2025-06-20 10:37:45.334337,1981.9,152226.0,192283.0
2025-06-20 10:37:46.437852,1981.9,152136.0,192426.0
2025-06-20 10:37:47.440290,1981.9,152206.0,192316.0
2025-06-20 10:37:48.552044,1981.0,151772.0,192276.0
2025-06-20 10:37:48.707698,1981.0,151772.0,192276.0
2025-06-20 10:37:49.675097,1980.9,152095.0,192306.0
2025-06-20 10:37:49.744275,1980.9,152095.0,192306.0
2025-06-20 10:37:50.744779,1980.9,152125.0,192335.0
2025-06-20 10:37:51.709492,1981.6,152125.0,192335.0
2025-06-20 10:37:51.838326,1981.6,152158.0,192446.0
2025-06-20 10:37:53.176722,1981.6,152179.0,192752.0
2025-06-20 10:37:54.049858,1981.6,152337.0,192324.0
2025-06-20 10:37:54.706113,1981.6,152337.0,192324.0
2025-06-20 10:37:55.141835,1981.6,152012.0,192247.0
2025-06-20 10:37:56.243895,1981.6,152092.0,192433.0
2025-06-20 10:37:56.708450,1981.0,152092.0,192433.0
2025-06-20 10:37:57.340845,1981.0,152116.0,192423.0
2025-06-20 10:37:58.447753,1981.0,152018.0,193317.0
2025-06-20 10:37:58.709797,1981.0,152018.0,193317.0
2025-06-20 10:37:59.543643,1981.0,152007.0,193170.0
2025-06-20 10:38:02.753132,1981.0,151903.0,193450.0
2025-06-20 10:38:04.707881,1981.0,151903.0,193450.0
2025-06-20 10:38:08.464596,1981.0,149801.0,193357.0
2025-06-20 10:38:09.717173,1981.0,149801.0,193357.0
2025-06-20 10:38:11.761799,1980.4,149801.0,193357.0
2025-06-20 10:38:14.055963,1980.4,151777.0,193394.0
2025-06-20 10:38:15.707926,1981.0,151777.0,193394.0
2025-06-20 10:38:17.709441,1981.0,151777.0,193394.0
2025-06-20 10:38:19.664110,1981.0,152907.0,191618.0
2025-06-20 10:38:23.718583,1981.1,152907.0,191618.0
2025-06-20 10:38:25.267547,1981.1,152388.0,191935.0
2025-06-20 10:38:27.708227,1981.6,152388.0,191935.0
2025-06-20 10:38:29.713355,1981.1,152388.0,191935.0
2025-06-20 10:38:30.572749,1981.6,152780.0,191477.0
2025-06-20 10:38:31.762294,1981.6,152780.0,191477.0
2025-06-20 10:38:33.734067,1981.6,152780.0,191477.0
2025-06-20 10:38:36.073835,1981.6,153639.0,190037.0
2025-06-20 10:38:37.719044,1981.8,153639.0,190037.0
2025-06-20 10:38:39.726262,1981.8,153639.0,190037.0
2025-06-20 10:38:41.720056,1981.1,153639.0,190037.0
2025-06-20 10:38:41.882489,1981.1,152409.0,190896.0
2025-06-20 10:38:43.711235,1981.1,152409.0,190896.0
2025-06-20 10:38:45.712006,1981.1,152409.0,190896.0
2025-06-20 10:38:47.587243,1981.1,152362.0,191664.0
2025-06-20 10:38:55.711976,1981.1,152362.0,191664.0
2025-06-20 10:38:57.759403,1981.1,152362.0,191664.0
2025-06-20 10:38:58.518120,1981.1,152116.0,192210.0
2025-06-20 10:39:04.097934,1981.1,152142.0,191929.0
2025-06-20 10:39:07.717080,1981.6,152142.0,191929.0
2025-06-20 10:39:11.716648,1981.1,152142.0,191929.0
2025-06-20 10:39:13.730904,1980.6,152142.0,191929.0
2025-06-20 10:39:15.607871,1980.6,152507.0,191640.0
2025-06-20 10:39:20.923243,1980.6,152584.0,192046.0
2025-06-20 10:39:21.717041,1980.9,152584.0,192046.0
2025-06-20 10:39:25.719412,1981.1,152584.0,192046.0
2025-06-20 10:39:26.617838,1981.8,153541.0,190155.0
2025-06-20 10:39:27.716021,1981.8,153541.0,190155.0
2025-06-20 10:39:31.730347,1981.1,153541.0,190155.0
2025-06-20 10:39:32.532721,1981.1,153357.0,190880.0
2025-06-20 10:39:37.718516,1981.2,153357.0,190880.0
2025-06-20 10:39:38.737500,1981.2,152663.0,191641.0
2025-06-20 10:39:41.721858,1981.3,152663.0,191641.0
2025-06-20 10:39:44.668118,1981.3,152663.0,191641.0
2025-06-20 10:39:44.831330,1981.3,152607.0,191249.0
2025-06-20 10:39:45.040821,1981.3,152607.0,191249.0
2025-06-20 10:39:46.077957,1981.3,152607.0,191249.0
2025-06-20 10:39:47.463848,1981.3,152607.0,191249.0
2025-06-20 10:39:47.721572,1981.6,152607.0,191249.0
2025-06-20 10:39:47.881172,1981.6,152607.0,191249.0
2025-06-20 10:39:48.455917,1981.6,152607.0,191249.0
2025-06-20 10:39:49.773207,1981.5,152607.0,191249.0
2025-06-20 10:39:49.824823,1981.5,152607.0,191249.0
2025-06-20 10:39:51.023810,1981.5,153262.0,191454.0
