timestamp,ltp,bid_qty,ask_qty
2025-06-20 10:10:48.218306,889.0,556360.0,397604.0
2025-06-20 10:10:49.592561,889.0,556360.0,397604.0
2025-06-20 10:10:50.765287,889.5,557068.0,397583.0
2025-06-20 10:10:51.597166,889.5,557068.0,397583.0
2025-06-20 10:10:53.587160,889.5,557068.0,397583.0
2025-06-20 10:10:55.591630,889.5,557068.0,397583.0
2025-06-20 10:10:56.466635,889.5,558524.0,397646.0
2025-06-20 10:10:57.596126,889.0,558524.0,397646.0
2025-06-20 10:10:59.594206,889.5,558524.0,397646.0
2025-06-20 10:11:01.660996,889.5,558524.0,397646.0
2025-06-20 10:11:01.774922,889.5,558110.0,398648.0
2025-06-20 10:11:03.604280,889.5,558110.0,398648.0
2025-06-20 10:11:05.603318,889.5,558110.0,398648.0
2025-06-20 10:11:07.620390,889.0,558110.0,398648.0
2025-06-20 10:11:07.777016,889.0,559280.0,399557.0
2025-06-20 10:11:09.627897,889.0,559280.0,399557.0
2025-06-20 10:11:11.840143,888.5,559280.0,399557.0
2025-06-20 10:11:13.642718,889.5,559280.0,399557.0
2025-06-20 10:11:13.778496,889.5,560987.0,399686.0
2025-06-20 10:11:15.631763,889.5,560987.0,399686.0
2025-06-20 10:11:17.619472,889.5,560987.0,399686.0
2025-06-20 10:11:19.313850,889.5,559987.0,398864.0
2025-06-20 10:11:19.636536,889.5,559987.0,398864.0
2025-06-20 10:11:21.658967,889.5,559987.0,398864.0
2025-06-20 10:11:24.287061,889.5,560600.0,391759.0
2025-06-20 10:11:26.257464,889.5,560600.0,391759.0
2025-06-20 10:11:27.666960,889.5,560600.0,391759.0
2025-06-20 10:11:29.613453,889.5,560600.0,391759.0
2025-06-20 10:11:29.914691,889.5,560891.0,396995.0
2025-06-20 10:11:31.602278,889.5,560891.0,396995.0
2025-06-20 10:11:33.600882,889.5,560891.0,396995.0
2025-06-20 10:11:35.406320,889.5,561105.0,397153.0
2025-06-20 10:11:35.601945,889.5,561105.0,397153.0
2025-06-20 10:11:37.600376,889.0,561105.0,397153.0
2025-06-20 10:11:39.598375,889.5,561105.0,397153.0
2025-06-20 10:11:41.337995,889.5,560001.0,399421.0
2025-06-20 10:11:41.594505,889.5,560001.0,399421.0
2025-06-20 10:11:43.603691,889.0,560001.0,399421.0
2025-06-20 10:11:45.597467,889.5,560001.0,399421.0
2025-06-20 10:11:47.360815,889.0,559620.0,399559.0
2025-06-20 10:11:47.596862,889.0,559620.0,399559.0
2025-06-20 10:11:49.604159,889.5,559620.0,399559.0
2025-06-20 10:11:51.602051,889.5,559620.0,399559.0
2025-06-20 10:11:53.115213,889.0,560679.0,398398.0
2025-06-20 10:11:53.621874,889.0,560679.0,398398.0
2025-06-20 10:11:55.602889,889.5,560679.0,398398.0
2025-06-20 10:11:57.601977,889.5,560679.0,398398.0
2025-06-20 10:11:59.008167,890.0,558085.0,391074.0
2025-06-20 10:11:59.601629,890.0,558085.0,391074.0
2025-06-20 10:12:03.604979,890.0,558085.0,391074.0
2025-06-20 10:12:05.521765,889.5,566761.0,388818.0
2025-06-20 10:12:07.598902,890.0,566761.0,388818.0
2025-06-20 10:12:09.601608,892.0,566761.0,388818.0
2025-06-20 10:12:12.215735,892.0,561178.0,348022.0
2025-06-20 10:12:13.600781,891.5,561178.0,348022.0
2025-06-20 10:12:15.600632,892.0,561178.0,348022.0
2025-06-20 10:12:18.517474,891.5,558568.0,348068.0
2025-06-20 10:12:18.614664,891.5,558568.0,348068.0
2025-06-20 10:12:22.599510,892.5,558568.0,348068.0
2025-06-20 10:12:24.604906,892.5,558568.0,348068.0
2025-06-20 10:12:24.726886,892.5,561601.0,347092.0
2025-06-20 10:12:27.601694,892.0,561601.0,347092.0
2025-06-20 10:12:28.605570,892.0,561601.0,347092.0
2025-06-20 10:12:30.951115,892.5,559205.0,349485.0
2025-06-20 10:12:31.604323,892.0,559205.0,349485.0
2025-06-20 10:12:33.602266,892.5,559205.0,349485.0
2025-06-20 10:12:35.644330,892.5,559205.0,349485.0
2025-06-20 10:12:36.935781,891.5,554329.0,364100.0
2025-06-20 10:12:37.610323,892.0,554329.0,364100.0
2025-06-20 10:12:39.603388,892.0,554329.0,364100.0
2025-06-20 10:12:40.520452,892.0,554329.0,364100.0
2025-06-20 10:12:41.136633,892.0,554329.0,364100.0
2025-06-20 10:12:41.608277,892.5,554329.0,364100.0
2025-06-20 10:12:41.698064,892.5,554329.0,364100.0
2025-06-20 10:12:42.288705,892.5,554329.0,364100.0
2025-06-20 10:12:42.734297,892.5,556391.0,365083.0
2025-06-20 10:12:42.950395,892.5,556391.0,365083.0
2025-06-20 10:12:43.429679,892.5,556391.0,365083.0
2025-06-20 10:12:43.599937,892.5,556391.0,365083.0
2025-06-20 10:12:43.939984,892.5,556391.0,365083.0
2025-06-20 10:12:44.609482,892.5,556391.0,365083.0
2025-06-20 10:12:45.372203,892.5,556391.0,365083.0
2025-06-20 10:12:45.641583,892.0,556391.0,365083.0
2025-06-20 10:12:46.676572,892.0,556391.0,365083.0
2025-06-20 10:12:47.608997,891.5,556391.0,365083.0
2025-06-20 10:12:47.647694,891.5,556391.0,365083.0
2025-06-20 10:12:48.651936,892.0,557592.0,370017.0
2025-06-20 10:12:49.160746,892.0,557592.0,370017.0
2025-06-20 10:12:49.603793,892.0,557592.0,370017.0
2025-06-20 10:12:50.473233,892.0,557592.0,370017.0
2025-06-20 10:12:51.618683,892.0,557592.0,370017.0
2025-06-20 10:12:51.709937,892.0,557592.0,370017.0
2025-06-20 10:12:53.263281,892.0,557592.0,370017.0
2025-06-20 10:12:53.619839,892.0,557592.0,370017.0
2025-06-20 10:12:54.547467,891.5,557842.0,371210.0
2025-06-20 10:12:55.604109,892.0,557842.0,371210.0
2025-06-20 10:12:57.642111,892.0,557842.0,371210.0
2025-06-20 10:12:59.606270,892.5,557842.0,371210.0
2025-06-20 10:13:00.145303,892.5,559783.0,368286.0
2025-06-20 10:13:01.602386,892.5,559783.0,368286.0
2025-06-20 10:13:03.605730,892.5,559783.0,368286.0
2025-06-20 10:13:05.612808,892.5,559783.0,368286.0
2025-06-20 10:13:05.662904,892.5,562143.0,369668.0
2025-06-20 10:13:07.605011,892.0,562143.0,369668.0
2025-06-20 10:13:09.647017,892.5,562143.0,369668.0
2025-06-20 10:13:11.457568,892.5,559801.0,369934.0
2025-06-20 10:13:11.602486,892.0,559801.0,369934.0
2025-06-20 10:13:13.606317,892.5,559801.0,369934.0
2025-06-20 10:13:15.611701,892.0,559801.0,369934.0
2025-06-20 10:13:17.264077,892.0,560541.0,370717.0
2025-06-20 10:13:17.610410,892.0,560541.0,370717.0
2025-06-20 10:13:19.609273,891.5,560541.0,370717.0
2025-06-20 10:13:21.607230,892.0,560541.0,370717.0
2025-06-20 10:13:23.470673,892.0,556516.0,373166.0
2025-06-20 10:13:23.616919,892.0,556516.0,373166.0
2025-06-20 10:13:25.603468,891.5,556516.0,373166.0
2025-06-20 10:13:27.610023,892.0,556516.0,373166.0
2025-06-20 10:13:29.570171,892.0,560324.0,369554.0
2025-06-20 10:13:29.608394,892.0,560324.0,369554.0
2025-06-20 10:13:31.614506,891.0,560324.0,369554.0
2025-06-20 10:13:33.603044,891.0,560324.0,369554.0
2025-06-20 10:13:35.609712,891.5,560324.0,369554.0
2025-06-20 10:13:37.627009,891.5,560324.0,369554.0
2025-06-20 10:13:39.601679,891.5,560324.0,369554.0
2025-06-20 10:13:41.619892,891.5,560324.0,369554.0
2025-06-20 10:13:41.977841,891.5,551914.0,386233.0
2025-06-20 10:13:43.609422,891.5,551914.0,386233.0
2025-06-20 10:13:45.632467,891.0,551914.0,386233.0
2025-06-20 10:13:47.638303,892.0,551914.0,386233.0
2025-06-20 10:13:47.891701,892.0,556699.0,383626.0
2025-06-20 10:13:49.651547,892.0,556699.0,383626.0
2025-06-20 10:13:51.607091,891.5,556699.0,383626.0
2025-06-20 10:13:53.187244,891.5,556696.0,385959.0
2025-06-20 10:13:53.610008,891.5,556696.0,385959.0
2025-06-20 10:13:55.605487,891.5,556696.0,385959.0
2025-06-20 10:13:57.612317,891.5,556696.0,385959.0
2025-06-20 10:13:58.988410,891.5,555921.0,385353.0
2025-06-20 10:13:59.605794,890.5,555921.0,385353.0
2025-06-20 10:14:01.605352,891.5,555921.0,385353.0
2025-06-20 10:14:03.609624,891.5,555921.0,385353.0
2025-06-20 10:14:04.590730,891.5,555969.0,385309.0
2025-06-20 10:14:05.653789,891.5,555969.0,385309.0
2025-06-20 10:14:07.631259,891.5,555969.0,385309.0
2025-06-20 10:14:09.623334,891.5,555969.0,385309.0
2025-06-20 10:14:10.196128,891.5,555904.0,386744.0
2025-06-20 10:14:11.619207,891.5,555904.0,386744.0
2025-06-20 10:14:13.622775,891.0,555904.0,386744.0
2025-06-20 10:14:15.618375,891.5,555904.0,386744.0
2025-06-20 10:14:16.100753,891.5,557580.0,387705.0
2025-06-20 10:14:17.601934,890.5,557580.0,387705.0
2025-06-20 10:14:19.653163,891.5,557580.0,387705.0
2025-06-20 10:14:21.619311,891.5,557580.0,387705.0
2025-06-20 10:14:21.916307,891.5,557539.0,386283.0
2025-06-20 10:14:23.617135,891.5,557539.0,386283.0
2025-06-20 10:14:25.609753,891.0,557539.0,386283.0
2025-06-20 10:14:27.612563,891.5,557539.0,386283.0
2025-06-20 10:14:28.011487,891.5,556884.0,387116.0
2025-06-20 10:14:29.605650,891.5,556884.0,387116.0
2025-06-20 10:14:31.667620,891.5,556884.0,387116.0
2025-06-20 10:14:33.612984,891.5,556884.0,387116.0
2025-06-20 10:14:33.933106,891.0,556531.0,392177.0
2025-06-20 10:14:35.618253,891.0,556531.0,392177.0
2025-06-20 10:14:37.605478,891.5,556531.0,392177.0
2025-06-20 10:14:39.211356,891.5,556542.0,392136.0
2025-06-20 10:14:39.607356,891.5,556542.0,392136.0
2025-06-20 10:14:41.610266,891.5,556542.0,392136.0
2025-06-20 10:14:43.614368,891.5,556542.0,392136.0
2025-06-20 10:14:45.249949,891.5,558137.0,392201.0
2025-06-20 10:14:45.663342,891.5,558137.0,392201.0
2025-06-20 10:14:47.661192,892.0,558137.0,392201.0
2025-06-20 10:14:49.606639,891.5,558137.0,392201.0
2025-06-20 10:14:50.647612,891.5,557552.0,393545.0
2025-06-20 10:14:51.614210,891.5,557552.0,393545.0
2025-06-20 10:14:53.601589,891.0,557552.0,393545.0
2025-06-20 10:14:55.637622,891.5,557552.0,393545.0
2025-06-20 10:14:56.723984,891.5,559342.0,388896.0
2025-06-20 10:14:57.631998,891.5,559342.0,388896.0
2025-06-20 10:14:59.607038,891.0,559342.0,388896.0
2025-06-20 10:15:01.680665,891.5,559342.0,388896.0
2025-06-20 10:15:03.029562,891.5,558265.0,391468.0
2025-06-20 10:15:03.664026,891.0,558265.0,391468.0
2025-06-20 10:15:05.619602,891.5,558265.0,391468.0
2025-06-20 10:15:07.618292,891.5,558265.0,391468.0
2025-06-20 10:15:09.534428,891.5,559379.0,391888.0
2025-06-20 10:15:09.613231,891.5,559379.0,391888.0
2025-06-20 10:15:11.614675,891.0,559379.0,391888.0
2025-06-20 10:15:13.611885,891.5,559379.0,391888.0
2025-06-20 10:15:15.617527,891.5,559379.0,391888.0
2025-06-20 10:15:15.738105,891.5,559278.0,392007.0
2025-06-20 10:15:17.613771,891.5,559278.0,392007.0
2025-06-20 10:15:19.611507,891.5,559278.0,392007.0
2025-06-20 10:15:21.623187,891.5,559278.0,392007.0
2025-06-20 10:15:22.144425,891.5,558918.0,391736.0
2025-06-20 10:15:23.609644,891.5,558918.0,391736.0
2025-06-20 10:15:25.616021,891.0,558918.0,391736.0
2025-06-20 10:15:27.657193,891.5,558918.0,391736.0
2025-06-20 10:15:28.652646,891.5,562701.0,386698.0
2025-06-20 10:15:29.621836,892.0,562701.0,386698.0
2025-06-20 10:15:31.621742,892.0,562701.0,386698.0
2025-06-20 10:15:33.609059,892.0,562701.0,386698.0
2025-06-20 10:15:34.652490,892.0,562927.0,378777.0
2025-06-20 10:15:35.619157,892.0,562927.0,378777.0
2025-06-20 10:15:37.619977,892.0,562927.0,378777.0
2025-06-20 10:15:39.638444,892.5,562927.0,378777.0
2025-06-20 10:15:40.681943,892.0,566396.0,367916.0
2025-06-20 10:15:40.966156,892.0,566396.0,367916.0
2025-06-20 10:15:41.336661,892.0,566396.0,367916.0
2025-06-20 10:15:41.616501,892.5,566396.0,367916.0
2025-06-20 10:15:41.913606,892.5,566396.0,367916.0
2025-06-20 10:15:42.169193,892.5,566396.0,367916.0
2025-06-20 10:15:43.439422,892.5,566396.0,367916.0
2025-06-20 10:15:43.618260,893.0,566396.0,367916.0
2025-06-20 10:15:43.856891,893.0,566396.0,367916.0
2025-06-20 10:15:44.456373,893.0,566396.0,367916.0
2025-06-20 10:15:45.616622,893.0,566396.0,367916.0
2025-06-20 10:15:45.773350,893.0,566396.0,367916.0
2025-06-20 10:15:46.472025,893.0,566197.0,369730.0
2025-06-20 10:15:47.111762,893.0,566197.0,369730.0
2025-06-20 10:15:47.616289,893.0,566197.0,369730.0
2025-06-20 10:15:48.077402,893.0,566197.0,369730.0
2025-06-20 10:15:49.656443,893.0,566197.0,369730.0
2025-06-20 10:15:49.664281,892.5,566197.0,369730.0
2025-06-20 10:15:50.880378,892.5,566197.0,369730.0
2025-06-20 10:15:52.118669,892.5,566197.0,369730.0
2025-06-20 10:15:52.664603,893.0,567489.0,363200.0
2025-06-20 10:15:53.612076,892.5,567489.0,363200.0
2025-06-20 10:15:53.692226,892.5,567489.0,363200.0
2025-06-20 10:15:55.847133,893.0,567489.0,363200.0
2025-06-20 10:15:59.200961,893.0,568744.0,366397.0
2025-06-20 10:15:59.616275,893.0,568744.0,366397.0
2025-06-20 10:16:01.619340,893.0,568744.0,366397.0
2025-06-20 10:16:05.180648,892.5,569634.0,364136.0
2025-06-20 10:16:05.670904,893.0,569634.0,364136.0
2025-06-20 10:16:09.619956,893.5,569634.0,364136.0
2025-06-20 10:16:11.177274,893.5,570775.0,362349.0
2025-06-20 10:16:13.614040,893.5,570775.0,362349.0
2025-06-20 10:16:17.576497,893.0,564774.0,364965.0
2025-06-20 10:16:17.624849,893.0,564774.0,364965.0
2025-06-20 10:16:21.616108,893.0,564774.0,364965.0
2025-06-20 10:16:23.983153,892.0,563338.0,365619.0
2025-06-20 10:16:24.630708,893.0,563338.0,365619.0
2025-06-20 10:16:26.652086,893.0,563338.0,365619.0
2025-06-20 10:16:29.630436,892.0,563338.0,365619.0
2025-06-20 10:16:30.394106,892.5,561857.0,369888.0
2025-06-20 10:16:33.615312,892.5,561857.0,369888.0
2025-06-20 10:16:36.633260,892.5,561857.0,369888.0
2025-06-20 10:16:36.918039,892.5,563721.0,369240.0
2025-06-20 10:16:38.648403,892.5,563721.0,369240.0
2025-06-20 10:16:41.625154,892.5,563721.0,369240.0
2025-06-20 10:16:43.198145,892.0,564156.0,371521.0
2025-06-20 10:16:44.671738,892.0,564156.0,371521.0
2025-06-20 10:16:47.624826,892.0,564156.0,371521.0
2025-06-20 10:16:49.499092,891.5,547371.0,369839.0
2025-06-20 10:16:51.622421,893.0,547371.0,369839.0
2025-06-20 10:16:53.616840,893.0,547371.0,369839.0
2025-06-20 10:16:55.601102,893.0,569126.0,363190.0
2025-06-20 10:16:55.624005,893.0,569126.0,363190.0
2025-06-20 10:16:57.664331,893.0,569126.0,363190.0
2025-06-20 10:16:59.625069,892.5,569126.0,363190.0
2025-06-20 10:17:01.606819,892.5,565752.0,362723.0
2025-06-20 10:17:01.619070,892.5,565752.0,362723.0
2025-06-20 10:17:03.617004,893.0,565752.0,362723.0
2025-06-20 10:17:05.619534,893.0,565752.0,362723.0
2025-06-20 10:17:07.619685,893.0,566687.0,366819.0
2025-06-20 10:17:07.621927,893.0,566687.0,366819.0
2025-06-20 10:17:09.631537,892.5,566687.0,366819.0
2025-06-20 10:17:11.630498,893.5,566687.0,366819.0
2025-06-20 10:17:13.619992,893.0,566687.0,366819.0
2025-06-20 10:17:13.628862,893.0,568696.0,364196.0
2025-06-20 10:17:15.621938,893.0,568696.0,364196.0
2025-06-20 10:17:17.634746,893.5,568696.0,364196.0
2025-06-20 10:17:19.627922,893.5,568696.0,364196.0
2025-06-20 10:17:19.720514,893.5,569221.0,369797.0
2025-06-20 10:17:21.622266,893.0,569221.0,369797.0
2025-06-20 10:17:23.629985,893.5,569221.0,369797.0
2025-06-20 10:17:25.450477,893.5,574067.0,366949.0
2025-06-20 10:17:25.640920,893.5,574067.0,366949.0
2025-06-20 10:17:27.628258,893.5,574067.0,366949.0
2025-06-20 10:17:30.623193,893.5,574067.0,366949.0
2025-06-20 10:17:31.727983,893.5,570682.0,367690.0
2025-06-20 10:17:33.642430,894.0,570682.0,367690.0
2025-06-20 10:17:36.623682,894.0,570682.0,367690.0
2025-06-20 10:17:37.733298,894.0,577510.0,365660.0
2025-06-20 10:17:39.630964,894.0,577510.0,365660.0
2025-06-20 10:17:42.627329,894.0,577510.0,365660.0
2025-06-20 10:17:43.535258,894.0,578478.0,363978.0
2025-06-20 10:17:45.634528,894.5,578478.0,363978.0
2025-06-20 10:17:48.627426,894.0,578478.0,363978.0
2025-06-20 10:17:49.536424,894.0,570473.0,364859.0
2025-06-20 10:17:51.632303,893.0,570473.0,364859.0
2025-06-20 10:17:54.625175,893.0,570473.0,364859.0
2025-06-20 10:17:55.739996,893.0,568831.0,367485.0
2025-06-20 10:17:58.627280,894.0,568831.0,367485.0
2025-06-20 10:18:00.630517,893.5,568831.0,367485.0
2025-06-20 10:18:01.241711,894.0,568921.0,372211.0
2025-06-20 10:18:01.621954,893.5,568921.0,372211.0
2025-06-20 10:18:02.242125,893.0,568599.0,372625.0
2025-06-20 10:18:02.624415,893.5,568599.0,372625.0
2025-06-20 10:18:03.241056,893.5,568851.0,372677.0
2025-06-20 10:18:03.622534,893.0,568851.0,372677.0
2025-06-20 10:18:04.142210,893.0,567782.0,373355.0
2025-06-20 10:18:04.621508,893.5,567782.0,373355.0
2025-06-20 10:18:05.142448,893.5,568649.0,374264.0
2025-06-20 10:18:05.623126,893.5,568649.0,374264.0
2025-06-20 10:18:06.143576,893.5,568595.0,374173.0
2025-06-20 10:18:06.621567,893.0,568595.0,374173.0
2025-06-20 10:18:07.143857,893.0,572609.0,374688.0
2025-06-20 10:18:07.620362,893.0,572609.0,374688.0
2025-06-20 10:18:08.044153,892.5,557479.0,469816.0
2025-06-20 10:18:08.621593,892.5,557479.0,469816.0
2025-06-20 10:18:09.047108,892.5,561356.0,468897.0
2025-06-20 10:18:09.620461,892.5,561356.0,468897.0
2025-06-20 10:18:09.947235,892.5,561517.0,468633.0
2025-06-20 10:18:10.621755,892.0,561517.0,468633.0
2025-06-20 10:18:10.947335,892.0,566351.0,468952.0
2025-06-20 10:18:11.623686,892.5,566351.0,468952.0
2025-06-20 10:18:11.947454,892.5,564613.0,469032.0
2025-06-20 10:18:12.620547,892.5,564613.0,469032.0
2025-06-20 10:18:12.948994,892.5,566004.0,468929.0
2025-06-20 10:18:13.623738,892.0,566004.0,468929.0
2025-06-20 10:18:13.949210,892.5,562162.0,468325.0
2025-06-20 10:18:14.674481,892.5,562162.0,468325.0
2025-06-20 10:18:14.952416,892.0,560249.0,469905.0
2025-06-20 10:18:15.619362,892.5,560249.0,469905.0
2025-06-20 10:18:15.960439,892.5,560244.0,469802.0
2025-06-20 10:18:16.620378,892.0,560244.0,469802.0
2025-06-20 10:18:16.951946,892.0,561230.0,472792.0
2025-06-20 10:18:17.623014,892.0,561230.0,472792.0
2025-06-20 10:18:17.951162,892.5,559122.0,473958.0
2025-06-20 10:18:18.625890,892.5,559122.0,473958.0
2025-06-20 10:18:18.955022,892.5,558468.0,472992.0
2025-06-20 10:18:19.624229,892.5,558468.0,472992.0
2025-06-20 10:18:19.953669,892.5,558793.0,472464.0
2025-06-20 10:18:20.623473,892.0,558793.0,472464.0
2025-06-20 10:18:20.955528,892.0,558610.0,473705.0
2025-06-20 10:18:21.623387,892.0,558610.0,473705.0
2025-06-20 10:18:21.865706,892.0,562526.0,473500.0
2025-06-20 10:18:22.623255,892.0,562526.0,473500.0
2025-06-20 10:18:22.865292,892.0,562823.0,473935.0
2025-06-20 10:18:23.623429,892.0,562823.0,473935.0
2025-06-20 10:18:23.914671,892.0,562415.0,474019.0
2025-06-20 10:18:24.623039,892.0,562415.0,474019.0
2025-06-20 10:18:24.868724,892.5,560415.0,471623.0
2025-06-20 10:18:25.627795,892.0,560415.0,471623.0
2025-06-20 10:18:25.864321,892.0,547163.0,472064.0
2025-06-20 10:18:26.653399,892.0,547163.0,472064.0
2025-06-20 10:18:26.871174,892.0,559547.0,473446.0
2025-06-20 10:18:27.623425,892.0,559547.0,473446.0
2025-06-20 10:18:27.870191,892.0,559850.0,473286.0
2025-06-20 10:18:28.625041,892.5,559850.0,473286.0
2025-06-20 10:18:28.756895,892.5,558557.0,473405.0
2025-06-20 10:18:29.621707,892.5,558557.0,473405.0
2025-06-20 10:18:29.757798,892.5,558781.0,473288.0
2025-06-20 10:18:30.621403,892.5,558781.0,473288.0
2025-06-20 10:18:30.759380,892.5,559072.0,473252.0
2025-06-20 10:18:31.628584,892.5,559072.0,473252.0
2025-06-20 10:18:31.757316,892.5,559368.0,474003.0
2025-06-20 10:18:32.626120,892.5,559368.0,474003.0
2025-06-20 10:18:32.760224,892.5,558908.0,472717.0
2025-06-20 10:18:33.624824,893.0,558908.0,472717.0
2025-06-20 10:18:33.759662,893.0,565859.0,471952.0
2025-06-20 10:18:34.632069,892.5,565859.0,471952.0
2025-06-20 10:18:34.668231,892.5,565901.0,469442.0
2025-06-20 10:18:35.624977,892.5,565901.0,469442.0
2025-06-20 10:18:35.661756,892.5,565949.0,468675.0
2025-06-20 10:18:36.624536,893.0,565949.0,468675.0
2025-06-20 10:18:36.665351,893.0,565893.0,468674.0
2025-06-20 10:18:37.624173,893.0,565893.0,468674.0
2025-06-20 10:18:37.663004,893.0,565557.0,468693.0
2025-06-20 10:18:38.626498,893.0,565557.0,468693.0
2025-06-20 10:18:38.662020,893.0,566117.0,466818.0
2025-06-20 10:18:39.624236,893.0,566117.0,466818.0
2025-06-20 10:18:39.664988,893.0,567021.0,465563.0
2025-06-20 10:18:40.629411,892.5,567021.0,465563.0
2025-06-20 10:18:40.664200,892.5,567370.0,469271.0
2025-06-20 10:18:41.578988,892.5,567370.0,469271.0
2025-06-20 10:18:41.624185,892.5,567370.0,469271.0
2025-06-20 10:18:41.664279,892.5,566175.0,469276.0
2025-06-20 10:18:41.674100,892.5,566175.0,469276.0
2025-06-20 10:18:42.126305,892.5,566175.0,469276.0
2025-06-20 10:18:42.678957,893.0,566175.0,469276.0
2025-06-20 10:18:42.717225,893.0,567491.0,468588.0
2025-06-20 10:18:42.732357,893.0,567491.0,468588.0
2025-06-20 10:18:43.301009,893.0,567491.0,468588.0
2025-06-20 10:18:43.625480,893.0,567491.0,468588.0
2025-06-20 10:18:43.664726,893.0,567371.0,468562.0
2025-06-20 10:18:43.948232,893.0,567371.0,468562.0
2025-06-20 10:18:44.437608,893.0,567371.0,468562.0
2025-06-20 10:18:44.693934,892.5,567371.0,468562.0
2025-06-20 10:18:44.736006,892.5,563752.0,469514.0
2025-06-20 10:18:45.014381,892.5,563752.0,469514.0
2025-06-20 10:18:45.433690,892.5,563752.0,469514.0
2025-06-20 10:18:45.571326,892.5,563551.0,469814.0
2025-06-20 10:18:45.643599,892.5,563551.0,469814.0
2025-06-20 10:18:46.348158,892.5,563551.0,469814.0
2025-06-20 10:18:46.565706,892.5,563516.0,469987.0
2025-06-20 10:18:46.629245,892.5,563516.0,469987.0
2025-06-20 10:18:47.578812,892.5,564738.0,468866.0
2025-06-20 10:18:47.624304,892.5,564738.0,468866.0
2025-06-20 10:18:47.683865,892.5,564738.0,468866.0
2025-06-20 10:18:48.581667,893.0,564490.0,467821.0
2025-06-20 10:18:48.626354,892.5,564490.0,467821.0
2025-06-20 10:18:48.691796,892.5,564490.0,467821.0
2025-06-20 10:18:49.582477,893.0,564616.0,467197.0
2025-06-20 10:18:49.652602,893.0,564616.0,467197.0
2025-06-20 10:18:50.228410,893.0,564616.0,467197.0
2025-06-20 10:18:50.578060,893.0,564577.0,468927.0
2025-06-20 10:18:50.627452,892.5,564577.0,468927.0
2025-06-20 10:18:51.460930,892.5,564577.0,468927.0
2025-06-20 10:18:51.574295,892.5,563870.0,469254.0
2025-06-20 10:18:51.628686,892.5,563870.0,469254.0
2025-06-20 10:18:52.470999,892.5,564712.0,469151.0
2025-06-20 10:18:52.624097,892.5,564712.0,469151.0
2025-06-20 10:18:52.728435,892.5,564712.0,469151.0
2025-06-20 10:18:53.472576,892.5,564260.0,469071.0
2025-06-20 10:18:53.636751,893.0,564260.0,469071.0
2025-06-20 10:18:54.407431,893.0,564260.0,469071.0
2025-06-20 10:18:54.470565,893.0,563577.0,466995.0
2025-06-20 10:18:54.640151,892.5,563577.0,466995.0
2025-06-20 10:18:55.471212,893.0,568713.0,465359.0
2025-06-20 10:18:55.642937,892.5,568713.0,465359.0
2025-06-20 10:18:56.471688,893.0,571199.0,465103.0
2025-06-20 10:18:56.625728,892.5,571199.0,465103.0
2025-06-20 10:18:57.471134,893.0,565349.0,466713.0
2025-06-20 10:18:57.634568,892.5,565349.0,466713.0
2025-06-20 10:18:58.385480,892.5,560644.0,468737.0
2025-06-20 10:18:58.633216,892.5,560644.0,468737.0
2025-06-20 10:18:59.386886,893.0,560433.0,468760.0
2025-06-20 10:18:59.641042,892.5,560433.0,468760.0
2025-06-20 10:19:00.388055,893.0,560960.0,468738.0
2025-06-20 10:19:00.645518,892.5,560960.0,468738.0
2025-06-20 10:19:03.614607,892.5,559382.0,468891.0
2025-06-20 10:19:04.641816,893.0,559382.0,468891.0
2025-06-20 10:19:07.634322,893.0,559382.0,468891.0
2025-06-20 10:19:09.634587,893.0,559382.0,468891.0
2025-06-20 10:19:09.781030,893.0,560217.0,466895.0
2025-06-20 10:19:13.651041,893.0,560217.0,466895.0
2025-06-20 10:19:15.782958,893.0,562551.0,467685.0
2025-06-20 10:19:16.651026,893.0,562551.0,467685.0
2025-06-20 10:19:18.784717,893.0,562551.0,467685.0
2025-06-20 10:19:21.789331,893.0,554941.0,472817.0
2025-06-20 10:19:22.683857,893.0,554941.0,472817.0
2025-06-20 10:19:24.900319,892.0,554941.0,472817.0
2025-06-20 10:19:27.698632,892.0,554941.0,472817.0
2025-06-20 10:19:27.797563,892.5,554729.0,473288.0
2025-06-20 10:19:30.643230,893.0,554729.0,473288.0
2025-06-20 10:19:34.002294,893.0,555182.0,470291.0
2025-06-20 10:19:34.644125,892.5,555182.0,470291.0
2025-06-20 10:19:36.655087,893.0,555182.0,470291.0
2025-06-20 10:19:39.641605,893.0,555182.0,470291.0
2025-06-20 10:19:40.107300,893.0,558369.0,469628.0
2025-06-20 10:19:42.705832,893.0,558369.0,469628.0
2025-06-20 10:19:45.640899,893.0,558369.0,469628.0
2025-06-20 10:19:46.013716,893.0,558622.0,467133.0
2025-06-20 10:19:48.645797,893.0,558622.0,467133.0
2025-06-20 10:19:51.520165,893.0,557271.0,467315.0
2025-06-20 10:19:52.701553,893.0,557271.0,467315.0
2025-06-20 10:19:54.681987,893.0,557271.0,467315.0
2025-06-20 10:19:57.527265,893.0,555807.0,458567.0
2025-06-20 10:19:57.667903,892.5,555807.0,458567.0
2025-06-20 10:20:00.669873,893.0,555807.0,458567.0
2025-06-20 10:20:02.683957,893.0,555807.0,458567.0
2025-06-20 10:20:03.632570,892.5,549068.0,458098.0
2025-06-20 10:20:05.678160,893.0,549068.0,458098.0
2025-06-20 10:20:08.680511,893.0,549068.0,458098.0
2025-06-20 10:20:10.344655,893.0,561602.0,435036.0
2025-06-20 10:20:12.678759,893.0,561602.0,435036.0
2025-06-20 10:20:14.687539,893.0,561602.0,435036.0
2025-06-20 10:20:16.862298,893.0,558118.0,428868.0
2025-06-20 10:20:18.639782,893.0,558118.0,428868.0
2025-06-20 10:20:20.671131,893.0,558118.0,428868.0
2025-06-20 10:20:22.951508,893.0,557498.0,427132.0
2025-06-20 10:20:23.650933,893.0,557498.0,427132.0
2025-06-20 10:20:27.707149,893.0,557498.0,427132.0
2025-06-20 10:20:28.884525,893.0,559026.0,427917.0
2025-06-20 10:20:30.644624,893.0,559026.0,427917.0
2025-06-20 10:20:32.716459,893.0,559026.0,427917.0
2025-06-20 10:20:35.158826,893.0,558192.0,421102.0
2025-06-20 10:20:35.650013,893.0,558192.0,421102.0
2025-06-20 10:20:39.656169,893.5,558192.0,421102.0
2025-06-20 10:20:41.163683,893.0,559957.0,424093.0
2025-06-20 10:20:41.647950,893.0,559957.0,424093.0
2025-06-20 10:20:44.651878,893.5,559957.0,424093.0
2025-06-20 10:20:47.072041,893.0,559106.0,424324.0
2025-06-20 10:20:48.649082,893.5,559106.0,424324.0
2025-06-20 10:20:51.646087,892.5,559106.0,424324.0
2025-06-20 10:20:53.277042,893.0,558695.0,425578.0
2025-06-20 10:20:53.660407,892.5,558695.0,425578.0
2025-06-20 10:20:57.649719,893.0,558695.0,425578.0
2025-06-20 10:20:59.475743,893.0,553490.0,429060.0
2025-06-20 10:20:59.662173,892.5,553490.0,429060.0
2025-06-20 10:21:01.398182,892.5,554986.0,427962.0
2025-06-20 10:21:01.650367,892.0,554986.0,427962.0
2025-06-20 10:21:02.278231,892.5,555069.0,429080.0
2025-06-20 10:21:02.654894,892.5,555069.0,429080.0
2025-06-20 10:21:03.277707,892.5,555936.0,429292.0
2025-06-20 10:21:03.647718,892.5,555936.0,429292.0
2025-06-20 10:21:04.173944,892.5,556032.0,428977.0
2025-06-20 10:21:05.646893,892.0,556032.0,428977.0
2025-06-20 10:21:06.181401,892.0,554870.0,428582.0
2025-06-20 10:21:06.643838,892.5,554870.0,428582.0
2025-06-20 10:21:07.176514,892.5,555414.0,429766.0
2025-06-20 10:21:07.673493,892.0,555414.0,429766.0
2025-06-20 10:21:08.278240,892.5,555431.0,430068.0
2025-06-20 10:21:08.646799,892.0,555431.0,430068.0
2025-06-20 10:21:09.177213,892.5,554942.0,430332.0
2025-06-20 10:21:09.645201,893.0,554942.0,430332.0
2025-06-20 10:21:10.116627,893.0,557724.0,429816.0
2025-06-20 10:21:10.646997,892.0,557724.0,429816.0
2025-06-20 10:21:11.645016,892.5,557724.0,429816.0
2025-06-20 10:21:11.994377,892.5,556520.0,429632.0
2025-06-20 10:21:12.645430,892.5,556520.0,429632.0
2025-06-20 10:21:12.982848,892.0,556056.0,429897.0
2025-06-20 10:21:13.660266,892.0,556056.0,429897.0
2025-06-20 10:21:13.893757,892.0,555804.0,429027.0
2025-06-20 10:21:14.655038,892.5,555804.0,429027.0
2025-06-20 10:21:15.125997,892.5,556752.0,430452.0
2025-06-20 10:21:15.702748,892.5,556752.0,430452.0
2025-06-20 10:21:15.787714,892.5,557048.0,430730.0
2025-06-20 10:21:16.657076,892.0,557048.0,430730.0
2025-06-20 10:21:16.783465,892.0,559719.0,431282.0
2025-06-20 10:21:17.646652,892.0,559719.0,431282.0
2025-06-20 10:21:17.685203,892.0,559870.0,431161.0
2025-06-20 10:21:18.645923,892.5,559870.0,431161.0
2025-06-20 10:21:18.684139,892.5,560078.0,430768.0
2025-06-20 10:21:19.646731,892.5,560078.0,430768.0
2025-06-20 10:21:19.683980,892.5,560054.0,430722.0
2025-06-20 10:21:20.586472,892.5,560088.0,430764.0
2025-06-20 10:21:20.658778,892.5,560088.0,430764.0
2025-06-20 10:21:21.658380,892.5,560088.0,430764.0
2025-06-20 10:21:22.588916,892.0,559439.0,431542.0
2025-06-20 10:21:22.650349,892.0,559439.0,431542.0
2025-06-20 10:21:23.627626,892.5,560285.0,430897.0
2025-06-20 10:21:23.658783,892.0,560285.0,430897.0
2025-06-20 10:21:24.490249,892.5,560550.0,430816.0
2025-06-20 10:21:24.650153,892.0,560550.0,430816.0
2025-06-20 10:21:25.490214,892.5,560417.0,430804.0
2025-06-20 10:21:25.656785,892.0,560417.0,430804.0
2025-06-20 10:21:26.487847,892.5,560442.0,430759.0
2025-06-20 10:21:26.646442,892.0,560442.0,430759.0
2025-06-20 10:21:27.492022,892.5,560423.0,430921.0
2025-06-20 10:21:27.644169,892.0,560423.0,430921.0
2025-06-20 10:21:28.613467,892.0,560373.0,431017.0
2025-06-20 10:21:28.656017,892.0,560373.0,431017.0
2025-06-20 10:21:29.428643,892.5,560962.0,429912.0
2025-06-20 10:21:29.653233,892.5,560962.0,429912.0
2025-06-20 10:21:30.293533,892.5,561552.0,426951.0
2025-06-20 10:21:30.652347,893.0,561552.0,426951.0
2025-06-20 10:21:31.307110,893.0,563937.0,427815.0
2025-06-20 10:21:32.638489,893.0,563064.0,428815.0
2025-06-20 10:21:32.670283,893.0,563064.0,428815.0
2025-06-20 10:21:33.379400,893.0,564413.0,427977.0
2025-06-20 10:21:34.295858,893.0,563464.0,428391.0
2025-06-20 10:21:34.646129,893.0,563464.0,428391.0
2025-06-20 10:21:35.194965,893.0,564485.0,427931.0
2025-06-20 10:21:35.643702,893.0,564485.0,427931.0
2025-06-20 10:21:36.195202,893.0,568124.0,426658.0
2025-06-20 10:21:36.646439,893.0,568124.0,426658.0
2025-06-20 10:21:37.118296,893.0,568289.0,427421.0
2025-06-20 10:21:37.695540,892.5,568289.0,427421.0
2025-06-20 10:21:37.995377,892.5,568145.0,427118.0
2025-06-20 10:21:38.644217,892.5,568145.0,427118.0
2025-06-20 10:21:38.943333,892.5,563107.0,425790.0
2025-06-20 10:21:39.646240,893.0,563107.0,425790.0
2025-06-20 10:21:39.797253,893.0,561661.0,425373.0
2025-06-20 10:21:40.646429,893.0,561661.0,425373.0
2025-06-20 10:21:40.801350,893.0,561640.0,425420.0
2025-06-20 10:21:41.645505,893.0,561640.0,425420.0
2025-06-20 10:21:41.698470,893.0,561451.0,425450.0
2025-06-20 10:21:41.840481,893.0,561451.0,425450.0
2025-06-20 10:21:42.175490,893.0,561451.0,425450.0
2025-06-20 10:21:42.660325,893.0,561451.0,425450.0
2025-06-20 10:21:42.697400,893.0,561551.0,425105.0
2025-06-20 10:21:42.797402,893.0,561551.0,425105.0
2025-06-20 10:21:43.095285,893.0,561551.0,425105.0
2025-06-20 10:21:43.654787,892.5,561551.0,425105.0
2025-06-20 10:21:43.704849,893.0,562408.0,425076.0
2025-06-20 10:21:43.726041,893.0,562408.0,425076.0
2025-06-20 10:21:44.449047,893.0,562408.0,425076.0
2025-06-20 10:21:44.603013,893.0,562439.0,425671.0
2025-06-20 10:21:44.647273,893.0,562439.0,425671.0
2025-06-20 10:21:44.837635,893.0,562439.0,425671.0
2025-06-20 10:21:45.467335,893.0,562439.0,425671.0
2025-06-20 10:21:45.699681,893.0,564948.0,424844.0
2025-06-20 10:21:45.708862,892.5,564948.0,424844.0
2025-06-20 10:21:45.824450,892.5,564948.0,424844.0
2025-06-20 10:21:46.690472,893.0,564948.0,424844.0
2025-06-20 10:21:46.746624,893.0,564907.0,424896.0
2025-06-20 10:21:46.825139,893.0,564907.0,424896.0
2025-06-20 10:21:47.659316,893.0,564907.0,424896.0
2025-06-20 10:21:47.802074,893.0,564833.0,428322.0
2025-06-20 10:21:48.163352,893.0,564833.0,428322.0
2025-06-20 10:21:48.659926,893.0,564833.0,428322.0
2025-06-20 10:21:48.933824,893.0,564330.0,428347.0
2025-06-20 10:21:49.142482,893.0,564330.0,428347.0
2025-06-20 10:21:49.805898,893.0,565111.0,428367.0
2025-06-20 10:21:50.669839,893.5,565111.0,428367.0
2025-06-20 10:21:50.719723,893.5,565111.0,428367.0
2025-06-20 10:21:50.802294,892.5,563480.0,428162.0
2025-06-20 10:21:51.697652,893.0,563480.0,428162.0
2025-06-20 10:21:51.806002,893.0,563108.0,429348.0
2025-06-20 10:21:51.951605,893.0,563108.0,429348.0
2025-06-20 10:21:52.710492,893.0,563108.0,429348.0
2025-06-20 10:21:52.938099,893.0,562727.0,429228.0
2025-06-20 10:21:53.193600,893.0,562727.0,429228.0
2025-06-20 10:21:53.645447,893.0,562727.0,429228.0
2025-06-20 10:21:54.009281,892.5,562995.0,429221.0
2025-06-20 10:21:54.666542,892.5,562995.0,429221.0
2025-06-20 10:21:54.812241,892.5,562995.0,429221.0
2025-06-20 10:21:55.014610,893.0,565847.0,427521.0
2025-06-20 10:21:55.672322,893.5,565847.0,427521.0
2025-06-20 10:21:56.110745,893.5,565492.0,427037.0
2025-06-20 10:21:56.659943,893.5,565492.0,427037.0
2025-06-20 10:21:57.210811,893.5,564875.0,426654.0
2025-06-20 10:21:57.654378,893.5,564875.0,426654.0
2025-06-20 10:21:58.210974,893.5,564745.0,426739.0
2025-06-20 10:21:59.313131,893.0,564885.0,426989.0
2025-06-20 10:21:59.702806,893.0,564885.0,426989.0
2025-06-20 10:22:00.309005,893.5,565503.0,426599.0
2025-06-20 10:22:02.696789,893.5,565503.0,426599.0
2025-06-20 10:22:05.027528,893.5,568844.0,424709.0
2025-06-20 10:22:06.662968,893.5,568844.0,424709.0
2025-06-20 10:22:08.723609,893.5,568844.0,424709.0
2025-06-20 10:22:11.420658,893.0,567399.0,427065.0
2025-06-20 10:22:12.693131,893.5,567399.0,427065.0
2025-06-20 10:22:15.652822,893.5,567399.0,427065.0
2025-06-20 10:22:17.029292,893.5,566056.0,426325.0
2025-06-20 10:22:17.684318,893.5,566056.0,426325.0
2025-06-20 10:22:21.664570,893.5,566056.0,426325.0
2025-06-20 10:22:23.122970,893.5,566657.0,425860.0
2025-06-20 10:22:23.658084,893.5,566657.0,425860.0
2025-06-20 10:22:26.655593,893.0,566657.0,425860.0
2025-06-20 10:22:29.528857,893.5,565505.0,425196.0
2025-06-20 10:22:29.694450,893.0,565505.0,425196.0
2025-06-20 10:22:32.695347,893.5,565505.0,425196.0
2025-06-20 10:22:35.334566,893.5,565074.0,425713.0
2025-06-20 10:22:35.677331,893.0,565074.0,425713.0
2025-06-20 10:22:38.677122,893.5,565074.0,425713.0
2025-06-20 10:22:40.738344,893.0,565074.0,425713.0
2025-06-20 10:22:41.042113,893.0,563828.0,425385.0
2025-06-20 10:22:42.703656,893.0,563828.0,425385.0
2025-06-20 10:22:44.692152,893.5,563828.0,425385.0
2025-06-20 10:22:46.640113,893.5,565176.0,431542.0
2025-06-20 10:22:46.684069,893.5,565176.0,431542.0
2025-06-20 10:22:48.664713,893.0,565176.0,431542.0
2025-06-20 10:22:50.655336,893.0,565176.0,431542.0
2025-06-20 10:22:52.346912,893.0,565463.0,432090.0
2025-06-20 10:22:52.658000,893.5,565463.0,432090.0
2025-06-20 10:22:54.662368,893.5,565463.0,432090.0
2025-06-20 10:22:56.658165,893.5,565463.0,432090.0
2025-06-20 10:22:58.664898,893.5,565425.0,432124.0
2025-06-20 10:22:58.680625,893.5,565425.0,432124.0
2025-06-20 10:23:00.651906,893.5,565425.0,432124.0
2025-06-20 10:23:02.654643,893.0,565425.0,432124.0
2025-06-20 10:23:04.662033,893.5,565058.0,431472.0
2025-06-20 10:23:04.664349,893.5,565058.0,431472.0
2025-06-20 10:23:06.663323,893.0,565058.0,431472.0
2025-06-20 10:23:08.660966,893.5,565058.0,431472.0
2025-06-20 10:23:10.356357,893.5,565005.0,431949.0
2025-06-20 10:23:10.656829,893.0,565005.0,431949.0
2025-06-20 10:23:12.661523,893.0,565005.0,431949.0
2025-06-20 10:23:14.658515,893.5,565005.0,431949.0
2025-06-20 10:23:15.861043,893.5,566631.0,431633.0
2025-06-20 10:23:16.658875,893.5,566631.0,431633.0
2025-06-20 10:23:18.713894,893.5,566631.0,431633.0
2025-06-20 10:23:20.659788,893.5,566631.0,431633.0
2025-06-20 10:23:21.866119,893.5,567801.0,430395.0
2025-06-20 10:23:22.656835,893.0,567801.0,430395.0
2025-06-20 10:23:24.658696,893.5,567801.0,430395.0
2025-06-20 10:23:26.660366,893.5,567801.0,430395.0
2025-06-20 10:23:27.762846,893.5,567764.0,430675.0
2025-06-20 10:23:28.675994,893.5,567764.0,430675.0
2025-06-20 10:23:30.657713,893.5,567764.0,430675.0
2025-06-20 10:23:32.667301,893.5,567764.0,430675.0
2025-06-20 10:23:33.590770,893.5,567402.0,429960.0
2025-06-20 10:23:34.668010,893.5,567402.0,429960.0
2025-06-20 10:23:36.663878,893.5,567402.0,429960.0
2025-06-20 10:23:38.662134,893.0,567402.0,429960.0
2025-06-20 10:23:39.173531,893.0,568507.0,428455.0
2025-06-20 10:23:40.765412,893.0,568507.0,428455.0
2025-06-20 10:23:42.662121,893.0,568507.0,428455.0
2025-06-20 10:23:44.667093,893.5,568507.0,428455.0
2025-06-20 10:23:45.276708,893.5,570453.0,427062.0
2025-06-20 10:23:46.667202,893.0,570453.0,427062.0
2025-06-20 10:23:48.677510,893.0,570453.0,427062.0
2025-06-20 10:23:50.668106,893.5,570453.0,427062.0
2025-06-20 10:23:51.179615,893.5,568667.0,425425.0
2025-06-20 10:23:52.659313,893.0,568667.0,425425.0
2025-06-20 10:23:54.669780,893.5,568667.0,425425.0
2025-06-20 10:23:56.663995,893.5,568667.0,425425.0
2025-06-20 10:23:56.785017,893.5,568861.0,427731.0
2025-06-20 10:23:58.661648,893.5,568861.0,427731.0
2025-06-20 10:24:00.676162,893.0,568861.0,427731.0
2025-06-20 10:24:02.628715,893.5,567993.0,426613.0
2025-06-20 10:24:02.672243,893.5,567993.0,426613.0
2025-06-20 10:24:04.665546,893.5,567993.0,426613.0
2025-06-20 10:24:06.668262,893.5,567993.0,426613.0
2025-06-20 10:24:07.989858,893.5,569402.0,426073.0
2025-06-20 10:24:08.666215,893.0,569402.0,426073.0
2025-06-20 10:24:10.932523,893.0,569402.0,426073.0
2025-06-20 10:24:12.844476,893.5,569402.0,426073.0
2025-06-20 10:24:14.164761,893.0,568539.0,427138.0
2025-06-20 10:24:14.714444,893.0,568539.0,427138.0
2025-06-20 10:24:16.773367,893.0,568539.0,427138.0
2025-06-20 10:24:18.702856,893.0,568539.0,427138.0
2025-06-20 10:24:19.440223,893.0,567926.0,428257.0
2025-06-20 10:24:20.702606,893.5,567926.0,428257.0
2025-06-20 10:24:22.660735,893.5,567926.0,428257.0
2025-06-20 10:24:24.672938,893.5,567926.0,428257.0
2025-06-20 10:24:24.800917,893.0,568048.0,427626.0
2025-06-20 10:24:26.661936,893.5,568048.0,427626.0
2025-06-20 10:24:28.670747,893.5,568048.0,427626.0
2025-06-20 10:24:30.606950,893.5,569310.0,429781.0
2025-06-20 10:24:30.696717,893.0,569310.0,429781.0
2025-06-20 10:24:32.665695,893.5,569310.0,429781.0
2025-06-20 10:24:34.667147,893.0,569310.0,429781.0
2025-06-20 10:24:36.438840,893.5,570099.0,429927.0
2025-06-20 10:24:36.695918,893.5,570099.0,429927.0
2025-06-20 10:24:38.664675,893.5,570099.0,429927.0
2025-06-20 10:24:40.674298,893.5,570099.0,429927.0
2025-06-20 10:24:42.295421,893.5,570099.0,429927.0
2025-06-20 10:24:42.330084,893.5,568106.0,429594.0
2025-06-20 10:24:42.646980,893.5,568106.0,429594.0
2025-06-20 10:24:42.697610,893.0,568106.0,429594.0
2025-06-20 10:24:42.960514,893.0,568106.0,429594.0
2025-06-20 10:24:43.500200,893.0,568106.0,429594.0
2025-06-20 10:24:44.047496,893.0,568106.0,429594.0
2025-06-20 10:24:44.707218,893.0,568106.0,429594.0
2025-06-20 10:24:45.058739,893.0,568106.0,429594.0
2025-06-20 10:24:45.667751,893.0,568106.0,429594.0
2025-06-20 10:24:46.079980,893.0,568106.0,429594.0
2025-06-20 10:24:47.687866,893.0,568106.0,429594.0
2025-06-20 10:24:48.114992,893.5,567063.0,430081.0
2025-06-20 10:24:48.666518,893.5,567063.0,430081.0
2025-06-20 10:24:48.789188,893.5,567063.0,430081.0
2025-06-20 10:24:49.783814,893.5,567063.0,430081.0
2025-06-20 10:24:50.662165,893.5,567063.0,430081.0
2025-06-20 10:24:51.322387,893.5,567063.0,430081.0
2025-06-20 10:24:52.574130,893.5,567063.0,430081.0
2025-06-20 10:24:52.695987,893.5,567063.0,430081.0
2025-06-20 10:24:53.832833,893.5,567063.0,430081.0
2025-06-20 10:24:53.850647,893.5,567680.0,425046.0
2025-06-20 10:24:54.664414,893.5,567680.0,425046.0
2025-06-20 10:24:55.453173,893.5,567680.0,425046.0
2025-06-20 10:24:56.659789,893.5,567680.0,425046.0
2025-06-20 10:24:58.664215,893.0,567680.0,425046.0
2025-06-20 10:24:59.721419,893.5,566680.0,427775.0
2025-06-20 10:25:00.657819,893.5,566680.0,427775.0
2025-06-20 10:25:02.662439,893.5,566680.0,427775.0
2025-06-20 10:25:04.672091,894.0,566680.0,427775.0
2025-06-20 10:25:05.623005,894.0,569247.0,415390.0
2025-06-20 10:25:06.663454,894.0,569247.0,415390.0
2025-06-20 10:25:08.668909,894.0,569247.0,415390.0
2025-06-20 10:25:10.717833,893.5,569247.0,415390.0
2025-06-20 10:25:11.728388,894.0,568619.0,411411.0
2025-06-20 10:25:14.663961,893.5,568619.0,411411.0
2025-06-20 10:25:16.681466,894.0,568619.0,411411.0
2025-06-20 10:25:17.956296,894.0,568931.0,411791.0
2025-06-20 10:25:20.354590,893.5,568931.0,411791.0
2025-06-20 10:25:22.668849,893.5,568931.0,411791.0
2025-06-20 10:25:24.238167,893.5,571352.0,409363.0
2025-06-20 10:25:25.683687,893.5,571352.0,409363.0
2025-06-20 10:25:28.664260,894.0,571352.0,409363.0
2025-06-20 10:25:30.136405,893.5,566022.0,410902.0
2025-06-20 10:25:32.665497,894.0,566022.0,410902.0
2025-06-20 10:25:35.667064,894.0,566022.0,410902.0
2025-06-20 10:25:36.246057,894.0,567307.0,410581.0
2025-06-20 10:25:37.665090,893.5,567307.0,410581.0
2025-06-20 10:25:40.674754,893.5,567307.0,410581.0
2025-06-20 10:25:42.684409,894.0,567740.0,415211.0
2025-06-20 10:25:44.670384,894.0,567740.0,415211.0
2025-06-20 10:25:46.686308,894.0,567740.0,415211.0
2025-06-20 10:25:48.759226,893.5,565785.0,414172.0
2025-06-20 10:25:50.670460,893.5,565785.0,414172.0
2025-06-20 10:25:53.664302,893.5,565785.0,414172.0
2025-06-20 10:25:56.664861,893.5,565785.0,414172.0
2025-06-20 10:25:58.675485,893.5,565785.0,414172.0
2025-06-20 10:26:00.565936,893.5,565631.0,421173.0
2025-06-20 10:26:01.661286,893.0,565631.0,421173.0
2025-06-20 10:26:01.671305,893.0,565559.0,421254.0
2025-06-20 10:26:02.673143,893.0,565569.0,421431.0
2025-06-20 10:26:03.668823,893.0,565569.0,421431.0
2025-06-20 10:26:03.676073,893.0,565397.0,426431.0
2025-06-20 10:26:04.663873,893.5,565397.0,426431.0
2025-06-20 10:26:04.670136,893.5,565590.0,426553.0
2025-06-20 10:26:05.661272,893.5,565590.0,426553.0
2025-06-20 10:26:05.764799,893.5,565320.0,426790.0
2025-06-20 10:26:06.663590,893.5,565320.0,426790.0
2025-06-20 10:26:06.865637,893.5,565337.0,431654.0
2025-06-20 10:26:07.665909,893.0,565337.0,431654.0
2025-06-20 10:26:07.864194,893.0,566107.0,431394.0
2025-06-20 10:26:08.968329,893.0,566293.0,431405.0
2025-06-20 10:26:09.665904,893.0,566293.0,431405.0
2025-06-20 10:26:10.065958,893.0,566708.0,430529.0
2025-06-20 10:26:10.666992,893.0,566708.0,430529.0
2025-06-20 10:26:11.169642,893.0,565957.0,435330.0
2025-06-20 10:26:11.660135,893.0,565957.0,435330.0
2025-06-20 10:26:12.270564,893.5,563658.0,436832.0
2025-06-20 10:26:12.661623,893.0,563658.0,436832.0
2025-06-20 10:26:13.369340,893.0,563984.0,436072.0
2025-06-20 10:26:13.662400,893.0,563984.0,436072.0
2025-06-20 10:26:14.270797,893.0,564087.0,436073.0
2025-06-20 10:26:14.666531,893.0,564087.0,436073.0
2025-06-20 10:26:15.373169,893.5,563649.0,436351.0
2025-06-20 10:26:15.664672,893.0,563649.0,436351.0
2025-06-20 10:26:16.497443,893.5,564569.0,439756.0
2025-06-20 10:26:16.661613,893.0,564569.0,439756.0
2025-06-20 10:26:17.582089,893.0,564666.0,440373.0
2025-06-20 10:26:17.670984,893.0,564666.0,440373.0
2025-06-20 10:26:18.666645,893.5,564666.0,440373.0
2025-06-20 10:26:18.683278,893.5,564371.0,440660.0
2025-06-20 10:26:19.664056,893.0,564371.0,440660.0
2025-06-20 10:26:19.685481,893.0,565301.0,440531.0
2025-06-20 10:26:20.695813,893.5,565301.0,440531.0
2025-06-20 10:26:20.772852,893.5,564232.0,439396.0
2025-06-20 10:26:21.663093,893.5,564232.0,439396.0
2025-06-20 10:26:21.881503,893.5,564048.0,439339.0
2025-06-20 10:26:22.662523,893.5,564048.0,439339.0
2025-06-20 10:26:22.976670,893.5,564006.0,454949.0
2025-06-20 10:26:23.680778,893.5,564006.0,454949.0
2025-06-20 10:26:23.977167,893.5,564041.0,455953.0
2025-06-20 10:26:24.665002,893.0,564041.0,455953.0
2025-06-20 10:26:24.977310,893.0,564057.0,454382.0
2025-06-20 10:26:25.661859,893.5,564057.0,454382.0
2025-06-20 10:26:25.977606,893.5,564055.0,455918.0
2025-06-20 10:26:26.664505,893.5,564055.0,455918.0
2025-06-20 10:26:26.885734,893.5,564061.0,454668.0
2025-06-20 10:26:27.680432,893.5,564061.0,454668.0
2025-06-20 10:26:27.989420,893.0,564163.0,455897.0
2025-06-20 10:26:28.668446,893.0,564163.0,455897.0
2025-06-20 10:26:28.979383,893.0,564162.0,456264.0
2025-06-20 10:26:29.664685,893.5,564162.0,456264.0
2025-06-20 10:26:29.883769,893.0,564256.0,454719.0
2025-06-20 10:26:30.671275,893.5,564256.0,454719.0
2025-06-20 10:26:30.886744,893.5,564158.0,456097.0
2025-06-20 10:26:31.672922,893.5,564158.0,456097.0
2025-06-20 10:26:31.981031,893.5,564180.0,455546.0
2025-06-20 10:26:32.668398,893.5,564180.0,455546.0
2025-06-20 10:26:33.080808,893.5,564326.0,455806.0
2025-06-20 10:26:33.663717,893.0,564326.0,455806.0
2025-06-20 10:26:34.098206,893.0,564325.0,455804.0
2025-06-20 10:26:34.669585,893.5,564325.0,455804.0
2025-06-20 10:26:35.186856,893.0,564281.0,454193.0
2025-06-20 10:26:35.678791,893.5,564281.0,454193.0
2025-06-20 10:26:36.186383,893.5,564539.0,454458.0
2025-06-20 10:26:36.670767,893.5,564539.0,454458.0
2025-06-20 10:26:37.185140,893.5,564455.0,454206.0
2025-06-20 10:26:37.676811,893.5,564455.0,454206.0
2025-06-20 10:26:38.185582,893.5,564333.0,454297.0
2025-06-20 10:26:38.716692,893.0,564333.0,454297.0
2025-06-20 10:26:39.085438,893.0,564313.0,455548.0
2025-06-20 10:26:39.674385,893.0,564313.0,455548.0
2025-06-20 10:26:40.084981,893.5,564371.0,453780.0
2025-06-20 10:26:40.663319,893.0,564371.0,453780.0
2025-06-20 10:26:41.088862,893.5,566277.0,452647.0
2025-06-20 10:26:41.660905,893.5,566277.0,452647.0
2025-06-20 10:26:42.086347,893.5,564393.0,455554.0
2025-06-20 10:26:42.705624,893.5,564393.0,455554.0
2025-06-20 10:26:43.192202,893.0,565188.0,456036.0
2025-06-20 10:26:43.702093,893.0,565188.0,456036.0
2025-06-20 10:26:44.287958,893.5,564074.0,455999.0
2025-06-20 10:26:44.925190,893.0,564074.0,455999.0
2025-06-20 10:26:45.289105,893.5,564056.0,456279.0
2025-06-20 10:26:45.666951,893.5,564056.0,456279.0
2025-06-20 10:26:46.296203,893.5,563759.0,455900.0
2025-06-20 10:26:46.712140,893.0,563759.0,455900.0
2025-06-20 10:26:47.641611,893.0,564512.0,454690.0
2025-06-20 10:26:47.681065,893.0,564512.0,454690.0
2025-06-20 10:26:48.504945,893.0,564420.0,454673.0
2025-06-20 10:26:48.664801,893.0,564420.0,454673.0
2025-06-20 10:26:49.601431,893.0,564439.0,454343.0
2025-06-20 10:26:50.699843,893.5,564439.0,454343.0
2025-06-20 10:26:50.720758,893.5,564463.0,454176.0
2025-06-20 10:26:51.705157,893.5,564463.0,454176.0
2025-06-20 10:26:51.748259,893.5,563794.0,453785.0
2025-06-20 10:26:52.910097,893.5,563794.0,453785.0
2025-06-20 10:26:52.922557,893.5,571549.0,450670.0
2025-06-20 10:26:53.689535,894.0,571549.0,450670.0
2025-06-20 10:26:53.914478,894.0,566230.0,451241.0
2025-06-20 10:26:54.699993,893.0,566230.0,451241.0
2025-06-20 10:26:55.004342,893.0,567411.0,451298.0
2025-06-20 10:26:56.075939,894.0,567411.0,451298.0
2025-06-20 10:26:56.105891,893.5,572032.0,448989.0
2025-06-20 10:26:57.013397,893.5,572032.0,448989.0
2025-06-20 10:26:57.206391,893.5,571964.0,449300.0
2025-06-20 10:26:57.696468,893.5,571964.0,449300.0
2025-06-20 10:26:58.207227,894.0,572340.0,449817.0
2025-06-20 10:26:58.696223,893.5,572340.0,449817.0
2025-06-20 10:26:59.304606,893.5,572395.0,449552.0
2025-06-20 10:26:59.711927,894.0,572395.0,449552.0
2025-06-20 10:27:00.418211,894.0,572678.0,449475.0
2025-06-20 10:27:01.308675,893.5,573464.0,449175.0
2025-06-20 10:27:01.690841,893.5,573464.0,449175.0
2025-06-20 10:27:02.449216,894.0,577158.0,453326.0
2025-06-20 10:27:02.769000,894.0,577158.0,453326.0
2025-06-20 10:27:03.514391,894.0,576088.0,453395.0
2025-06-20 10:27:03.692153,893.5,576088.0,453395.0
2025-06-20 10:27:04.612227,894.0,575910.0,453941.0
2025-06-20 10:27:04.723666,893.5,575910.0,453941.0
2025-06-20 10:27:05.691349,894.0,575910.0,453941.0
2025-06-20 10:27:05.727494,894.0,571029.0,452518.0
2025-06-20 10:27:06.700887,894.0,571029.0,452518.0
2025-06-20 10:27:06.744951,894.0,572826.0,452277.0
2025-06-20 10:27:07.713786,893.5,572826.0,452277.0
2025-06-20 10:27:07.742187,893.5,566189.0,449407.0
2025-06-20 10:27:08.713166,894.0,566189.0,449407.0
2025-06-20 10:27:08.725016,894.0,569281.0,448614.0
2025-06-20 10:27:09.693902,894.0,569281.0,448614.0
2025-06-20 10:27:09.837936,894.0,568171.0,446015.0
2025-06-20 10:27:10.703604,894.0,568171.0,446015.0
2025-06-20 10:27:10.752384,894.0,568274.0,444625.0
2025-06-20 10:27:11.675286,894.0,568274.0,444625.0
2025-06-20 10:27:12.023786,893.5,569338.0,442673.0
2025-06-20 10:27:12.670419,894.0,569338.0,442673.0
2025-06-20 10:27:13.018818,894.0,569210.0,442544.0
2025-06-20 10:27:13.682187,894.0,569210.0,442544.0
2025-06-20 10:27:14.155217,894.0,569802.0,441462.0
2025-06-20 10:27:14.672427,894.0,569802.0,441462.0
2025-06-20 10:27:15.226064,894.0,574084.0,438835.0
2025-06-20 10:27:15.666191,893.5,574084.0,438835.0
2025-06-20 10:27:16.316938,893.5,566328.0,437504.0
2025-06-20 10:27:16.667632,893.5,566328.0,437504.0
2025-06-20 10:27:17.319004,893.5,569635.0,440086.0
2025-06-20 10:27:17.666487,894.0,569635.0,440086.0
2025-06-20 10:27:18.674230,894.0,569635.0,440086.0
2025-06-20 10:27:18.930655,894.0,572777.0,440693.0
2025-06-20 10:27:19.702674,894.0,572777.0,440693.0
2025-06-20 10:27:20.021699,894.0,561202.0,440514.0
2025-06-20 10:27:20.673430,894.0,561202.0,440514.0
2025-06-20 10:27:21.118807,894.0,567418.0,440562.0
2025-06-20 10:27:21.665699,894.0,567418.0,440562.0
2025-06-20 10:27:22.222908,894.0,574209.0,441351.0
2025-06-20 10:27:22.683458,893.5,574209.0,441351.0
2025-06-20 10:27:23.323358,894.0,574006.0,440152.0
2025-06-20 10:27:24.136747,894.0,574006.0,440152.0
2025-06-20 10:27:24.454344,893.5,560081.0,438388.0
2025-06-20 10:27:25.347393,894.0,560081.0,438388.0
2025-06-20 10:27:25.527835,894.0,573953.0,437760.0
2025-06-20 10:27:25.676935,893.5,573953.0,437760.0
2025-06-20 10:27:26.626640,894.0,573655.0,438083.0
2025-06-20 10:27:26.670672,894.0,573655.0,438083.0
2025-06-20 10:27:27.672929,894.0,573655.0,438083.0
2025-06-20 10:27:27.737185,894.0,573753.0,437526.0
2025-06-20 10:27:28.737305,894.0,573753.0,437526.0
2025-06-20 10:27:28.752626,894.0,573817.0,437925.0
2025-06-20 10:27:29.746899,894.0,573817.0,437925.0
2025-06-20 10:27:29.892738,894.0,574330.0,442774.0
2025-06-20 10:27:31.346927,894.0,574330.0,442774.0
2025-06-20 10:27:31.348861,894.0,575109.0,441482.0
2025-06-20 10:27:31.680300,894.0,575109.0,441482.0
2025-06-20 10:27:31.832965,894.0,575533.0,440949.0
2025-06-20 10:27:32.718428,893.5,575533.0,440949.0
2025-06-20 10:27:32.832301,893.5,576315.0,440837.0
2025-06-20 10:27:33.664671,894.0,576315.0,440837.0
2025-06-20 10:27:33.941682,894.0,575967.0,440541.0
2025-06-20 10:27:34.692062,894.0,575967.0,440541.0
2025-06-20 10:27:35.034298,894.0,563241.0,440935.0
2025-06-20 10:27:35.670621,894.0,563241.0,440935.0
2025-06-20 10:27:36.134940,894.0,576226.0,440749.0
2025-06-20 10:27:36.694003,894.0,576226.0,440749.0
2025-06-20 10:27:37.169620,894.0,576817.0,440838.0
2025-06-20 10:27:37.678808,894.0,576817.0,440838.0
2025-06-20 10:27:38.139654,894.0,576390.0,441033.0
2025-06-20 10:27:38.720789,893.5,576390.0,441033.0
2025-06-20 10:27:39.243429,894.0,577084.0,441022.0
2025-06-20 10:27:39.696295,894.0,577084.0,441022.0
2025-06-20 10:27:40.341165,894.0,577098.0,441011.0
2025-06-20 10:27:40.692340,893.5,577098.0,441011.0
2025-06-20 10:27:41.452738,894.0,576475.0,440999.0
2025-06-20 10:27:41.669180,893.5,576475.0,440999.0
2025-06-20 10:27:42.682991,893.5,576475.0,440999.0
2025-06-20 10:27:42.738416,893.5,576475.0,440999.0
2025-06-20 10:27:43.028066,893.5,576475.0,440999.0
2025-06-20 10:27:43.141467,893.5,572519.0,441208.0
2025-06-20 10:27:43.325690,893.5,572519.0,441208.0
2025-06-20 10:27:43.678349,893.5,572519.0,441208.0
2025-06-20 10:27:43.688562,893.5,572519.0,441208.0
2025-06-20 10:27:44.042301,894.0,569456.0,442013.0
2025-06-20 10:27:44.239039,894.0,569456.0,442013.0
2025-06-20 10:27:44.670435,893.5,569456.0,442013.0
2025-06-20 10:27:45.251156,893.5,573088.0,442690.0
2025-06-20 10:27:45.275284,893.5,573088.0,442690.0
2025-06-20 10:27:45.680884,893.5,573088.0,442690.0
2025-06-20 10:27:45.740287,893.5,573088.0,442690.0
2025-06-20 10:27:46.294675,893.5,573088.0,442690.0
2025-06-20 10:27:46.343408,894.0,570533.0,440743.0
2025-06-20 10:27:46.676458,893.5,570533.0,440743.0
2025-06-20 10:27:46.739177,893.5,570533.0,440743.0
2025-06-20 10:27:47.549939,893.5,571626.0,442579.0
2025-06-20 10:27:47.699312,893.5,571626.0,442579.0
2025-06-20 10:27:47.722164,893.5,571626.0,442579.0
2025-06-20 10:27:48.553030,893.5,572641.0,442746.0
2025-06-20 10:27:48.677619,893.0,572641.0,442746.0
2025-06-20 10:27:49.007307,893.0,572641.0,442746.0
2025-06-20 10:27:49.649263,893.5,573526.0,442965.0
2025-06-20 10:27:49.679447,893.5,573526.0,442965.0
2025-06-20 10:27:50.001746,893.5,573526.0,442965.0
2025-06-20 10:27:50.649493,893.5,573522.0,442727.0
2025-06-20 10:27:50.679085,893.5,573522.0,442727.0
2025-06-20 10:27:51.517356,893.5,573522.0,442727.0
2025-06-20 10:27:51.648393,893.5,573785.0,443652.0
2025-06-20 10:27:51.679739,893.5,573785.0,443652.0
2025-06-20 10:27:52.678105,893.5,573785.0,443652.0
2025-06-20 10:27:52.763144,893.5,574004.0,444184.0
2025-06-20 10:27:52.819316,893.5,574004.0,444184.0
2025-06-20 10:27:53.670937,893.5,574004.0,444184.0
2025-06-20 10:27:53.851414,893.5,574181.0,444069.0
2025-06-20 10:27:54.028117,893.5,574181.0,444069.0
2025-06-20 10:27:54.681126,893.0,574181.0,444069.0
2025-06-20 10:27:54.958697,893.0,573599.0,443870.0
2025-06-20 10:27:55.621935,893.0,573599.0,443870.0
2025-06-20 10:27:55.719035,893.5,573599.0,443870.0
2025-06-20 10:27:56.053282,893.5,573232.0,443230.0
2025-06-20 10:27:56.676797,893.5,573232.0,443230.0
2025-06-20 10:27:57.054621,893.5,573753.0,442375.0
2025-06-20 10:27:57.679540,893.5,573753.0,442375.0
2025-06-20 10:27:58.054376,893.0,573345.0,442345.0
2025-06-20 10:27:58.672231,893.5,573345.0,442345.0
2025-06-20 10:27:59.054029,893.5,573275.0,442550.0
2025-06-20 10:27:59.669729,893.0,573275.0,442550.0
2025-06-20 10:28:00.056554,893.5,573167.0,442442.0
2025-06-20 10:28:01.258131,893.5,573153.0,443041.0
2025-06-20 10:28:01.718224,893.5,573153.0,443041.0
2025-06-20 10:28:02.358995,893.5,572975.0,443074.0
2025-06-20 10:28:02.673084,893.5,572975.0,443074.0
2025-06-20 10:28:03.260654,893.5,572836.0,442314.0
2025-06-20 10:28:03.686374,893.0,572836.0,442314.0
2025-06-20 10:28:04.363909,893.5,573328.0,441413.0
2025-06-20 10:28:04.673518,893.0,573328.0,441413.0
2025-06-20 10:28:05.471839,893.5,573991.0,441210.0
2025-06-20 10:28:05.675175,893.0,573991.0,441210.0
2025-06-20 10:28:06.561605,893.5,573734.0,442133.0
2025-06-20 10:28:06.675170,893.5,573734.0,442133.0
2025-06-20 10:28:07.663891,893.5,573598.0,442664.0
2025-06-20 10:28:07.676396,893.5,573598.0,442664.0
2025-06-20 10:28:08.673601,893.0,573598.0,442664.0
2025-06-20 10:28:08.761720,893.0,573449.0,442760.0
2025-06-20 10:28:09.673210,893.5,573449.0,442760.0
2025-06-20 10:28:09.866129,893.5,573402.0,442916.0
2025-06-20 10:28:10.676241,893.0,573402.0,442916.0
2025-06-20 10:28:10.972419,893.0,573555.0,442972.0
2025-06-20 10:28:11.673441,893.5,573555.0,442972.0
2025-06-20 10:28:12.063046,893.5,573766.0,442537.0
2025-06-20 10:28:12.676136,893.5,573766.0,442537.0
2025-06-20 10:28:13.163737,893.5,573670.0,442482.0
2025-06-20 10:28:13.678241,893.5,573670.0,442482.0
2025-06-20 10:28:14.266262,893.5,573701.0,442196.0
2025-06-20 10:28:14.673332,893.5,573701.0,442196.0
2025-06-20 10:28:15.366250,893.5,572676.0,442014.0
2025-06-20 10:28:15.676287,893.0,572676.0,442014.0
2025-06-20 10:28:16.473489,893.5,572643.0,442435.0
2025-06-20 10:28:16.672757,893.0,572643.0,442435.0
2025-06-20 10:28:17.567279,893.5,572637.0,442376.0
2025-06-20 10:28:17.674013,893.0,572637.0,442376.0
2025-06-20 10:28:18.675417,893.0,572637.0,442376.0
2025-06-20 10:28:18.679193,893.0,572490.0,442435.0
2025-06-20 10:28:19.740443,893.0,572490.0,442435.0
2025-06-20 10:28:19.773267,893.5,572424.0,442100.0
2025-06-20 10:28:20.677148,893.5,572424.0,442100.0
2025-06-20 10:28:20.881129,893.5,572428.0,442098.0
2025-06-20 10:28:21.673553,893.5,572428.0,442098.0
2025-06-20 10:28:21.881973,893.5,572322.0,442163.0
2025-06-20 10:28:22.717782,893.5,572322.0,442163.0
2025-06-20 10:28:22.905755,893.5,570540.0,442378.0
2025-06-20 10:28:23.694181,893.0,570540.0,442378.0
2025-06-20 10:28:23.978901,893.0,572000.0,442400.0
2025-06-20 10:28:24.678173,893.5,572000.0,442400.0
2025-06-20 10:28:25.074822,893.5,571931.0,442399.0
2025-06-20 10:28:25.676329,893.5,571931.0,442399.0
2025-06-20 10:28:26.176570,893.0,552305.0,442220.0
2025-06-20 10:28:26.676359,893.0,552305.0,442220.0
2025-06-20 10:28:27.277815,893.5,571871.0,443192.0
2025-06-20 10:28:27.673314,893.0,571871.0,443192.0
2025-06-20 10:28:28.377933,893.0,563685.0,443473.0
2025-06-20 10:28:28.708904,893.0,563685.0,443473.0
2025-06-20 10:28:29.482003,893.5,571717.0,443026.0
2025-06-20 10:28:29.671109,893.0,571717.0,443026.0
2025-06-20 10:28:30.581267,893.5,571750.0,442686.0
2025-06-20 10:28:30.676393,893.0,571750.0,442686.0
2025-06-20 10:28:31.675633,893.0,571750.0,442686.0
2025-06-20 10:28:31.689867,893.0,571207.0,443262.0
2025-06-20 10:28:32.675880,893.0,571207.0,443262.0
2025-06-20 10:28:32.787607,893.0,571772.0,442234.0
2025-06-20 10:28:33.752675,893.5,571772.0,442234.0
2025-06-20 10:28:33.756582,893.5,571941.0,442435.0
2025-06-20 10:28:34.673799,893.5,571941.0,442435.0
2025-06-20 10:28:34.785962,893.5,571205.0,443151.0
2025-06-20 10:28:35.678982,893.5,571205.0,443151.0
2025-06-20 10:28:35.785981,893.5,572862.0,442906.0
2025-06-20 10:28:36.687628,893.5,572862.0,442906.0
2025-06-20 10:28:36.970269,893.0,566114.0,443689.0
2025-06-20 10:28:37.674545,893.5,566114.0,443689.0
2025-06-20 10:28:38.136563,893.5,568723.0,442870.0
2025-06-20 10:28:38.679648,893.5,568723.0,442870.0
2025-06-20 10:28:39.128265,893.5,567625.0,442896.0
2025-06-20 10:28:39.695045,893.5,567625.0,442896.0
2025-06-20 10:28:40.085153,893.0,567654.0,442912.0
2025-06-20 10:28:40.678219,893.0,567654.0,442912.0
2025-06-20 10:28:41.188270,893.5,569257.0,442910.0
2025-06-20 10:28:41.677037,893.5,569257.0,442910.0
2025-06-20 10:28:42.186026,893.5,568566.0,442848.0
2025-06-20 10:28:42.676150,893.5,568566.0,442848.0
2025-06-20 10:28:43.285965,893.0,567851.0,443909.0
2025-06-20 10:28:43.676840,893.0,567851.0,443909.0
2025-06-20 10:28:44.286776,893.5,566355.0,444291.0
2025-06-20 10:28:44.677593,893.5,566355.0,444291.0
2025-06-20 10:28:45.291131,893.5,566159.0,444487.0
2025-06-20 10:28:45.682622,893.5,566159.0,444487.0
2025-06-20 10:28:46.288462,893.5,567846.0,443740.0
2025-06-20 10:28:46.680004,893.0,567846.0,443740.0
2025-06-20 10:28:47.390996,893.0,568198.0,443723.0
2025-06-20 10:28:48.491047,893.5,567546.0,443819.0
2025-06-20 10:28:48.675786,893.5,567546.0,443819.0
2025-06-20 10:28:49.590112,893.5,567691.0,443665.0
2025-06-20 10:28:49.689119,893.0,567691.0,443665.0
2025-06-20 10:28:50.739643,893.0,567691.0,443665.0
2025-06-20 10:28:50.741716,893.0,567337.0,443588.0
2025-06-20 10:28:51.681095,893.5,567337.0,443588.0
2025-06-20 10:28:51.787530,893.5,567386.0,443612.0
2025-06-20 10:28:52.788856,893.5,567387.0,443515.0
2025-06-20 10:28:53.987425,893.5,567466.0,443423.0
2025-06-20 10:28:54.679519,893.5,567466.0,443423.0
2025-06-20 10:28:54.991189,893.5,566842.0,443973.0
2025-06-20 10:28:55.674124,893.0,566842.0,443973.0
2025-06-20 10:28:56.091430,893.0,566741.0,444452.0
2025-06-20 10:28:56.677732,893.5,566741.0,444452.0
2025-06-20 10:28:57.195741,893.5,566820.0,444282.0
2025-06-20 10:28:57.688785,893.5,566820.0,444282.0
2025-06-20 10:28:58.293402,893.5,566801.0,443963.0
2025-06-20 10:28:58.680686,893.0,566801.0,443963.0
2025-06-20 10:28:59.408381,893.0,566031.0,443833.0
2025-06-20 10:28:59.675741,893.5,566031.0,443833.0
2025-06-20 10:29:00.683476,893.5,566031.0,443833.0
2025-06-20 10:29:02.499705,894.0,562873.0,442798.0
2025-06-20 10:29:02.684166,893.5,562873.0,442798.0
2025-06-20 10:29:04.716846,893.5,562873.0,442798.0
2025-06-20 10:29:06.682226,894.0,562873.0,442798.0
2025-06-20 10:29:08.499789,894.0,569227.0,442556.0
2025-06-20 10:29:08.675873,893.5,569227.0,442556.0
2025-06-20 10:29:10.682414,894.0,569227.0,442556.0
2025-06-20 10:29:12.720884,894.0,569227.0,442556.0
2025-06-20 10:29:14.682966,894.0,569227.0,442556.0
2025-06-20 10:29:14.718878,894.0,570003.0,438640.0
2025-06-20 10:29:16.687461,893.5,570003.0,438640.0
2025-06-20 10:29:18.986891,894.0,570003.0,438640.0
2025-06-20 10:29:20.717502,894.0,570003.0,438640.0
2025-06-20 10:29:20.720836,894.0,569210.0,437004.0
2025-06-20 10:29:22.694520,894.0,569210.0,437004.0
2025-06-20 10:29:24.713540,894.0,569210.0,437004.0
2025-06-20 10:29:26.314542,894.0,568708.0,437329.0
2025-06-20 10:29:26.688360,894.0,568708.0,437329.0
2025-06-20 10:29:28.688019,894.0,568708.0,437329.0
2025-06-20 10:29:30.728101,893.5,568708.0,437329.0
2025-06-20 10:29:32.055603,894.0,568981.0,437226.0
2025-06-20 10:29:32.684264,894.0,568981.0,437226.0
2025-06-20 10:29:34.680799,894.0,568981.0,437226.0
2025-06-20 10:29:36.680910,894.0,568981.0,437226.0
2025-06-20 10:29:37.727077,894.0,569876.0,437388.0
2025-06-20 10:29:39.691059,894.0,569876.0,437388.0
2025-06-20 10:29:42.691763,894.0,569876.0,437388.0
2025-06-20 10:29:43.734963,894.0,569018.0,436121.0
2025-06-20 10:29:45.713688,894.0,569018.0,436121.0
2025-06-20 10:29:48.825127,894.0,569018.0,436121.0
2025-06-20 10:29:49.729217,894.0,571530.0,435693.0
2025-06-20 10:29:51.716606,894.0,571530.0,435693.0
2025-06-20 10:29:54.687035,894.0,571530.0,435693.0
2025-06-20 10:29:55.659878,894.0,575279.0,435324.0
2025-06-20 10:29:57.711359,893.5,575279.0,435324.0
2025-06-20 10:30:00.702081,893.5,575279.0,435324.0
2025-06-20 10:30:00.750722,893.5,567193.0,437685.0
2025-06-20 10:30:03.686294,894.0,567193.0,437685.0
2025-06-20 10:30:06.682162,894.0,567193.0,437685.0
2025-06-20 10:30:06.743564,894.0,570199.0,435226.0
2025-06-20 10:30:08.689766,894.0,570199.0,435226.0
2025-06-20 10:30:10.710006,894.0,570199.0,435226.0
2025-06-20 10:30:12.723660,894.0,570199.0,435226.0
2025-06-20 10:30:12.849530,894.0,575321.0,434584.0
2025-06-20 10:30:14.700545,894.0,575321.0,434584.0
2025-06-20 10:30:16.964114,894.0,575321.0,434584.0
2025-06-20 10:30:18.793996,894.0,575321.0,434584.0
2025-06-20 10:30:18.795767,894.0,575952.0,435429.0
2025-06-20 10:30:20.686693,894.0,575952.0,435429.0
2025-06-20 10:30:22.686632,894.0,575952.0,435429.0
2025-06-20 10:30:24.558381,893.5,572222.0,435227.0
2025-06-20 10:30:24.727953,893.5,572222.0,435227.0
2025-06-20 10:30:26.731568,893.5,572222.0,435227.0
2025-06-20 10:30:28.722737,894.0,572222.0,435227.0
2025-06-20 10:30:30.359279,894.0,571851.0,435192.0
2025-06-20 10:30:31.713663,894.0,571851.0,435192.0
2025-06-20 10:30:35.689340,894.0,571851.0,435192.0
2025-06-20 10:30:35.977563,894.0,571622.0,434422.0
2025-06-20 10:30:37.709806,894.0,571622.0,434422.0
2025-06-20 10:30:40.697151,893.5,571622.0,434422.0
2025-06-20 10:30:41.868851,893.5,576046.0,433135.0
2025-06-20 10:30:43.185564,893.5,576046.0,433135.0
2025-06-20 10:30:43.687386,894.0,576046.0,433135.0
2025-06-20 10:30:43.850421,894.0,576046.0,433135.0
2025-06-20 10:30:44.214784,894.0,576046.0,433135.0
2025-06-20 10:30:45.312021,894.0,576046.0,433135.0
2025-06-20 10:30:46.490657,894.0,576046.0,433135.0
2025-06-20 10:30:46.680251,894.0,576046.0,433135.0
2025-06-20 10:30:47.027329,894.0,576046.0,433135.0
2025-06-20 10:30:47.667310,894.0,576046.0,433135.0
2025-06-20 10:30:47.700802,894.0,571397.0,432015.0
2025-06-20 10:30:48.416841,894.0,571397.0,432015.0
2025-06-20 10:30:49.690443,894.0,571397.0,432015.0
2025-06-20 10:30:49.725987,894.0,571397.0,432015.0
2025-06-20 10:30:50.758057,894.0,571397.0,432015.0
2025-06-20 10:30:52.261481,894.0,571397.0,432015.0
2025-06-20 10:30:52.703799,894.0,571397.0,432015.0
2025-06-20 10:30:52.985681,894.5,572035.0,430194.0
2025-06-20 10:30:53.532255,894.5,572035.0,430194.0
2025-06-20 10:30:54.804380,894.5,572035.0,430194.0
2025-06-20 10:30:55.698865,894.0,572035.0,430194.0
2025-06-20 10:30:56.497138,894.0,572035.0,430194.0
2025-06-20 10:30:58.989927,894.0,570277.0,430721.0
2025-06-20 10:30:59.691583,894.5,570277.0,430721.0
2025-06-20 10:31:01.280240,894.0,572371.0,430685.0
2025-06-20 10:31:01.692689,894.5,572371.0,430685.0
2025-06-20 10:31:02.378614,894.0,572323.0,430692.0
2025-06-20 10:31:02.693108,894.0,572323.0,430692.0
2025-06-20 10:31:03.485075,894.5,573391.0,430471.0
2025-06-20 10:31:03.687890,894.0,573391.0,430471.0
2025-06-20 10:31:04.692363,894.5,573391.0,430471.0
2025-06-20 10:31:05.080041,894.5,573875.0,429202.0
2025-06-20 10:31:05.694777,894.0,573875.0,429202.0
2025-06-20 10:31:06.180930,894.0,575898.0,431243.0
2025-06-20 10:31:06.697747,894.5,575898.0,431243.0
2025-06-20 10:31:07.080460,894.5,577671.0,430621.0
2025-06-20 10:31:07.693413,894.0,577671.0,430621.0
2025-06-20 10:31:08.086687,894.0,577790.0,431193.0
2025-06-20 10:31:08.696054,894.0,577790.0,431193.0
2025-06-20 10:31:09.185376,894.0,577916.0,430965.0
2025-06-20 10:31:09.948196,894.5,577916.0,430965.0
2025-06-20 10:31:10.286862,894.5,570962.0,428935.0
2025-06-20 10:31:10.706284,894.5,570962.0,428935.0
2025-06-20 10:31:11.287740,894.0,573245.0,428102.0
2025-06-20 10:31:11.709978,894.5,573245.0,428102.0
2025-06-20 10:31:12.288837,894.5,573381.0,427760.0
2025-06-20 10:31:12.699634,894.0,573381.0,427760.0
2025-06-20 10:31:13.192672,894.5,578532.0,427659.0
2025-06-20 10:31:13.760529,894.0,578532.0,427659.0
2025-06-20 10:31:14.300441,894.5,578156.0,427621.0
2025-06-20 10:31:14.703751,894.0,578156.0,427621.0
2025-06-20 10:31:15.401342,894.5,579309.0,426682.0
2025-06-20 10:31:15.694180,894.5,579309.0,426682.0
2025-06-20 10:31:16.502777,894.5,580594.0,427525.0
2025-06-20 10:31:16.704108,894.0,580594.0,427525.0
2025-06-20 10:31:17.597839,894.5,579814.0,425247.0
2025-06-20 10:31:17.694125,894.0,579814.0,425247.0
2025-06-20 10:31:18.596903,894.0,580291.0,424789.0
2025-06-20 10:31:18.735248,894.0,580291.0,424789.0
2025-06-20 10:31:19.606003,894.5,581609.0,424456.0
2025-06-20 10:31:19.696884,894.0,581609.0,424456.0
2025-06-20 10:31:20.696525,894.5,581609.0,424456.0
2025-06-20 10:31:20.708959,894.5,580302.0,427141.0
2025-06-20 10:31:21.705077,894.5,580302.0,427141.0
2025-06-20 10:31:21.797923,894.0,582611.0,426983.0
2025-06-20 10:31:22.732561,894.0,582611.0,426983.0
2025-06-20 10:31:22.897003,894.0,583593.0,427108.0
2025-06-20 10:31:23.701035,894.0,583593.0,427108.0
2025-06-20 10:31:24.007745,894.0,583392.0,427311.0
2025-06-20 10:31:24.734793,894.0,583392.0,427311.0
2025-06-20 10:31:25.004700,894.0,583163.0,425725.0
2025-06-20 10:31:25.685451,894.5,583163.0,425725.0
2025-06-20 10:31:26.097052,894.5,583227.0,425631.0
2025-06-20 10:31:26.690663,894.5,583227.0,425631.0
2025-06-20 10:31:27.201678,894.0,582979.0,424361.0
2025-06-20 10:31:27.730658,894.0,582979.0,424361.0
2025-06-20 10:31:28.304016,894.0,582912.0,424515.0
2025-06-20 10:31:28.739820,894.0,582912.0,424515.0
2025-06-20 10:31:29.519112,894.0,583309.0,424520.0
2025-06-20 10:31:29.744245,894.0,583309.0,424520.0
2025-06-20 10:31:30.441222,894.5,584219.0,423972.0
2025-06-20 10:31:30.720950,894.5,584219.0,423972.0
2025-06-20 10:31:31.502496,894.5,584661.0,427773.0
2025-06-20 10:31:31.760688,894.0,584661.0,427773.0
2025-06-20 10:31:32.634582,894.0,584240.0,427263.0
2025-06-20 10:31:32.719532,894.0,584240.0,427263.0
2025-06-20 10:31:33.735677,894.0,584240.0,427263.0
2025-06-20 10:31:33.745905,894.0,584910.0,425880.0
2025-06-20 10:31:34.739332,894.0,584910.0,425880.0
2025-06-20 10:31:34.805900,894.5,584829.0,427303.0
2025-06-20 10:31:35.707894,894.5,584829.0,427303.0
2025-06-20 10:31:35.917036,894.5,585074.0,426237.0
2025-06-20 10:31:36.708410,894.5,585074.0,426237.0
2025-06-20 10:31:37.149580,894.5,585165.0,425835.0
2025-06-20 10:31:37.702786,894.5,585165.0,425835.0
2025-06-20 10:31:38.014440,894.0,585187.0,426543.0
2025-06-20 10:31:38.717395,894.0,585187.0,426543.0
2025-06-20 10:31:39.107944,894.0,584982.0,426959.0
2025-06-20 10:31:39.749037,894.5,584982.0,426959.0
2025-06-20 10:31:40.310348,894.5,584818.0,425966.0
2025-06-20 10:31:41.042743,894.0,584818.0,425966.0
2025-06-20 10:31:41.312480,894.5,584691.0,425938.0
2025-06-20 10:31:41.733934,894.0,584691.0,425938.0
2025-06-20 10:31:42.322656,894.5,585037.0,425229.0
2025-06-20 10:31:42.730167,894.0,585037.0,425229.0
2025-06-20 10:31:43.439322,894.0,585028.0,428756.0
2025-06-20 10:31:43.732702,894.5,585028.0,428756.0
2025-06-20 10:31:44.513706,894.0,584269.0,428518.0
2025-06-20 10:31:44.700590,894.5,584269.0,428518.0
2025-06-20 10:31:45.613965,894.5,584541.0,428333.0
2025-06-20 10:31:45.732641,894.5,584541.0,428333.0
2025-06-20 10:31:46.700757,894.0,584541.0,428333.0
2025-06-20 10:31:46.722795,894.0,584979.0,428360.0
2025-06-20 10:31:47.717628,894.0,584979.0,428360.0
2025-06-20 10:31:47.830030,894.0,584534.0,427653.0
2025-06-20 10:31:48.706724,894.5,584534.0,427653.0
2025-06-20 10:31:48.821846,894.5,584272.0,427821.0
2025-06-20 10:31:49.700901,894.5,584272.0,427821.0
2025-06-20 10:31:50.142279,894.5,584871.0,426618.0
2025-06-20 10:31:50.708242,894.0,584871.0,426618.0
2025-06-20 10:31:51.026525,894.5,585148.0,426288.0
2025-06-20 10:31:51.698083,894.5,585148.0,426288.0
2025-06-20 10:31:52.116282,894.0,584933.0,425413.0
2025-06-20 10:31:52.711456,894.5,584933.0,425413.0
2025-06-20 10:31:53.223953,894.5,585067.0,425600.0
2025-06-20 10:31:53.690049,894.0,585067.0,425600.0
2025-06-20 10:31:54.219355,894.0,584897.0,425399.0
2025-06-20 10:31:54.714950,894.5,584897.0,425399.0
2025-06-20 10:31:55.344340,894.5,572471.0,424609.0
2025-06-20 10:31:55.710768,894.0,572471.0,424609.0
2025-06-20 10:31:56.438004,894.0,585132.0,424440.0
2025-06-20 10:31:56.692740,894.0,585132.0,424440.0
2025-06-20 10:31:57.522320,894.5,585417.0,428953.0
2025-06-20 10:31:57.718898,894.5,585417.0,428953.0
2025-06-20 10:31:58.621294,894.5,584869.0,429149.0
2025-06-20 10:31:58.700445,894.0,584869.0,429149.0
2025-06-20 10:31:59.688475,894.0,584869.0,429149.0
2025-06-20 10:31:59.719653,894.0,584675.0,428576.0
2025-06-20 10:32:02.708613,894.0,584675.0,428576.0
2025-06-20 10:32:04.834432,894.5,584452.0,430427.0
2025-06-20 10:32:05.703614,894.0,584452.0,430427.0
2025-06-20 10:32:10.706533,894.5,584452.0,430427.0
2025-06-20 10:32:11.231483,894.5,577167.0,428859.0
2025-06-20 10:32:14.689029,893.5,577167.0,428859.0
2025-06-20 10:32:17.536056,894.0,576957.0,428810.0
2025-06-20 10:32:17.696065,893.5,576957.0,428810.0
2025-06-20 10:32:21.697154,894.0,576957.0,428810.0
2025-06-20 10:32:23.842194,894.0,574877.0,429389.0
2025-06-20 10:32:25.739585,894.0,574877.0,429389.0
2025-06-20 10:32:29.901422,894.0,574877.0,429389.0
2025-06-20 10:32:29.981165,894.0,574333.0,428016.0
2025-06-20 10:32:31.762067,894.0,574333.0,428016.0
2025-06-20 10:32:34.695356,894.0,574333.0,428016.0
2025-06-20 10:32:36.347522,894.0,576580.0,430729.0
2025-06-20 10:32:37.729092,894.0,576580.0,430729.0
2025-06-20 10:32:40.743266,894.0,576580.0,430729.0
2025-06-20 10:32:42.250084,894.0,574428.0,431465.0
2025-06-20 10:32:43.698033,893.0,574428.0,431465.0
2025-06-20 10:32:46.735133,893.5,574428.0,431465.0
2025-06-20 10:32:48.061232,894.0,569346.0,431151.0
2025-06-20 10:32:50.695201,894.0,569346.0,431151.0
2025-06-20 10:32:53.745089,894.0,569346.0,431151.0
2025-06-20 10:32:54.480969,894.0,577096.0,429653.0
2025-06-20 10:32:55.697871,894.0,577096.0,429653.0
2025-06-20 10:32:58.712979,894.0,577096.0,429653.0
2025-06-20 10:33:00.561605,893.5,577274.0,431007.0
2025-06-20 10:33:01.715414,894.0,577274.0,431007.0
2025-06-20 10:33:04.716319,894.0,577274.0,431007.0
2025-06-20 10:33:06.267328,894.0,576624.0,429214.0
2025-06-20 10:33:07.743470,894.5,576624.0,429214.0
2025-06-20 10:33:09.737416,894.0,576624.0,429214.0
2025-06-20 10:33:11.736489,894.0,576624.0,429214.0
2025-06-20 10:33:11.987931,894.0,575725.0,427357.0
2025-06-20 10:33:13.758007,894.5,575725.0,427357.0
2025-06-20 10:33:15.695715,894.0,575725.0,427357.0
2025-06-20 10:33:17.705585,894.5,575725.0,427357.0
2025-06-20 10:33:17.873706,894.0,575695.0,430298.0
2025-06-20 10:33:19.728951,894.5,575695.0,430298.0
2025-06-20 10:33:21.696900,894.5,575695.0,430298.0
2025-06-20 10:33:23.740331,894.0,576749.0,429106.0
2025-06-20 10:33:23.772230,894.0,576749.0,429106.0
2025-06-20 10:33:25.755393,894.5,576749.0,429106.0
2025-06-20 10:33:27.696242,894.5,576749.0,429106.0
2025-06-20 10:33:29.714563,894.0,576749.0,429106.0
2025-06-20 10:33:29.779852,894.0,575454.0,428662.0
2025-06-20 10:33:31.699627,894.5,575454.0,428662.0
2025-06-20 10:33:33.718633,894.5,575454.0,428662.0
2025-06-20 10:33:35.865357,894.5,575454.0,428662.0
2025-06-20 10:33:35.910485,894.5,574609.0,427387.0
2025-06-20 10:33:37.699684,894.0,574609.0,427387.0
2025-06-20 10:33:41.690928,894.0,574609.0,427387.0
2025-06-20 10:33:41.783467,894.0,574146.0,426928.0
2025-06-20 10:33:43.652918,894.0,574146.0,426928.0
2025-06-20 10:33:43.723267,894.0,574146.0,426928.0
2025-06-20 10:33:44.039753,894.0,574146.0,426928.0
2025-06-20 10:33:45.029140,894.0,574146.0,426928.0
2025-06-20 10:33:46.413551,894.0,574146.0,426928.0
2025-06-20 10:33:47.511648,894.0,574146.0,426928.0
2025-06-20 10:33:47.586264,894.0,574589.0,426827.0
2025-06-20 10:33:47.688441,894.0,574589.0,426827.0
2025-06-20 10:33:47.829441,894.0,574589.0,426827.0
2025-06-20 10:33:48.800312,894.0,574589.0,426827.0
2025-06-20 10:33:49.694810,894.0,574589.0,426827.0
2025-06-20 10:33:50.144492,894.0,574589.0,426827.0
2025-06-20 10:33:51.354675,894.0,574589.0,426827.0
2025-06-20 10:33:52.675571,894.0,574589.0,426827.0
2025-06-20 10:33:52.714975,894.0,574589.0,426827.0
2025-06-20 10:33:53.502486,894.0,571535.0,428114.0
2025-06-20 10:33:53.996830,894.0,571535.0,428114.0
2025-06-20 10:33:55.201693,894.0,571535.0,428114.0
2025-06-20 10:33:55.693720,894.0,571535.0,428114.0
2025-06-20 10:33:56.828928,894.0,571535.0,428114.0
2025-06-20 10:33:58.697838,894.0,571535.0,428114.0
2025-06-20 10:33:59.505556,893.5,570142.0,428246.0
2025-06-20 10:34:01.697986,894.0,570142.0,428246.0
2025-06-20 10:34:04.700803,894.0,570142.0,428246.0
2025-06-20 10:34:04.919578,894.0,571129.0,430703.0
2025-06-20 10:34:08.695499,894.0,571129.0,430703.0
2025-06-20 10:34:11.006595,894.0,572362.0,436813.0
2025-06-20 10:34:11.718019,893.0,572362.0,436813.0
2025-06-20 10:34:13.697520,894.0,572362.0,436813.0
2025-06-20 10:34:16.748282,894.0,572362.0,436813.0
2025-06-20 10:34:16.958194,894.0,573406.0,437033.0
2025-06-20 10:34:19.695214,894.0,573406.0,437033.0
2025-06-20 10:34:22.612861,894.0,573533.0,435234.0
2025-06-20 10:34:23.740050,893.5,573533.0,435234.0
2025-06-20 10:34:25.728139,894.0,573533.0,435234.0
2025-06-20 10:34:28.110642,894.0,573863.0,434550.0
2025-06-20 10:34:28.721532,893.5,573863.0,434550.0
2025-06-20 10:34:32.695268,894.0,573863.0,434550.0
2025-06-20 10:34:34.706347,894.0,573863.0,434550.0
2025-06-20 10:34:38.740720,894.0,573863.0,434550.0
2025-06-20 10:34:39.522588,893.5,573553.0,435195.0
2025-06-20 10:34:40.738564,893.5,573553.0,435195.0
2025-06-20 10:34:44.080529,894.0,573553.0,435195.0
2025-06-20 10:34:45.421224,893.5,570972.0,436398.0
2025-06-20 10:34:46.726011,893.0,570972.0,436398.0
2025-06-20 10:34:49.752819,894.0,570972.0,436398.0
2025-06-20 10:34:50.760668,894.0,572334.0,426600.0
2025-06-20 10:34:53.744164,894.0,572334.0,426600.0
2025-06-20 10:34:55.753692,894.0,572334.0,426600.0
2025-06-20 10:34:56.237713,894.0,573180.0,428037.0
2025-06-20 10:34:57.738595,894.0,573180.0,428037.0
2025-06-20 10:34:59.707231,893.5,573180.0,428037.0
2025-06-20 10:35:01.627587,894.0,575391.0,427280.0
2025-06-20 10:35:01.694834,893.5,575391.0,427280.0
2025-06-20 10:35:05.705505,894.0,575391.0,427280.0
2025-06-20 10:35:07.142992,894.0,570568.0,428295.0
2025-06-20 10:35:07.702815,893.5,570568.0,428295.0
2025-06-20 10:35:10.705178,893.5,570568.0,428295.0
2025-06-20 10:35:12.786493,894.0,574426.0,427609.0
2025-06-20 10:35:14.700664,894.0,574426.0,427609.0
2025-06-20 10:35:17.004466,893.5,574426.0,427609.0
2025-06-20 10:35:19.381745,894.0,572344.0,427706.0
2025-06-20 10:35:20.699377,894.0,572344.0,427706.0
2025-06-20 10:35:22.805775,894.0,572344.0,427706.0
2025-06-20 10:35:24.553400,893.5,572505.0,426144.0
2025-06-20 10:35:24.701384,894.0,572505.0,426144.0
2025-06-20 10:35:26.705172,893.5,572505.0,426144.0
2025-06-20 10:35:28.707649,894.0,572505.0,426144.0
2025-06-20 10:35:30.357008,894.0,571066.0,427379.0
2025-06-20 10:35:30.707930,894.0,571066.0,427379.0
2025-06-20 10:35:32.705466,894.5,571066.0,427379.0
2025-06-20 10:35:34.728260,894.0,571066.0,427379.0
2025-06-20 10:35:36.363061,894.0,572142.0,426417.0
2025-06-20 10:35:36.704337,893.5,572142.0,426417.0
2025-06-20 10:35:38.707675,893.5,572142.0,426417.0
2025-06-20 10:35:40.705782,893.5,572142.0,426417.0
2025-06-20 10:35:42.165275,894.0,569246.0,427794.0
2025-06-20 10:35:42.699879,893.5,569246.0,427794.0
2025-06-20 10:35:44.713560,893.5,569246.0,427794.0
2025-06-20 10:35:46.695809,894.0,569246.0,427794.0
2025-06-20 10:35:47.978137,894.0,570806.0,429217.0
2025-06-20 10:35:48.698501,893.5,570806.0,429217.0
2025-06-20 10:35:50.703254,894.0,570806.0,429217.0
2025-06-20 10:35:52.753989,894.0,570806.0,429217.0
2025-06-20 10:35:53.997510,894.0,570515.0,428808.0
2025-06-20 10:35:54.708114,894.0,570515.0,428808.0
2025-06-20 10:35:56.701026,894.0,570515.0,428808.0
2025-06-20 10:35:58.699875,893.5,570515.0,428808.0
2025-06-20 10:35:59.676984,894.0,570312.0,429351.0
2025-06-20 10:36:00.695942,893.5,570312.0,429351.0
2025-06-20 10:36:01.172562,894.0,570101.0,428961.0
2025-06-20 10:36:01.707976,893.5,570101.0,428961.0
2025-06-20 10:36:02.282836,893.5,570116.0,429185.0
2025-06-20 10:36:03.271454,893.5,570163.0,429191.0
2025-06-20 10:36:03.701799,893.5,570163.0,429191.0
2025-06-20 10:36:04.175102,893.5,571585.0,429475.0
2025-06-20 10:36:04.700953,894.0,571585.0,429475.0
2025-06-20 10:36:05.698576,893.5,571585.0,429475.0
2025-06-20 10:36:05.885212,893.5,572380.0,429793.0
2025-06-20 10:36:06.699528,893.5,572380.0,429793.0
2025-06-20 10:36:07.107189,893.5,572075.0,429849.0
2025-06-20 10:36:07.712588,893.5,572075.0,429849.0
2025-06-20 10:36:07.997071,893.5,571357.0,429871.0
2025-06-20 10:36:08.729696,893.0,571357.0,429871.0
2025-06-20 10:36:08.996862,893.0,567896.0,430627.0
2025-06-20 10:36:09.750866,893.5,567896.0,430627.0
2025-06-20 10:36:10.110613,893.5,567820.0,430451.0
2025-06-20 10:36:10.697885,893.0,567820.0,430451.0
2025-06-20 10:36:10.986251,893.0,567722.0,431701.0
2025-06-20 10:36:11.702353,893.0,567722.0,431701.0
2025-06-20 10:36:12.063422,893.0,568896.0,431017.0
2025-06-20 10:36:12.693892,893.5,568896.0,431017.0
2025-06-20 10:36:12.984823,893.5,569401.0,431012.0
2025-06-20 10:36:13.708449,893.5,569401.0,431012.0
2025-06-20 10:36:14.075354,893.5,568813.0,431091.0
2025-06-20 10:36:14.713209,893.0,568813.0,431091.0
2025-06-20 10:36:15.176377,893.5,568829.0,430943.0
2025-06-20 10:36:15.696162,893.5,568829.0,430943.0
2025-06-20 10:36:16.277439,893.5,568422.0,431077.0
2025-06-20 10:36:16.700586,893.5,568422.0,431077.0
2025-06-20 10:36:17.377898,893.5,567768.0,430367.0
2025-06-20 10:36:17.708168,893.5,567768.0,430367.0
2025-06-20 10:36:18.379904,893.5,567184.0,430661.0
2025-06-20 10:36:19.490341,893.5,567142.0,430749.0
2025-06-20 10:36:20.578067,893.5,566973.0,430743.0
2025-06-20 10:36:20.703880,893.5,566973.0,430743.0
2025-06-20 10:36:21.679755,893.5,567078.0,430793.0
2025-06-20 10:36:21.699304,893.5,567078.0,430793.0
2025-06-20 10:36:22.707019,893.0,567078.0,430793.0
2025-06-20 10:36:22.781053,893.0,568429.0,430659.0
2025-06-20 10:36:23.707506,893.5,568429.0,430659.0
2025-06-20 10:36:23.881107,893.5,566746.0,431415.0
2025-06-20 10:36:24.715229,893.0,566746.0,431415.0
2025-06-20 10:36:24.781619,893.0,567106.0,431878.0
2025-06-20 10:36:25.704076,893.0,567106.0,431878.0
2025-06-20 10:36:25.881931,893.0,567151.0,436739.0
2025-06-20 10:36:27.009557,893.0,567272.0,436725.0
2025-06-20 10:36:27.699464,893.0,567272.0,436725.0
2025-06-20 10:36:28.084643,893.0,567396.0,436967.0
2025-06-20 10:36:28.697310,893.5,567396.0,436967.0
2025-06-20 10:36:29.188584,893.5,567625.0,436709.0
2025-06-20 10:36:29.695428,893.5,567625.0,436709.0
2025-06-20 10:36:30.287544,893.5,567560.0,436696.0
2025-06-20 10:36:30.705424,893.0,567560.0,436696.0
2025-06-20 10:36:31.286803,893.5,566670.0,436613.0
2025-06-20 10:36:31.741301,893.5,566670.0,436613.0
2025-06-20 10:36:32.288276,893.5,568384.0,436634.0
2025-06-20 10:36:32.701301,893.5,568384.0,436634.0
2025-06-20 10:36:33.286003,893.5,568005.0,436657.0
2025-06-20 10:36:34.288164,893.5,568474.0,436559.0
2025-06-20 10:36:34.705420,893.5,568474.0,436559.0
2025-06-20 10:36:35.287594,893.0,567913.0,436700.0
2025-06-20 10:36:35.707295,893.0,567913.0,436700.0
2025-06-20 10:36:36.291804,893.5,568062.0,436492.0
2025-06-20 10:36:36.700326,893.5,568062.0,436492.0
2025-06-20 10:36:37.189650,893.5,568108.0,436581.0
2025-06-20 10:36:37.714716,893.0,568108.0,436581.0
2025-06-20 10:36:38.193643,893.5,567826.0,436912.0
2025-06-20 10:36:38.698206,893.0,567826.0,436912.0
2025-06-20 10:36:39.093043,893.0,568711.0,436854.0
2025-06-20 10:36:39.703159,893.0,568711.0,436854.0
2025-06-20 10:36:40.092916,893.0,569948.0,436846.0
2025-06-20 10:36:40.705990,893.0,569948.0,436846.0
2025-06-20 10:36:41.094041,893.5,569712.0,437159.0
2025-06-20 10:36:41.713601,893.5,569712.0,437159.0
2025-06-20 10:36:42.596374,893.0,569876.0,436690.0
2025-06-20 10:36:42.718030,893.0,569876.0,436690.0
2025-06-20 10:36:43.693758,893.0,569868.0,436581.0
2025-06-20 10:36:43.699449,893.0,569868.0,436581.0
2025-06-20 10:36:44.140538,893.0,569868.0,436581.0
2025-06-20 10:36:44.693029,893.5,570062.0,436471.0
2025-06-20 10:36:44.704073,893.5,570062.0,436471.0
2025-06-20 10:36:44.845666,893.5,570062.0,436471.0
2025-06-20 10:36:45.235528,893.5,570062.0,436471.0
2025-06-20 10:36:45.699975,893.5,576177.0,436469.0
2025-06-20 10:36:45.700907,893.5,576177.0,436469.0
2025-06-20 10:36:45.872679,893.5,576177.0,436469.0
2025-06-20 10:36:46.307125,893.5,576177.0,436469.0
2025-06-20 10:36:46.701733,893.0,576177.0,436469.0
2025-06-20 10:36:46.705602,893.0,573629.0,437273.0
2025-06-20 10:36:46.948522,893.0,573629.0,437273.0
2025-06-20 10:36:47.415347,893.0,573629.0,437273.0
2025-06-20 10:36:47.697625,893.5,573629.0,437273.0
2025-06-20 10:36:47.700994,893.5,573628.0,437270.0
2025-06-20 10:36:48.220870,893.5,573628.0,437270.0
2025-06-20 10:36:48.396133,893.5,573628.0,437270.0
2025-06-20 10:36:48.700573,893.5,573628.0,437270.0
2025-06-20 10:36:48.704797,893.5,573917.0,436795.0
2025-06-20 10:36:49.346999,893.5,573917.0,436795.0
2025-06-20 10:36:49.700834,893.5,573917.0,436795.0
2025-06-20 10:36:49.713837,893.5,573849.0,436928.0
2025-06-20 10:36:50.695122,893.5,573849.0,436928.0
2025-06-20 10:36:50.724446,893.5,573849.0,436928.0
2025-06-20 10:36:50.797266,893.5,573830.0,436855.0
2025-06-20 10:36:51.671324,893.5,573830.0,436855.0
2025-06-20 10:36:51.698603,893.5,573830.0,436855.0
2025-06-20 10:36:51.801681,893.5,573922.0,436775.0
2025-06-20 10:36:52.699279,893.5,573922.0,436775.0
2025-06-20 10:36:52.801438,893.5,573823.0,436862.0
2025-06-20 10:36:53.230065,893.5,573823.0,436862.0
2025-06-20 10:36:53.704502,893.5,573823.0,436862.0
2025-06-20 10:36:53.900993,893.5,573894.0,436754.0
2025-06-20 10:36:54.516863,893.5,573894.0,436754.0
2025-06-20 10:36:54.702786,893.5,573894.0,436754.0
2025-06-20 10:36:54.802312,893.5,573904.0,436807.0
2025-06-20 10:36:55.703579,893.0,573904.0,436807.0
2025-06-20 10:36:55.752191,893.0,573904.0,436807.0
2025-06-20 10:36:55.902423,893.5,573987.0,436748.0
2025-06-20 10:36:56.698925,893.5,573987.0,436748.0
2025-06-20 10:36:56.917920,893.5,573965.0,436772.0
2025-06-20 10:36:57.377038,893.5,573965.0,436772.0
2025-06-20 10:36:57.703556,893.5,573965.0,436772.0
2025-06-20 10:36:58.504472,893.5,573852.0,439424.0
2025-06-20 10:36:58.701552,893.5,573852.0,439424.0
2025-06-20 10:36:59.440533,893.0,574298.0,439403.0
2025-06-20 10:36:59.706732,893.0,574298.0,439403.0
2025-06-20 10:37:01.708163,893.5,574298.0,439403.0
2025-06-20 10:37:03.711859,893.5,574298.0,439403.0
2025-06-20 10:37:04.213680,893.5,575719.0,439135.0
2025-06-20 10:37:05.708392,893.0,575719.0,439135.0
2025-06-20 10:37:07.713364,893.5,575719.0,439135.0
2025-06-20 10:37:09.710933,893.5,575719.0,439135.0
2025-06-20 10:37:10.312548,893.5,574135.0,439418.0
2025-06-20 10:37:11.721827,892.5,574135.0,439418.0
2025-06-20 10:37:13.708610,893.0,574135.0,439418.0
2025-06-20 10:37:15.711315,893.5,574135.0,439418.0
2025-06-20 10:37:16.051875,893.5,570741.0,444661.0
2025-06-20 10:37:17.706804,893.0,570741.0,444661.0
2025-06-20 10:37:21.618217,893.0,568750.0,443983.0
2025-06-20 10:37:21.707561,892.5,568750.0,443983.0
2025-06-20 10:37:23.713714,893.0,568750.0,443983.0
2025-06-20 10:37:26.710775,893.0,568750.0,443983.0
2025-06-20 10:37:27.322730,893.0,570440.0,443885.0
2025-06-20 10:37:29.720306,893.0,570440.0,443885.0
2025-06-20 10:37:32.828575,893.0,570384.0,444469.0
2025-06-20 10:37:33.704993,892.0,570384.0,444469.0
2025-06-20 10:37:35.713589,893.0,570384.0,444469.0
2025-06-20 10:37:38.335552,892.0,566483.0,438296.0
2025-06-20 10:37:38.710831,892.0,566483.0,438296.0
2025-06-20 10:37:42.711820,892.5,566483.0,438296.0
2025-06-20 10:37:44.135703,892.0,565449.0,440466.0
2025-06-20 10:37:44.713364,892.0,565449.0,440466.0
2025-06-20 10:37:48.709343,892.5,565449.0,440466.0
2025-06-20 10:37:49.789737,892.0,566810.0,440437.0
2025-06-20 10:37:50.712862,892.0,566810.0,440437.0
2025-06-20 10:37:53.715321,892.5,566810.0,440437.0
2025-06-20 10:37:55.344685,892.0,564474.0,440635.0
2025-06-20 10:37:56.716289,892.5,564474.0,440635.0
2025-06-20 10:37:59.715439,892.5,564474.0,440635.0
2025-06-20 10:38:00.980289,892.5,565857.0,440521.0
2025-06-20 10:38:02.715501,892.5,565857.0,440521.0
2025-06-20 10:38:05.713233,892.5,565857.0,440521.0
2025-06-20 10:38:06.655795,892.0,565116.0,441181.0
2025-06-20 10:38:08.710655,892.5,565116.0,441181.0
2025-06-20 10:38:10.709336,892.0,565116.0,441181.0
2025-06-20 10:38:12.357198,892.5,568331.0,440318.0
2025-06-20 10:38:12.712203,892.5,568331.0,440318.0
2025-06-20 10:38:14.714391,892.5,568331.0,440318.0
2025-06-20 10:38:16.714045,892.5,568331.0,440318.0
2025-06-20 10:38:17.860835,892.5,571299.0,437063.0
2025-06-20 10:38:18.713267,893.0,571299.0,437063.0
2025-06-20 10:38:20.716548,893.0,571299.0,437063.0
2025-06-20 10:38:22.716864,892.5,571299.0,437063.0
2025-06-20 10:38:23.488502,893.0,572445.0,437369.0
2025-06-20 10:38:24.706782,892.5,572445.0,437369.0
2025-06-20 10:38:26.712243,893.0,572445.0,437369.0
2025-06-20 10:38:28.712875,893.0,572445.0,437369.0
2025-06-20 10:38:29.015098,893.0,571036.0,437797.0
2025-06-20 10:38:30.711253,892.5,571036.0,437797.0
2025-06-20 10:38:32.710786,893.0,571036.0,437797.0
2025-06-20 10:38:34.713088,893.0,571036.0,437797.0
2025-06-20 10:38:36.706201,893.0,571036.0,437797.0
2025-06-20 10:38:38.711044,893.0,571036.0,437797.0
2025-06-20 10:38:40.081159,893.0,572249.0,438861.0
2025-06-20 10:38:40.775606,892.5,572249.0,438861.0
2025-06-20 10:38:44.790963,893.0,572249.0,438861.0
2025-06-20 10:38:45.884951,893.0,571850.0,438481.0
2025-06-20 10:38:46.718226,893.0,571850.0,438481.0
2025-06-20 10:38:48.710767,893.0,571850.0,438481.0
2025-06-20 10:38:50.723547,893.0,571850.0,438481.0
2025-06-20 10:38:51.388338,893.0,571969.0,439258.0
2025-06-20 10:38:52.710645,893.0,571969.0,439258.0
2025-06-20 10:38:54.764920,893.0,571969.0,439258.0
2025-06-20 10:38:56.788095,892.5,571969.0,439258.0
2025-06-20 10:38:56.849368,892.5,571675.0,439161.0
2025-06-20 10:38:58.713977,893.0,571675.0,439161.0
2025-06-20 10:39:00.710220,893.0,571675.0,439161.0
2025-06-20 10:39:02.303231,893.0,572013.0,442435.0
2025-06-20 10:39:02.735370,892.5,572013.0,442435.0
2025-06-20 10:39:04.715280,892.5,572013.0,442435.0
2025-06-20 10:39:06.722140,893.0,572013.0,442435.0
2025-06-20 10:39:08.201344,892.5,571814.0,442666.0
2025-06-20 10:39:08.716336,892.5,571814.0,442666.0
2025-06-20 10:39:10.716612,892.5,571814.0,442666.0
2025-06-20 10:39:12.719452,893.0,571814.0,442666.0
2025-06-20 10:39:13.806162,892.5,570978.0,442207.0
2025-06-20 10:39:14.726108,893.0,570978.0,442207.0
2025-06-20 10:39:16.718519,892.5,570978.0,442207.0
2025-06-20 10:39:18.712762,892.0,570978.0,442207.0
2025-06-20 10:39:19.230270,892.5,572674.0,443815.0
2025-06-20 10:39:20.717963,892.5,572674.0,443815.0
2025-06-20 10:39:22.712960,892.5,572674.0,443815.0
2025-06-20 10:39:24.714230,892.5,572674.0,443815.0
2025-06-20 10:39:24.817820,892.5,566416.0,439079.0
2025-06-20 10:39:26.712656,892.5,566416.0,439079.0
2025-06-20 10:39:28.768844,892.0,566416.0,439079.0
2025-06-20 10:39:30.620374,892.5,572657.0,439126.0
2025-06-20 10:39:30.718259,892.0,572657.0,439126.0
2025-06-20 10:39:32.713258,892.5,572657.0,439126.0
2025-06-20 10:39:34.713088,893.0,572657.0,439126.0
2025-06-20 10:39:36.716475,893.0,572657.0,439126.0
2025-06-20 10:39:36.827098,893.0,570945.0,438698.0
2025-06-20 10:39:38.718904,893.0,570945.0,438698.0
2025-06-20 10:39:40.720193,892.5,570945.0,438698.0
2025-06-20 10:39:42.744582,893.0,570945.0,438698.0
2025-06-20 10:39:42.942607,893.0,572564.0,442768.0
2025-06-20 10:39:44.650481,893.0,572564.0,442768.0
2025-06-20 10:39:44.715590,893.0,572564.0,442768.0
2025-06-20 10:39:45.039624,893.0,572564.0,442768.0
2025-06-20 10:39:46.067693,893.0,572564.0,442768.0
2025-06-20 10:39:46.797350,893.0,572564.0,442768.0
2025-06-20 10:39:46.944731,893.0,572564.0,442768.0
2025-06-20 10:39:47.458290,893.0,572564.0,442768.0
2025-06-20 10:39:48.454240,893.0,572564.0,442768.0
2025-06-20 10:39:48.766120,893.0,572564.0,442768.0
2025-06-20 10:39:48.867096,893.0,572564.0,442768.0
2025-06-20 10:39:49.036357,893.0,574606.0,442946.0
2025-06-20 10:39:49.822915,893.0,574606.0,442946.0
2025-06-20 10:39:50.797411,893.0,574606.0,442946.0
2025-06-20 10:39:51.254028,893.0,574606.0,442946.0
2025-06-20 10:39:52.155188,893.0,574606.0,442946.0
2025-06-20 10:39:52.723417,893.0,574606.0,442946.0
2025-06-20 10:39:53.836999,893.0,574606.0,442946.0
2025-06-20 10:39:54.731215,893.0,574606.0,442946.0
2025-06-20 10:39:54.839153,893.0,572406.0,442823.0
2025-06-20 10:39:55.042482,893.0,572406.0,442823.0
2025-06-20 10:39:56.253866,893.0,572406.0,442823.0
2025-06-20 10:39:56.717000,893.0,572406.0,442823.0
2025-06-20 10:39:57.881985,893.0,572406.0,442823.0
2025-06-20 10:39:58.731189,893.0,572406.0,442823.0
2025-06-20 10:40:00.717930,893.0,572406.0,442823.0
2025-06-20 10:40:02.728941,893.0,572406.0,442823.0
2025-06-20 10:40:04.768884,893.0,572406.0,442823.0
2025-06-20 10:40:06.754584,893.0,572406.0,442823.0
2025-06-20 10:40:06.765508,893.0,575215.0,440572.0
2025-06-20 10:40:08.733146,892.5,575215.0,440572.0
2025-06-20 10:40:10.723511,892.5,575215.0,440572.0
2025-06-20 10:40:12.731886,892.5,575215.0,440572.0
2025-06-20 10:40:12.755245,892.5,573944.0,443280.0
2025-06-20 10:40:15.736169,893.0,573944.0,443280.0
2025-06-20 10:40:18.737923,893.0,573944.0,443280.0
2025-06-20 10:40:18.766964,893.0,573465.0,443768.0
2025-06-20 10:40:21.731445,893.0,573465.0,443768.0
2025-06-20 10:40:24.663081,893.0,573950.0,443329.0
2025-06-20 10:40:25.724871,893.0,573950.0,443329.0
2025-06-20 10:40:30.391717,893.0,573966.0,443338.0
2025-06-20 10:40:31.739441,892.5,573966.0,443338.0
2025-06-20 10:40:33.751343,893.0,573966.0,443338.0
2025-06-20 10:40:35.757989,892.5,573966.0,443338.0
2025-06-20 10:40:35.781742,892.5,573778.0,442406.0
2025-06-20 10:40:37.726626,893.0,573778.0,442406.0
2025-06-20 10:40:39.739149,893.0,573778.0,442406.0
2025-06-20 10:40:41.373673,893.0,572913.0,442657.0
2025-06-20 10:40:41.733068,893.0,572913.0,442657.0
2025-06-20 10:40:43.729936,893.0,572913.0,442657.0
2025-06-20 10:40:45.733639,893.0,572913.0,442657.0
2025-06-20 10:40:46.993472,892.5,572979.0,442264.0
2025-06-20 10:40:47.741489,893.0,572979.0,442264.0
2025-06-20 10:40:49.727406,892.5,572979.0,442264.0
2025-06-20 10:40:51.726431,893.0,572979.0,442264.0
2025-06-20 10:40:52.883673,893.0,574066.0,442374.0
2025-06-20 10:40:55.736228,893.0,574066.0,442374.0
2025-06-20 10:40:58.592312,893.0,574936.0,438928.0
2025-06-20 10:40:58.738591,893.0,574936.0,438928.0
2025-06-20 10:41:00.734271,893.5,574936.0,438928.0
2025-06-20 10:41:04.535529,893.5,577834.0,431287.0
2025-06-20 10:41:04.729860,894.0,577834.0,431287.0
2025-06-20 10:41:08.729853,894.0,577834.0,431287.0
2025-06-20 10:41:10.807269,893.5,576885.0,431056.0
2025-06-20 10:41:11.736253,893.0,576885.0,431056.0
2025-06-20 10:41:13.733895,894.0,576885.0,431056.0
2025-06-20 10:41:16.736450,893.5,576885.0,431056.0
2025-06-20 10:41:16.915176,894.0,575454.0,430135.0
2025-06-20 10:41:19.754518,893.5,575454.0,430135.0
2025-06-20 10:41:22.611247,894.0,579684.0,429446.0
2025-06-20 10:41:23.727720,893.5,579684.0,429446.0
2025-06-20 10:41:25.731826,894.0,579684.0,429446.0
2025-06-20 10:41:28.588504,894.0,578812.0,429643.0
2025-06-20 10:41:28.747074,893.5,578812.0,429643.0
2025-06-20 10:41:32.739913,893.5,578812.0,429643.0
2025-06-20 10:41:34.721478,894.0,581608.0,430446.0
2025-06-20 10:41:36.734887,894.0,581608.0,430446.0
2025-06-20 10:41:40.755471,893.5,581608.0,430446.0
2025-06-20 10:41:41.387461,893.5,580749.0,431016.0
2025-06-20 10:41:43.729744,894.0,580749.0,431016.0
2025-06-20 10:41:45.741490,894.0,580749.0,431016.0
2025-06-20 10:41:47.125055,894.0,581585.0,430972.0
2025-06-20 10:41:47.739316,893.5,581585.0,430972.0
2025-06-20 10:41:49.793155,894.0,581585.0,430972.0
2025-06-20 10:41:51.763083,894.0,581585.0,430972.0
2025-06-20 10:41:52.545685,894.0,581845.0,429342.0
2025-06-20 10:41:53.760085,894.0,581845.0,429342.0
2025-06-20 10:41:55.757998,894.0,581845.0,429342.0
2025-06-20 10:41:57.761144,894.0,581845.0,429342.0
2025-06-20 10:41:57.762055,894.0,581463.0,434797.0
2025-06-20 10:41:59.739040,893.5,581463.0,434797.0
2025-06-20 10:42:01.441333,894.0,579988.0,435907.0
2025-06-20 10:42:01.751035,894.0,579988.0,435907.0
2025-06-20 10:42:02.445059,894.0,579608.0,435794.0
2025-06-20 10:42:02.754481,893.5,579608.0,435794.0
2025-06-20 10:42:03.558969,893.5,576082.0,435557.0
2025-06-20 10:42:03.794329,893.0,576082.0,435557.0
2025-06-20 10:42:04.643213,893.5,578826.0,435218.0
2025-06-20 10:42:04.735429,893.0,578826.0,435218.0
2025-06-20 10:42:05.734540,893.5,578826.0,435218.0
2025-06-20 10:42:05.746131,893.5,578165.0,435787.0
2025-06-20 10:42:06.727959,893.0,578165.0,435787.0
2025-06-20 10:42:06.837041,893.0,564770.0,437998.0
2025-06-20 10:42:07.737908,893.5,564770.0,437998.0
2025-06-20 10:42:07.940731,893.5,577896.0,437556.0
2025-06-20 10:42:08.729730,893.5,577896.0,437556.0
2025-06-20 10:42:09.045791,893.5,575030.0,434426.0
2025-06-20 10:42:09.729526,893.0,575030.0,434426.0
2025-06-20 10:42:10.086686,893.0,577564.0,435342.0
2025-06-20 10:42:10.770516,893.0,577564.0,435342.0
2025-06-20 10:42:11.139009,893.0,577871.0,436436.0
2025-06-20 10:42:11.734323,893.0,577871.0,436436.0
2025-06-20 10:42:12.240827,893.5,577925.0,436381.0
2025-06-20 10:42:12.746443,893.5,577925.0,436381.0
2025-06-20 10:42:13.343408,893.5,580026.0,434892.0
2025-06-20 10:42:13.735841,894.0,580026.0,434892.0
2025-06-20 10:42:14.699120,894.0,576370.0,433631.0
2025-06-20 10:42:14.741998,893.5,576370.0,433631.0
2025-06-20 10:42:15.553039,894.0,579060.0,432957.0
2025-06-20 10:42:15.734815,894.0,579060.0,432957.0
2025-06-20 10:42:16.644760,893.5,579132.0,434389.0
2025-06-20 10:42:16.739389,893.0,579132.0,434389.0
2025-06-20 10:42:17.732563,893.5,579132.0,434389.0
2025-06-20 10:42:17.840969,893.5,578488.0,432661.0
2025-06-20 10:42:18.735122,894.0,578488.0,432661.0
2025-06-20 10:42:18.841736,894.0,579026.0,431690.0
2025-06-20 10:42:19.737486,893.5,579026.0,431690.0
2025-06-20 10:42:19.952275,894.0,580135.0,431724.0
2025-06-20 10:42:20.729789,894.0,580135.0,431724.0
2025-06-20 10:42:20.947301,894.0,580156.0,431845.0
2025-06-20 10:42:21.730054,893.5,580156.0,431845.0
2025-06-20 10:42:22.053744,893.5,581664.0,432160.0
2025-06-20 10:42:22.734353,894.0,581664.0,432160.0
2025-06-20 10:42:23.149194,894.0,582078.0,430559.0
2025-06-20 10:42:23.727736,893.5,582078.0,430559.0
2025-06-20 10:42:24.147198,893.5,581974.0,430369.0
2025-06-20 10:42:24.728056,893.5,581974.0,430369.0
2025-06-20 10:42:25.309588,894.0,582039.0,430466.0
2025-06-20 10:42:25.729918,893.5,582039.0,430466.0
2025-06-20 10:42:26.409571,893.5,581794.0,430387.0
2025-06-20 10:42:26.737572,894.0,581794.0,430387.0
2025-06-20 10:42:27.347812,894.0,581817.0,434876.0
2025-06-20 10:42:27.743791,893.5,581817.0,434876.0
2025-06-20 10:42:28.347807,894.0,581437.0,435399.0
2025-06-20 10:42:28.732753,893.5,581437.0,435399.0
2025-06-20 10:42:29.460332,893.5,581038.0,435594.0
2025-06-20 10:42:29.741866,893.5,581038.0,435594.0
2025-06-20 10:42:30.558180,894.0,578435.0,435457.0
2025-06-20 10:42:30.995028,893.5,578435.0,435457.0
2025-06-20 10:42:31.649558,893.5,577849.0,436359.0
2025-06-20 10:42:31.780690,893.5,577849.0,436359.0
2025-06-20 10:42:32.559498,894.0,579642.0,435596.0
2025-06-20 10:42:32.770210,893.5,579642.0,435596.0
2025-06-20 10:42:33.568344,894.0,578679.0,436111.0
2025-06-20 10:42:33.775033,894.0,578679.0,436111.0
2025-06-20 10:42:34.649006,893.5,578665.0,436167.0
2025-06-20 10:42:34.750424,893.5,578665.0,436167.0
2025-06-20 10:42:35.771546,893.5,578665.0,436167.0
2025-06-20 10:42:35.780718,893.5,579453.0,438517.0
2025-06-20 10:42:36.741159,893.5,579453.0,438517.0
2025-06-20 10:42:36.761811,893.5,579667.0,438517.0
2025-06-20 10:42:37.777724,893.5,579667.0,438517.0
2025-06-20 10:42:37.854002,893.5,579910.0,436750.0
2025-06-20 10:42:38.786453,894.0,579910.0,436750.0
2025-06-20 10:42:38.853306,894.0,579321.0,434725.0
2025-06-20 10:42:39.794381,894.0,579321.0,434725.0
2025-06-20 10:42:39.854220,894.0,578603.0,435809.0
2025-06-20 10:42:40.774250,893.5,578603.0,435809.0
2025-06-20 10:42:41.012087,894.0,576836.0,436431.0
2025-06-20 10:42:41.980754,894.0,576836.0,436431.0
2025-06-20 10:42:42.059425,894.0,576539.0,436009.0
2025-06-20 10:42:42.783371,893.5,576539.0,436009.0
2025-06-20 10:42:43.136511,893.5,578020.0,436530.0
2025-06-20 10:42:43.770453,894.0,578020.0,436530.0
2025-06-20 10:42:44.475971,893.5,577205.0,436613.0
2025-06-20 10:42:44.804153,893.5,577205.0,436613.0
2025-06-20 10:42:45.034588,893.5,577205.0,436613.0
2025-06-20 10:42:45.480311,894.0,576839.0,436254.0
2025-06-20 10:42:45.726762,894.0,576839.0,436254.0
2025-06-20 10:42:45.757063,894.0,576839.0,436254.0
2025-06-20 10:42:46.165197,894.0,576839.0,436254.0
2025-06-20 10:42:46.697297,893.5,576733.0,436480.0
2025-06-20 10:42:46.784938,893.5,576733.0,436480.0
2025-06-20 10:42:46.802184,893.5,576733.0,436480.0
2025-06-20 10:42:47.395915,893.5,576733.0,436480.0
2025-06-20 10:42:47.657737,893.5,576499.0,436478.0
2025-06-20 10:42:47.798448,893.5,576499.0,436478.0
2025-06-20 10:42:48.070417,893.5,576499.0,436478.0
2025-06-20 10:42:48.755405,894.0,576499.0,436478.0
2025-06-20 10:42:48.770847,894.0,576497.0,436461.0
2025-06-20 10:42:49.094122,894.0,576497.0,436461.0
2025-06-20 10:42:49.861164,894.0,577013.0,436103.0
2025-06-20 10:42:50.482403,894.0,577013.0,436103.0
2025-06-20 10:42:50.807242,894.0,577013.0,436103.0
2025-06-20 10:42:50.957865,894.0,578324.0,435563.0
2025-06-20 10:42:51.758606,893.5,578324.0,435563.0
2025-06-20 10:42:51.839883,893.5,578324.0,435563.0
2025-06-20 10:42:51.972995,893.5,579925.0,437915.0
2025-06-20 10:42:52.799428,893.0,579925.0,437915.0
2025-06-20 10:42:52.865486,893.0,579925.0,437915.0
2025-06-20 10:42:52.962795,894.0,580127.0,434881.0
2025-06-20 10:42:53.782505,893.5,580127.0,434881.0
2025-06-20 10:42:54.159003,893.5,582625.0,433949.0
2025-06-20 10:42:54.390423,893.5,582625.0,433949.0
2025-06-20 10:42:54.733074,893.5,582625.0,433949.0
2025-06-20 10:42:55.260488,893.5,582320.0,434007.0
2025-06-20 10:42:55.664724,893.5,582320.0,434007.0
2025-06-20 10:42:55.737782,893.5,582320.0,434007.0
2025-06-20 10:42:56.258839,894.0,583488.0,433203.0
2025-06-20 10:42:56.732714,893.5,583488.0,433203.0
2025-06-20 10:42:56.895054,893.5,583488.0,433203.0
2025-06-20 10:42:57.360571,894.0,583255.0,433355.0
2025-06-20 10:42:57.743847,893.5,583255.0,433355.0
2025-06-20 10:42:58.465605,894.0,583279.0,433358.0
2025-06-20 10:42:58.591078,894.0,583279.0,433358.0
2025-06-20 10:42:58.739659,893.5,583279.0,433358.0
2025-06-20 10:43:01.175808,894.0,583634.0,433047.0
2025-06-20 10:43:01.213573,893.5,583634.0,433047.0
2025-06-20 10:43:01.249432,893.5,583634.0,433047.0
2025-06-20 10:43:02.753249,894.0,583634.0,433047.0
2025-06-20 10:43:04.734633,894.0,583634.0,433047.0
2025-06-20 10:43:05.498657,894.0,584232.0,434025.0
