timestamp,ltp,bid_qty,ask_qty
2025-06-20 10:10:48.251910,1902.3,4365032.0,367861.0
2025-06-20 10:10:48.590273,1902.8,4365032.0,367861.0
2025-06-20 10:10:49.264291,1902.8,4364787.0,367174.0
2025-06-20 10:10:49.588989,1902.8,4364787.0,367174.0
2025-06-20 10:10:50.165794,1902.9,4365296.0,366716.0
2025-06-20 10:10:50.585267,1902.9,4365296.0,366716.0
2025-06-20 10:10:51.170702,1902.8,4365331.0,367472.0
2025-06-20 10:10:51.592252,1902.9,4365331.0,367472.0
2025-06-20 10:10:52.166556,1902.9,4364832.0,365889.0
2025-06-20 10:10:52.588603,1902.9,4364832.0,365889.0
2025-06-20 10:10:53.263354,1902.9,4364752.0,366631.0
2025-06-20 10:10:53.584447,1902.9,4364752.0,366631.0
2025-06-20 10:10:54.263888,1902.8,4365347.0,366097.0
2025-06-20 10:10:54.588851,1902.8,4365347.0,366097.0
2025-06-20 10:10:55.263463,1902.8,4364887.0,367525.0
2025-06-20 10:10:55.586104,1902.4,4364887.0,367525.0
2025-06-20 10:10:56.592086,1902.8,4364887.0,367525.0
2025-06-20 10:10:56.873299,1902.8,4366333.0,364613.0
2025-06-20 10:10:57.586841,1902.4,4366333.0,364613.0
2025-06-20 10:10:57.876009,1902.9,4365163.0,366279.0
2025-06-20 10:10:58.608326,1902.3,4365163.0,366279.0
2025-06-20 10:10:58.966048,1902.3,4364485.0,366999.0
2025-06-20 10:10:59.592573,1902.5,4364485.0,366999.0
2025-06-20 10:11:00.065935,1902.5,4365223.0,367712.0
2025-06-20 10:11:00.655982,1902.4,4365223.0,367712.0
2025-06-20 10:11:01.599556,1902.4,4365223.0,367712.0
2025-06-20 10:11:01.772439,1902.5,4366316.0,363500.0
2025-06-20 10:11:02.588810,1902.5,4366316.0,363500.0
2025-06-20 10:11:02.772079,1902.5,4365423.0,365860.0
2025-06-20 10:11:03.593362,1902.6,4365423.0,365860.0
2025-06-20 10:11:03.877019,1902.5,4366271.0,365275.0
2025-06-20 10:11:04.589981,1902.5,4366271.0,365275.0
2025-06-20 10:11:04.972047,1902.6,4368607.0,364325.0
2025-06-20 10:11:05.590114,1902.6,4368607.0,364325.0
2025-06-20 10:11:06.071317,1902.6,4368054.0,364017.0
2025-06-20 10:11:06.596601,1902.6,4368054.0,364017.0
2025-06-20 10:11:07.174201,1902.8,4367238.0,364330.0
2025-06-20 10:11:07.599546,1903.0,4367238.0,364330.0
2025-06-20 10:11:08.274211,1902.6,4367272.0,364450.0
2025-06-20 10:11:08.598176,1902.6,4367272.0,364450.0
2025-06-20 10:11:09.273388,1903.0,4367732.0,365147.0
2025-06-20 10:11:09.620325,1903.0,4367732.0,365147.0
2025-06-20 10:11:10.374477,1903.0,4367830.0,365236.0
2025-06-20 10:11:10.640529,1903.0,4367830.0,365236.0
2025-06-20 10:11:11.474711,1902.5,4367665.0,365915.0
2025-06-20 10:11:11.596250,1902.5,4367665.0,365915.0
2025-06-20 10:11:12.591894,1902.5,4368517.0,365934.0
2025-06-20 10:11:13.612124,1902.6,4368517.0,365934.0
2025-06-20 10:11:13.709587,1903.0,4369131.0,364662.0
2025-06-20 10:11:14.592903,1903.0,4369131.0,364662.0
2025-06-20 10:11:14.683964,1903.0,4369205.0,364525.0
2025-06-20 10:11:15.598101,1903.0,4369205.0,364525.0
2025-06-20 10:11:15.777977,1902.8,4368223.0,364558.0
2025-06-20 10:11:16.648965,1903.0,4368223.0,364558.0
2025-06-20 10:11:16.777868,1902.6,4368661.0,364883.0
2025-06-20 10:11:17.601944,1902.6,4368661.0,364883.0
2025-06-20 10:11:17.777812,1902.6,4368777.0,364869.0
2025-06-20 10:11:19.259262,1903.0,4368777.0,364869.0
2025-06-20 10:11:19.311096,1903.1,4368874.0,358635.0
2025-06-20 10:11:19.627293,1903.2,4368874.0,358635.0
2025-06-20 10:11:19.884548,1903.0,4369593.0,359593.0
2025-06-20 10:11:20.589395,1903.2,4369593.0,359593.0
2025-06-20 10:11:20.777770,1903.2,4368195.0,359910.0
2025-06-20 10:11:21.643991,1903.2,4368195.0,359910.0
2025-06-20 10:11:21.781682,1903.2,4369400.0,360356.0
2025-06-20 10:11:22.599370,1902.1,4369400.0,360356.0
2025-06-20 10:11:22.780762,1902.1,4363266.0,364036.0
2025-06-20 10:11:23.700417,1902.1,4363266.0,364036.0
2025-06-20 10:11:23.891242,1902.1,4365621.0,362384.0
2025-06-20 10:11:24.639390,1903.1,4365621.0,362384.0
2025-06-20 10:11:25.106231,1903.1,4365202.0,362916.0
2025-06-20 10:11:26.250673,1903.1,4365202.0,362916.0
2025-06-20 10:11:26.285698,1902.8,4365801.0,364409.0
2025-06-20 10:11:26.847778,1902.8,4365801.0,364409.0
2025-06-20 10:11:27.186616,1902.8,4366188.0,364962.0
2025-06-20 10:11:27.651085,1903.1,4366188.0,364962.0
2025-06-20 10:11:28.293055,1903.1,4366855.0,363792.0
2025-06-20 10:11:28.869987,1903.2,4366855.0,363792.0
2025-06-20 10:11:29.497001,1902.8,4367284.0,363680.0
2025-06-20 10:11:29.594685,1902.8,4367284.0,363680.0
2025-06-20 10:11:30.611805,1902.8,4367284.0,363680.0
2025-06-20 10:11:30.866718,1902.8,4366091.0,364533.0
2025-06-20 10:11:31.588624,1903.0,4366091.0,364533.0
2025-06-20 10:11:31.687919,1903.0,4365905.0,364685.0
2025-06-20 10:11:32.594795,1903.3,4365905.0,364685.0
2025-06-20 10:11:32.794744,1903.3,4366778.0,364537.0
2025-06-20 10:11:33.590396,1903.0,4366778.0,364537.0
2025-06-20 10:11:33.923324,1903.0,4367874.0,365302.0
2025-06-20 10:11:34.595502,1903.3,4367874.0,365302.0
2025-06-20 10:11:34.990278,1903.3,4366976.0,364838.0
2025-06-20 10:11:36.094094,1903.2,4367074.0,365439.0
2025-06-20 10:11:36.590239,1903.2,4367074.0,365439.0
2025-06-20 10:11:37.093057,1903.2,4367288.0,365341.0
2025-06-20 10:11:38.191778,1903.0,4367278.0,365259.0
2025-06-20 10:11:38.586851,1903.3,4367278.0,365259.0
2025-06-20 10:11:39.308161,1903.3,4368044.0,364789.0
2025-06-20 10:11:40.406843,1903.3,4367947.0,364945.0
2025-06-20 10:11:40.590777,1903.0,4367947.0,364945.0
2025-06-20 10:11:41.497153,1903.0,4367703.0,362891.0
2025-06-20 10:11:41.586987,1903.0,4367703.0,362891.0
2025-06-20 10:11:42.505891,1903.0,4367662.0,363843.0
2025-06-20 10:11:43.616258,1903.0,4367669.0,363844.0
2025-06-20 10:11:44.589692,1903.2,4367669.0,363844.0
2025-06-20 10:11:44.613455,1903.2,4367046.0,363216.0
2025-06-20 10:11:45.594365,1903.2,4367046.0,363216.0
2025-06-20 10:11:45.699706,1903.2,4368103.0,363739.0
2025-06-20 10:11:46.587843,1903.3,4368103.0,363739.0
2025-06-20 10:11:46.913271,1903.3,4367763.0,363530.0
2025-06-20 10:11:47.591458,1903.3,4367763.0,363530.0
2025-06-20 10:11:48.590331,1903.2,4367763.0,363530.0
2025-06-20 10:11:48.637104,1903.2,4369978.0,363982.0
2025-06-20 10:11:49.593185,1903.2,4369978.0,363982.0
2025-06-20 10:11:49.707654,1903.1,4370627.0,364518.0
2025-06-20 10:11:50.591493,1903.0,4370627.0,364518.0
2025-06-20 10:11:51.033313,1903.0,4370865.0,364550.0
2025-06-20 10:11:52.115806,1903.0,4371176.0,365564.0
2025-06-20 10:11:52.590349,1903.0,4371176.0,365564.0
2025-06-20 10:11:53.035837,1903.0,4370856.0,366164.0
2025-06-20 10:11:53.608071,1902.9,4370856.0,366164.0
2025-06-20 10:11:54.101688,1902.7,4371035.0,364473.0
2025-06-20 10:11:54.591437,1903.0,4371035.0,364473.0
2025-06-20 10:11:55.102723,1903.0,4368929.0,364469.0
2025-06-20 10:11:55.591340,1903.0,4368929.0,364469.0
2025-06-20 10:11:56.203877,1903.0,4370662.0,363615.0
2025-06-20 10:11:56.588963,1902.8,4370662.0,363615.0
2025-06-20 10:11:57.318600,1903.0,4370188.0,361383.0
2025-06-20 10:11:57.598045,1903.0,4370188.0,361383.0
2025-06-20 10:11:58.416936,1903.0,4370435.0,363637.0
2025-06-20 10:11:58.593106,1902.8,4370435.0,363637.0
2025-06-20 10:11:59.507701,1902.8,4370488.0,362847.0
2025-06-20 10:11:59.594940,1902.8,4370488.0,362847.0
2025-06-20 10:12:01.108076,1902.9,4351933.0,364106.0
2025-06-20 10:12:01.601599,1902.9,4351933.0,364106.0
2025-06-20 10:12:02.210030,1902.9,4351847.0,364237.0
2025-06-20 10:12:02.595817,1902.9,4351847.0,364237.0
2025-06-20 10:12:03.431422,1902.9,4351913.0,363707.0
2025-06-20 10:12:04.422245,1903.0,4350156.0,362748.0
2025-06-20 10:12:04.602512,1902.9,4350156.0,362748.0
2025-06-20 10:12:05.512801,1903.0,4351015.0,364276.0
2025-06-20 10:12:05.599275,1903.2,4351015.0,364276.0
2025-06-20 10:12:06.597287,1903.2,4351015.0,364276.0
2025-06-20 10:12:06.622175,1903.2,4352950.0,360684.0
2025-06-20 10:12:07.593691,1903.6,4352950.0,360684.0
2025-06-20 10:12:08.209990,1903.6,4354004.0,359143.0
2025-06-20 10:12:09.211853,1903.6,4354595.0,361159.0
2025-06-20 10:12:10.212065,1903.6,4354966.0,361909.0
2025-06-20 10:12:10.600298,1903.7,4354966.0,361909.0
2025-06-20 10:12:11.213446,1903.7,4354972.0,362736.0
2025-06-20 10:12:11.597587,1903.3,4354972.0,362736.0
2025-06-20 10:12:12.213066,1903.3,4354753.0,361517.0
2025-06-20 10:12:12.597015,1903.9,4354753.0,361517.0
2025-06-20 10:12:13.218673,1903.9,4355318.0,361884.0
2025-06-20 10:12:13.594242,1903.5,4355318.0,361884.0
2025-06-20 10:12:14.428798,1903.4,4354222.0,362879.0
2025-06-20 10:12:14.622934,1903.4,4354222.0,362879.0
2025-06-20 10:12:15.436795,1903.4,4354340.0,363732.0
2025-06-20 10:12:16.517797,1903.9,4354230.0,361599.0
2025-06-20 10:12:16.597833,1903.9,4354230.0,361599.0
2025-06-20 10:12:17.605817,1904.0,4354230.0,361599.0
2025-06-20 10:12:17.630405,1904.0,4355416.0,360787.0
2025-06-20 10:12:18.602302,1904.0,4355416.0,360787.0
2025-06-20 10:12:18.630904,1904.0,4354644.0,359785.0
2025-06-20 10:12:19.592796,1904.1,4354644.0,359785.0
2025-06-20 10:12:19.627632,1904.1,4355040.0,359449.0
2025-06-20 10:12:20.598042,1904.3,4355040.0,359449.0
2025-06-20 10:12:20.729033,1904.3,4354962.0,359325.0
2025-06-20 10:12:21.594636,1904.1,4354962.0,359325.0
2025-06-20 10:12:21.747791,1904.1,4355450.0,358266.0
2025-06-20 10:12:22.595857,1904.4,4355450.0,358266.0
2025-06-20 10:12:22.738351,1904.4,4356179.0,359168.0
2025-06-20 10:12:23.593076,1904.5,4356179.0,359168.0
2025-06-20 10:12:23.735303,1904.3,4356256.0,357572.0
2025-06-20 10:12:24.599254,1904.1,4356256.0,357572.0
2025-06-20 10:12:24.724023,1904.5,4355957.0,358808.0
2025-06-20 10:12:25.602183,1904.8,4355957.0,358808.0
2025-06-20 10:12:25.835778,1904.8,4353288.0,359100.0
2025-06-20 10:12:26.606944,1904.8,4353288.0,359100.0
2025-06-20 10:12:27.058004,1904.7,4353488.0,358136.0
2025-06-20 10:12:27.595718,1904.9,4353488.0,358136.0
2025-06-20 10:12:27.945331,1904.9,4352867.0,357059.0
2025-06-20 10:12:28.594267,1904.7,4352867.0,357059.0
2025-06-20 10:12:28.944097,1904.7,4353705.0,355498.0
2025-06-20 10:12:30.031003,1904.9,4353587.0,358956.0
2025-06-20 10:12:30.599457,1904.9,4353587.0,358956.0
2025-06-20 10:12:31.128481,1904.9,4354439.0,358044.0
2025-06-20 10:12:31.598082,1904.9,4354439.0,358044.0
2025-06-20 10:12:32.137526,1904.5,4354465.0,357768.0
2025-06-20 10:12:32.606577,1904.5,4354465.0,357768.0
2025-06-20 10:12:33.232859,1904.5,4354239.0,358333.0
2025-06-20 10:12:33.595719,1905.0,4354239.0,358333.0
2025-06-20 10:12:34.363461,1905.0,4355436.0,359949.0
2025-06-20 10:12:34.597077,1905.0,4355436.0,359949.0
2025-06-20 10:12:35.442815,1904.9,4353599.0,360435.0
2025-06-20 10:12:35.598027,1904.9,4353599.0,360435.0
2025-06-20 10:12:36.534154,1905.0,4353756.0,360343.0
2025-06-20 10:12:36.603532,1905.0,4353756.0,360343.0
2025-06-20 10:12:37.602708,1904.9,4353756.0,360343.0
2025-06-20 10:12:37.644736,1904.9,4353971.0,360074.0
2025-06-20 10:12:38.600479,1905.0,4353971.0,360074.0
2025-06-20 10:12:38.643029,1905.0,4356871.0,359469.0
2025-06-20 10:12:39.596086,1905.0,4356871.0,359469.0
2025-06-20 10:12:39.740642,1905.0,4356883.0,360076.0
2025-06-20 10:12:40.521482,1905.0,4356883.0,360076.0
2025-06-20 10:12:40.597173,1905.0,4356883.0,360076.0
2025-06-20 10:12:40.872497,1905.0,4355508.0,359919.0
2025-06-20 10:12:40.918749,1905.0,4355508.0,359919.0
2025-06-20 10:12:41.139565,1905.0,4355508.0,359919.0
2025-06-20 10:12:41.599316,1904.9,4355508.0,359919.0
2025-06-20 10:12:41.699535,1904.9,4355508.0,359919.0
2025-06-20 10:12:41.938695,1904.9,4356054.0,359928.0
2025-06-20 10:12:42.290942,1904.9,4356054.0,359928.0
2025-06-20 10:12:42.595269,1904.9,4356054.0,359928.0
2025-06-20 10:12:42.954198,1904.9,4356054.0,359928.0
2025-06-20 10:12:43.038566,1905.5,4356774.0,345976.0
2025-06-20 10:12:43.430495,1905.5,4356774.0,345976.0
2025-06-20 10:12:43.595866,1905.5,4356774.0,345976.0
2025-06-20 10:12:43.941478,1905.5,4356774.0,345976.0
2025-06-20 10:12:43.946546,1905.5,4357074.0,347359.0
2025-06-20 10:12:44.618856,1905.5,4357074.0,347359.0
2025-06-20 10:12:44.667933,1905.1,4357074.0,347359.0
2025-06-20 10:12:45.036239,1905.0,4356315.0,350741.0
2025-06-20 10:12:45.417039,1905.0,4356315.0,350741.0
2025-06-20 10:12:45.634012,1904.9,4356315.0,350741.0
2025-06-20 10:12:46.137633,1904.9,4354976.0,350801.0
2025-06-20 10:12:46.609605,1905.0,4354976.0,350801.0
2025-06-20 10:12:46.677541,1905.0,4354976.0,350801.0
2025-06-20 10:12:47.236809,1905.0,4356499.0,349059.0
2025-06-20 10:12:47.603597,1905.0,4356499.0,349059.0
2025-06-20 10:12:47.648870,1905.0,4356499.0,349059.0
2025-06-20 10:12:48.351135,1905.0,4356215.0,349994.0
2025-06-20 10:12:49.161780,1905.0,4356215.0,349994.0
2025-06-20 10:12:49.447689,1905.0,4356090.0,348152.0
2025-06-20 10:12:49.600723,1904.9,4356090.0,348152.0
2025-06-20 10:12:50.474195,1904.9,4356090.0,348152.0
2025-06-20 10:12:50.540788,1905.0,4356433.0,348664.0
2025-06-20 10:12:50.596201,1905.0,4356433.0,348664.0
2025-06-20 10:12:51.608920,1905.4,4356433.0,348664.0
2025-06-20 10:12:51.711394,1905.4,4356433.0,348664.0
2025-06-20 10:12:51.715577,1905.4,4356880.0,346919.0
2025-06-20 10:12:52.600513,1905.4,4356880.0,346919.0
2025-06-20 10:12:52.741882,1905.4,4357151.0,347292.0
2025-06-20 10:12:53.264094,1905.4,4357151.0,347292.0
2025-06-20 10:12:53.613446,1905.1,4357151.0,347292.0
2025-06-20 10:12:53.869191,1905.1,4356532.0,347737.0
2025-06-20 10:12:54.605859,1905.4,4356532.0,347737.0
2025-06-20 10:12:54.944618,1905.1,4356228.0,347981.0
2025-06-20 10:12:55.599007,1905.5,4356228.0,347981.0
2025-06-20 10:12:55.943017,1905.1,4356488.0,347598.0
2025-06-20 10:12:56.598369,1905.1,4356488.0,347598.0
2025-06-20 10:12:57.044623,1905.5,4356204.0,347368.0
2025-06-20 10:12:57.636036,1905.5,4356204.0,347368.0
2025-06-20 10:12:58.143989,1905.5,4356503.0,347446.0
2025-06-20 10:12:58.600418,1905.4,4356503.0,347446.0
2025-06-20 10:12:59.244072,1905.4,4356841.0,347563.0
2025-06-20 10:12:59.597560,1905.4,4356841.0,347563.0
2025-06-20 10:13:00.375665,1905.2,4356311.0,349649.0
2025-06-20 10:13:00.622354,1905.1,4356311.0,349649.0
2025-06-20 10:13:01.595443,1905.1,4356311.0,349649.0
2025-06-20 10:13:01.655938,1905.1,4355349.0,349967.0
2025-06-20 10:13:02.600294,1904.1,4355349.0,349967.0
2025-06-20 10:13:02.654766,1904.1,4347712.0,355136.0
2025-06-20 10:13:03.602995,1904.2,4347712.0,355136.0
2025-06-20 10:13:03.748100,1904.2,4345872.0,355758.0
2025-06-20 10:13:04.598946,1904.4,4345872.0,355758.0
2025-06-20 10:13:04.879302,1904.4,4346289.0,356144.0
2025-06-20 10:13:05.606055,1904.1,4346289.0,356144.0
2025-06-20 10:13:05.956013,1904.2,4346257.0,356293.0
2025-06-20 10:13:06.602251,1904.4,4346257.0,356293.0
2025-06-20 10:13:07.090753,1904.4,4346588.0,356108.0
2025-06-20 10:13:07.596785,1904.2,4346588.0,356108.0
2025-06-20 10:13:08.151570,1904.2,4341735.0,356290.0
2025-06-20 10:13:08.602862,1904.2,4341735.0,356290.0
2025-06-20 10:13:09.253773,1904.0,4344767.0,358886.0
2025-06-20 10:13:09.642344,1904.1,4344767.0,358886.0
2025-06-20 10:13:10.383215,1903.9,4345237.0,358826.0
2025-06-20 10:13:10.600500,1902.9,4345237.0,358826.0
2025-06-20 10:13:11.382610,1903.6,4346874.0,358375.0
2025-06-20 10:13:11.597078,1903.6,4346874.0,358375.0
2025-06-20 10:13:12.464303,1903.6,4346653.0,358266.0
2025-06-20 10:13:12.601736,1902.9,4346653.0,358266.0
2025-06-20 10:13:13.558136,1903.6,4347031.0,358212.0
2025-06-20 10:13:13.601715,1903.6,4347031.0,358212.0
2025-06-20 10:13:14.603871,1902.9,4347031.0,358212.0
2025-06-20 10:13:14.663423,1902.9,4346600.0,359934.0
2025-06-20 10:13:15.603341,1903.7,4346600.0,359934.0
2025-06-20 10:13:15.764217,1903.2,4346668.0,359932.0
2025-06-20 10:13:16.609362,1903.5,4346668.0,359932.0
2025-06-20 10:13:16.873787,1903.5,4347217.0,360508.0
2025-06-20 10:13:17.601626,1903.5,4347217.0,360508.0
2025-06-20 10:13:17.962272,1903.5,4347653.0,358929.0
2025-06-20 10:13:18.598883,1903.5,4347653.0,358929.0
2025-06-20 10:13:18.961215,1903.2,4346275.0,359839.0
2025-06-20 10:13:19.604855,1903.2,4346275.0,359839.0
2025-06-20 10:13:19.962436,1903.2,4346447.0,360804.0
2025-06-20 10:13:20.603680,1903.2,4346447.0,360804.0
2025-06-20 10:13:20.961366,1903.2,4346136.0,361285.0
2025-06-20 10:13:21.602928,1903.2,4346136.0,361285.0
2025-06-20 10:13:22.066860,1903.2,4344079.0,361533.0
2025-06-20 10:13:22.601457,1903.0,4344079.0,361533.0
2025-06-20 10:13:23.062904,1903.0,4343781.0,359568.0
2025-06-20 10:13:23.614701,1903.0,4343781.0,359568.0
2025-06-20 10:13:24.095481,1903.0,4344029.0,359752.0
2025-06-20 10:13:24.965112,1903.2,4345191.0,359153.0
2025-06-20 10:13:25.599944,1903.2,4345191.0,359153.0
2025-06-20 10:13:26.066229,1903.0,4345154.0,358653.0
2025-06-20 10:13:26.607840,1903.0,4345154.0,358653.0
2025-06-20 10:13:27.069416,1903.7,4345552.0,358586.0
2025-06-20 10:13:27.600320,1903.7,4345552.0,358586.0
2025-06-20 10:13:28.066643,1903.1,4345661.0,358815.0
2025-06-20 10:13:28.596838,1903.4,4345661.0,358815.0
2025-06-20 10:13:29.069497,1903.8,4345941.0,359408.0
2025-06-20 10:13:29.602328,1903.0,4345941.0,359408.0
2025-06-20 10:13:30.168720,1903.4,4346128.0,358672.0
2025-06-20 10:13:30.601390,1903.4,4346128.0,358672.0
2025-06-20 10:13:31.168504,1903.0,4342549.0,360608.0
2025-06-20 10:13:31.599960,1903.0,4342549.0,360608.0
2025-06-20 10:13:32.271536,1903.2,4342335.0,361754.0
2025-06-20 10:13:32.610494,1903.2,4342335.0,361754.0
2025-06-20 10:13:33.383657,1902.9,4341199.0,363043.0
2025-06-20 10:13:33.596467,1902.9,4341199.0,363043.0
2025-06-20 10:13:34.471503,1903.0,4341276.0,362302.0
2025-06-20 10:13:34.599272,1903.0,4341276.0,362302.0
2025-06-20 10:13:35.572175,1902.8,4340294.0,362252.0
2025-06-20 10:13:35.601390,1902.8,4340294.0,362252.0
2025-06-20 10:13:36.605599,1902.8,4340294.0,362252.0
2025-06-20 10:13:36.671420,1902.8,4339832.0,362535.0
2025-06-20 10:13:37.609230,1902.8,4339832.0,362535.0
2025-06-20 10:13:37.671089,1902.8,4341354.0,359053.0
2025-06-20 10:13:38.773341,1902.8,4341412.0,360524.0
2025-06-20 10:13:39.598318,1903.1,4341412.0,360524.0
2025-06-20 10:13:39.883163,1903.1,4341904.0,360959.0
2025-06-20 10:13:40.604850,1903.0,4341904.0,360959.0
2025-06-20 10:13:40.975212,1903.0,4340411.0,360862.0
2025-06-20 10:13:41.602089,1903.1,4340411.0,360862.0
2025-06-20 10:13:42.074942,1903.1,4340671.0,360359.0
2025-06-20 10:13:42.601262,1902.8,4340671.0,360359.0
2025-06-20 10:13:43.079115,1902.8,4340110.0,361806.0
2025-06-20 10:13:43.601455,1903.1,4340110.0,361806.0
2025-06-20 10:13:44.077773,1903.1,4340747.0,361137.0
2025-06-20 10:13:45.185290,1903.1,4341509.0,361273.0
2025-06-20 10:13:45.605030,1902.8,4341509.0,361273.0
2025-06-20 10:13:46.279311,1902.6,4341455.0,363471.0
2025-06-20 10:13:46.600231,1902.8,4341455.0,363471.0
2025-06-20 10:13:47.387006,1902.8,4341184.0,363468.0
2025-06-20 10:13:47.634478,1902.8,4341184.0,363468.0
2025-06-20 10:13:48.481186,1902.8,4341387.0,362945.0
2025-06-20 10:13:48.607140,1902.8,4341387.0,362945.0
2025-06-20 10:13:49.581221,1902.6,4342085.0,362064.0
2025-06-20 10:13:49.644501,1902.6,4342085.0,362064.0
2025-06-20 10:13:50.605242,1902.6,4342085.0,362064.0
2025-06-20 10:13:50.681905,1902.6,4341786.0,363206.0
2025-06-20 10:13:51.598035,1902.5,4341786.0,363206.0
2025-06-20 10:13:51.781002,1902.5,4340862.0,366217.0
2025-06-20 10:13:52.611380,1902.2,4340862.0,366217.0
2025-06-20 10:13:52.984532,1902.2,4340707.0,364329.0
2025-06-20 10:13:53.608750,1902.2,4340707.0,364329.0
2025-06-20 10:13:53.986478,1902.1,4341368.0,365044.0
2025-06-20 10:13:54.597834,1902.1,4341368.0,365044.0
2025-06-20 10:13:55.085262,1902.1,4338678.0,364751.0
2025-06-20 10:13:55.597394,1902.0,4338678.0,364751.0
2025-06-20 10:13:56.088465,1902.1,4341160.0,362755.0
2025-06-20 10:13:56.606527,1902.6,4341160.0,362755.0
2025-06-20 10:13:57.184873,1902.2,4341543.0,362488.0
2025-06-20 10:13:57.609714,1902.2,4341543.0,362488.0
2025-06-20 10:13:58.286696,1902.2,4262018.0,362676.0
2025-06-20 10:13:58.609759,1902.5,4262018.0,362676.0
2025-06-20 10:13:59.400521,1902.8,4262746.0,360321.0
2025-06-20 10:13:59.603350,1902.2,4262746.0,360321.0
2025-06-20 10:14:00.423865,1903.3,4262876.0,361930.0
2025-06-20 10:14:00.610534,1902.5,4262876.0,361930.0
2025-06-20 10:14:01.718198,1902.5,4263585.0,362577.0
2025-06-20 10:14:02.651726,1902.6,4263585.0,362577.0
2025-06-20 10:14:02.689046,1902.6,4260948.0,362764.0
2025-06-20 10:14:03.600073,1902.9,4260948.0,362764.0
2025-06-20 10:14:03.692244,1902.9,4261251.0,362694.0
2025-06-20 10:14:04.604994,1902.6,4261251.0,362694.0
2025-06-20 10:14:04.791199,1902.6,4260879.0,362412.0
2025-06-20 10:14:05.650707,1902.6,4260879.0,362412.0
2025-06-20 10:14:05.793070,1902.6,4261176.0,363147.0
2025-06-20 10:14:06.606828,1902.9,4261176.0,363147.0
2025-06-20 10:14:06.906380,1903.0,4260834.0,362123.0
2025-06-20 10:14:07.606015,1902.5,4260834.0,362123.0
2025-06-20 10:14:07.993009,1902.5,4261184.0,363596.0
2025-06-20 10:14:08.607918,1902.2,4261184.0,363596.0
2025-06-20 10:14:08.993800,1902.5,4261344.0,363804.0
2025-06-20 10:14:09.607575,1902.2,4261344.0,363804.0
2025-06-20 10:14:10.093834,1902.2,4261443.0,363616.0
2025-06-20 10:14:10.600707,1902.2,4261443.0,363616.0
2025-06-20 10:14:11.197250,1902.5,4261866.0,363050.0
2025-06-20 10:14:11.609493,1902.5,4261866.0,363050.0
2025-06-20 10:14:12.197608,1902.5,4262834.0,361146.0
2025-06-20 10:14:13.199581,1902.8,4263500.0,361129.0
2025-06-20 10:14:13.608478,1902.8,4263500.0,361129.0
2025-06-20 10:14:14.203177,1902.8,4261593.0,361124.0
2025-06-20 10:14:14.601580,1902.8,4261593.0,361124.0
2025-06-20 10:14:15.202174,1902.7,4261003.0,362025.0
2025-06-20 10:14:15.601526,1902.7,4261003.0,362025.0
2025-06-20 10:14:16.301995,1902.4,4261408.0,362866.0
2025-06-20 10:14:16.601601,1902.7,4261408.0,362866.0
2025-06-20 10:14:17.201162,1902.7,4261487.0,362641.0
2025-06-20 10:14:17.599067,1902.7,4261487.0,362641.0
2025-06-20 10:14:18.301133,1902.4,4261721.0,361637.0
2025-06-20 10:14:18.600272,1902.4,4261721.0,361637.0
2025-06-20 10:14:19.412377,1902.4,4261598.0,361282.0
2025-06-20 10:14:20.501683,1903.0,4261885.0,361238.0
2025-06-20 10:14:20.605856,1903.0,4261885.0,361238.0
2025-06-20 10:14:21.607040,1903.4,4261885.0,361238.0
2025-06-20 10:14:21.618901,1903.4,4262608.0,360686.0
2025-06-20 10:14:22.701085,1903.4,4262115.0,364372.0
2025-06-20 10:14:23.604669,1902.7,4262115.0,364372.0
2025-06-20 10:14:23.701560,1902.7,4262559.0,364715.0
2025-06-20 10:14:24.702432,1902.7,4262476.0,363905.0
2025-06-20 10:14:25.602895,1903.5,4262476.0,363905.0
2025-06-20 10:14:25.703497,1902.8,4262898.0,363914.0
2025-06-20 10:14:26.602241,1902.5,4262898.0,363914.0
2025-06-20 10:14:26.815306,1903.5,4263145.0,363912.0
2025-06-20 10:14:27.602970,1903.5,4263145.0,363912.0
2025-06-20 10:14:27.811307,1903.4,4263256.0,364073.0
2025-06-20 10:14:28.599730,1903.0,4263256.0,364073.0
2025-06-20 10:14:28.872045,1903.0,4264196.0,364494.0
2025-06-20 10:14:29.600220,1902.7,4264196.0,364494.0
2025-06-20 10:14:29.812831,1902.7,4264355.0,364482.0
2025-06-20 10:14:30.605395,1903.4,4264355.0,364482.0
2025-06-20 10:14:30.818709,1903.0,4264011.0,363658.0
2025-06-20 10:14:31.663169,1903.0,4264011.0,363658.0
2025-06-20 10:14:31.818020,1903.4,4263358.0,365036.0
2025-06-20 10:14:32.601370,1903.4,4263358.0,365036.0
2025-06-20 10:14:32.820520,1903.4,4263442.0,364779.0
2025-06-20 10:14:33.606206,1903.0,4263442.0,364779.0
2025-06-20 10:14:33.823700,1903.5,4263680.0,363766.0
2025-06-20 10:14:34.643277,1903.5,4263680.0,363766.0
2025-06-20 10:14:34.820621,1903.5,4264033.0,364133.0
2025-06-20 10:14:35.604614,1903.5,4264033.0,364133.0
2025-06-20 10:14:35.920102,1903.5,4261888.0,362115.0
2025-06-20 10:14:36.613906,1903.4,4261888.0,362115.0
2025-06-20 10:14:37.008332,1903.4,4261722.0,363187.0
2025-06-20 10:14:38.109499,1903.4,4261391.0,363371.0
2025-06-20 10:14:38.604974,1903.5,4261391.0,363371.0
2025-06-20 10:14:39.209701,1903.5,4261392.0,363954.0
2025-06-20 10:14:39.601520,1903.5,4261392.0,363954.0
2025-06-20 10:14:40.396989,1903.5,4262336.0,362946.0
2025-06-20 10:14:40.601931,1903.4,4262336.0,362946.0
2025-06-20 10:14:41.275432,1903.4,4262446.0,362991.0
2025-06-20 10:14:41.602639,1903.4,4262446.0,362991.0
2025-06-20 10:14:42.346379,1903.4,4262615.0,363020.0
2025-06-20 10:14:42.603845,1903.5,4262615.0,363020.0
2025-06-20 10:14:43.425191,1903.5,4264050.0,363037.0
2025-06-20 10:14:43.602570,1903.5,4264050.0,363037.0
2025-06-20 10:14:44.516509,1903.5,4263953.0,363399.0
2025-06-20 10:14:44.605730,1903.5,4263953.0,363399.0
2025-06-20 10:14:45.614441,1903.5,4263953.0,363399.0
2025-06-20 10:14:45.667619,1903.5,4264111.0,362724.0
2025-06-20 10:14:46.516932,1903.5,4264581.0,362925.0
2025-06-20 10:14:46.600921,1903.5,4264581.0,362925.0
2025-06-20 10:14:47.518566,1903.4,4264467.0,362870.0
2025-06-20 10:14:47.657290,1903.4,4264467.0,362870.0
2025-06-20 10:14:48.602596,1903.4,4264467.0,362870.0
2025-06-20 10:14:48.643584,1903.5,4264431.0,361824.0
2025-06-20 10:14:49.601894,1903.1,4264431.0,361824.0
2025-06-20 10:14:49.721926,1903.1,4263968.0,363163.0
2025-06-20 10:14:50.600412,1903.1,4263968.0,363163.0
2025-06-20 10:14:50.718432,1903.4,4262866.0,364628.0
2025-06-20 10:14:51.603470,1903.4,4262866.0,364628.0
2025-06-20 10:14:51.719146,1903.4,4263855.0,365488.0
2025-06-20 10:14:52.602875,1903.1,4263855.0,365488.0
2025-06-20 10:14:52.726929,1903.0,4264162.0,365461.0
2025-06-20 10:14:53.600295,1903.1,4264162.0,365461.0
2025-06-20 10:14:53.720406,1903.0,4263685.0,365605.0
2025-06-20 10:14:54.601226,1903.1,4263685.0,365605.0
2025-06-20 10:14:54.721272,1903.4,4262301.0,363625.0
2025-06-20 10:14:55.632061,1903.4,4262301.0,363625.0
2025-06-20 10:14:55.720558,1903.1,4263543.0,362987.0
2025-06-20 10:14:56.602030,1903.9,4263543.0,362987.0
2025-06-20 10:14:56.722632,1903.9,4269702.0,352291.0
2025-06-20 10:14:57.610547,1904.1,4269702.0,352291.0
2025-06-20 10:14:57.723149,1904.1,4269504.0,358419.0
2025-06-20 10:14:58.603556,1904.4,4269504.0,358419.0
2025-06-20 10:14:58.724260,1904.4,4269299.0,359484.0
2025-06-20 10:14:59.601509,1903.7,4269299.0,359484.0
2025-06-20 10:14:59.748221,1903.7,4269282.0,359479.0
2025-06-20 10:15:00.615839,1904.0,4269282.0,359479.0
2025-06-20 10:15:00.632363,1904.0,4269982.0,358829.0
2025-06-20 10:15:01.675925,1904.0,4269982.0,358829.0
2025-06-20 10:15:01.727281,1904.0,4269597.0,358804.0
2025-06-20 10:15:02.607762,1904.9,4269597.0,358804.0
2025-06-20 10:15:02.858554,1904.9,4269850.0,357346.0
2025-06-20 10:15:03.645911,1904.1,4269850.0,357346.0
2025-06-20 10:15:03.931347,1904.1,4269910.0,357923.0
2025-06-20 10:15:04.606453,1904.2,4269910.0,357923.0
2025-06-20 10:15:04.937505,1904.9,4270152.0,357273.0
2025-06-20 10:15:05.610119,1904.2,4270152.0,357273.0
2025-06-20 10:15:05.930486,1905.0,4271498.0,356864.0
2025-06-20 10:15:06.610548,1905.0,4271498.0,356864.0
2025-06-20 10:15:06.931288,1904.3,4271579.0,355364.0
2025-06-20 10:15:07.610564,1905.0,4271579.0,355364.0
2025-06-20 10:15:07.932908,1904.4,4271844.0,355850.0
2025-06-20 10:15:08.607696,1905.0,4271844.0,355850.0
2025-06-20 10:15:08.932039,1905.0,4271022.0,357187.0
2025-06-20 10:15:09.608068,1905.0,4271022.0,357187.0
2025-06-20 10:15:10.032656,1904.3,4272154.0,354616.0
2025-06-20 10:15:10.609873,1904.4,4272154.0,354616.0
2025-06-20 10:15:11.133525,1904.4,4273357.0,355213.0
2025-06-20 10:15:11.607415,1904.4,4273357.0,355213.0
2025-06-20 10:15:12.234662,1904.4,4273072.0,355617.0
2025-06-20 10:15:12.605682,1904.4,4273072.0,355617.0
2025-06-20 10:15:13.368095,1905.0,4273177.0,355509.0
2025-06-20 10:15:13.606334,1905.0,4273177.0,355509.0
2025-06-20 10:15:14.438687,1905.0,4273406.0,354836.0
2025-06-20 10:15:14.604049,1904.4,4273406.0,354836.0
2025-06-20 10:15:15.537530,1904.7,4271426.0,355038.0
2025-06-20 10:15:15.606990,1904.7,4271426.0,355038.0
2025-06-20 10:15:16.611376,1905.0,4271426.0,355038.0
2025-06-20 10:15:16.650691,1905.0,4269243.0,354877.0
2025-06-20 10:15:17.541019,1905.0,4268929.0,354518.0
2025-06-20 10:15:18.540420,1904.9,4270923.0,355395.0
2025-06-20 10:15:18.611081,1904.9,4270923.0,355395.0
2025-06-20 10:15:19.541078,1904.7,4270412.0,355633.0
2025-06-20 10:15:19.605651,1904.7,4270412.0,355633.0
2025-06-20 10:15:20.608905,1904.7,4270412.0,355633.0
2025-06-20 10:15:20.652672,1904.7,4270265.0,355730.0
2025-06-20 10:15:21.608083,1904.9,4270265.0,355730.0
2025-06-20 10:15:21.741192,1904.9,4269488.0,356806.0
2025-06-20 10:15:22.619014,1904.5,4269488.0,356806.0
2025-06-20 10:15:22.915973,1904.9,4270437.0,355801.0
2025-06-20 10:15:23.607819,1904.9,4270437.0,355801.0
2025-06-20 10:15:23.744417,1904.9,4270441.0,354605.0
2025-06-20 10:15:24.611293,1905.0,4270441.0,354605.0
2025-06-20 10:15:24.855768,1905.0,4270535.0,355971.0
2025-06-20 10:15:25.606949,1905.0,4270535.0,355971.0
2025-06-20 10:15:25.946492,1904.5,4270306.0,355780.0
2025-06-20 10:15:26.608466,1904.9,4270306.0,355780.0
2025-06-20 10:15:27.045569,1904.9,4270852.0,356359.0
2025-06-20 10:15:27.610564,1905.0,4270852.0,356359.0
2025-06-20 10:15:28.145648,1905.0,4269766.0,355351.0
2025-06-20 10:15:28.607880,1904.8,4269766.0,355351.0
2025-06-20 10:15:29.246991,1905.0,4270068.0,355754.0
2025-06-20 10:15:29.616024,1905.0,4270068.0,355754.0
2025-06-20 10:15:30.277542,1905.0,4271397.0,355994.0
2025-06-20 10:15:30.611966,1905.0,4271397.0,355994.0
2025-06-20 10:15:31.268108,1904.6,4270872.0,356887.0
2025-06-20 10:15:31.613266,1904.6,4270872.0,356887.0
2025-06-20 10:15:32.361782,1904.9,4271949.0,356460.0
2025-06-20 10:15:32.609193,1904.9,4271949.0,356460.0
2025-06-20 10:15:33.361982,1905.0,4271456.0,356574.0
2025-06-20 10:15:33.606181,1904.9,4271456.0,356574.0
2025-06-20 10:15:34.449894,1905.0,4269347.0,358090.0
2025-06-20 10:15:34.608937,1904.8,4269347.0,358090.0
2025-06-20 10:15:35.462894,1904.9,4268936.0,358094.0
2025-06-20 10:15:35.612927,1904.9,4268936.0,358094.0
2025-06-20 10:15:36.364601,1905.0,4268324.0,357663.0
2025-06-20 10:15:36.613148,1905.0,4268324.0,357663.0
2025-06-20 10:15:37.452399,1904.6,4268156.0,357946.0
2025-06-20 10:15:37.614660,1904.4,4268156.0,357946.0
2025-06-20 10:15:38.456467,1904.4,4269069.0,355608.0
2025-06-20 10:15:39.468843,1905.0,4268756.0,356817.0
2025-06-20 10:15:39.616284,1905.0,4268756.0,356817.0
2025-06-20 10:15:40.455816,1904.5,4268703.0,356770.0
2025-06-20 10:15:40.623039,1905.0,4268703.0,356770.0
2025-06-20 10:15:40.967440,1905.0,4268703.0,356770.0
2025-06-20 10:15:41.361880,1905.0,4268703.0,356770.0
2025-06-20 10:15:41.555369,1905.0,4269423.0,357674.0
2025-06-20 10:15:41.575730,1905.0,4269423.0,357674.0
2025-06-20 10:15:41.610876,1905.0,4269423.0,357674.0
2025-06-20 10:15:41.914261,1905.0,4269423.0,357674.0
2025-06-20 10:15:42.172365,1905.0,4269423.0,357674.0
2025-06-20 10:15:42.557362,1905.0,4269715.0,357080.0
2025-06-20 10:15:42.609172,1905.0,4269715.0,357080.0
2025-06-20 10:15:42.772171,1905.0,4269715.0,357080.0
2025-06-20 10:15:43.441354,1905.0,4269715.0,357080.0
2025-06-20 10:15:43.556641,1905.0,4270531.0,356305.0
2025-06-20 10:15:43.612493,1905.0,4270531.0,356305.0
2025-06-20 10:15:43.857865,1905.0,4270531.0,356305.0
2025-06-20 10:15:44.458812,1905.0,4270531.0,356305.0
2025-06-20 10:15:44.663384,1905.0,4270503.0,356423.0
2025-06-20 10:15:44.820362,1905.0,4270503.0,356423.0
2025-06-20 10:15:45.610258,1904.9,4270503.0,356423.0
2025-06-20 10:15:45.775215,1904.9,4270503.0,356423.0
2025-06-20 10:15:45.783305,1904.8,4270380.0,357345.0
2025-06-20 10:15:46.610940,1904.9,4270380.0,357345.0
2025-06-20 10:15:46.758558,1904.9,4270523.0,357376.0
2025-06-20 10:15:47.114681,1904.9,4270523.0,357376.0
2025-06-20 10:15:47.610198,1905.4,4270523.0,357376.0
2025-06-20 10:15:48.078409,1905.4,4270523.0,357376.0
2025-06-20 10:15:48.260038,1905.5,4273181.0,349329.0
2025-06-20 10:15:48.608154,1905.5,4273181.0,349329.0
2025-06-20 10:15:49.262254,1905.3,4273073.0,350637.0
2025-06-20 10:15:49.658928,1905.3,4273073.0,350637.0
2025-06-20 10:15:49.660878,1905.9,4273073.0,350637.0
2025-06-20 10:15:50.262264,1905.3,4273162.0,350680.0
2025-06-20 10:15:50.612943,1906.0,4273162.0,350680.0
2025-06-20 10:15:50.881797,1906.0,4273162.0,350680.0
2025-06-20 10:15:51.463027,1906.0,4272949.0,350387.0
2025-06-20 10:15:51.611421,1906.0,4272949.0,350387.0
2025-06-20 10:15:52.122919,1906.0,4272949.0,350387.0
2025-06-20 10:15:52.373510,1905.5,4272777.0,350644.0
2025-06-20 10:15:52.612912,1906.0,4272777.0,350644.0
2025-06-20 10:15:53.366620,1906.0,4273982.0,350501.0
2025-06-20 10:15:53.610251,1906.0,4273982.0,350501.0
2025-06-20 10:15:53.696600,1906.0,4273982.0,350501.0
2025-06-20 10:15:54.263645,1905.7,4273708.0,351116.0
2025-06-20 10:15:54.609518,1905.7,4273708.0,351116.0
2025-06-20 10:15:55.797550,1905.7,4273768.0,350506.0
2025-06-20 10:15:55.799227,1905.7,4273768.0,350506.0
2025-06-20 10:15:56.265507,1905.7,4273627.0,351523.0
2025-06-20 10:15:56.611552,1906.0,4273627.0,351523.0
2025-06-20 10:15:57.375597,1906.0,4273997.0,350868.0
2025-06-20 10:15:57.679262,1906.0,4273997.0,350868.0
2025-06-20 10:15:58.475245,1905.7,4273778.0,351401.0
2025-06-20 10:15:58.608676,1905.8,4273778.0,351401.0
2025-06-20 10:15:59.569353,1905.7,4273475.0,351571.0
2025-06-20 10:15:59.613784,1905.7,4273475.0,351571.0
2025-06-20 10:16:00.622368,1906.0,4273475.0,351571.0
2025-06-20 10:16:01.272828,1906.0,4274554.0,352069.0
2025-06-20 10:16:02.271783,1906.0,4274587.0,351849.0
2025-06-20 10:16:03.379650,1906.5,4275793.0,342191.0
2025-06-20 10:16:03.617633,1906.5,4275793.0,342191.0
2025-06-20 10:16:04.468663,1905.8,4274415.0,351444.0
2025-06-20 10:16:04.622689,1906.5,4274415.0,351444.0
2025-06-20 10:16:05.569587,1906.6,4276331.0,350275.0
2025-06-20 10:16:05.666602,1906.6,4276331.0,350275.0
2025-06-20 10:16:06.496901,1906.0,4274049.0,349142.0
2025-06-20 10:16:06.618176,1906.0,4274049.0,349142.0
2025-06-20 10:16:07.569075,1906.7,4273572.0,351968.0
2025-06-20 10:16:07.617615,1906.0,4273572.0,351968.0
2025-06-20 10:16:08.568927,1906.0,4274893.0,351526.0
2025-06-20 10:16:09.616922,1906.7,4274893.0,351526.0
2025-06-20 10:16:09.671115,1906.1,4274908.0,351578.0
2025-06-20 10:16:10.619585,1906.1,4274908.0,351578.0
2025-06-20 10:16:10.673156,1906.1,4275157.0,351675.0
2025-06-20 10:16:11.614321,1906.6,4275157.0,351675.0
2025-06-20 10:16:11.770659,1906.6,4274803.0,351586.0
2025-06-20 10:16:12.616842,1906.1,4274803.0,351586.0
2025-06-20 10:16:12.878254,1906.1,4275244.0,351229.0
2025-06-20 10:16:13.613249,1906.4,4275244.0,351229.0
2025-06-20 10:16:13.972097,1906.1,4258701.0,354870.0
2025-06-20 10:16:14.616075,1906.1,4258701.0,354870.0
2025-06-20 10:16:14.977053,1906.1,4272532.0,355281.0
2025-06-20 10:16:15.617123,1906.1,4272532.0,355281.0
2025-06-20 10:16:15.974934,1906.0,4272986.0,355547.0
2025-06-20 10:16:16.615807,1905.9,4272986.0,355547.0
2025-06-20 10:16:16.881227,1906.0,4272168.0,358169.0
2025-06-20 10:16:17.622150,1906.0,4272168.0,358169.0
2025-06-20 10:16:17.982004,1906.0,4273143.0,356263.0
2025-06-20 10:16:18.622758,1906.0,4273143.0,356263.0
2025-06-20 10:16:19.131593,1905.8,4273780.0,354083.0
2025-06-20 10:16:19.615070,1905.8,4273780.0,354083.0
2025-06-20 10:16:20.182193,1905.8,4273229.0,355523.0
2025-06-20 10:16:20.618468,1905.8,4273229.0,355523.0
2025-06-20 10:16:21.278308,1906.0,4273303.0,355175.0
2025-06-20 10:16:21.615142,1906.5,4273303.0,355175.0
2025-06-20 10:16:22.390692,1906.5,4272851.0,355066.0
2025-06-20 10:16:23.497929,1905.9,4272564.0,355316.0
2025-06-20 10:16:23.613098,1905.9,4272564.0,355316.0
2025-06-20 10:16:24.583836,1906.4,4272407.0,353539.0
2025-06-20 10:16:24.628411,1906.4,4272407.0,353539.0
2025-06-20 10:16:25.587205,1906.0,4273092.0,354057.0
2025-06-20 10:16:25.617123,1906.0,4273092.0,354057.0
2025-06-20 10:16:26.648868,1905.9,4273092.0,354057.0
2025-06-20 10:16:26.707426,1905.9,4273249.0,354666.0
2025-06-20 10:16:27.625307,1906.6,4273249.0,354666.0
2025-06-20 10:16:27.782347,1906.6,4273202.0,354466.0
2025-06-20 10:16:28.610640,1906.3,4273202.0,354466.0
2025-06-20 10:16:28.781224,1905.9,4272965.0,354017.0
2025-06-20 10:16:29.616309,1906.5,4272965.0,354017.0
2025-06-20 10:16:29.889820,1906.5,4273305.0,354437.0
2025-06-20 10:16:30.614374,1905.8,4273305.0,354437.0
2025-06-20 10:16:30.896804,1905.8,4269751.0,360014.0
2025-06-20 10:16:31.645300,1905.8,4269751.0,360014.0
2025-06-20 10:16:31.784552,1905.8,4265242.0,359363.0
2025-06-20 10:16:32.615306,1905.5,4265242.0,359363.0
2025-06-20 10:16:32.784905,1905.5,4267393.0,359594.0
2025-06-20 10:16:33.615055,1905.4,4267393.0,359594.0
2025-06-20 10:16:33.786228,1905.4,4268371.0,359560.0
2025-06-20 10:16:34.663744,1905.9,4268371.0,359560.0
2025-06-20 10:16:34.892488,1905.9,4268290.0,358193.0
2025-06-20 10:16:36.006160,1905.5,4268475.0,358105.0
2025-06-20 10:16:36.627293,1905.5,4268475.0,358105.0
2025-06-20 10:16:37.091037,1905.5,4268358.0,359388.0
2025-06-20 10:16:37.622705,1905.8,4268358.0,359388.0
2025-06-20 10:16:38.093765,1905.5,4268545.0,358529.0
2025-06-20 10:16:38.636255,1905.5,4268545.0,358529.0
2025-06-20 10:16:39.191752,1906.0,4268644.0,358702.0
2025-06-20 10:16:39.652521,1906.0,4268644.0,358702.0
2025-06-20 10:16:40.305714,1906.0,4268474.0,358377.0
2025-06-20 10:16:40.616592,1905.4,4268474.0,358377.0
2025-06-20 10:16:41.299853,1905.4,4268936.0,356449.0
2025-06-20 10:16:42.294309,1905.4,4268695.0,357538.0
2025-06-20 10:16:42.620266,1905.4,4268695.0,357538.0
2025-06-20 10:16:43.301836,1905.9,4268671.0,358184.0
2025-06-20 10:16:43.616059,1905.4,4268671.0,358184.0
2025-06-20 10:16:44.299709,1905.4,4268905.0,358230.0
2025-06-20 10:16:45.304005,1905.5,4268754.0,358360.0
2025-06-20 10:16:45.621939,1905.5,4268754.0,358360.0
2025-06-20 10:16:46.515022,1905.4,4267972.0,359333.0
2025-06-20 10:16:46.618116,1905.5,4267972.0,359333.0
2025-06-20 10:16:47.327996,1904.9,4264636.0,362116.0
2025-06-20 10:16:47.620750,1903.8,4264636.0,362116.0
2025-06-20 10:16:48.302772,1904.9,4265095.0,360547.0
2025-06-20 10:16:48.621778,1904.2,4265095.0,360547.0
2025-06-20 10:16:49.305755,1904.2,4264827.0,361901.0
2025-06-20 10:16:49.619416,1904.2,4264827.0,361901.0
2025-06-20 10:16:50.309419,1904.7,4266123.0,361874.0
2025-06-20 10:16:50.614881,1904.8,4266123.0,361874.0
2025-06-20 10:16:51.600701,1904.8,4266618.0,362065.0
2025-06-20 10:16:51.620155,1904.8,4266618.0,362065.0
2025-06-20 10:16:52.445887,1904.2,4265194.0,363229.0
2025-06-20 10:16:52.619817,1904.6,4265194.0,363229.0
2025-06-20 10:16:53.411346,1904.6,4265869.0,362384.0
2025-06-20 10:16:54.648162,1904.9,4266772.0,361442.0
2025-06-20 10:16:54.681903,1904.9,4266772.0,361442.0
2025-06-20 10:16:55.429929,1904.5,4267147.0,359539.0
2025-06-20 10:16:55.619631,1904.5,4267147.0,359539.0
2025-06-20 10:16:56.504334,1905.0,4267025.0,359514.0
2025-06-20 10:16:56.619681,1905.0,4267025.0,359514.0
2025-06-20 10:16:57.656891,1904.7,4267056.0,359505.0
2025-06-20 10:16:57.662142,1904.7,4267056.0,359505.0
2025-06-20 10:16:58.605692,1904.7,4267010.0,360402.0
2025-06-20 10:16:58.618143,1904.7,4267010.0,360402.0
2025-06-20 10:16:59.623670,1904.9,4267010.0,360402.0
2025-06-20 10:16:59.705467,1904.9,4267565.0,359550.0
2025-06-20 10:17:00.662000,1904.7,4267565.0,359550.0
2025-06-20 10:17:01.104543,1904.7,4266836.0,360048.0
2025-06-20 10:17:01.613085,1904.7,4266836.0,360048.0
2025-06-20 10:17:02.007235,1904.7,4266786.0,359897.0
2025-06-20 10:17:02.615398,1904.9,4266786.0,359897.0
2025-06-20 10:17:03.006843,1904.6,4266989.0,359739.0
2025-06-20 10:17:03.613667,1904.9,4266989.0,359739.0
2025-06-20 10:17:04.006790,1904.9,4267438.0,359503.0
2025-06-20 10:17:04.613345,1905.4,4267438.0,359503.0
2025-06-20 10:17:05.008033,1905.4,4269903.0,356577.0
2025-06-20 10:17:05.613562,1905.1,4269903.0,356577.0
2025-06-20 10:17:06.010064,1905.1,4269445.0,357258.0
2025-06-20 10:17:06.613596,1905.1,4269445.0,357258.0
2025-06-20 10:17:07.014753,1905.1,4268743.0,358677.0
2025-06-20 10:17:07.614511,1904.7,4268743.0,358677.0
2025-06-20 10:17:08.012045,1904.7,4268983.0,359403.0
2025-06-20 10:17:08.619277,1904.8,4268983.0,359403.0
2025-06-20 10:17:09.014071,1904.8,4269284.0,359681.0
2025-06-20 10:17:09.616500,1904.8,4269284.0,359681.0
2025-06-20 10:17:10.012882,1904.8,4270045.0,359613.0
2025-06-20 10:17:10.613905,1904.8,4270045.0,359613.0
2025-06-20 10:17:10.920704,1904.8,4270552.0,358417.0
2025-06-20 10:17:11.613378,1905.0,4270552.0,358417.0
2025-06-20 10:17:11.921675,1905.0,4271413.0,356444.0
2025-06-20 10:17:12.619860,1905.1,4271413.0,356444.0
2025-06-20 10:17:12.925118,1905.0,4271121.0,357370.0
2025-06-20 10:17:13.615406,1905.9,4271121.0,357370.0
2025-06-20 10:17:13.923305,1904.9,4271761.0,359738.0
2025-06-20 10:17:14.634311,1904.8,4271761.0,359738.0
2025-06-20 10:17:14.822547,1904.9,4271468.0,359841.0
2025-06-20 10:17:15.614319,1904.9,4271468.0,359841.0
2025-06-20 10:17:15.716459,1904.9,4271553.0,359705.0
2025-06-20 10:17:16.612213,1905.0,4271553.0,359705.0
2025-06-20 10:17:16.718300,1904.9,4271975.0,359238.0
2025-06-20 10:17:17.619904,1905.0,4271975.0,359238.0
2025-06-20 10:17:17.823941,1905.0,4272244.0,359530.0
2025-06-20 10:17:18.618630,1905.6,4272244.0,359530.0
2025-06-20 10:17:18.716067,1905.6,4273280.0,357594.0
2025-06-20 10:17:19.719087,1905.8,4272034.0,357768.0
2025-06-20 10:17:20.616688,1905.1,4272034.0,357768.0
2025-06-20 10:17:20.627148,1905.1,4272097.0,357765.0
2025-06-20 10:17:21.611921,1905.1,4272097.0,357765.0
2025-06-20 10:17:21.631135,1905.1,4272891.0,357871.0
2025-06-20 10:17:22.521306,1905.2,4272961.0,357832.0
2025-06-20 10:17:22.612912,1905.2,4272961.0,357832.0
2025-06-20 10:17:23.522961,1905.9,4273536.0,357965.0
2025-06-20 10:17:23.620489,1905.9,4273536.0,357965.0
2025-06-20 10:17:24.521481,1905.9,4274922.0,355722.0
2025-06-20 10:17:25.524050,1905.5,4274937.0,355951.0
2025-06-20 10:17:25.620143,1905.5,4274937.0,355951.0
2025-06-20 10:17:26.444994,1905.5,4275433.0,354536.0
2025-06-20 10:17:26.620280,1905.5,4275433.0,354536.0
2025-06-20 10:17:27.447566,1905.5,4275202.0,355131.0
2025-06-20 10:17:27.615530,1906.0,4275202.0,355131.0
2025-06-20 10:17:28.432798,1906.0,4275954.0,355176.0
2025-06-20 10:17:28.614581,1906.0,4275954.0,355176.0
2025-06-20 10:17:29.434558,1905.8,4275584.0,356029.0
2025-06-20 10:17:29.617171,1905.8,4275584.0,356029.0
2025-06-20 10:17:30.455148,1905.4,4275361.0,356026.0
2025-06-20 10:17:30.617008,1905.4,4275361.0,356026.0
2025-06-20 10:17:31.451670,1906.0,4275948.0,356073.0
2025-06-20 10:17:31.618297,1906.0,4275948.0,356073.0
2025-06-20 10:17:32.449344,1905.6,4276555.0,355543.0
2025-06-20 10:17:32.614781,1905.6,4276555.0,355543.0
2025-06-20 10:17:33.341080,1905.5,4276058.0,355955.0
2025-06-20 10:17:33.640264,1905.9,4276058.0,355955.0
2025-06-20 10:17:34.368169,1906.1,4279111.0,350854.0
2025-06-20 10:17:34.625592,1906.1,4279111.0,350854.0
2025-06-20 10:17:35.353516,1906.1,4278364.0,351912.0
2025-06-20 10:17:35.617059,1906.6,4278364.0,351912.0
2025-06-20 10:17:36.356106,1906.2,4278361.0,352300.0
2025-06-20 10:17:36.616552,1906.2,4278361.0,352300.0
2025-06-20 10:17:37.367375,1906.3,4278320.0,352225.0
2025-06-20 10:17:37.615875,1906.3,4278320.0,352225.0
2025-06-20 10:17:38.232297,1906.8,4278473.0,351219.0
2025-06-20 10:17:38.643061,1906.8,4278473.0,351219.0
2025-06-20 10:17:39.230512,1906.8,4278570.0,353064.0
2025-06-20 10:17:39.619859,1906.9,4278570.0,353064.0
2025-06-20 10:17:40.230812,1906.5,4277033.0,352669.0
2025-06-20 10:17:40.620071,1907.0,4277033.0,352669.0
2025-06-20 10:17:41.132025,1906.5,4277254.0,354302.0
2025-06-20 10:17:41.620397,1906.5,4277254.0,354302.0
2025-06-20 10:17:42.133355,1907.0,4277387.0,352988.0
2025-06-20 10:17:42.618603,1906.8,4277387.0,352988.0
2025-06-20 10:17:43.033495,1906.8,4277663.0,352693.0
2025-06-20 10:17:43.643883,1907.3,4277663.0,352693.0
2025-06-20 10:17:44.040022,1907.3,4277922.0,348835.0
2025-06-20 10:17:44.613945,1907.3,4277922.0,348835.0
2025-06-20 10:17:45.035083,1907.3,4277623.0,349926.0
2025-06-20 10:17:45.616592,1907.2,4277623.0,349926.0
2025-06-20 10:17:46.032094,1907.2,4277366.0,350309.0
2025-06-20 10:17:46.614666,1907.5,4277366.0,350309.0
2025-06-20 10:17:47.034104,1907.6,4277942.0,348298.0
2025-06-20 10:17:47.615733,1907.4,4277942.0,348298.0
2025-06-20 10:17:48.034492,1907.4,4277289.0,348763.0
2025-06-20 10:17:48.618329,1907.6,4277289.0,348763.0
2025-06-20 10:17:49.034234,1907.5,4277548.0,348468.0
2025-06-20 10:17:49.615666,1907.6,4277548.0,348468.0
2025-06-20 10:17:50.034758,1907.6,4277528.0,347573.0
2025-06-20 10:17:50.618185,1907.6,4277528.0,347573.0
2025-06-20 10:17:51.036122,1907.7,4277409.0,349092.0
2025-06-20 10:17:51.617059,1907.5,4277409.0,349092.0
2025-06-20 10:17:52.035411,1907.8,4277331.0,349054.0
2025-06-20 10:17:52.617741,1907.6,4277331.0,349054.0
2025-06-20 10:17:53.037749,1907.6,4277529.0,349500.0
2025-06-20 10:17:53.620161,1907.4,4277529.0,349500.0
2025-06-20 10:17:54.038382,1907.5,4277294.0,350801.0
2025-06-20 10:17:54.618691,1907.5,4277294.0,350801.0
2025-06-20 10:17:55.038615,1907.4,4276504.0,351129.0
2025-06-20 10:17:55.618323,1907.7,4276504.0,351129.0
2025-06-20 10:17:56.040123,1907.5,4276568.0,350193.0
2025-06-20 10:17:56.619877,1907.6,4276568.0,350193.0
2025-06-20 10:17:56.943286,1907.6,4277008.0,351041.0
2025-06-20 10:17:57.620706,1907.7,4277008.0,351041.0
2025-06-20 10:17:57.939886,1907.7,4276659.0,350220.0
2025-06-20 10:17:58.618566,1907.6,4276659.0,350220.0
2025-06-20 10:17:58.866200,1907.6,4277068.0,350314.0
2025-06-20 10:17:59.619057,1907.6,4277068.0,350314.0
2025-06-20 10:17:59.869037,1907.7,4277670.0,350200.0
2025-06-20 10:18:01.139487,1907.7,4277446.0,349323.0
2025-06-20 10:18:01.621015,1907.8,4277446.0,349323.0
2025-06-20 10:18:02.043170,1907.7,4277521.0,349307.0
2025-06-20 10:18:02.622855,1907.6,4277521.0,349307.0
2025-06-20 10:18:03.044665,1907.6,4274366.0,350129.0
2025-06-20 10:18:03.621272,1907.5,4274366.0,350129.0
2025-06-20 10:18:03.943708,1907.6,4274567.0,350574.0
2025-06-20 10:18:04.619946,1907.7,4274567.0,350574.0
2025-06-20 10:18:04.946645,1907.7,4274353.0,351105.0
2025-06-20 10:18:05.621392,1907.4,4274353.0,351105.0
2025-06-20 10:18:05.955244,1907.3,4273469.0,352498.0
2025-06-20 10:18:06.620408,1907.1,4273469.0,352498.0
2025-06-20 10:18:06.948331,1907.1,4275082.0,352377.0
2025-06-20 10:18:07.619693,1907.5,4275082.0,352377.0
2025-06-20 10:18:07.859534,1907.5,4275570.0,351923.0
2025-06-20 10:18:08.620067,1907.6,4275570.0,351923.0
2025-06-20 10:18:08.950934,1907.7,4276143.0,350673.0
2025-06-20 10:18:09.619513,1907.7,4276143.0,350673.0
2025-06-20 10:18:09.748152,1907.7,4276566.0,351217.0
2025-06-20 10:18:10.620864,1907.5,4276566.0,351217.0
2025-06-20 10:18:10.749721,1907.6,4276323.0,351256.0
2025-06-20 10:18:11.621852,1907.7,4276323.0,351256.0
2025-06-20 10:18:11.749384,1907.7,4276563.0,349384.0
2025-06-20 10:18:12.620023,1907.6,4276563.0,349384.0
2025-06-20 10:18:12.750566,1907.6,4276699.0,351094.0
2025-06-20 10:18:13.619382,1907.5,4276699.0,351094.0
2025-06-20 10:18:13.749402,1907.7,4275054.0,350220.0
2025-06-20 10:18:14.672984,1907.6,4275054.0,350220.0
2025-06-20 10:18:14.753066,1907.6,4274333.0,351950.0
2025-06-20 10:18:15.618514,1907.7,4274333.0,351950.0
2025-06-20 10:18:15.752320,1907.5,4274632.0,352028.0
2025-06-20 10:18:16.619810,1907.6,4274632.0,352028.0
2025-06-20 10:18:16.756160,1907.6,4275119.0,351976.0
2025-06-20 10:18:17.621530,1907.1,4275119.0,351976.0
2025-06-20 10:18:17.753961,1907.1,4275319.0,350836.0
2025-06-20 10:18:18.621426,1907.2,4275319.0,350836.0
2025-06-20 10:18:18.754487,1907.2,4276535.0,351686.0
2025-06-20 10:18:19.622513,1907.7,4276535.0,351686.0
2025-06-20 10:18:19.756178,1907.7,4275864.0,351283.0
2025-06-20 10:18:20.622317,1907.1,4275864.0,351283.0
2025-06-20 10:18:20.756325,1907.1,4275618.0,352130.0
2025-06-20 10:18:21.662157,1907.1,4275887.0,348666.0
2025-06-20 10:18:22.621809,1907.6,4275887.0,348666.0
2025-06-20 10:18:22.656192,1907.6,4275997.0,351651.0
2025-06-20 10:18:23.621617,1907.4,4275997.0,351651.0
2025-06-20 10:18:23.664895,1907.4,4276107.0,351819.0
2025-06-20 10:18:24.621528,1907.5,4276107.0,351819.0
2025-06-20 10:18:24.658170,1907.5,4274617.0,352391.0
2025-06-20 10:18:25.626686,1907.4,4274617.0,352391.0
2025-06-20 10:18:25.662587,1907.4,4275248.0,352505.0
2025-06-20 10:18:26.652424,1908.0,4275248.0,352505.0
2025-06-20 10:18:26.664477,1908.0,4277138.0,344861.0
2025-06-20 10:18:27.622455,1908.3,4277138.0,344861.0
2025-06-20 10:18:27.661026,1908.6,4276286.0,345586.0
2025-06-20 10:18:28.558439,1908.1,4276480.0,345896.0
2025-06-20 10:18:28.624195,1908.1,4276480.0,345896.0
2025-06-20 10:18:29.567150,1908.0,4276302.0,345961.0
2025-06-20 10:18:29.620593,1908.0,4276302.0,345961.0
2025-06-20 10:18:30.571633,1908.6,4817556.0,347008.0
2025-06-20 10:18:30.620631,1908.6,4817556.0,347008.0
2025-06-20 10:18:31.563364,1907.8,4508513.0,347542.0
2025-06-20 10:18:31.626895,1907.8,4508513.0,347542.0
2025-06-20 10:18:32.560547,1908.8,4508926.0,345901.0
2025-06-20 10:18:32.624410,1908.8,4508926.0,345901.0
2025-06-20 10:18:33.561294,1908.9,4508987.0,346864.0
2025-06-20 10:18:33.621693,1908.9,4508987.0,346864.0
2025-06-20 10:18:34.561679,1908.2,4509229.0,347820.0
2025-06-20 10:18:34.631256,1908.2,4509229.0,347820.0
2025-06-20 10:18:35.463201,1908.9,4507518.0,348065.0
2025-06-20 10:18:35.623378,1908.2,4507518.0,348065.0
2025-06-20 10:18:36.462310,1908.2,4507046.0,347286.0
2025-06-20 10:18:36.623258,1908.2,4507046.0,347286.0
2025-06-20 10:18:37.462984,1908.2,4504883.0,347140.0
2025-06-20 10:18:37.623669,1908.2,4504883.0,347140.0
2025-06-20 10:18:38.464151,1908.8,4506552.0,346063.0
2025-06-20 10:18:38.624944,1908.8,4506552.0,346063.0
2025-06-20 10:18:39.466212,1908.4,4506764.0,346134.0
2025-06-20 10:18:39.623494,1908.4,4506764.0,346134.0
2025-06-20 10:18:40.464465,1908.6,4506139.0,346442.0
2025-06-20 10:18:40.627671,1909.0,4506139.0,346442.0
2025-06-20 10:18:41.581610,1909.0,4506139.0,346442.0
2025-06-20 10:18:41.591474,1909.0,4506776.0,341692.0
2025-06-20 10:18:41.622820,1909.0,4506776.0,341692.0
2025-06-20 10:18:41.674594,1909.0,4506776.0,341692.0
2025-06-20 10:18:42.127660,1909.0,4506776.0,341692.0
2025-06-20 10:18:42.529882,1908.7,4508164.0,341850.0
2025-06-20 10:18:42.678063,1908.7,4508164.0,341850.0
2025-06-20 10:18:42.733560,1908.7,4508164.0,341850.0
2025-06-20 10:18:43.303121,1908.7,4508164.0,341850.0
2025-06-20 10:18:43.473846,1909.2,4509354.0,338250.0
2025-06-20 10:18:43.624193,1909.2,4509354.0,338250.0
2025-06-20 10:18:43.949439,1909.2,4509354.0,338250.0
2025-06-20 10:18:44.438910,1909.2,4509354.0,338250.0
2025-06-20 10:18:44.468069,1909.4,4505731.0,339881.0
2025-06-20 10:18:44.690884,1909.4,4505731.0,339881.0
2025-06-20 10:18:45.015821,1909.4,4505731.0,339881.0
2025-06-20 10:18:45.435878,1909.4,4505731.0,339881.0
2025-06-20 10:18:45.441764,1909.5,4505780.0,339648.0
2025-06-20 10:18:45.642799,1909.2,4505780.0,339648.0
2025-06-20 10:18:46.350894,1909.2,4505780.0,339648.0
2025-06-20 10:18:46.469070,1909.5,4506375.0,339178.0
2025-06-20 10:18:46.624902,1909.5,4506375.0,339178.0
2025-06-20 10:18:47.382161,1909.5,4505169.0,338500.0
2025-06-20 10:18:47.623270,1909.5,4505169.0,338500.0
2025-06-20 10:18:47.689070,1909.5,4505169.0,338500.0
2025-06-20 10:18:48.385574,1909.1,4505507.0,338459.0
2025-06-20 10:18:48.625011,1909.5,4505507.0,338459.0
2025-06-20 10:18:48.692208,1909.5,4505507.0,338459.0
2025-06-20 10:18:49.383987,1909.4,4505384.0,338885.0
2025-06-20 10:18:49.651901,1909.4,4505384.0,338885.0
2025-06-20 10:18:50.231015,1909.4,4505384.0,338885.0
2025-06-20 10:18:50.384604,1909.5,4504953.0,338413.0
2025-06-20 10:18:50.626218,1909.1,4504953.0,338413.0
2025-06-20 10:18:51.381329,1909.1,4504996.0,338583.0
2025-06-20 10:18:51.462410,1909.1,4504996.0,338583.0
2025-06-20 10:18:51.628057,1909.1,4504996.0,338583.0
2025-06-20 10:18:52.275621,1909.5,4506169.0,339612.0
2025-06-20 10:18:52.622841,1909.4,4506169.0,339612.0
2025-06-20 10:18:52.758414,1909.4,4506169.0,339612.0
2025-06-20 10:18:53.273430,1909.1,4506112.0,336663.0
2025-06-20 10:18:53.634577,1909.1,4506112.0,336663.0
2025-06-20 10:18:54.278781,1909.1,4505771.0,336316.0
2025-06-20 10:18:54.409344,1909.1,4505771.0,336316.0
2025-06-20 10:18:54.629200,1909.4,4505771.0,336316.0
2025-06-20 10:18:55.274398,1909.5,4506856.0,333998.0
2025-06-20 10:18:55.641117,1909.5,4506856.0,333998.0
2025-06-20 10:18:56.273370,1909.1,4894270.0,333697.0
2025-06-20 10:18:56.623648,1909.1,4894270.0,333697.0
2025-06-20 10:18:57.275951,1909.1,4732393.0,334900.0
2025-06-20 10:18:57.629352,1909.5,4732393.0,334900.0
2025-06-20 10:18:58.176771,1909.5,4691763.0,335585.0
2025-06-20 10:18:58.632356,1909.5,4691763.0,335585.0
2025-06-20 10:18:59.176563,1909.1,4691977.0,335491.0
2025-06-20 10:18:59.639820,1909.1,4691977.0,335491.0
2025-06-20 10:19:00.174934,1908.8,4690974.0,334387.0
2025-06-20 10:19:01.590856,1908.9,4692060.0,333668.0
2025-06-20 10:19:01.630066,1908.9,4692060.0,333668.0
2025-06-20 10:19:02.636231,1909.1,4692060.0,333668.0
2025-06-20 10:19:02.676840,1909.1,4692002.0,333569.0
2025-06-20 10:19:03.635649,1909.1,4692002.0,333569.0
2025-06-20 10:19:03.781286,1909.1,4691536.0,334163.0
2025-06-20 10:19:04.636714,1909.1,4691536.0,334163.0
2025-06-20 10:19:04.783892,1909.1,4692066.0,334330.0
2025-06-20 10:19:05.638145,1909.1,4692066.0,334330.0
2025-06-20 10:19:05.881361,1909.1,4691703.0,334448.0
2025-06-20 10:19:06.628697,1909.5,4691703.0,334448.0
2025-06-20 10:19:06.979373,1909.5,4692052.0,334481.0
2025-06-20 10:19:07.628378,1909.5,4692052.0,334481.0
2025-06-20 10:19:08.080957,1909.5,4691983.0,335445.0
2025-06-20 10:19:08.624004,1909.1,4691983.0,335445.0
2025-06-20 10:19:09.089734,1909.1,4690875.0,336924.0
2025-06-20 10:19:09.626119,1909.1,4690875.0,336924.0
2025-06-20 10:19:10.080261,1909.1,4837798.0,339494.0
2025-06-20 10:19:10.661095,1909.1,4837798.0,339494.0
2025-06-20 10:19:11.081780,1909.4,4545215.0,338651.0
2025-06-20 10:19:11.633109,1908.9,4545215.0,338651.0
2025-06-20 10:19:12.184630,1908.9,4607115.0,338435.0
2025-06-20 10:19:12.626450,1909.2,4607115.0,338435.0
2025-06-20 10:19:13.282276,1909.4,4607270.0,339066.0
2025-06-20 10:19:13.641891,1909.5,4607270.0,339066.0
2025-06-20 10:19:14.399563,1909.5,4607473.0,338369.0
2025-06-20 10:19:15.483702,1909.4,4607849.0,337737.0
2025-06-20 10:19:15.647218,1909.4,4607849.0,337737.0
2025-06-20 10:19:16.592514,1909.0,4607934.0,339341.0
2025-06-20 10:19:16.640781,1909.0,4607934.0,339341.0
2025-06-20 10:19:17.638270,1909.4,4607934.0,339341.0
2025-06-20 10:19:17.685297,1909.4,4610525.0,339245.0
2025-06-20 10:19:18.831959,1909.4,4610482.0,339059.0
2025-06-20 10:19:19.626822,1908.9,4610482.0,339059.0
2025-06-20 10:19:19.896135,1908.9,4610350.0,338602.0
2025-06-20 10:19:20.638936,1909.3,4610350.0,338602.0
2025-06-20 10:19:20.990590,1909.4,4611205.0,338573.0
2025-06-20 10:19:21.680773,1909.4,4611205.0,338573.0
2025-06-20 10:19:22.091373,1909.4,4611192.0,338221.0
2025-06-20 10:19:22.646593,1909.3,4611192.0,338221.0
2025-06-20 10:19:23.190204,1909.3,4610798.0,338519.0
2025-06-20 10:19:23.635635,1909.1,4610798.0,338519.0
2025-06-20 10:19:24.291904,1909.4,4610316.0,338188.0
2025-06-20 10:19:24.883740,1909.4,4610316.0,338188.0
2025-06-20 10:19:25.406368,1909.4,4610759.0,337889.0
2025-06-20 10:19:25.685954,1909.3,4610759.0,337889.0
2025-06-20 10:19:26.494947,1909.0,4608929.0,338708.0
2025-06-20 10:19:26.667590,1909.0,4608929.0,338708.0
2025-06-20 10:19:27.595713,1909.3,4608993.0,338996.0
2025-06-20 10:19:27.683950,1909.3,4608993.0,338996.0
2025-06-20 10:19:28.684961,1909.0,4608993.0,338996.0
2025-06-20 10:19:28.693771,1909.0,4440416.0,340137.0
2025-06-20 10:19:29.875296,1909.3,4440416.0,340137.0
2025-06-20 10:19:29.886137,1909.0,4440072.0,340205.0
2025-06-20 10:19:30.633027,1908.9,4440072.0,340205.0
2025-06-20 10:19:30.909981,1908.9,4439424.0,342314.0
2025-06-20 10:19:31.640702,1908.9,4439424.0,342314.0
2025-06-20 10:19:32.000687,1908.9,4439414.0,342420.0
2025-06-20 10:19:32.641382,1908.9,4439414.0,342420.0
2025-06-20 10:19:33.100765,1908.9,4360446.0,341867.0
2025-06-20 10:19:33.648010,1909.0,4360446.0,341867.0
2025-06-20 10:19:34.206407,1909.0,4360498.0,341711.0
2025-06-20 10:19:34.633960,1908.9,4360498.0,341711.0
2025-06-20 10:19:35.205813,1908.9,4360312.0,341623.0
2025-06-20 10:19:35.641079,1909.0,4360312.0,341623.0
2025-06-20 10:19:36.302945,1908.9,4360317.0,341868.0
2025-06-20 10:19:36.631993,1909.0,4360317.0,341868.0
2025-06-20 10:19:37.503838,1909.0,4360771.0,341494.0
2025-06-20 10:19:37.698656,1908.9,4360771.0,341494.0
2025-06-20 10:19:38.503474,1909.0,4360541.0,341847.0
2025-06-20 10:19:38.628119,1909.0,4360541.0,341847.0
2025-06-20 10:19:39.609380,1909.0,4359316.0,341997.0
2025-06-20 10:19:40.887501,1908.9,4359136.0,341691.0
2025-06-20 10:19:40.905945,1908.9,4359136.0,341691.0
2025-06-20 10:19:41.667422,1909.0,4351139.0,341422.0
2025-06-20 10:19:41.671498,1909.0,4351139.0,341422.0
2025-06-20 10:19:42.640536,1909.5,4351139.0,341422.0
2025-06-20 10:19:42.715211,1909.5,4352812.0,338959.0
2025-06-20 10:19:43.627588,1909.2,4352812.0,338959.0
2025-06-20 10:19:43.805873,1909.2,4352629.0,339599.0
2025-06-20 10:19:44.628853,1908.9,4352629.0,339599.0
2025-06-20 10:19:44.921363,1909.0,4352214.0,339654.0
2025-06-20 10:19:45.634092,1909.0,4352214.0,339654.0
2025-06-20 10:19:46.010861,1909.0,4352832.0,338609.0
2025-06-20 10:19:46.636199,1909.5,4352832.0,338609.0
2025-06-20 10:19:47.113168,1909.5,4351840.0,337898.0
2025-06-20 10:19:47.636625,1909.0,4351840.0,337898.0
2025-06-20 10:19:48.125798,1909.0,4352302.0,337646.0
2025-06-20 10:19:48.634130,1909.0,4352302.0,337646.0
2025-06-20 10:19:49.218104,1909.0,4351989.0,339184.0
2025-06-20 10:19:49.633093,1908.9,4351989.0,339184.0
2025-06-20 10:19:50.320707,1909.0,4352366.0,339956.0
2025-06-20 10:19:50.635774,1908.9,4352366.0,339956.0
2025-06-20 10:19:51.429937,1908.9,4352302.0,339659.0
2025-06-20 10:19:51.636919,1909.0,4352302.0,339659.0
2025-06-20 10:19:52.519539,1909.0,4351152.0,339796.0
2025-06-20 10:19:53.522410,1909.0,4351063.0,339657.0
2025-06-20 10:19:53.634432,1909.0,4351063.0,339657.0
2025-06-20 10:19:54.621922,1909.0,4351074.0,340282.0
2025-06-20 10:19:54.636547,1909.0,4351074.0,340282.0
2025-06-20 10:19:55.636398,1909.0,4351074.0,340282.0
2025-06-20 10:19:55.723145,1909.0,4350647.0,340431.0
2025-06-20 10:19:56.632281,1909.0,4350647.0,340431.0
2025-06-20 10:19:56.833078,1908.9,4350963.0,340671.0
2025-06-20 10:19:57.640525,1908.9,4350963.0,340671.0
2025-06-20 10:19:57.934023,1908.9,4350338.0,340375.0
2025-06-20 10:19:58.632421,1909.0,4350338.0,340375.0
2025-06-20 10:19:58.931274,1909.0,4350536.0,339522.0
2025-06-20 10:19:59.634551,1909.0,4350536.0,339522.0
2025-06-20 10:20:00.027154,1909.0,4350602.0,337246.0
2025-06-20 10:20:01.228053,1909.0,4350838.0,337517.0
2025-06-20 10:20:01.676269,1909.5,4350838.0,337517.0
2025-06-20 10:20:02.131531,1909.2,4353520.0,334092.0
2025-06-20 10:20:02.638950,1909.2,4353520.0,334092.0
2025-06-20 10:20:03.132770,1909.7,4354552.0,335615.0
2025-06-20 10:20:03.638346,1909.5,4354552.0,335615.0
2025-06-20 10:20:04.133578,1909.2,4354381.0,336277.0
2025-06-20 10:20:04.637819,1908.9,4354381.0,336277.0
2025-06-20 10:20:05.169648,1909.0,4351566.0,337541.0
2025-06-20 10:20:05.639802,1909.5,4351566.0,337541.0
2025-06-20 10:20:06.036075,1909.5,4352010.0,337810.0
2025-06-20 10:20:06.637392,1909.7,4352010.0,337810.0
2025-06-20 10:20:06.937193,1909.0,4352836.0,337570.0
2025-06-20 10:20:07.636713,1909.1,4352836.0,337570.0
2025-06-20 10:20:07.936030,1909.1,4353123.0,337500.0
2025-06-20 10:20:08.640966,1909.6,4353123.0,337500.0
2025-06-20 10:20:08.838970,1909.6,4353155.0,337970.0
2025-06-20 10:20:09.637298,1909.0,4353155.0,337970.0
2025-06-20 10:20:09.743347,1909.0,4352753.0,338523.0
2025-06-20 10:20:10.637979,1909.0,4352753.0,338523.0
2025-06-20 10:20:10.744261,1909.0,4352603.0,338849.0
2025-06-20 10:20:11.683858,1909.5,4352603.0,338849.0
2025-06-20 10:20:12.636267,1909.1,4352603.0,338849.0
2025-06-20 10:20:12.682288,1909.1,4353766.0,337354.0
2025-06-20 10:20:13.636542,1909.3,4353766.0,337354.0
2025-06-20 10:20:13.773669,1909.3,4353998.0,337204.0
2025-06-20 10:20:14.649509,1909.1,4353998.0,337204.0
2025-06-20 10:20:14.692266,1909.1,4354334.0,337002.0
2025-06-20 10:20:15.668519,1909.1,4354334.0,337002.0
2025-06-20 10:20:15.674377,1909.1,4353158.0,338154.0
2025-06-20 10:20:16.546837,1909.5,4353574.0,338667.0
2025-06-20 10:20:16.639990,1909.5,4353574.0,338667.0
2025-06-20 10:20:17.542176,1909.1,4353370.0,339135.0
2025-06-20 10:20:17.648153,1909.1,4353370.0,339135.0
2025-06-20 10:20:18.446493,1909.1,4353647.0,338123.0
2025-06-20 10:20:18.638875,1909.1,4353647.0,338123.0
2025-06-20 10:20:19.358877,1909.1,4353693.0,338407.0
2025-06-20 10:20:19.638468,1909.5,4353693.0,338407.0
2025-06-20 10:20:20.359648,1909.6,4356493.0,337447.0
2025-06-20 10:20:20.638607,1909.7,4356493.0,337447.0
2025-06-20 10:20:21.353575,1909.6,4356580.0,337585.0
2025-06-20 10:20:21.639625,1909.6,4356580.0,337585.0
2025-06-20 10:20:22.246738,1909.5,4356310.0,337730.0
2025-06-20 10:20:22.636456,1909.6,4356310.0,337730.0
2025-06-20 10:20:23.248005,1909.6,4356233.0,337713.0
2025-06-20 10:20:23.642574,1909.5,4356233.0,337713.0
2025-06-20 10:20:24.149496,1909.5,4354842.0,337960.0
2025-06-20 10:20:24.643449,1909.5,4354842.0,337960.0
2025-06-20 10:20:25.248428,1909.5,4354513.0,338214.0
2025-06-20 10:20:25.641774,1909.6,4354513.0,338214.0
2025-06-20 10:20:26.252217,1909.6,4353875.0,338811.0
2025-06-20 10:20:26.638389,1909.6,4353875.0,338811.0
2025-06-20 10:20:27.290173,1909.7,4354759.0,338390.0
2025-06-20 10:20:27.700136,1909.6,4354759.0,338390.0
2025-06-20 10:20:28.421641,1909.6,4354759.0,337880.0
2025-06-20 10:20:28.644664,1909.2,4354759.0,337880.0
2025-06-20 10:20:29.275760,1909.2,4355112.0,337922.0
2025-06-20 10:20:29.639211,1909.6,4355112.0,337922.0
2025-06-20 10:20:30.151654,1909.6,4353082.0,338023.0
2025-06-20 10:20:30.640533,1909.8,4353082.0,338023.0
2025-06-20 10:20:31.156112,1909.6,4352827.0,337458.0
2025-06-20 10:20:31.644061,1909.9,4352827.0,337458.0
2025-06-20 10:20:32.164968,1909.6,4353011.0,338474.0
2025-06-20 10:20:32.705348,1909.6,4353011.0,338474.0
2025-06-20 10:20:33.058199,1909.9,4352906.0,339567.0
2025-06-20 10:20:33.640041,1909.9,4352906.0,339567.0
2025-06-20 10:20:34.059199,1909.9,4353057.0,339251.0
2025-06-20 10:20:34.638154,1909.9,4353057.0,339251.0
2025-06-20 10:20:35.059621,1909.9,4353003.0,339307.0
2025-06-20 10:20:35.639928,1909.9,4353003.0,339307.0
2025-06-20 10:20:36.061281,1909.6,4352891.0,339388.0
2025-06-20 10:20:36.664631,1909.6,4352891.0,339388.0
2025-06-20 10:20:37.059134,1909.6,4353464.0,339007.0
2025-06-20 10:20:37.648003,1909.9,4353464.0,339007.0
2025-06-20 10:20:38.061509,1909.6,4353521.0,338963.0
2025-06-20 10:20:38.641949,1909.9,4353521.0,338963.0
2025-06-20 10:20:39.062081,1909.9,4353531.0,338957.0
2025-06-20 10:20:39.643181,1909.9,4353531.0,338957.0
2025-06-20 10:20:40.062797,1909.9,4353454.0,338991.0
2025-06-20 10:20:40.643965,1909.9,4353454.0,338991.0
2025-06-20 10:20:41.062118,1909.6,4353107.0,339133.0
2025-06-20 10:20:41.639817,1910.0,4353107.0,339133.0
2025-06-20 10:20:42.162880,1909.6,4353663.0,338941.0
2025-06-20 10:20:42.641167,1909.6,4353663.0,338941.0
2025-06-20 10:20:43.163816,1909.6,4352346.0,339589.0
2025-06-20 10:20:43.645403,1909.8,4352346.0,339589.0
2025-06-20 10:20:44.164656,1909.5,4347737.0,339391.0
2025-06-20 10:20:44.644277,1909.9,4347737.0,339391.0
2025-06-20 10:20:45.164455,1909.6,4351058.0,339364.0
2025-06-20 10:20:45.658117,1909.9,4351058.0,339364.0
2025-06-20 10:20:46.164636,1909.6,4351767.0,339230.0
2025-06-20 10:20:46.641104,1910.0,4351767.0,339230.0
2025-06-20 10:20:47.165453,1910.0,4351974.0,339540.0
2025-06-20 10:20:47.643969,1909.9,4351974.0,339540.0
2025-06-20 10:20:48.168471,1909.6,4351588.0,339068.0
2025-06-20 10:20:48.642462,1909.6,4351588.0,339068.0
2025-06-20 10:20:49.171868,1909.9,4350913.0,339504.0
2025-06-20 10:20:49.698069,1909.9,4350913.0,339504.0
2025-06-20 10:20:50.168560,1909.6,4351472.0,339436.0
2025-06-20 10:20:50.678482,1909.6,4351472.0,339436.0
2025-06-20 10:20:51.168276,1909.6,4353806.0,339583.0
2025-06-20 10:20:51.641914,1909.8,4353806.0,339583.0
2025-06-20 10:20:52.271249,1909.8,4353072.0,338961.0
2025-06-20 10:20:52.643256,1909.6,4353072.0,338961.0
2025-06-20 10:20:53.275337,1909.6,4352988.0,338936.0
2025-06-20 10:20:53.649311,1909.6,4352988.0,338936.0
2025-06-20 10:20:54.272610,1909.7,4352756.0,339045.0
2025-06-20 10:20:54.640938,1909.7,4352756.0,339045.0
2025-06-20 10:20:55.383147,1909.9,4352484.0,339165.0
2025-06-20 10:20:55.645195,1909.9,4352484.0,339165.0
2025-06-20 10:20:56.611140,1909.5,4352680.0,340895.0
2025-06-20 10:20:56.643139,1909.5,4352680.0,340895.0
2025-06-20 10:20:57.472700,1909.5,4353182.0,339517.0
2025-06-20 10:20:57.645531,1909.5,4353182.0,339517.0
2025-06-20 10:20:58.571152,1909.3,4352997.0,340193.0
2025-06-20 10:20:58.641501,1909.3,4352997.0,340193.0
2025-06-20 10:20:59.652238,1909.5,4352997.0,340193.0
2025-06-20 10:20:59.682570,1909.5,4353094.0,342338.0
2025-06-20 10:21:01.398649,1909.3,4355029.0,342336.0
2025-06-20 10:21:01.651032,1909.3,4355029.0,342336.0
2025-06-20 10:21:02.383551,1909.3,4355022.0,342329.0
2025-06-20 10:21:03.648156,1909.3,4355022.0,342329.0
2025-06-20 10:21:04.270091,1909.3,4353768.0,342962.0
2025-06-20 10:21:04.696697,1909.3,4353768.0,342962.0
2025-06-20 10:21:05.272844,1909.4,4353987.0,343679.0
2025-06-20 10:21:05.647654,1909.2,4353987.0,343679.0
2025-06-20 10:21:06.270245,1909.3,4353943.0,343504.0
2025-06-20 10:21:06.644590,1908.6,4353943.0,343504.0
2025-06-20 10:21:07.177080,1908.0,4348318.0,351282.0
2025-06-20 10:21:07.674103,1908.0,4348318.0,351282.0
2025-06-20 10:21:08.278911,1908.0,4349924.0,346979.0
2025-06-20 10:21:08.647420,1908.0,4349924.0,346979.0
2025-06-20 10:21:09.645682,1908.0,4349924.0,346979.0
2025-06-20 10:21:10.647865,1907.7,4349924.0,346979.0
2025-06-20 10:21:11.078323,1907.7,4350555.0,347276.0
2025-06-20 10:21:11.645728,1907.7,4350555.0,347276.0
2025-06-20 10:21:12.076872,1908.3,4351302.0,346632.0
2025-06-20 10:21:12.645922,1908.0,4351302.0,346632.0
2025-06-20 10:21:13.284074,1908.3,4351621.0,346821.0
2025-06-20 10:21:13.660760,1907.6,4351621.0,346821.0
2025-06-20 10:21:14.655835,1907.7,4351621.0,346821.0
2025-06-20 10:21:15.703286,1908.0,4351621.0,346821.0
2025-06-20 10:21:15.893404,1908.0,4352640.0,345247.0
2025-06-20 10:21:16.657775,1908.4,4352640.0,345247.0
2025-06-20 10:21:17.647361,1908.4,4352640.0,345247.0
2025-06-20 10:21:17.782349,1908.4,4354087.0,345664.0
2025-06-20 10:21:18.646382,1908.9,4354087.0,345664.0
2025-06-20 10:21:19.416428,1908.4,4352521.0,346717.0
2025-06-20 10:21:19.647533,1908.8,4352521.0,346717.0
2025-06-20 10:21:20.659257,1908.7,4352521.0,346717.0
2025-06-20 10:21:20.704429,1908.7,4353130.0,344599.0
2025-06-20 10:21:21.658665,1908.7,4353130.0,344599.0
2025-06-20 10:21:21.685098,1908.7,4354072.0,343305.0
2025-06-20 10:21:22.651004,1908.7,4354072.0,343305.0
2025-06-20 10:21:22.684401,1908.7,4354022.0,344275.0
2025-06-20 10:21:23.658951,1909.2,4354022.0,344275.0
2025-06-20 10:21:24.650898,1909.0,4354022.0,344275.0
2025-06-20 10:21:25.296008,1908.8,4351195.0,340740.0
2025-06-20 10:21:25.657639,1908.8,4351195.0,340740.0
2025-06-20 10:21:26.489205,1908.8,4350944.0,341842.0
2025-06-20 10:21:26.647118,1908.8,4350944.0,341842.0
2025-06-20 10:21:27.492556,1908.8,4351423.0,341707.0
2025-06-20 10:21:27.644725,1908.8,4351423.0,341707.0
2025-06-20 10:21:28.656451,1908.8,4351423.0,341707.0
2025-06-20 10:21:28.690230,1908.8,4351215.0,342042.0
2025-06-20 10:21:29.654150,1909.0,4351215.0,342042.0
2025-06-20 10:21:30.427655,1909.5,4352412.0,340349.0
2025-06-20 10:21:30.652867,1909.5,4352412.0,340349.0
2025-06-20 10:21:31.307604,1908.8,4352937.0,341568.0
2025-06-20 10:21:32.196615,1908.8,4352937.0,341568.0
2025-06-20 10:21:32.639410,1908.9,4351959.0,341385.0
2025-06-20 10:21:32.670774,1908.9,4351959.0,341385.0
2025-06-20 10:21:33.481716,1908.9,4351184.0,342082.0
2025-06-20 10:21:33.653836,1908.9,4351184.0,342082.0
2025-06-20 10:21:34.647304,1909.2,4351184.0,342082.0
2025-06-20 10:21:35.295589,1909.2,4354090.0,341571.0
2025-06-20 10:21:35.644214,1909.5,4354090.0,341571.0
2025-06-20 10:21:36.647010,1909.4,4354090.0,341571.0
2025-06-20 10:21:37.118649,1909.6,4353949.0,341037.0
2025-06-20 10:21:37.696446,1909.0,4353949.0,341037.0
2025-06-20 10:21:37.995884,1909.0,4353601.0,342405.0
2025-06-20 10:21:38.644892,1909.5,4353601.0,342405.0
2025-06-20 10:21:39.646871,1909.0,4353601.0,342405.0
2025-06-20 10:21:39.910618,1909.0,4353739.0,341194.0
2025-06-20 10:21:40.647356,1909.0,4353739.0,341194.0
2025-06-20 10:21:40.801831,1909.0,4354197.0,340860.0
2025-06-20 10:21:41.646253,1909.0,4354197.0,340860.0
2025-06-20 10:21:41.796924,1909.0,4354278.0,341284.0
2025-06-20 10:21:41.849152,1909.0,4354278.0,341284.0
2025-06-20 10:21:42.177435,1909.0,4354278.0,341284.0
2025-06-20 10:21:42.660857,1909.7,4354278.0,341284.0
2025-06-20 10:21:42.798684,1909.7,4354278.0,341284.0
2025-06-20 10:21:42.805358,1909.7,4354917.0,340122.0
2025-06-20 10:21:43.096178,1909.7,4354917.0,340122.0
2025-06-20 10:21:43.655721,1909.2,4354917.0,340122.0
2025-06-20 10:21:43.705661,1909.1,4353433.0,341167.0
2025-06-20 10:21:43.726568,1909.1,4353433.0,341167.0
2025-06-20 10:21:44.449958,1909.1,4353433.0,341167.0
2025-06-20 10:21:44.647691,1909.0,4353433.0,341167.0
2025-06-20 10:21:44.838629,1909.0,4353433.0,341167.0
2025-06-20 10:21:45.207157,1909.0,4353980.0,340909.0
2025-06-20 10:21:45.474808,1909.0,4353980.0,340909.0
2025-06-20 10:21:46.203383,1909.3,4353932.0,341189.0
2025-06-20 10:21:46.691191,1909.8,4353932.0,341189.0
2025-06-20 10:21:46.833269,1909.8,4353932.0,341189.0
2025-06-20 10:21:47.411611,1909.9,4353904.0,340076.0
2025-06-20 10:21:47.660168,1909.2,4353904.0,340076.0
2025-06-20 10:21:48.164208,1909.2,4353904.0,340076.0
2025-06-20 10:21:48.503090,1909.2,4354534.0,340333.0
2025-06-20 10:21:49.143743,1909.2,4354534.0,340333.0
2025-06-20 10:21:49.504000,1910.0,4354784.0,339224.0
2025-06-20 10:21:49.694754,1910.0,4354784.0,339224.0
2025-06-20 10:21:50.417567,1910.0,4355291.0,338482.0
2025-06-20 10:21:50.670321,1909.3,4355291.0,338482.0
2025-06-20 10:21:50.720397,1909.3,4355291.0,338482.0
2025-06-20 10:21:51.426573,1909.9,4355362.0,338574.0
2025-06-20 10:21:51.698423,1909.9,4355362.0,338574.0
2025-06-20 10:21:51.953366,1909.9,4355362.0,338574.0
2025-06-20 10:21:52.431946,1909.3,4353951.0,339723.0
2025-06-20 10:21:52.710918,1909.3,4353951.0,339723.0
2025-06-20 10:21:53.215425,1909.3,4353951.0,339723.0
2025-06-20 10:21:53.506735,1909.5,4354133.0,340071.0
2025-06-20 10:21:53.645884,1909.5,4354133.0,340071.0
2025-06-20 10:21:54.605651,1909.5,4353789.0,340392.0
2025-06-20 10:21:54.667144,1909.5,4353789.0,340392.0
2025-06-20 10:21:54.814856,1909.5,4353789.0,340392.0
2025-06-20 10:21:55.608328,1909.5,4353423.0,340808.0
2025-06-20 10:21:55.673126,1909.5,4353423.0,340808.0
2025-06-20 10:21:56.709683,1909.5,4295595.0,340923.0
2025-06-20 10:21:57.655032,1909.2,4295595.0,340923.0
2025-06-20 10:21:57.806602,1909.2,4293775.0,344863.0
2025-06-20 10:21:58.647627,1909.3,4293775.0,344863.0
2025-06-20 10:21:58.809733,1909.0,4293755.0,345209.0
2025-06-20 10:21:59.703728,1908.0,4293755.0,345209.0
2025-06-20 10:22:00.021821,1908.3,4291155.0,348749.0
2025-06-20 10:22:00.926376,1908.0,4293092.0,346305.0
2025-06-20 10:22:01.659834,1908.3,4293092.0,346305.0
2025-06-20 10:22:01.931438,1908.3,4294600.0,343967.0
2025-06-20 10:22:02.682679,1909.0,4294600.0,343967.0
2025-06-20 10:22:03.020893,1909.0,4294590.0,343913.0
2025-06-20 10:22:04.114429,1908.4,4295029.0,344004.0
2025-06-20 10:22:04.642384,1908.4,4295029.0,344004.0
2025-06-20 10:22:05.212042,1908.3,4294849.0,343367.0
2025-06-20 10:22:05.711273,1908.3,4294849.0,343367.0
2025-06-20 10:22:06.114002,1908.3,4294795.0,343140.0
2025-06-20 10:22:06.649669,1909.0,4294795.0,343140.0
2025-06-20 10:22:07.632748,1909.0,4294421.0,344179.0
2025-06-20 10:22:07.990744,1908.9,4294421.0,344179.0
2025-06-20 10:22:08.264925,1908.9,4294190.0,345058.0
2025-06-20 10:22:09.317101,1908.9,4294523.0,345132.0
2025-06-20 10:22:10.433014,1908.7,4293995.0,346296.0
2025-06-20 10:22:10.739468,1908.3,4293995.0,346296.0
2025-06-20 10:22:11.550505,1908.6,4294540.0,346213.0
2025-06-20 10:22:11.693578,1908.6,4294540.0,346213.0
2025-06-20 10:22:12.514471,1908.3,4294211.0,346596.0
2025-06-20 10:22:12.649168,1908.3,4294211.0,346596.0
2025-06-20 10:22:13.616750,1908.1,4293911.0,348956.0
2025-06-20 10:22:13.695929,1908.1,4293911.0,348956.0
2025-06-20 10:22:14.655802,1908.1,4293911.0,348956.0
2025-06-20 10:22:14.720625,1908.1,4293962.0,348999.0
2025-06-20 10:22:15.819728,1908.1,4294110.0,348677.0
2025-06-20 10:22:16.650621,1908.2,4294110.0,348677.0
2025-06-20 10:22:16.928818,1908.2,4293957.0,347490.0
2025-06-20 10:22:17.649666,1908.0,4293957.0,347490.0
2025-06-20 10:22:17.931273,1908.0,4293674.0,347531.0
2025-06-20 10:22:18.686224,1908.0,4293674.0,347531.0
2025-06-20 10:22:18.817021,1908.0,4294100.0,347783.0
2025-06-20 10:22:19.647253,1908.2,4294100.0,347783.0
2025-06-20 10:22:19.945204,1908.0,4294837.0,346710.0
2025-06-20 10:22:20.647436,1908.0,4294837.0,346710.0
2025-06-20 10:22:21.069159,1908.1,4295010.0,347297.0
2025-06-20 10:22:21.651217,1908.3,4295010.0,347297.0
2025-06-20 10:22:22.123333,1908.2,4296175.0,345390.0
2025-06-20 10:22:22.670464,1908.2,4296175.0,345390.0
2025-06-20 10:22:23.222175,1908.2,4296150.0,345174.0
2025-06-20 10:22:23.649886,1908.6,4296150.0,345174.0
2025-06-20 10:22:24.223918,1908.6,4296358.0,345028.0
2025-06-20 10:22:24.652465,1908.4,4296358.0,345028.0
2025-06-20 10:22:25.223342,1908.6,4296288.0,345011.0
2025-06-20 10:22:25.649664,1908.6,4296288.0,345011.0
2025-06-20 10:22:26.225072,1908.5,4294329.0,343619.0
2025-06-20 10:22:26.648309,1908.6,4294329.0,343619.0
2025-06-20 10:22:27.331433,1908.6,4295028.0,344740.0
2025-06-20 10:22:28.330329,1908.6,4295049.0,343935.0
2025-06-20 10:22:28.653145,1908.8,4295049.0,343935.0
2025-06-20 10:22:29.436949,1908.6,4295046.0,343869.0
2025-06-20 10:22:29.682990,1908.6,4295046.0,343869.0
2025-06-20 10:22:30.610145,1908.8,4294968.0,343956.0
2025-06-20 10:22:31.170465,1908.8,4294968.0,343956.0
2025-06-20 10:22:31.628829,1908.6,4294174.0,343244.0
2025-06-20 10:22:31.655875,1908.6,4294174.0,343244.0
2025-06-20 10:22:32.626744,1908.8,4294647.0,343855.0
2025-06-20 10:22:32.659978,1908.8,4294647.0,343855.0
2025-06-20 10:22:33.655453,1908.6,4294647.0,343855.0
2025-06-20 10:22:33.727563,1908.6,4293159.0,343218.0
2025-06-20 10:22:34.715355,1908.6,4293159.0,343218.0
2025-06-20 10:22:34.830019,1908.8,4293147.0,343906.0
2025-06-20 10:22:35.649711,1908.8,4293147.0,343906.0
2025-06-20 10:22:35.954959,1908.5,4292743.0,343324.0
2025-06-20 10:22:36.648370,1908.5,4292743.0,343324.0
2025-06-20 10:22:36.831971,1908.4,4292474.0,344188.0
2025-06-20 10:22:37.652547,1908.4,4292474.0,344188.0
2025-06-20 10:22:38.031172,1908.4,4292685.0,344819.0
2025-06-20 10:22:39.152516,1908.8,4293063.0,344456.0
2025-06-20 10:22:39.655210,1908.8,4293063.0,344456.0
2025-06-20 10:22:40.148728,1908.4,4293150.0,344336.0
2025-06-20 10:22:40.729611,1908.4,4293150.0,344336.0
2025-06-20 10:22:41.135937,1908.8,4292020.0,344117.0
2025-06-20 10:22:41.654252,1908.6,4292020.0,344117.0
2025-06-20 10:22:42.236951,1908.6,4291197.0,344012.0
2025-06-20 10:22:42.694727,1908.9,4291197.0,344012.0
2025-06-20 10:22:43.341686,1908.8,4288033.0,344745.0
2025-06-20 10:22:43.658374,1908.6,4288033.0,344745.0
2025-06-20 10:22:44.447662,1908.6,4276567.0,344659.0
2025-06-20 10:22:44.658811,1908.8,4276567.0,344659.0
2025-06-20 10:22:45.444676,1908.8,4274937.0,344840.0
2025-06-20 10:22:46.537050,1908.8,4275292.0,344697.0
2025-06-20 10:22:46.652715,1908.8,4275292.0,344697.0
2025-06-20 10:22:47.637855,1908.7,4274309.0,344929.0
2025-06-20 10:22:47.654624,1908.7,4274309.0,344929.0
2025-06-20 10:22:48.656649,1909.3,4274309.0,344929.0
2025-06-20 10:22:48.740432,1909.3,4270898.0,337649.0
2025-06-20 10:22:49.651901,1909.3,4270898.0,337649.0
2025-06-20 10:22:49.837448,1909.5,4266479.0,339192.0
2025-06-20 10:22:50.649299,1909.7,4266479.0,339192.0
2025-06-20 10:22:50.837567,1909.5,4266444.0,339760.0
2025-06-20 10:22:51.648132,1909.7,4266444.0,339760.0
2025-06-20 10:22:51.838463,1909.5,4266354.0,339797.0
2025-06-20 10:22:52.651430,1909.5,4266354.0,339797.0
2025-06-20 10:22:52.744213,1909.5,4265926.0,339797.0
2025-06-20 10:22:53.641536,1909.8,4265345.0,339005.0
2025-06-20 10:22:53.653614,1909.8,4265345.0,339005.0
2025-06-20 10:22:54.651209,1909.5,4265345.0,339005.0
2025-06-20 10:22:54.897506,1909.5,4265194.0,338769.0
2025-06-20 10:22:55.651713,1909.8,4265194.0,338769.0
2025-06-20 10:22:55.841423,1909.8,4262842.0,339316.0
2025-06-20 10:22:56.651544,1909.4,4262842.0,339316.0
2025-06-20 10:22:56.951079,1909.5,4262876.0,340096.0
2025-06-20 10:22:57.652092,1909.4,4262876.0,340096.0
2025-06-20 10:22:58.009669,1909.4,4263060.0,340486.0
2025-06-20 10:22:58.672960,1909.4,4263060.0,340486.0
2025-06-20 10:22:58.959664,1909.4,4258060.0,341527.0
2025-06-20 10:22:59.650449,1909.4,4258060.0,341527.0
2025-06-20 10:22:59.951252,1909.4,4248374.0,341459.0
2025-06-20 10:23:01.343030,1909.5,4247956.0,341231.0
2025-06-20 10:23:01.654890,1909.5,4247956.0,341231.0
2025-06-20 10:23:02.246620,1909.4,4247893.0,341422.0
2025-06-20 10:23:02.652076,1909.5,4247893.0,341422.0
2025-06-20 10:23:03.147700,1909.4,4246240.0,343337.0
2025-06-20 10:23:03.722908,1909.3,4246240.0,343337.0
2025-06-20 10:23:04.158312,1909.3,4246804.0,343325.0
2025-06-20 10:23:04.659224,1909.3,4246804.0,343325.0
2025-06-20 10:23:05.153650,1909.3,4246919.0,343305.0
2025-06-20 10:23:06.175219,1909.3,4246921.0,343417.0
2025-06-20 10:23:06.660484,1909.3,4246921.0,343417.0
2025-06-20 10:23:07.048111,1909.3,4247382.0,342504.0
2025-06-20 10:23:07.653063,1909.4,4247382.0,342504.0
2025-06-20 10:23:07.949971,1909.4,4247942.0,342173.0
2025-06-20 10:23:08.654596,1909.2,4247942.0,342173.0
2025-06-20 10:23:08.956387,1908.6,4247680.0,343449.0
2025-06-20 10:23:09.704687,1908.6,4247680.0,343449.0
2025-06-20 10:23:09.850008,1908.6,4247537.0,343090.0
2025-06-20 10:23:10.653332,1908.6,4247537.0,343090.0
2025-06-20 10:23:10.749196,1908.6,4246055.0,343085.0
2025-06-20 10:23:11.733912,1909.4,4246055.0,343085.0
2025-06-20 10:23:11.749881,1909.4,4247902.0,342715.0
2025-06-20 10:23:12.658607,1909.4,4247902.0,342715.0
2025-06-20 10:23:12.751007,1909.4,4247838.0,342385.0
2025-06-20 10:23:13.653111,1908.9,4247838.0,342385.0
2025-06-20 10:23:13.753430,1909.0,4247284.0,342440.0
2025-06-20 10:23:14.656178,1908.9,4247284.0,342440.0
2025-06-20 10:23:14.754988,1908.9,4247777.0,342063.0
2025-06-20 10:23:15.663263,1909.1,4247777.0,342063.0
2025-06-20 10:23:15.753988,1909.1,4247363.0,341239.0
2025-06-20 10:23:16.654165,1909.4,4247363.0,341239.0
2025-06-20 10:23:16.756543,1909.2,4248072.0,341032.0
2025-06-20 10:23:17.652369,1909.2,4248072.0,341032.0
2025-06-20 10:23:17.660474,1909.1,4247676.0,341018.0
2025-06-20 10:23:18.712300,1909.2,4247676.0,341018.0
2025-06-20 10:23:18.722367,1909.2,4247701.0,341319.0
2025-06-20 10:23:19.666685,1909.4,4247701.0,341319.0
2025-06-20 10:23:19.674064,1909.4,4247846.0,341450.0
2025-06-20 10:23:20.655393,1909.4,4247846.0,341450.0
2025-06-20 10:23:20.664341,1909.4,4248585.0,338684.0
2025-06-20 10:23:21.558839,1909.4,4248835.0,340152.0
2025-06-20 10:23:21.660176,1909.4,4248835.0,340152.0
2025-06-20 10:23:22.558303,1909.4,4248818.0,340561.0
2025-06-20 10:23:22.653255,1909.4,4248818.0,340561.0
2025-06-20 10:23:23.559312,1909.9,4249672.0,337407.0
2025-06-20 10:23:23.655374,1909.9,4249672.0,337407.0
2025-06-20 10:23:24.560696,1909.9,4249740.0,337609.0
2025-06-20 10:23:24.655263,1909.9,4249740.0,337609.0
2025-06-20 10:23:25.562158,1910.0,4250393.0,338456.0
2025-06-20 10:23:25.659702,1910.0,4250393.0,338456.0
2025-06-20 10:23:26.461800,1909.6,4250483.0,337994.0
2025-06-20 10:23:26.655712,1910.5,4250483.0,337994.0
2025-06-20 10:23:27.463915,1910.3,4252000.0,322343.0
2025-06-20 10:23:27.652915,1911.0,4252000.0,322343.0
2025-06-20 10:23:28.499971,1910.5,4251560.0,324306.0
2025-06-20 10:23:28.672913,1910.3,4251560.0,324306.0
2025-06-20 10:23:29.412485,1910.9,4251927.0,324838.0
2025-06-20 10:23:29.656595,1910.3,4251927.0,324838.0
2025-06-20 10:23:30.376309,1911.0,4250616.0,324431.0
2025-06-20 10:23:30.654513,1911.0,4250616.0,324431.0
2025-06-20 10:23:31.602471,1910.9,4249734.0,324550.0
2025-06-20 10:23:31.681718,1910.9,4249734.0,324550.0
2025-06-20 10:23:32.379686,1910.6,4250126.0,324566.0
2025-06-20 10:23:32.657178,1910.9,4250126.0,324566.0
2025-06-20 10:23:33.588488,1910.6,4250150.0,324724.0
2025-06-20 10:23:33.655688,1910.6,4250150.0,324724.0
2025-06-20 10:23:34.422967,1910.9,4249573.0,324263.0
2025-06-20 10:23:34.661171,1910.9,4249573.0,324263.0
2025-06-20 10:23:35.267408,1910.6,4249040.0,323791.0
2025-06-20 10:23:35.660242,1910.9,4249040.0,323791.0
2025-06-20 10:23:36.266974,1910.6,4249559.0,324370.0
2025-06-20 10:23:36.659790,1910.9,4249559.0,324370.0
2025-06-20 10:23:37.376702,1910.9,4248835.0,324808.0
2025-06-20 10:23:37.654890,1910.9,4248835.0,324808.0
2025-06-20 10:23:38.273481,1911.0,4249352.0,324495.0
2025-06-20 10:23:38.657906,1911.0,4249352.0,324495.0
2025-06-20 10:23:39.274850,1910.9,4249418.0,324735.0
2025-06-20 10:23:39.656945,1910.6,4249418.0,324735.0
2025-06-20 10:23:40.293235,1910.6,4249445.0,324336.0
2025-06-20 10:23:40.746671,1910.6,4249445.0,324336.0
2025-06-20 10:23:41.275414,1910.6,4249407.0,323488.0
2025-06-20 10:23:41.655219,1910.9,4249407.0,323488.0
2025-06-20 10:23:42.172804,1910.9,4249863.0,324237.0
2025-06-20 10:23:42.657528,1910.9,4249863.0,324237.0
2025-06-20 10:23:43.172848,1910.6,4249060.0,323529.0
2025-06-20 10:23:43.659746,1910.7,4249060.0,323529.0
2025-06-20 10:23:44.174401,1910.8,4248429.0,324015.0
2025-06-20 10:23:44.662795,1910.8,4248429.0,324015.0
2025-06-20 10:23:45.076681,1910.8,4248626.0,323695.0
2025-06-20 10:23:45.670978,1910.9,4248626.0,323695.0
2025-06-20 10:23:46.093323,1910.7,4248933.0,323634.0
2025-06-20 10:23:46.662928,1910.9,4248933.0,323634.0
2025-06-20 10:23:46.976186,1910.9,4249055.0,323644.0
2025-06-20 10:23:47.655849,1910.9,4249055.0,323644.0
2025-06-20 10:23:47.976343,1910.9,4249979.0,322879.0
2025-06-20 10:23:48.667635,1910.7,4249979.0,322879.0
2025-06-20 10:23:48.784975,1910.7,4249823.0,323498.0
2025-06-20 10:23:49.657080,1910.7,4249823.0,323498.0
2025-06-20 10:23:49.781065,1910.9,4249535.0,323846.0
2025-06-20 10:23:50.660267,1911.0,4249535.0,323846.0
2025-06-20 10:23:50.780905,1910.9,4250530.0,320507.0
2025-06-20 10:23:51.658839,1910.9,4250530.0,320507.0
2025-06-20 10:23:51.781721,1910.9,4251055.0,321835.0
2025-06-20 10:23:52.654812,1911.0,4251055.0,321835.0
2025-06-20 10:23:52.783835,1911.0,4250985.0,320928.0
2025-06-20 10:23:53.656767,1911.0,4250985.0,320928.0
2025-06-20 10:23:53.783258,1911.0,4250710.0,321510.0
2025-06-20 10:23:54.663329,1911.4,4250710.0,321510.0
2025-06-20 10:23:54.784208,1911.4,4251005.0,320784.0
2025-06-20 10:23:55.665398,1911.1,4251005.0,320784.0
2025-06-20 10:23:55.730681,1911.1,4250940.0,321022.0
2025-06-20 10:23:56.660261,1911.3,4250940.0,321022.0
2025-06-20 10:23:56.782591,1911.4,4252566.0,318336.0
2025-06-20 10:23:57.657112,1912.0,4252566.0,318336.0
2025-06-20 10:23:57.690493,1912.0,4254363.0,318937.0
2025-06-20 10:23:58.659153,1912.0,4254363.0,318937.0
2025-06-20 10:23:58.691243,1912.0,4254224.0,319915.0
2025-06-20 10:23:59.627221,1911.7,4252703.0,319991.0
2025-06-20 10:23:59.656602,1911.7,4252703.0,319991.0
2025-06-20 10:24:00.988544,1912.0,4253164.0,319647.0
2025-06-20 10:24:01.659781,1912.1,4253164.0,319647.0
2025-06-20 10:24:02.190950,1912.1,4250600.0,320343.0
2025-06-20 10:24:02.656779,1912.1,4250600.0,320343.0
2025-06-20 10:24:03.185216,1912.0,4250310.0,320496.0
2025-06-20 10:24:03.656704,1912.1,4250310.0,320496.0
2025-06-20 10:24:04.299303,1912.1,4250423.0,320443.0
2025-06-20 10:24:04.657423,1912.0,4250423.0,320443.0
2025-06-20 10:24:05.433197,1912.1,4249460.0,321275.0
2025-06-20 10:24:05.661369,1911.8,4249460.0,321275.0
2025-06-20 10:24:06.488637,1911.7,4247160.0,324198.0
2025-06-20 10:24:06.661207,1911.7,4247160.0,324198.0
2025-06-20 10:24:07.617061,1911.7,4247280.0,324647.0
2025-06-20 10:24:07.703232,1911.7,4247280.0,324647.0
2025-06-20 10:24:08.657151,1911.4,4247280.0,324647.0
2025-06-20 10:24:08.701824,1911.4,4248121.0,325441.0
2025-06-20 10:24:09.762229,1911.4,4248121.0,325441.0
2025-06-20 10:24:09.774174,1911.6,4244797.0,325825.0
2025-06-20 10:24:10.923905,1911.4,4244797.0,325825.0
2025-06-20 10:24:10.941168,1911.4,4244878.0,325395.0
2025-06-20 10:24:11.699451,1911.6,4244878.0,325395.0
2025-06-20 10:24:11.794609,1911.4,4244944.0,325045.0
2025-06-20 10:24:12.838190,1911.4,4244944.0,325045.0
2025-06-20 10:24:12.928514,1911.5,4244822.0,324933.0
2025-06-20 10:24:14.095427,1911.5,4244822.0,324933.0
2025-06-20 10:24:14.167974,1911.4,4244832.0,324296.0
2025-06-20 10:24:14.677377,1911.4,4244832.0,324296.0
2025-06-20 10:24:15.006556,1911.5,4244766.0,324597.0
2025-06-20 10:24:15.654097,1911.5,4244766.0,324597.0
2025-06-20 10:24:16.122760,1911.4,4244149.0,323976.0
2025-06-20 10:24:16.735422,1911.4,4244149.0,323976.0
2025-06-20 10:24:17.200327,1911.4,4244096.0,325738.0
2025-06-20 10:24:17.661206,1911.4,4244096.0,325738.0
2025-06-20 10:24:18.308220,1911.5,4244825.0,325846.0
2025-06-20 10:24:18.698166,1911.5,4244825.0,325846.0
2025-06-20 10:24:19.440044,1911.4,4244834.0,325766.0
2025-06-20 10:24:19.653299,1910.9,4244834.0,325766.0
2025-06-20 10:24:20.602387,1910.1,4241897.0,328560.0
2025-06-20 10:24:20.667875,1910.1,4241897.0,328560.0
2025-06-20 10:24:21.509696,1911.1,4244065.0,326130.0
2025-06-20 10:24:21.658707,1911.2,4244065.0,326130.0
2025-06-20 10:24:22.600830,1911.1,4243635.0,326492.0
2025-06-20 10:24:22.656591,1911.1,4243635.0,326492.0
2025-06-20 10:24:23.663206,1911.0,4243635.0,326492.0
2025-06-20 10:24:23.708394,1911.0,4243004.0,325503.0
2025-06-20 10:24:24.665622,1910.9,4243004.0,325503.0
2025-06-20 10:24:24.799924,1911.1,4242815.0,323939.0
2025-06-20 10:24:25.662215,1910.9,4242815.0,323939.0
2025-06-20 10:24:25.917192,1910.9,4241952.0,325367.0
2025-06-20 10:24:26.655628,1911.0,4241952.0,325367.0
2025-06-20 10:24:26.808740,1911.1,4242059.0,325753.0
2025-06-20 10:24:27.654348,1911.1,4242059.0,325753.0
2025-06-20 10:24:27.918774,1911.1,4241882.0,326285.0
2025-06-20 10:24:28.658430,1910.4,4241882.0,326285.0
2025-06-20 10:24:29.004084,1910.3,4242767.0,327213.0
2025-06-20 10:24:29.659893,1910.3,4242767.0,327213.0
2025-06-20 10:24:30.140392,1911.0,4242989.0,325727.0
2025-06-20 10:24:30.656703,1911.0,4242989.0,325727.0
2025-06-20 10:24:31.203527,1911.0,4243101.0,325744.0
2025-06-20 10:24:31.658339,1911.1,4243101.0,325744.0
2025-06-20 10:24:32.207412,1911.2,4242514.0,325631.0
2025-06-20 10:24:32.656804,1911.2,4242514.0,325631.0
2025-06-20 10:24:33.306957,1911.0,4242466.0,325271.0
2025-06-20 10:24:33.656490,1911.0,4242466.0,325271.0
2025-06-20 10:24:34.419262,1911.1,4242132.0,325626.0
2025-06-20 10:24:34.661295,1911.1,4242132.0,325626.0
2025-06-20 10:24:35.506343,1911.1,4242545.0,327112.0
2025-06-20 10:24:35.656243,1911.1,4242545.0,327112.0
2025-06-20 10:24:36.606412,1911.1,4251182.0,327085.0
2025-06-20 10:24:36.658530,1911.1,4251182.0,327085.0
2025-06-20 10:24:37.656133,1910.9,4251182.0,327085.0
2025-06-20 10:24:37.717586,1910.9,4251200.0,326818.0
2025-06-20 10:24:38.659096,1910.9,4251200.0,326818.0
2025-06-20 10:24:38.808307,1910.9,4251498.0,326521.0
2025-06-20 10:24:39.656464,1911.1,4251498.0,326521.0
2025-06-20 10:24:39.922131,1910.9,4251396.0,327133.0
2025-06-20 10:24:40.661085,1910.9,4251396.0,327133.0
2025-06-20 10:24:41.009041,1910.9,4250950.0,326235.0
2025-06-20 10:24:41.660120,1910.9,4250950.0,326235.0
2025-06-20 10:24:42.113687,1911.2,4252319.0,326049.0
2025-06-20 10:24:42.296246,1911.2,4252319.0,326049.0
2025-06-20 10:24:42.657977,1911.2,4252319.0,326049.0
2025-06-20 10:24:42.961275,1911.2,4252319.0,326049.0
2025-06-20 10:24:43.212340,1911.2,4252232.0,326166.0
2025-06-20 10:24:43.502018,1911.2,4252232.0,326166.0
2025-06-20 10:24:43.655998,1910.6,4252232.0,326166.0
2025-06-20 10:24:43.784766,1910.6,4252232.0,326166.0
2025-06-20 10:24:44.049810,1910.6,4252232.0,326166.0
2025-06-20 10:24:44.115118,1911.0,4252202.0,327117.0
2025-06-20 10:24:44.438303,1911.0,4252202.0,327117.0
2025-06-20 10:24:44.700163,1911.0,4252202.0,327117.0
2025-06-20 10:24:45.059925,1911.0,4252202.0,327117.0
2025-06-20 10:24:45.214526,1910.9,4252440.0,326074.0
2025-06-20 10:24:45.510354,1910.9,4252440.0,326074.0
2025-06-20 10:24:45.658285,1911.0,4252440.0,326074.0
2025-06-20 10:24:46.100486,1911.0,4252440.0,326074.0
2025-06-20 10:24:46.311320,1911.4,4253862.0,322672.0
2025-06-20 10:24:46.489491,1911.4,4253862.0,322672.0
2025-06-20 10:24:46.654817,1911.4,4253862.0,322672.0
2025-06-20 10:24:47.636798,1911.4,4253852.0,323709.0
2025-06-20 10:24:47.690869,1911.4,4253852.0,323709.0
2025-06-20 10:24:47.702121,1911.5,4253852.0,323709.0
2025-06-20 10:24:48.514594,1911.5,4254010.0,325313.0
2025-06-20 10:24:48.658198,1911.5,4254010.0,325313.0
2025-06-20 10:24:48.815701,1911.5,4254010.0,325313.0
2025-06-20 10:24:49.446002,1911.5,4253934.0,325559.0
2025-06-20 10:24:49.789353,1911.5,4253934.0,325559.0
2025-06-20 10:24:50.513859,1911.5,4253940.0,325381.0
2025-06-20 10:24:50.658772,1911.5,4253940.0,325381.0
2025-06-20 10:24:51.324603,1911.5,4253940.0,325381.0
2025-06-20 10:24:51.613227,1911.8,4254105.0,325675.0
2025-06-20 10:24:51.657004,1911.8,4254105.0,325675.0
2025-06-20 10:24:52.575877,1911.8,4254105.0,325675.0
2025-06-20 10:24:52.688403,1911.4,4254105.0,325675.0
2025-06-20 10:24:52.725322,1911.4,4254246.0,325595.0
2025-06-20 10:24:53.663066,1911.5,4254246.0,325595.0
2025-06-20 10:24:53.833740,1911.5,4254246.0,325595.0
2025-06-20 10:24:53.839315,1911.7,4254580.0,326425.0
2025-06-20 10:24:54.661863,1911.5,4254580.0,326425.0
2025-06-20 10:24:54.927798,1911.6,4254380.0,326665.0
2025-06-20 10:24:55.454580,1911.6,4254380.0,326665.0
2025-06-20 10:24:55.669370,1911.1,4254380.0,326665.0
2025-06-20 10:24:56.016838,1911.1,4253638.0,326748.0
2025-06-20 10:24:56.655381,1911.6,4253638.0,326748.0
2025-06-20 10:24:57.115836,1911.1,4254337.0,326901.0
2025-06-20 10:24:57.657234,1911.1,4254337.0,326901.0
2025-06-20 10:24:58.216864,1911.1,4252581.0,326388.0
2025-06-20 10:24:58.661174,1911.0,4252581.0,326388.0
2025-06-20 10:24:59.318672,1911.1,4252376.0,326854.0
2025-06-20 10:24:59.660084,1911.1,4252376.0,326854.0
2025-06-20 10:25:01.660513,1911.2,4252376.0,326854.0
2025-06-20 10:25:01.719277,1911.2,4253354.0,326376.0
2025-06-20 10:25:02.657232,1911.2,4253354.0,326376.0
2025-06-20 10:25:02.720521,1911.2,4244274.0,326484.0
2025-06-20 10:25:03.659264,1911.8,4244274.0,326484.0
2025-06-20 10:25:03.819828,1911.8,4244080.0,325458.0
2025-06-20 10:25:04.665203,1911.2,4244080.0,325458.0
2025-06-20 10:25:04.820193,1911.2,4244224.0,325619.0
2025-06-20 10:25:05.655627,1911.8,4244224.0,325619.0
2025-06-20 10:25:05.823153,1911.7,4244003.0,326056.0
2025-06-20 10:25:06.657740,1911.8,4244003.0,326056.0
2025-06-20 10:25:06.823830,1911.6,4244958.0,325741.0
2025-06-20 10:25:07.658746,1911.3,4244958.0,325741.0
2025-06-20 10:25:07.955741,1911.3,4245430.0,326125.0
2025-06-20 10:25:08.663418,1911.2,4245430.0,326125.0
2025-06-20 10:25:09.083083,1911.2,4244916.0,326485.0
2025-06-20 10:25:09.696589,1911.2,4244916.0,326485.0
2025-06-20 10:25:09.948424,1911.2,4244914.0,326274.0
2025-06-20 10:25:10.675247,1911.3,4244914.0,326274.0
2025-06-20 10:25:11.026115,1911.3,4245105.0,325970.0
2025-06-20 10:25:11.658246,1911.4,4245105.0,325970.0
2025-06-20 10:25:12.027516,1911.3,4245576.0,326534.0
2025-06-20 10:25:12.662028,1911.3,4245576.0,326534.0
2025-06-20 10:25:13.027724,1911.4,4245088.0,326389.0
2025-06-20 10:25:13.655870,1911.4,4245088.0,326389.0
2025-06-20 10:25:14.029422,1911.3,4245083.0,326536.0
2025-06-20 10:25:14.658491,1911.5,4245083.0,326536.0
2025-06-20 10:25:15.030762,1911.5,4244632.0,327106.0
2025-06-20 10:25:15.663209,1911.5,4244632.0,327106.0
2025-06-20 10:25:16.030525,1911.5,4244949.0,327178.0
2025-06-20 10:25:16.659363,1911.5,4244949.0,327178.0
2025-06-20 10:25:17.031665,1911.5,4244409.0,327605.0
2025-06-20 10:25:17.658014,1911.5,4244409.0,327605.0
2025-06-20 10:25:18.130726,1911.4,4244938.0,327293.0
2025-06-20 10:25:18.658548,1911.7,4244938.0,327293.0
2025-06-20 10:25:19.310385,1911.7,4245120.0,326740.0
2025-06-20 10:25:20.349543,1911.7,4245120.0,326740.0
2025-06-20 10:25:20.363710,1911.7,4245211.0,326738.0
2025-06-20 10:25:20.701727,1911.7,4245211.0,326738.0
2025-06-20 10:25:21.445179,1911.8,4245553.0,324701.0
2025-06-20 10:25:21.655261,1911.8,4245553.0,324701.0
2025-06-20 10:25:22.533156,1911.8,4244926.0,325273.0
2025-06-20 10:25:22.657737,1911.8,4244926.0,325273.0
2025-06-20 10:25:23.638044,1912.0,4244891.0,325144.0
2025-06-20 10:25:23.663538,1912.0,4244891.0,325144.0
2025-06-20 10:25:24.735170,1912.0,4245174.0,325994.0
2025-06-20 10:25:25.635687,1911.4,4245753.0,325549.0
2025-06-20 10:25:25.664350,1911.4,4245753.0,325549.0
2025-06-20 10:25:26.782995,1911.2,4245753.0,325549.0
2025-06-20 10:25:26.802744,1911.2,4243371.0,329766.0
2025-06-20 10:25:27.706404,1911.1,4243371.0,329766.0
2025-06-20 10:25:27.836093,1911.4,4244153.0,328589.0
2025-06-20 10:25:28.658176,1911.4,4244153.0,328589.0
2025-06-20 10:25:29.534888,1911.2,4244229.0,328924.0
2025-06-20 10:25:29.656416,1911.2,4244229.0,328924.0
2025-06-20 10:25:30.635906,1910.4,4240830.0,329295.0
2025-06-20 10:25:30.657537,1910.4,4240830.0,329295.0
2025-06-20 10:25:31.637983,1910.2,4243480.0,329657.0
2025-06-20 10:25:31.664939,1910.2,4243480.0,329657.0
2025-06-20 10:25:32.658715,1910.5,4243480.0,329657.0
2025-06-20 10:25:32.737733,1910.5,4244623.0,329924.0
2025-06-20 10:25:33.661168,1910.3,4244623.0,329924.0
2025-06-20 10:25:33.740355,1910.3,4241341.0,330906.0
2025-06-20 10:25:34.658738,1911.1,4241341.0,330906.0
2025-06-20 10:25:34.843392,1911.1,4242429.0,331079.0
2025-06-20 10:25:35.661227,1910.3,4242429.0,331079.0
2025-06-20 10:25:35.842325,1910.3,4242283.0,331844.0
2025-06-20 10:25:36.659482,1910.1,4242283.0,331844.0
2025-06-20 10:25:36.951317,1910.1,4241508.0,332598.0
2025-06-20 10:25:37.657732,1910.0,4241508.0,332598.0
2025-06-20 10:25:37.948796,1910.0,4238103.0,335548.0
2025-06-20 10:25:38.656603,1909.5,4238103.0,335548.0
2025-06-20 10:25:39.043840,1909.9,4239728.0,335306.0
2025-06-20 10:25:39.663063,1909.9,4239728.0,335306.0
2025-06-20 10:25:40.143004,1909.8,4239457.0,337294.0
2025-06-20 10:25:40.666070,1909.2,4239457.0,337294.0
2025-06-20 10:25:41.243884,1909.7,4240887.0,336231.0
2025-06-20 10:25:41.656960,1909.7,4240887.0,336231.0
2025-06-20 10:25:42.344806,1909.2,4241716.0,336175.0
2025-06-20 10:25:42.688230,1909.1,4241716.0,336175.0
2025-06-20 10:25:43.510694,1909.8,4243833.0,332191.0
2025-06-20 10:25:43.734166,1909.9,4243833.0,332191.0
2025-06-20 10:25:44.454975,1909.8,4243272.0,334460.0
2025-06-20 10:25:44.662559,1909.5,4243272.0,334460.0
2025-06-20 10:25:45.548688,1909.5,4243114.0,334015.0
2025-06-20 10:25:45.658167,1909.8,4243114.0,334015.0
2025-06-20 10:25:46.648229,1910.2,4237648.0,330515.0
2025-06-20 10:25:46.660105,1910.2,4237648.0,330515.0
2025-06-20 10:25:47.662925,1910.1,4237648.0,330515.0
2025-06-20 10:25:47.749049,1910.1,4243453.0,331636.0
2025-06-20 10:25:48.662752,1910.1,4243453.0,331636.0
2025-06-20 10:25:48.855178,1910.1,4243548.0,332520.0
2025-06-20 10:25:49.661470,1910.1,4243548.0,332520.0
2025-06-20 10:25:49.857170,1910.2,4244477.0,331966.0
2025-06-20 10:25:50.664342,1910.3,4244477.0,331966.0
2025-06-20 10:25:50.958129,1910.3,4245418.0,331135.0
2025-06-20 10:25:51.670838,1910.8,4245418.0,331135.0
2025-06-20 10:25:51.960488,1910.9,4245287.0,332469.0
2025-06-20 10:25:52.661387,1910.9,4245287.0,332469.0
2025-06-20 10:25:53.054022,1910.9,4242351.0,332076.0
2025-06-20 10:25:54.155485,1910.7,4241909.0,337486.0
2025-06-20 10:25:54.664635,1910.3,4241909.0,337486.0
2025-06-20 10:25:55.309966,1910.3,4241510.0,338508.0
2025-06-20 10:25:56.255770,1910.7,4241534.0,338789.0
2025-06-20 10:25:56.660350,1910.7,4241534.0,338789.0
2025-06-20 10:25:57.355842,1910.7,4241645.0,338835.0
2025-06-20 10:25:58.465604,1910.8,4241994.0,338980.0
2025-06-20 10:25:58.664541,1910.3,4241994.0,338980.0
2025-06-20 10:25:59.557936,1910.3,4241074.0,340255.0
2025-06-20 10:25:59.665005,1910.3,4241074.0,340255.0
2025-06-20 10:26:00.664895,1910.5,4241074.0,340255.0
2025-06-20 10:26:00.859844,1910.3,4241396.0,338697.0
2025-06-20 10:26:01.659636,1910.1,4241396.0,338697.0
2025-06-20 10:26:01.860657,1910.1,4241866.0,339094.0
2025-06-20 10:26:02.667246,1910.1,4241866.0,339094.0
2025-06-20 10:26:02.859968,1910.1,4243014.0,337354.0
2025-06-20 10:26:03.659318,1910.3,4243014.0,337354.0
2025-06-20 10:26:03.860032,1910.3,4242103.0,338291.0
2025-06-20 10:26:04.659533,1910.6,4242103.0,338291.0
2025-06-20 10:26:04.962061,1910.1,4241666.0,339077.0
2025-06-20 10:26:05.658076,1910.1,4241666.0,339077.0
2025-06-20 10:26:06.062691,1910.6,4242903.0,338948.0
2025-06-20 10:26:06.656635,1910.6,4242903.0,338948.0
2025-06-20 10:26:07.164976,1910.1,4243090.0,337902.0
2025-06-20 10:26:07.658467,1910.1,4243090.0,337902.0
2025-06-20 10:26:08.167350,1910.3,4244345.0,337595.0
2025-06-20 10:26:08.658886,1910.3,4244345.0,337595.0
2025-06-20 10:26:09.275770,1910.6,4246839.0,337205.0
2025-06-20 10:26:09.657536,1910.6,4246839.0,337205.0
2025-06-20 10:26:10.367292,1910.6,4244490.0,337673.0
2025-06-20 10:26:10.659255,1910.8,4244490.0,337673.0
2025-06-20 10:26:11.367978,1910.7,4243274.0,338512.0
2025-06-20 10:26:11.657654,1910.7,4243274.0,338512.0
2025-06-20 10:26:12.478708,1910.4,4243357.0,338904.0
2025-06-20 10:26:12.658673,1910.3,4243357.0,338904.0
2025-06-20 10:26:13.570710,1910.8,4243282.0,337740.0
2025-06-20 10:26:13.659169,1910.8,4243282.0,337740.0
2025-06-20 10:26:14.480144,1910.8,4244573.0,338273.0
2025-06-20 10:26:15.571412,1910.8,4245814.0,336482.0
2025-06-20 10:26:15.659987,1910.8,4245814.0,336482.0
2025-06-20 10:26:16.658697,1910.9,4245814.0,336482.0
2025-06-20 10:26:16.677743,1910.9,4243366.0,336624.0
2025-06-20 10:26:17.771761,1910.9,4244788.0,337680.0
2025-06-20 10:26:18.657641,1910.7,4244788.0,337680.0
2025-06-20 10:26:18.874723,1910.7,4245049.0,335568.0
2025-06-20 10:26:19.659399,1910.7,4245049.0,335568.0
2025-06-20 10:26:19.974156,1910.7,4244534.0,338438.0
2025-06-20 10:26:20.691031,1910.2,4244534.0,338438.0
2025-06-20 10:26:20.978684,1910.2,4242103.0,339840.0
2025-06-20 10:26:21.658520,1910.7,4242103.0,339840.0
2025-06-20 10:26:22.077519,1910.2,4243125.0,340305.0
2025-06-20 10:26:22.659112,1910.2,4243125.0,340305.0
2025-06-20 10:26:23.180738,1910.2,4243961.0,339789.0
2025-06-20 10:26:24.184181,1910.4,4245456.0,338858.0
2025-06-20 10:26:24.658658,1910.4,4245456.0,338858.0
2025-06-20 10:26:25.181502,1910.4,4241946.0,339350.0
2025-06-20 10:26:25.657414,1910.9,4241946.0,339350.0
2025-06-20 10:26:26.183670,1911.0,4242888.0,338447.0
2025-06-20 10:26:26.658716,1910.7,4242888.0,338447.0
2025-06-20 10:26:27.184996,1910.7,4242865.0,339666.0
2025-06-20 10:26:28.185959,1910.7,4243260.0,339683.0
2025-06-20 10:26:29.186313,1910.8,4242485.0,336938.0
2025-06-20 10:26:29.659925,1910.8,4242485.0,336938.0
2025-06-20 10:26:30.185875,1910.9,4245188.0,338336.0
2025-06-20 10:26:30.666951,1911.4,4245188.0,338336.0
2025-06-20 10:26:31.184841,1911.8,4244380.0,334161.0
2025-06-20 10:26:31.668451,1911.6,4244380.0,334161.0
2025-06-20 10:26:32.283074,1911.6,4243663.0,335037.0
2025-06-20 10:26:32.661469,1911.0,4243663.0,335037.0
2025-06-20 10:26:33.291330,1911.0,4243503.0,337619.0
2025-06-20 10:26:34.394729,1911.0,4243491.0,338495.0
2025-06-20 10:26:34.664106,1911.0,4243491.0,338495.0
2025-06-20 10:26:35.392559,1911.3,4243338.0,335919.0
2025-06-20 10:26:35.673366,1910.9,4243338.0,335919.0
