timestamp,ltp,bid_qty,ask_qty
2025-06-20 10:10:48.253024,312.05,508536.0,758523.0
2025-06-20 10:10:49.591053,312.05,508536.0,758523.0
2025-06-20 10:10:49.971158,312.05,509499.0,758669.0
2025-06-20 10:10:51.595411,312.15,509499.0,758669.0
2025-06-20 10:10:53.585310,312.05,509499.0,758669.0
2025-06-20 10:10:55.664784,312.05,507171.0,756907.0
2025-06-20 10:10:57.594763,312.15,507171.0,756907.0
2025-06-20 10:10:58.612135,312.05,507171.0,756907.0
2025-06-20 10:11:01.071223,312.05,507091.0,755823.0
2025-06-20 10:11:01.651120,312.05,507091.0,755823.0
2025-06-20 10:11:03.602980,312.15,507091.0,755823.0
2025-06-20 10:11:06.975206,312.15,506856.0,754649.0
2025-06-20 10:11:07.605771,312.1,506856.0,754649.0
2025-06-20 10:11:09.621399,312.15,506856.0,754649.0
2025-06-20 10:11:12.914469,312.05,506856.0,754649.0
2025-06-20 10:11:12.980123,312.15,507858.0,755658.0
2025-06-20 10:11:14.682849,312.05,507858.0,755658.0
2025-06-20 10:11:17.616063,312.05,507858.0,755658.0
2025-06-20 10:11:18.482778,312.05,507854.0,756034.0
2025-06-20 10:11:21.645785,312.0,507854.0,756034.0
2025-06-20 10:11:23.594306,312.0,498158.0,759676.0
2025-06-20 10:11:26.254303,312.0,498158.0,759676.0
2025-06-20 10:11:27.664422,312.05,498158.0,759676.0
2025-06-20 10:11:29.087255,312.0,501682.0,756694.0
2025-06-20 10:11:29.611802,312.0,501682.0,756694.0
2025-06-20 10:11:30.868954,311.9,501682.0,756694.0
2025-06-20 10:11:33.592401,312.0,501682.0,756694.0
2025-06-20 10:11:34.690308,311.9,501659.0,756172.0
2025-06-20 10:11:35.593636,312.0,501659.0,756172.0
2025-06-20 10:11:39.597341,311.9,501659.0,756172.0
2025-06-20 10:11:40.496486,311.9,502324.0,754016.0
2025-06-20 10:11:45.596258,311.9,502324.0,754016.0
2025-06-20 10:11:46.539893,311.9,501642.0,757228.0
2025-06-20 10:11:49.602720,311.8,501642.0,757228.0
2025-06-20 10:11:52.431861,311.8,495513.0,763347.0
2025-06-20 10:11:54.602811,311.9,495513.0,763347.0
2025-06-20 10:11:57.599937,311.9,495513.0,763347.0
2025-06-20 10:11:58.205929,311.9,501385.0,753549.0
2025-06-20 10:11:59.599640,312.05,501385.0,753549.0
2025-06-20 10:12:04.624697,312.05,508224.0,739464.0
2025-06-20 10:12:07.596670,312.1,508224.0,739464.0
2025-06-20 10:12:09.600933,312.15,508224.0,739464.0
2025-06-20 10:12:11.369600,312.2,520114.0,734533.0
2025-06-20 10:12:12.606751,312.1,520114.0,734533.0
2025-06-20 10:12:15.599341,312.1,520114.0,734533.0
2025-06-20 10:12:17.729575,312.1,518630.0,735091.0
2025-06-20 10:12:23.939002,312.1,518355.0,734529.0
2025-06-20 10:12:24.603563,312.1,518355.0,734529.0
2025-06-20 10:12:30.127187,312.2,518067.0,735769.0
2025-06-20 10:12:31.600858,312.2,518067.0,735769.0
2025-06-20 10:12:35.605439,312.2,518067.0,735769.0
2025-06-20 10:12:36.130376,312.2,517522.0,736269.0
2025-06-20 10:12:37.608727,312.2,517522.0,736269.0
2025-06-20 10:12:39.601412,312.2,517522.0,736269.0
2025-06-20 10:12:40.520642,312.2,517522.0,736269.0
2025-06-20 10:12:41.137368,312.2,517522.0,736269.0
2025-06-20 10:12:42.032526,312.2,521180.0,734446.0
2025-06-20 10:12:42.289139,312.2,521180.0,734446.0
2025-06-20 10:12:43.429836,312.2,521180.0,734446.0
2025-06-20 10:12:44.609867,312.2,521180.0,734446.0
2025-06-20 10:12:45.400291,312.2,521180.0,734446.0
2025-06-20 10:12:45.638771,312.15,521180.0,734446.0
2025-06-20 10:12:46.676788,312.15,521180.0,734446.0
2025-06-20 10:12:47.607136,312.3,521180.0,734446.0
2025-06-20 10:12:47.647897,312.3,521180.0,734446.0
2025-06-20 10:12:47.940388,312.3,520313.0,734343.0
2025-06-20 10:12:49.161066,312.3,520313.0,734343.0
2025-06-20 10:12:50.473412,312.3,520313.0,734343.0
2025-06-20 10:12:51.710267,312.3,520313.0,734343.0
2025-06-20 10:12:53.263452,312.3,520313.0,734343.0
2025-06-20 10:12:53.740327,312.3,524969.0,733333.0
2025-06-20 10:12:55.602059,312.2,524969.0,733333.0
2025-06-20 10:12:57.640834,312.3,524969.0,733333.0
2025-06-20 10:12:59.550820,312.2,520469.0,736146.0
2025-06-20 10:12:59.604058,312.2,520469.0,736146.0
2025-06-20 10:13:04.950112,312.2,520931.0,736822.0
2025-06-20 10:13:05.610388,312.35,520931.0,736822.0
2025-06-20 10:13:07.603280,312.2,520931.0,736822.0
2025-06-20 10:13:10.668035,312.3,521774.0,738196.0
2025-06-20 10:13:11.600129,312.3,521774.0,738196.0
2025-06-20 10:13:15.610339,312.35,521774.0,738196.0
2025-06-20 10:13:16.459828,312.2,526127.0,736405.0
2025-06-20 10:13:17.609315,312.2,526127.0,736405.0
2025-06-20 10:13:21.605311,312.2,526127.0,736405.0
2025-06-20 10:13:22.664915,312.2,524929.0,734704.0
2025-06-20 10:13:27.607732,312.15,524929.0,734704.0
2025-06-20 10:13:28.773008,312.15,523387.0,736430.0
2025-06-20 10:13:29.605266,312.1,523387.0,736430.0
2025-06-20 10:13:31.611798,312.2,523387.0,736430.0
2025-06-20 10:13:33.600174,312.2,523387.0,736430.0
2025-06-20 10:13:35.078430,312.0,515999.0,743797.0
2025-06-20 10:13:35.605144,312.0,515999.0,743797.0
2025-06-20 10:13:41.179040,312.05,515976.0,744806.0
2025-06-20 10:13:41.609481,312.05,515976.0,744806.0
2025-06-20 10:13:45.610697,312.05,515976.0,744806.0
2025-06-20 10:13:47.181288,312.05,519850.0,741530.0
2025-06-20 10:13:47.637486,312.05,519850.0,741530.0
2025-06-20 10:13:51.605577,312.2,519850.0,741530.0
2025-06-20 10:13:52.483581,312.2,523339.0,738450.0
2025-06-20 10:13:52.625031,312.2,523339.0,738450.0
2025-06-20 10:13:55.598932,312.3,523339.0,738450.0
2025-06-20 10:13:57.611193,312.2,523339.0,738450.0
2025-06-20 10:13:58.187086,312.2,522655.0,736833.0
2025-06-20 10:14:00.612799,312.15,522655.0,736833.0
2025-06-20 10:14:03.608376,312.3,522655.0,736833.0
2025-06-20 10:14:03.791195,312.3,522769.0,737678.0
2025-06-20 10:14:05.652426,312.3,522769.0,737678.0
2025-06-20 10:14:09.493275,312.3,522290.0,737791.0
2025-06-20 10:14:15.430786,312.2,525593.0,736199.0
2025-06-20 10:14:15.609890,312.2,525593.0,736199.0
2025-06-20 10:14:17.600982,312.3,525593.0,736199.0
2025-06-20 10:14:19.651421,312.3,525593.0,736199.0
2025-06-20 10:14:21.202027,312.2,525017.0,735319.0
2025-06-20 10:14:21.616814,312.2,525017.0,735319.0
2025-06-20 10:14:25.606453,312.3,525017.0,735319.0
2025-06-20 10:14:27.205995,312.3,526371.0,736820.0
2025-06-20 10:14:29.604117,312.2,526371.0,736820.0
2025-06-20 10:14:33.117421,312.2,527020.0,737195.0
2025-06-20 10:14:33.612478,312.25,527020.0,737195.0
2025-06-20 10:14:35.615386,312.4,527020.0,737195.0
2025-06-20 10:14:38.509191,312.45,532267.0,732770.0
2025-06-20 10:14:39.605858,312.45,532267.0,732770.0
2025-06-20 10:14:41.606051,312.45,532267.0,732770.0
2025-06-20 10:14:44.226667,312.45,534375.0,733228.0
2025-06-20 10:14:45.656321,312.45,534375.0,733228.0
2025-06-20 10:14:47.659855,312.45,534375.0,733228.0
2025-06-20 10:14:49.936548,312.45,534050.0,733533.0
2025-06-20 10:14:51.607134,312.45,534050.0,733533.0
2025-06-20 10:14:55.921353,312.45,533298.0,732769.0
2025-06-20 10:15:01.678633,312.45,533298.0,732769.0
2025-06-20 10:15:02.229482,312.45,535391.0,727124.0
2025-06-20 10:15:03.663200,312.45,535391.0,727124.0
2025-06-20 10:15:05.613324,312.5,535391.0,727124.0
2025-06-20 10:15:07.616080,312.6,535391.0,727124.0
2025-06-20 10:15:08.652199,312.45,537210.0,724369.0
2025-06-20 10:15:09.610843,312.45,537210.0,724369.0
2025-06-20 10:15:11.611627,312.5,537210.0,724369.0
2025-06-20 10:15:13.611350,312.45,537210.0,724369.0
2025-06-20 10:15:15.038248,312.5,538169.0,724428.0
2025-06-20 10:15:15.615435,312.5,538169.0,724428.0
2025-06-20 10:15:17.609322,312.6,538169.0,724428.0
2025-06-20 10:15:21.353545,312.6,539756.0,723535.0
2025-06-20 10:15:21.618957,312.6,539756.0,723535.0
2025-06-20 10:15:25.611401,312.65,539756.0,723535.0
2025-06-20 10:15:27.614434,312.75,539756.0,723535.0
2025-06-20 10:15:27.873995,312.75,543012.0,724041.0
2025-06-20 10:15:31.619307,312.65,543012.0,724041.0
2025-06-20 10:15:33.608234,312.75,543012.0,724041.0
2025-06-20 10:15:33.950921,312.75,542974.0,721861.0
2025-06-20 10:15:35.616639,312.75,542974.0,721861.0
2025-06-20 10:15:37.618736,312.75,542974.0,721861.0
2025-06-20 10:15:39.631276,312.75,542974.0,721861.0
2025-06-20 10:15:39.953633,312.75,543322.0,721014.0
2025-06-20 10:15:40.966418,312.75,543322.0,721014.0
2025-06-20 10:15:41.336891,312.75,543322.0,721014.0
2025-06-20 10:15:42.169645,312.75,543322.0,721014.0
2025-06-20 10:15:43.439709,312.75,543322.0,721014.0
2025-06-20 10:15:43.618007,312.75,543322.0,721014.0
2025-06-20 10:15:43.856988,312.75,543322.0,721014.0
2025-06-20 10:15:44.456691,312.75,543322.0,721014.0
2025-06-20 10:15:45.615184,312.75,543322.0,721014.0
2025-06-20 10:15:45.686311,312.75,548340.0,719680.0
2025-06-20 10:15:45.773687,312.75,548340.0,719680.0
2025-06-20 10:15:47.112895,312.75,548340.0,719680.0
2025-06-20 10:15:48.077575,312.75,548340.0,719680.0
2025-06-20 10:15:49.656799,312.75,548340.0,719680.0
2025-06-20 10:15:50.880814,312.75,548340.0,719680.0
2025-06-20 10:15:51.864508,312.7,548525.0,719837.0
2025-06-20 10:15:52.121507,312.7,548525.0,719837.0
2025-06-20 10:15:52.619494,312.7,548525.0,719837.0
2025-06-20 10:15:53.693409,312.7,548525.0,719837.0
2025-06-20 10:15:55.846053,312.8,548525.0,719837.0
2025-06-20 10:15:58.375926,312.75,550186.0,723172.0
2025-06-20 10:15:58.614542,312.75,550186.0,723172.0
2025-06-20 10:16:01.618618,312.75,550186.0,723172.0
2025-06-20 10:16:04.376930,312.75,550437.0,718641.0
2025-06-20 10:16:05.668673,312.75,550437.0,718641.0
2025-06-20 10:16:09.618900,312.9,550437.0,718641.0
2025-06-20 10:16:10.474730,312.9,550858.0,719688.0
2025-06-20 10:16:13.613567,312.7,550858.0,719688.0
2025-06-20 10:16:16.681254,312.8,546900.0,721376.0
2025-06-20 10:16:17.623795,312.8,546900.0,721376.0
2025-06-20 10:16:23.182821,312.85,548276.0,720171.0
2025-06-20 10:16:23.616131,312.85,548276.0,720171.0
2025-06-20 10:16:26.651236,312.7,548276.0,720171.0
2025-06-20 10:16:29.585221,312.7,548606.0,718814.0
2025-06-20 10:16:29.625832,312.7,548606.0,718814.0
2025-06-20 10:16:32.617715,312.7,548606.0,718814.0
2025-06-20 10:16:35.640413,312.75,548606.0,718814.0
2025-06-20 10:16:36.088414,312.75,544088.0,725700.0
2025-06-20 10:16:38.636874,312.75,544088.0,725700.0
2025-06-20 10:16:41.624200,312.65,544088.0,725700.0
2025-06-20 10:16:42.403035,312.65,545704.0,725109.0
2025-06-20 10:16:44.670261,312.65,545704.0,725109.0
2025-06-20 10:16:47.623217,312.75,545704.0,725109.0
2025-06-20 10:16:48.597040,312.75,542703.0,725468.0
2025-06-20 10:16:50.616705,312.75,542703.0,725468.0
2025-06-20 10:16:53.616513,312.75,542703.0,725468.0
2025-06-20 10:16:54.927397,312.75,542033.0,725337.0
2025-06-20 10:16:55.622873,312.75,542033.0,725337.0
2025-06-20 10:17:00.810274,312.65,541855.0,727876.0
2025-06-20 10:17:01.618500,312.65,541855.0,727876.0
2025-06-20 10:17:03.616165,312.75,541855.0,727876.0
2025-06-20 10:17:05.618094,312.8,541855.0,727876.0
2025-06-20 10:17:06.818717,312.8,542671.0,724176.0
2025-06-20 10:17:07.620311,312.8,542671.0,724176.0
2025-06-20 10:17:12.822698,312.8,543966.0,724603.0
2025-06-20 10:17:15.620815,312.75,543966.0,724603.0
2025-06-20 10:17:17.633798,312.8,543966.0,724603.0
2025-06-20 10:17:19.018835,312.9,548607.0,719943.0
2025-06-20 10:17:19.626656,312.9,548607.0,719943.0
2025-06-20 10:17:21.618021,312.9,548607.0,719943.0
2025-06-20 10:17:24.933852,312.9,550578.0,715056.0
2025-06-20 10:17:30.622137,312.85,550578.0,715056.0
2025-06-20 10:17:30.942136,312.85,546177.0,715733.0
2025-06-20 10:17:36.622315,312.9,546177.0,715733.0
2025-06-20 10:17:37.007241,312.9,548690.0,715146.0
2025-06-20 10:17:42.625706,312.85,548690.0,715146.0
2025-06-20 10:17:42.847186,312.85,548433.0,712110.0
2025-06-20 10:17:45.631326,312.85,548433.0,712110.0
2025-06-20 10:17:48.736313,312.85,549668.0,708418.0
2025-06-20 10:17:54.624087,313.0,549668.0,708418.0
2025-06-20 10:17:54.937992,313.0,550093.0,708907.0
2025-06-20 10:17:57.627960,312.8,550093.0,708907.0
2025-06-20 10:18:00.626989,312.85,550093.0,708907.0
2025-06-20 10:18:01.242492,312.85,550575.0,711845.0
2025-06-20 10:18:03.630481,312.85,550575.0,711845.0
2025-06-20 10:18:06.628022,313.0,550575.0,711845.0
2025-06-20 10:18:07.655656,313.0,550659.0,710621.0
2025-06-20 10:18:12.624848,313.0,550659.0,710621.0
2025-06-20 10:18:13.552021,313.0,551650.0,709836.0
2025-06-20 10:18:15.623781,312.85,551650.0,709836.0
2025-06-20 10:18:18.632579,313.0,551650.0,709836.0
2025-06-20 10:18:19.365072,313.0,551754.0,710311.0
2025-06-20 10:18:21.626276,313.0,551754.0,710311.0
2025-06-20 10:18:25.958962,313.0,549894.0,709707.0
2025-06-20 10:18:27.630513,312.85,549894.0,709707.0
2025-06-20 10:18:30.627001,312.9,549894.0,709707.0
2025-06-20 10:18:32.763280,313.0,553093.0,710431.0
2025-06-20 10:18:33.631618,313.0,553093.0,710431.0
2025-06-20 10:18:36.630756,313.0,553093.0,710431.0
2025-06-20 10:18:38.663203,313.0,552987.0,710144.0
2025-06-20 10:18:39.635288,313.0,552987.0,710144.0
2025-06-20 10:18:41.579369,313.0,552987.0,710144.0
2025-06-20 10:18:42.126475,313.0,552987.0,710144.0
2025-06-20 10:18:42.682639,312.9,552987.0,710144.0
2025-06-20 10:18:42.732581,312.9,552987.0,710144.0
2025-06-20 10:18:43.301378,312.9,552987.0,710144.0
2025-06-20 10:18:44.437887,312.9,552987.0,710144.0
2025-06-20 10:18:44.468398,312.9,553427.0,710365.0
2025-06-20 10:18:45.014712,312.9,553427.0,710365.0
2025-06-20 10:18:45.434206,312.9,553427.0,710365.0
2025-06-20 10:18:45.645714,312.9,553427.0,710365.0
2025-06-20 10:18:46.348608,312.9,553427.0,710365.0
2025-06-20 10:18:47.686852,312.9,553427.0,710365.0
2025-06-20 10:18:48.691878,312.9,553427.0,710365.0
2025-06-20 10:18:50.229059,312.9,553427.0,710365.0
2025-06-20 10:18:50.271821,313.0,553906.0,711796.0
2025-06-20 10:18:51.461283,313.0,553906.0,711796.0
2025-06-20 10:18:51.636949,313.0,553906.0,711796.0
2025-06-20 10:18:52.755445,313.0,553906.0,711796.0
2025-06-20 10:18:54.407960,313.0,553906.0,711796.0
2025-06-20 10:18:54.657137,312.9,553906.0,711796.0
2025-06-20 10:18:56.179510,312.9,549337.0,711046.0
2025-06-20 10:19:00.639138,312.9,549337.0,711046.0
2025-06-20 10:19:02.604267,313.0,551079.0,711883.0
2025-06-20 10:19:03.651466,312.9,551079.0,711883.0
2025-06-20 10:19:06.635729,313.0,551079.0,711883.0
2025-06-20 10:19:08.881249,312.9,553826.0,711731.0
2025-06-20 10:19:09.632824,312.9,553826.0,711731.0
2025-06-20 10:19:12.632786,312.9,553826.0,711731.0
2025-06-20 10:19:14.981819,312.9,551971.0,710408.0
2025-06-20 10:19:15.674923,312.9,551971.0,710408.0
2025-06-20 10:19:18.739619,312.9,551971.0,710408.0
2025-06-20 10:19:21.092014,312.9,551662.0,710270.0
2025-06-20 10:19:21.689607,312.9,551662.0,710270.0
2025-06-20 10:19:24.898288,312.9,551662.0,710270.0
2025-06-20 10:19:27.095096,312.85,547912.0,716609.0
2025-06-20 10:19:27.696602,312.85,547912.0,716609.0
2025-06-20 10:19:30.641907,312.7,547912.0,716609.0
2025-06-20 10:19:33.200190,312.7,542378.0,726147.0
2025-06-20 10:19:36.653484,312.7,542378.0,726147.0
2025-06-20 10:19:39.417503,312.7,543941.0,725262.0
2025-06-20 10:19:39.640364,312.7,543941.0,725262.0
2025-06-20 10:19:45.309881,312.6,541464.0,729977.0
2025-06-20 10:19:45.639145,312.6,541464.0,729977.0
2025-06-20 10:19:50.817530,312.7,542551.0,726832.0
2025-06-20 10:19:51.647167,312.7,542551.0,726832.0
2025-06-20 10:19:54.679865,312.55,542551.0,726832.0
2025-06-20 10:19:56.725583,312.55,538375.0,729438.0
2025-06-20 10:20:00.667792,312.55,538375.0,729438.0
2025-06-20 10:20:02.681381,312.7,538375.0,729438.0
2025-06-20 10:20:02.834876,312.7,543221.0,725105.0
2025-06-20 10:20:05.675511,312.9,543221.0,725105.0
2025-06-20 10:20:08.679268,312.8,543221.0,725105.0
2025-06-20 10:20:09.538643,312.8,548805.0,718256.0
2025-06-20 10:20:11.687460,312.8,548805.0,718256.0
2025-06-20 10:20:14.685384,312.8,548805.0,718256.0
2025-06-20 10:20:15.944956,312.8,549188.0,719319.0
2025-06-20 10:20:17.653317,312.8,549188.0,719319.0
2025-06-20 10:20:22.250202,312.75,550022.0,719987.0
2025-06-20 10:20:23.648905,312.75,550022.0,719987.0
2025-06-20 10:20:26.647774,312.7,550022.0,719987.0
2025-06-20 10:20:28.155707,312.8,553270.0,713342.0
2025-06-20 10:20:29.679690,312.8,553270.0,713342.0
2025-06-20 10:20:32.713519,312.8,553270.0,713342.0
2025-06-20 10:20:34.580729,312.8,553408.0,717170.0
2025-06-20 10:20:35.647210,312.95,553408.0,717170.0
2025-06-20 10:20:40.387730,312.95,552536.0,716368.0
2025-06-20 10:20:41.645961,312.95,552536.0,716368.0
2025-06-20 10:20:44.650202,312.8,552536.0,716368.0
2025-06-20 10:20:46.375701,312.8,551598.0,719252.0
2025-06-20 10:20:50.689105,312.7,551598.0,719252.0
2025-06-20 10:20:52.466331,312.7,547537.0,722596.0
2025-06-20 10:20:53.659132,312.7,547537.0,722596.0
2025-06-20 10:20:56.657699,312.7,547537.0,722596.0
2025-06-20 10:20:58.684505,312.8,548610.0,721265.0
2025-06-20 10:20:59.661217,312.7,548610.0,721265.0
2025-06-20 10:21:03.650645,312.8,548610.0,721265.0
2025-06-20 10:21:04.972259,312.8,549802.0,722647.0
2025-06-20 10:21:05.650921,312.85,549802.0,722647.0
2025-06-20 10:21:11.502565,312.7,549938.0,724326.0
2025-06-20 10:21:11.652620,312.7,549938.0,724326.0
2025-06-20 10:21:14.657408,312.7,549938.0,724326.0
2025-06-20 10:21:17.586739,312.85,551135.0,724559.0
2025-06-20 10:21:17.652861,312.85,551135.0,724559.0
2025-06-20 10:21:20.661283,312.7,551135.0,724559.0
2025-06-20 10:21:23.612243,312.65,548147.0,723596.0
2025-06-20 10:21:23.663201,312.65,548147.0,723596.0
2025-06-20 10:21:29.494091,312.65,545801.0,726351.0
2025-06-20 10:21:29.657199,312.65,545801.0,726351.0
2025-06-20 10:21:35.499293,312.85,548917.0,723795.0
2025-06-20 10:21:35.655232,312.85,548917.0,723795.0
2025-06-20 10:21:41.413072,312.75,548434.0,722997.0
2025-06-20 10:21:41.651570,312.75,548434.0,722997.0
2025-06-20 10:21:41.840738,312.75,548434.0,722997.0
2025-06-20 10:21:42.175940,312.75,548434.0,722997.0
2025-06-20 10:21:43.095478,312.75,548434.0,722997.0
2025-06-20 10:21:44.449248,312.75,548434.0,722997.0
2025-06-20 10:21:44.649979,312.75,548434.0,722997.0
2025-06-20 10:21:44.837866,312.75,548434.0,722997.0
2025-06-20 10:21:45.467672,312.75,548434.0,722997.0
2025-06-20 10:21:46.825661,312.75,548434.0,722997.0
2025-06-20 10:21:47.217708,312.75,542476.0,724131.0
2025-06-20 10:21:48.163526,312.75,542476.0,724131.0
2025-06-20 10:21:49.142937,312.75,542476.0,724131.0
2025-06-20 10:21:50.683349,312.8,542476.0,724131.0
2025-06-20 10:21:50.719877,312.8,542476.0,724131.0
2025-06-20 10:21:51.951997,312.8,542476.0,724131.0
2025-06-20 10:21:52.938975,312.85,545682.0,724689.0
2025-06-20 10:21:53.194161,312.85,545682.0,724689.0
2025-06-20 10:21:53.646972,312.85,545682.0,724689.0
2025-06-20 10:21:54.812441,312.85,545682.0,724689.0
2025-06-20 10:21:58.508679,312.75,540828.0,727334.0
2025-06-20 10:21:59.710425,312.75,540828.0,727334.0
2025-06-20 10:22:04.311525,312.85,542421.0,725062.0
2025-06-20 10:22:05.719250,312.8,542421.0,725062.0
2025-06-20 10:22:10.124193,312.8,543634.0,726820.0
2025-06-20 10:22:14.712726,312.7,543634.0,726820.0
2025-06-20 10:22:16.320722,312.75,541295.0,731890.0
2025-06-20 10:22:17.662382,312.75,541295.0,731890.0
2025-06-20 10:22:20.657673,312.7,541295.0,731890.0
2025-06-20 10:22:22.432265,312.7,539688.0,733328.0
2025-06-20 10:22:23.655819,312.7,539688.0,733328.0
2025-06-20 10:22:28.727259,312.7,540007.0,731956.0
2025-06-20 10:22:29.692469,312.65,540007.0,731956.0
2025-06-20 10:22:34.641976,312.65,540795.0,727512.0
2025-06-20 10:22:35.653928,312.7,540795.0,727512.0
2025-06-20 10:22:38.676399,312.8,540795.0,727512.0
2025-06-20 10:22:40.624526,312.8,544074.0,727576.0
2025-06-20 10:22:42.701018,312.8,544074.0,727576.0
2025-06-20 10:22:44.690196,312.7,544074.0,727576.0
2025-06-20 10:22:45.947877,312.7,542835.0,724131.0
2025-06-20 10:22:51.641542,312.7,542915.0,726366.0
2025-06-20 10:22:54.661368,312.7,542915.0,726366.0
2025-06-20 10:22:57.783181,312.7,542662.0,724185.0
2025-06-20 10:23:00.649723,312.7,542662.0,724185.0
2025-06-20 10:23:03.845901,312.7,542723.0,722514.0
2025-06-20 10:23:08.659545,312.8,542723.0,722514.0
2025-06-20 10:23:09.749146,312.85,544462.0,717494.0
2025-06-20 10:23:10.654318,312.85,544462.0,717494.0
2025-06-20 10:23:15.159612,312.95,544900.0,716396.0
2025-06-20 10:23:16.657567,312.95,544900.0,716396.0
2025-06-20 10:23:21.060118,312.95,550856.0,718648.0
2025-06-20 10:23:22.655528,312.95,550856.0,718648.0
2025-06-20 10:23:24.657359,312.8,550856.0,718648.0
2025-06-20 10:23:26.968004,312.8,549943.0,717539.0
2025-06-20 10:23:30.656797,312.85,549943.0,717539.0
2025-06-20 10:23:32.679607,312.85,552385.0,710672.0
2025-06-20 10:23:34.665586,312.75,552385.0,710672.0
2025-06-20 10:23:36.663123,312.75,552385.0,710672.0
2025-06-20 10:23:38.476004,312.75,552157.0,716382.0
2025-06-20 10:23:40.764134,312.75,552157.0,716382.0
2025-06-20 10:23:42.660836,312.85,552157.0,716382.0
2025-06-20 10:23:44.476486,312.8,558046.0,717051.0
2025-06-20 10:23:44.665982,312.8,558046.0,717051.0
2025-06-20 10:23:48.675013,312.85,558046.0,717051.0
2025-06-20 10:23:50.481308,312.85,556513.0,716860.0
2025-06-20 10:23:52.657901,312.95,556513.0,716860.0
2025-06-20 10:23:56.180553,312.95,555617.0,718480.0
2025-06-20 10:24:00.657839,312.95,555617.0,718480.0
2025-06-20 10:24:01.584309,312.95,557772.0,717856.0
2025-06-20 10:24:07.397480,312.95,558294.0,717483.0
2025-06-20 10:24:12.842652,312.95,558294.0,717483.0
2025-06-20 10:24:12.929225,312.95,579585.0,716637.0
2025-06-20 10:24:14.713756,312.85,579585.0,716637.0
2025-06-20 10:24:16.771573,312.95,579585.0,716637.0
2025-06-20 10:24:18.706975,312.95,577787.0,718023.0
2025-06-20 10:24:24.205334,312.9,578537.0,718230.0
2025-06-20 10:24:24.669048,312.9,578537.0,718230.0
2025-06-20 10:24:28.668376,312.85,578537.0,718230.0
2025-06-20 10:24:30.128724,312.85,578460.0,718312.0
2025-06-20 10:24:30.660452,312.85,578460.0,718312.0
2025-06-20 10:24:32.659987,312.9,578460.0,718312.0
2025-06-20 10:24:35.607456,312.9,577598.0,718777.0
2025-06-20 10:24:40.670829,312.85,577598.0,718777.0
2025-06-20 10:24:41.610884,312.85,578342.0,720853.0
2025-06-20 10:24:42.295584,312.85,578342.0,720853.0
2025-06-20 10:24:43.500454,312.85,578342.0,720853.0
2025-06-20 10:24:44.048139,312.85,578342.0,720853.0
2025-06-20 10:24:44.706316,312.8,578342.0,720853.0
2025-06-20 10:24:45.059011,312.8,578342.0,720853.0
2025-06-20 10:24:45.666937,312.95,578342.0,720853.0
2025-06-20 10:24:46.080648,312.95,578342.0,720853.0
2025-06-20 10:24:47.314526,312.95,576193.0,720812.0
2025-06-20 10:24:47.688876,312.95,576193.0,720812.0
2025-06-20 10:24:48.663661,312.9,576193.0,720812.0
2025-06-20 10:24:48.789436,312.9,576193.0,720812.0
2025-06-20 10:24:49.783968,312.9,576193.0,720812.0
2025-06-20 10:24:51.322886,312.9,576193.0,720812.0
2025-06-20 10:24:52.574454,312.9,576193.0,720812.0
2025-06-20 10:24:52.689723,312.8,576193.0,720812.0
2025-06-20 10:24:53.113365,312.8,577495.0,720720.0
2025-06-20 10:24:53.833014,312.8,577495.0,720720.0
2025-06-20 10:24:54.663211,312.9,577495.0,720720.0
2025-06-20 10:24:55.453443,312.9,577495.0,720720.0
2025-06-20 10:24:58.939685,312.8,575083.0,723844.0
2025-06-20 10:25:00.653541,312.8,575083.0,723844.0
2025-06-20 10:25:04.669441,312.95,575083.0,723844.0
2025-06-20 10:25:04.823141,312.95,741350.0,713995.0
2025-06-20 10:25:06.661962,313.0,741350.0,713995.0
2025-06-20 10:25:08.667214,313.0,741350.0,713995.0
2025-06-20 10:25:10.961210,313.0,746744.0,715339.0
2025-06-20 10:25:13.661227,313.0,746744.0,715339.0
2025-06-20 10:25:16.673713,313.0,746744.0,715339.0
2025-06-20 10:25:17.230490,313.0,580741.0,708895.0
2025-06-20 10:25:20.353536,312.95,580741.0,708895.0
2025-06-20 10:25:22.667455,312.95,580741.0,708895.0
2025-06-20 10:25:23.245675,312.9,580890.0,710208.0
2025-06-20 10:25:25.681639,313.0,580890.0,710208.0
2025-06-20 10:25:29.338931,312.9,580988.0,711554.0
2025-06-20 10:25:31.674936,313.0,580988.0,711554.0
2025-06-20 10:25:34.665951,313.0,580988.0,711554.0
2025-06-20 10:25:35.540289,313.0,582223.0,711254.0
2025-06-20 10:25:37.662916,313.0,582223.0,711254.0
2025-06-20 10:25:41.847375,313.0,582516.0,710857.0
2025-06-20 10:25:46.667872,312.9,582516.0,710857.0
2025-06-20 10:25:48.050896,312.9,580370.0,712217.0
2025-06-20 10:25:49.665793,312.9,580370.0,712217.0
2025-06-20 10:25:52.668789,313.0,580370.0,712217.0
2025-06-20 10:25:54.057652,313.05,605987.0,706241.0
2025-06-20 10:25:55.671022,313.1,605987.0,706241.0
2025-06-20 10:25:58.672677,313.1,605987.0,706241.0
2025-06-20 10:25:59.961348,313.05,605476.0,707345.0
2025-06-20 10:26:01.667130,313.05,605476.0,707345.0
2025-06-20 10:26:04.668141,313.1,605476.0,707345.0
2025-06-20 10:26:05.862066,313.1,581706.0,711971.0
2025-06-20 10:26:07.674231,313.15,581706.0,711971.0
2025-06-20 10:26:10.672331,313.15,581706.0,711971.0
2025-06-20 10:26:12.172739,313.15,581859.0,710645.0
2025-06-20 10:26:16.668614,313.0,581859.0,710645.0
2025-06-20 10:26:18.481658,313.0,581602.0,710729.0
2025-06-20 10:26:22.667613,313.15,581602.0,710729.0
2025-06-20 10:26:24.691470,313.15,582241.0,710721.0
2025-06-20 10:26:28.673207,313.15,582241.0,710721.0
2025-06-20 10:26:30.985196,313.0,583177.0,710680.0
2025-06-20 10:26:31.679310,313.0,583177.0,710680.0
2025-06-20 10:26:34.674522,313.0,583177.0,710680.0
2025-06-20 10:26:36.987152,313.0,580649.0,711146.0
2025-06-20 10:26:43.502150,313.0,579239.0,713141.0
2025-06-20 10:26:46.722384,312.95,579239.0,713141.0
2025-06-20 10:26:49.719428,312.95,574826.0,719576.0
2025-06-20 10:26:56.104818,312.95,576166.0,716304.0
2025-06-20 10:26:58.700557,313.05,576166.0,716304.0
2025-06-20 10:27:01.699742,312.8,576166.0,716304.0
2025-06-20 10:27:02.015410,312.8,570730.0,727605.0
2025-06-20 10:27:04.725698,312.7,570730.0,727605.0
2025-06-20 10:27:07.716485,312.6,570730.0,727605.0
2025-06-20 10:27:08.613359,312.6,567686.0,730290.0
2025-06-20 10:27:13.716184,312.75,567686.0,730290.0
2025-06-20 10:27:15.227930,312.65,568396.0,729835.0
2025-06-20 10:27:16.671440,312.65,568396.0,729835.0
2025-06-20 10:27:19.706532,312.75,568396.0,729835.0
2025-06-20 10:27:21.826830,312.75,569704.0,730373.0
2025-06-20 10:27:25.716822,312.65,569704.0,730373.0
2025-06-20 10:27:28.330231,312.5,562850.0,735006.0
2025-06-20 10:27:29.808427,312.5,562850.0,735006.0
2025-06-20 10:27:32.729703,312.75,562850.0,735006.0
2025-06-20 10:27:35.136308,312.75,563704.0,732407.0
2025-06-20 10:27:35.676499,312.75,563704.0,732407.0
2025-06-20 10:27:38.723428,312.5,563704.0,732407.0
2025-06-20 10:27:41.765301,312.65,562785.0,737289.0
2025-06-20 10:27:42.683128,312.65,562785.0,737289.0
2025-06-20 10:27:42.739301,312.65,562785.0,737289.0
2025-06-20 10:27:43.028485,312.65,562785.0,737289.0
2025-06-20 10:27:44.239628,312.65,562785.0,737289.0
2025-06-20 10:27:45.275447,312.65,562785.0,737289.0
2025-06-20 10:27:46.295035,312.65,562785.0,737289.0
2025-06-20 10:27:46.731365,312.55,562785.0,737289.0
2025-06-20 10:27:46.739472,312.55,562785.0,737289.0
2025-06-20 10:27:47.699469,312.55,562785.0,737289.0
2025-06-20 10:27:48.047805,312.55,563801.0,737520.0
2025-06-20 10:27:49.007380,312.55,563801.0,737520.0
2025-06-20 10:27:50.687000,312.5,563801.0,737520.0
2025-06-20 10:27:51.517645,312.5,563801.0,737520.0
2025-06-20 10:27:52.681186,312.6,563801.0,737520.0
2025-06-20 10:27:52.819875,312.6,563801.0,737520.0
2025-06-20 10:27:54.028194,312.6,563801.0,737520.0
2025-06-20 10:27:54.461693,312.6,563826.0,737574.0
2025-06-20 10:27:55.622273,312.6,563826.0,737574.0
2025-06-20 10:27:55.719987,312.6,563826.0,737574.0
2025-06-20 10:27:58.675500,312.45,563826.0,737574.0
2025-06-20 10:28:00.757337,312.6,563526.0,739244.0
2025-06-20 10:28:01.743116,312.6,563526.0,739244.0
2025-06-20 10:28:02.706381,312.6,563526.0,739244.0
2025-06-20 10:28:05.675807,312.6,563526.0,739244.0
2025-06-20 10:28:06.862919,312.6,563586.0,737360.0
2025-06-20 10:28:07.678355,312.6,563586.0,737360.0
2025-06-20 10:28:12.866866,312.6,564334.0,737570.0
2025-06-20 10:28:15.677131,312.5,564334.0,737570.0
2025-06-20 10:28:19.067680,312.4,549800.0,748410.0
2025-06-20 10:28:19.741029,312.4,549800.0,748410.0
2025-06-20 10:28:21.674456,312.4,549800.0,748410.0
2025-06-20 10:28:24.681585,312.4,549800.0,748410.0
2025-06-20 10:28:24.984252,312.4,550128.0,748749.0
2025-06-20 10:28:27.674428,312.3,550128.0,748749.0
2025-06-20 10:28:30.678190,312.4,550128.0,748749.0
2025-06-20 10:28:30.994061,312.4,549876.0,750093.0
2025-06-20 10:28:36.688416,312.35,549876.0,750093.0
2025-06-20 10:28:37.288695,312.35,546456.0,749488.0
2025-06-20 10:28:42.677157,312.55,546456.0,749488.0
2025-06-20 10:28:43.287479,312.55,552936.0,734500.0
2025-06-20 10:28:49.590974,312.7,556072.0,725966.0
2025-06-20 10:28:51.682024,312.7,556072.0,725966.0
2025-06-20 10:28:54.680044,312.7,556072.0,725966.0
2025-06-20 10:28:55.793081,312.7,557201.0,722663.0
2025-06-20 10:28:57.691587,312.7,557201.0,722663.0
2025-06-20 10:29:00.677623,312.8,557201.0,722663.0
2025-06-20 10:29:01.704883,312.8,558314.0,726293.0
2025-06-20 10:29:03.677964,312.7,558314.0,726293.0
2025-06-20 10:29:06.679631,312.7,558314.0,726293.0
2025-06-20 10:29:07.705585,312.7,557842.0,726195.0
2025-06-20 10:29:12.718004,312.7,557842.0,726195.0
2025-06-20 10:29:13.919478,312.7,557928.0,730072.0
2025-06-20 10:29:14.681727,312.6,557928.0,730072.0
2025-06-20 10:29:16.686634,312.8,557928.0,730072.0
2025-06-20 10:29:18.985006,312.65,557928.0,730072.0
2025-06-20 10:29:20.019031,312.65,560359.0,722929.0
2025-06-20 10:29:25.726386,312.65,558259.0,725720.0
2025-06-20 10:29:28.679884,312.75,558259.0,725720.0
2025-06-20 10:29:30.726019,312.75,558259.0,725720.0
2025-06-20 10:29:31.322391,312.75,559156.0,725571.0
2025-06-20 10:29:34.678578,312.75,559156.0,725571.0
2025-06-20 10:29:37.031412,312.9,561734.0,715162.0
2025-06-20 10:29:39.689616,312.8,561734.0,715162.0
2025-06-20 10:29:42.691082,312.9,561734.0,715162.0
2025-06-20 10:29:43.045917,312.9,558089.0,726443.0
2025-06-20 10:29:45.711199,312.8,558089.0,726443.0
2025-06-20 10:29:48.822030,312.9,558089.0,726443.0
2025-06-20 10:29:48.944536,312.9,558436.0,721215.0
2025-06-20 10:29:54.678637,312.8,558436.0,721215.0
2025-06-20 10:29:54.833825,312.8,555024.0,729883.0
2025-06-20 10:29:57.683272,312.8,555024.0,729883.0
2025-06-20 10:30:00.237321,312.7,560495.0,728873.0
2025-06-20 10:30:00.694319,312.7,560495.0,728873.0
2025-06-20 10:30:02.689511,312.65,560495.0,728873.0
2025-06-20 10:30:05.728697,312.7,560495.0,728873.0
2025-06-20 10:30:05.977864,312.7,562655.0,727134.0
2025-06-20 10:30:08.689181,312.8,562655.0,727134.0
2025-06-20 10:30:12.049215,312.8,562364.0,728401.0
2025-06-20 10:30:16.962232,312.7,562364.0,728401.0
2025-06-20 10:30:18.051493,312.8,561560.0,727388.0
2025-06-20 10:30:18.792689,312.8,561560.0,727388.0
2025-06-20 10:30:22.686256,312.8,561560.0,727388.0
2025-06-20 10:30:23.992023,312.8,562264.0,729389.0
2025-06-20 10:30:26.729849,312.6,562264.0,729389.0
2025-06-20 10:30:28.721553,312.6,562264.0,729389.0
2025-06-20 10:30:29.560712,312.55,560383.0,731470.0
2025-06-20 10:30:31.712048,312.5,560383.0,731470.0
2025-06-20 10:30:34.724044,312.5,560383.0,731470.0
2025-06-20 10:30:35.265019,312.5,561230.0,726691.0
2025-06-20 10:30:37.689548,312.6,561230.0,726691.0
2025-06-20 10:30:40.696070,312.75,561230.0,726691.0
2025-06-20 10:30:41.071343,312.75,562290.0,728807.0
2025-06-20 10:30:43.186038,312.75,562290.0,728807.0
2025-06-20 10:30:43.686250,312.75,562290.0,728807.0
2025-06-20 10:30:43.850741,312.75,562290.0,728807.0
2025-06-20 10:30:44.214912,312.75,562290.0,728807.0
2025-06-20 10:30:45.312386,312.75,562290.0,728807.0
2025-06-20 10:30:46.490976,312.75,562290.0,728807.0
2025-06-20 10:30:46.679720,312.6,562290.0,728807.0
2025-06-20 10:30:46.872733,312.6,561847.0,729997.0
2025-06-20 10:30:47.028100,312.6,561847.0,729997.0
2025-06-20 10:30:47.667724,312.6,561847.0,729997.0
2025-06-20 10:30:48.417021,312.6,561847.0,729997.0
2025-06-20 10:30:49.726153,312.6,561847.0,729997.0
2025-06-20 10:30:50.758224,312.6,561847.0,729997.0
2025-06-20 10:30:52.261851,312.6,561847.0,729997.0
2025-06-20 10:30:52.284931,312.6,563338.0,730918.0
2025-06-20 10:30:53.532372,312.6,563338.0,730918.0
2025-06-20 10:30:54.804526,312.6,563338.0,730918.0
2025-06-20 10:30:55.696030,312.7,563338.0,730918.0
2025-06-20 10:30:56.497825,312.7,563338.0,730918.0
2025-06-20 10:30:58.204163,312.8,564912.0,722758.0
2025-06-20 10:30:58.693421,312.8,564912.0,722758.0
2025-06-20 10:31:01.695950,312.8,564912.0,722758.0
2025-06-20 10:31:04.380037,312.8,568566.0,716154.0
2025-06-20 10:31:10.798528,312.8,567781.0,716940.0
2025-06-20 10:31:16.710090,312.85,567781.0,716940.0
2025-06-20 10:31:16.740042,312.85,567668.0,715848.0
2025-06-20 10:31:19.700426,312.9,567668.0,715848.0
2025-06-20 10:31:22.740090,312.9,567668.0,715848.0
2025-06-20 10:31:22.745556,312.9,567229.0,717173.0
2025-06-20 10:31:28.500724,312.9,567021.0,717324.0
2025-06-20 10:31:31.770867,312.8,567021.0,717324.0
2025-06-20 10:31:34.303711,312.8,566066.0,716406.0
2025-06-20 10:31:37.726377,312.75,566066.0,716406.0
2025-06-20 10:31:40.508846,312.9,566255.0,717436.0
2025-06-20 10:31:41.046048,312.9,566255.0,717436.0
2025-06-20 10:31:46.427182,312.75,565840.0,717371.0
2025-06-20 10:31:46.707272,312.9,565840.0,717371.0
2025-06-20 10:31:52.218435,312.9,565304.0,716676.0
2025-06-20 10:31:52.715288,312.9,565304.0,716676.0
2025-06-20 10:31:58.220402,312.9,564252.0,718791.0
2025-06-20 10:31:58.713399,312.9,564252.0,718791.0
2025-06-20 10:32:01.731703,312.75,564252.0,718791.0
2025-06-20 10:32:04.042018,312.75,567747.0,729544.0
2025-06-20 10:32:05.702515,312.75,567747.0,729544.0
2025-06-20 10:32:09.716113,312.6,567747.0,729544.0
2025-06-20 10:32:10.580283,312.6,563989.0,733053.0
2025-06-20 10:32:13.721113,312.7,563989.0,733053.0
2025-06-20 10:32:16.740556,312.6,566931.0,734012.0
2025-06-20 10:32:17.695689,312.6,566931.0,734012.0
2025-06-20 10:32:21.696288,312.7,566931.0,734012.0
2025-06-20 10:32:23.041078,312.7,565628.0,734001.0
2025-06-20 10:32:25.738900,312.6,565628.0,734001.0
2025-06-20 10:32:29.246184,312.6,565907.0,734071.0
2025-06-20 10:32:29.900636,312.6,565907.0,734071.0
2025-06-20 10:32:34.694316,312.6,565907.0,734071.0
2025-06-20 10:32:35.547390,312.6,566004.0,734027.0
2025-06-20 10:32:40.742500,312.6,566004.0,734027.0
2025-06-20 10:32:41.549205,312.6,566089.0,735980.0
2025-06-20 10:32:46.734468,312.7,566089.0,735980.0
2025-06-20 10:32:47.351166,312.7,567261.0,733853.0
2025-06-20 10:32:50.694456,312.7,567261.0,733853.0
2025-06-20 10:32:52.733592,312.65,567261.0,733853.0
2025-06-20 10:32:53.658940,312.7,569920.0,728423.0
2025-06-20 10:32:55.697662,312.7,569920.0,728423.0
2025-06-20 10:32:58.712468,312.65,569920.0,728423.0
2025-06-20 10:32:59.864807,312.65,568913.0,728269.0
2025-06-20 10:33:01.714735,312.7,568913.0,728269.0
2025-06-20 10:33:04.715595,312.7,568913.0,728269.0
2025-06-20 10:33:05.562045,312.7,569108.0,728499.0
2025-06-20 10:33:07.742350,312.8,569108.0,728499.0
2025-06-20 10:33:11.165607,312.8,572132.0,720858.0
2025-06-20 10:33:13.756793,312.9,572132.0,720858.0
2025-06-20 10:33:15.695157,312.75,572132.0,720858.0
2025-06-20 10:33:17.071353,312.75,574150.0,719247.0
2025-06-20 10:33:21.696557,312.75,574150.0,719247.0
2025-06-20 10:33:22.983374,312.8,569910.0,720937.0
2025-06-20 10:33:23.771213,312.8,569910.0,720937.0
2025-06-20 10:33:25.754729,312.65,569910.0,720937.0
2025-06-20 10:33:27.694655,312.7,569910.0,720937.0
2025-06-20 10:33:28.990055,312.5,567291.0,732530.0
2025-06-20 10:33:29.713887,312.5,567291.0,732530.0
2025-06-20 10:33:30.700371,312.6,567291.0,732530.0
2025-06-20 10:33:33.717842,312.7,567291.0,732530.0
2025-06-20 10:33:35.180718,312.5,562977.0,734539.0
2025-06-20 10:33:37.698590,312.65,562977.0,734539.0
2025-06-20 10:33:40.703844,312.45,562977.0,734539.0
2025-06-20 10:33:41.182644,312.45,552981.0,743969.0
2025-06-20 10:33:43.653186,312.45,552981.0,743969.0
2025-06-20 10:33:44.040034,312.45,552981.0,743969.0
2025-06-20 10:33:45.030545,312.45,552981.0,743969.0
2025-06-20 10:33:46.413943,312.45,552981.0,743969.0
2025-06-20 10:33:46.700515,312.45,552981.0,743969.0
2025-06-20 10:33:46.841984,312.45,552981.0,743969.0
2025-06-20 10:33:46.890669,312.45,554003.0,739098.0
2025-06-20 10:33:47.512573,312.45,554003.0,739098.0
2025-06-20 10:33:48.800540,312.45,554003.0,739098.0
2025-06-20 10:33:50.144682,312.45,554003.0,739098.0
2025-06-20 10:33:51.355187,312.45,554003.0,739098.0
2025-06-20 10:33:52.705712,312.45,554003.0,739098.0
2025-06-20 10:33:52.714494,312.45,554003.0,739098.0
2025-06-20 10:33:52.716108,312.45,555427.0,741804.0
2025-06-20 10:33:53.997273,312.45,555427.0,741804.0
2025-06-20 10:33:55.202137,312.45,555427.0,741804.0
2025-06-20 10:33:55.692664,312.5,555427.0,741804.0
2025-06-20 10:33:56.829323,312.5,555427.0,741804.0
2025-06-20 10:33:58.798179,312.5,562874.0,740802.0
2025-06-20 10:34:01.696037,312.6,562874.0,740802.0
2025-06-20 10:34:04.207696,312.6,563987.0,741974.0
2025-06-20 10:34:04.700062,312.6,563987.0,741974.0
2025-06-20 10:34:07.705289,312.45,563987.0,741974.0
2025-06-20 10:34:10.203100,312.45,564815.0,744506.0
2025-06-20 10:34:13.696397,312.45,564815.0,744506.0
2025-06-20 10:34:16.206789,312.45,565478.0,742657.0
2025-06-20 10:34:16.746440,312.5,565478.0,742657.0
2025-06-20 10:34:19.693681,312.6,565478.0,742657.0
2025-06-20 10:34:21.808774,312.6,567864.0,735292.0
2025-06-20 10:34:27.312062,312.6,567525.0,737443.0
2025-06-20 10:34:28.720329,312.5,567525.0,737443.0
2025-06-20 10:34:31.703457,312.5,567525.0,737443.0
2025-06-20 10:34:33.022604,312.5,566809.0,738509.0
2025-06-20 10:34:38.817427,312.5,568303.0,738694.0
2025-06-20 10:34:40.716418,312.6,568303.0,738694.0
2025-06-20 10:34:44.079199,312.6,568303.0,738694.0
2025-06-20 10:34:44.560581,312.5,569235.0,736595.0
2025-06-20 10:34:46.725482,312.5,569235.0,736595.0
2025-06-20 10:34:50.033039,312.5,571094.0,734957.0
2025-06-20 10:34:52.768401,312.6,571094.0,734957.0
2025-06-20 10:34:55.631941,312.6,575151.0,728149.0
2025-06-20 10:35:00.841864,312.6,572686.0,727271.0
2025-06-20 10:35:01.693938,312.6,572686.0,727271.0
2025-06-20 10:35:06.452314,312.6,573522.0,726216.0
2025-06-20 10:35:12.043913,312.6,572578.0,726288.0
2025-06-20 10:35:13.707981,312.6,572578.0,726288.0
2025-06-20 10:35:17.002631,312.6,572578.0,726288.0
2025-06-20 10:35:18.048211,312.6,572106.0,727357.0
2025-06-20 10:35:22.805524,312.7,572106.0,727357.0
2025-06-20 10:35:23.851852,312.7,573108.0,726850.0
2025-06-20 10:35:26.702789,312.6,573108.0,726850.0
2025-06-20 10:35:28.706266,312.7,573108.0,726850.0
2025-06-20 10:35:29.655091,312.6,572535.0,726910.0
2025-06-20 10:35:30.707282,312.6,572535.0,726910.0
2025-06-20 10:35:32.704165,312.7,572535.0,726910.0
2025-06-20 10:35:34.726132,312.7,572535.0,726910.0
2025-06-20 10:35:35.661081,312.7,572284.0,727508.0
2025-06-20 10:35:36.702033,312.7,572284.0,727508.0
2025-06-20 10:35:41.364458,312.7,573243.0,726605.0
2025-06-20 10:35:42.697856,312.75,573243.0,726605.0
2025-06-20 10:35:44.710509,312.8,573243.0,726605.0
2025-06-20 10:35:47.266419,312.8,571956.0,726706.0
2025-06-20 10:35:48.698165,312.65,571956.0,726706.0
2025-06-20 10:35:53.267597,312.65,569465.0,727992.0
2025-06-20 10:35:54.705838,312.6,569465.0,727992.0
2025-06-20 10:35:59.017570,312.7,569465.0,727029.0
2025-06-20 10:35:59.722511,312.8,569465.0,727029.0
2025-06-20 10:36:04.687352,312.8,569582.0,726774.0
2025-06-20 10:36:09.757555,312.7,569582.0,726774.0
2025-06-20 10:36:10.684741,312.7,571926.0,727512.0
2025-06-20 10:36:12.729084,312.8,571926.0,727512.0
2025-06-20 10:36:15.700033,312.8,571926.0,727512.0
2025-06-20 10:36:16.779267,312.75,574356.0,721382.0
2025-06-20 10:36:18.712959,312.95,574356.0,721382.0
2025-06-20 10:36:21.704435,312.85,574356.0,721382.0
2025-06-20 10:36:22.581736,312.85,574105.0,723464.0
2025-06-20 10:36:27.704177,312.65,574105.0,723464.0
2025-06-20 10:36:28.596260,312.65,567000.0,733486.0
2025-06-20 10:36:30.709664,312.65,567000.0,733486.0
2025-06-20 10:36:33.710781,312.8,567000.0,733486.0
2025-06-20 10:36:34.691949,312.8,564201.0,728617.0
2025-06-20 10:36:36.704733,312.7,564201.0,728617.0
2025-06-20 10:36:39.704096,312.75,564201.0,728617.0
2025-06-20 10:36:40.795959,312.75,563613.0,730696.0
2025-06-20 10:36:42.728580,312.75,563613.0,730696.0
2025-06-20 10:36:44.140824,312.75,563613.0,730696.0
2025-06-20 10:36:45.235797,312.75,563613.0,730696.0
2025-06-20 10:36:45.705119,312.7,563613.0,730696.0
2025-06-20 10:36:45.873040,312.7,563613.0,730696.0
2025-06-20 10:36:46.307801,312.7,563613.0,730696.0
2025-06-20 10:36:46.401063,312.7,563827.0,732009.0
2025-06-20 10:36:46.948831,312.7,563827.0,732009.0
2025-06-20 10:36:47.415520,312.7,563827.0,732009.0
2025-06-20 10:36:48.396395,312.7,563827.0,732009.0
2025-06-20 10:36:49.347238,312.7,563827.0,732009.0
2025-06-20 10:36:49.712189,312.8,563827.0,732009.0
2025-06-20 10:36:50.695397,312.8,563827.0,732009.0
2025-06-20 10:36:51.671541,312.8,563827.0,732009.0
2025-06-20 10:36:51.700098,312.8,563827.0,732009.0
2025-06-20 10:36:52.207389,312.8,563775.0,731356.0
2025-06-20 10:36:53.230219,312.8,563775.0,731356.0
2025-06-20 10:36:54.519614,312.8,563775.0,731356.0
2025-06-20 10:36:55.752670,312.8,563775.0,731356.0
2025-06-20 10:36:57.377802,312.8,563775.0,731356.0
2025-06-20 10:36:57.707134,312.7,563775.0,731356.0
2025-06-20 10:36:57.710769,312.7,563015.0,732828.0
2025-06-20 10:36:59.713343,312.65,563015.0,732828.0
2025-06-20 10:37:03.510360,312.8,564079.0,733085.0
2025-06-20 10:37:03.708660,312.8,564079.0,733085.0
2025-06-20 10:37:04.713066,312.8,564079.0,733085.0
2025-06-20 10:37:07.710764,312.8,564079.0,733085.0
2025-06-20 10:37:09.608622,312.8,564477.0,730720.0
2025-06-20 10:37:11.719052,312.8,564477.0,730720.0
2025-06-20 10:37:13.705563,312.7,564477.0,730720.0
2025-06-20 10:37:15.314780,312.7,573127.0,740047.0
2025-06-20 10:37:15.708793,312.7,573127.0,740047.0
2025-06-20 10:37:17.704482,312.8,573127.0,740047.0
2025-06-20 10:37:20.925968,312.8,573012.0,738685.0
2025-06-20 10:37:23.711745,312.8,573012.0,738685.0
2025-06-20 10:37:26.623391,312.7,571786.0,738419.0
2025-06-20 10:37:26.708557,312.7,571786.0,738419.0
2025-06-20 10:37:29.718847,312.65,571786.0,738419.0
2025-06-20 10:37:32.126420,312.65,568825.0,749887.0
2025-06-20 10:37:32.709096,312.65,568825.0,749887.0
2025-06-20 10:37:37.661364,312.65,568765.0,746645.0
2025-06-20 10:37:38.708099,312.65,568765.0,746645.0
2025-06-20 10:37:43.436983,312.65,569610.0,746621.0
2025-06-20 10:37:44.710758,312.7,569610.0,746621.0
2025-06-20 10:37:47.709968,312.7,569610.0,746621.0
2025-06-20 10:37:49.052758,312.7,569336.0,746643.0
2025-06-20 10:37:50.707611,312.7,569336.0,746643.0
2025-06-20 10:37:53.712598,312.7,569336.0,746643.0
2025-06-20 10:37:54.543296,312.7,569368.0,746359.0
2025-06-20 10:37:56.712816,312.7,569368.0,746359.0
2025-06-20 10:37:59.714198,312.65,569368.0,746359.0
2025-06-20 10:38:00.451966,312.65,569568.0,746197.0
2025-06-20 10:38:05.997001,312.65,569364.0,748663.0
2025-06-20 10:38:08.707171,312.7,569364.0,748663.0
2025-06-20 10:38:09.721927,312.65,569364.0,748663.0
2025-06-20 10:38:11.611540,312.7,570688.0,746555.0
2025-06-20 10:38:12.709222,312.7,570688.0,746555.0
2025-06-20 10:38:14.713515,312.65,570688.0,746555.0
2025-06-20 10:38:16.712330,312.65,570688.0,746555.0
2025-06-20 10:38:17.164824,312.75,574709.0,741074.0
2025-06-20 10:38:18.712034,312.75,574709.0,741074.0
2025-06-20 10:38:20.714197,312.9,574709.0,741074.0
2025-06-20 10:38:22.714081,313.1,574709.0,741074.0
2025-06-20 10:38:22.764276,313.1,585307.0,720012.0
2025-06-20 10:38:26.710870,313.15,585307.0,720012.0
2025-06-20 10:38:28.272548,313.05,585627.0,721610.0
2025-06-20 10:38:28.711123,313.15,585627.0,721610.0
2025-06-20 10:38:30.710739,313.05,585627.0,721610.0
2025-06-20 10:38:33.677454,313.05,585833.0,721207.0
2025-06-20 10:38:34.710837,313.05,585833.0,721207.0
2025-06-20 10:38:38.709872,313.15,585833.0,721207.0
2025-06-20 10:38:39.381909,313.4,582459.0,700115.0
2025-06-20 10:38:40.774389,313.3,582459.0,700115.0
2025-06-20 10:38:42.711324,313.4,582459.0,700115.0
2025-06-20 10:38:43.722843,313.4,582459.0,700115.0
2025-06-20 10:38:45.187676,313.4,577465.0,704089.0
2025-06-20 10:38:46.717867,313.4,577465.0,704089.0
2025-06-20 10:38:48.708729,313.4,577465.0,704089.0
2025-06-20 10:38:50.690071,313.3,576367.0,705122.0
2025-06-20 10:38:50.721902,313.3,576367.0,705122.0
2025-06-20 10:38:54.763822,313.25,576367.0,705122.0
2025-06-20 10:38:56.093296,313.25,577093.0,707483.0
2025-06-20 10:38:57.764758,313.3,577093.0,707483.0
2025-06-20 10:39:00.706506,313.3,577093.0,707483.0
2025-06-20 10:39:01.526456,313.3,571626.0,706749.0
2025-06-20 10:39:04.714390,313.25,571626.0,706749.0
2025-06-20 10:39:06.719497,313.3,571626.0,706749.0
2025-06-20 10:39:07.511652,313.3,570620.0,707550.0
2025-06-20 10:39:08.714225,313.3,570620.0,707550.0
2025-06-20 10:39:12.717180,313.25,570620.0,707550.0
2025-06-20 10:39:13.104220,313.25,568715.0,708140.0
2025-06-20 10:39:14.725125,313.25,568715.0,708140.0
2025-06-20 10:39:16.715758,313.25,568715.0,708140.0
2025-06-20 10:39:18.520348,313.25,567550.0,709401.0
2025-06-20 10:39:20.716490,313.25,567550.0,709401.0
2025-06-20 10:39:22.711341,313.2,567550.0,709401.0
2025-06-20 10:39:24.113422,313.25,563304.0,718059.0
2025-06-20 10:39:24.712412,313.25,563304.0,718059.0
2025-06-20 10:39:28.767539,313.25,563304.0,718059.0
2025-06-20 10:39:29.819390,313.15,562594.0,719127.0
2025-06-20 10:39:30.716197,313.15,562594.0,719127.0
2025-06-20 10:39:36.121922,313.15,562965.0,719656.0
2025-06-20 10:39:36.715036,313.15,562965.0,719656.0
2025-06-20 10:39:42.231235,313.15,563723.0,718387.0
2025-06-20 10:39:44.651812,313.15,563723.0,718387.0
2025-06-20 10:39:44.711711,313.2,563723.0,718387.0
2025-06-20 10:39:45.039818,313.2,563723.0,718387.0
2025-06-20 10:39:46.067861,313.2,563723.0,718387.0
2025-06-20 10:39:47.458474,313.2,563723.0,718387.0
2025-06-20 10:39:48.340125,313.15,565665.0,719174.0
2025-06-20 10:39:48.454540,313.15,565665.0,719174.0
2025-06-20 10:39:48.764682,313.15,565665.0,719174.0
2025-06-20 10:39:48.867618,313.15,565665.0,719174.0
2025-06-20 10:39:49.823571,313.15,565665.0,719174.0
2025-06-20 10:39:50.796987,313.15,565665.0,719174.0
2025-06-20 10:39:51.254565,313.15,565665.0,719174.0
2025-06-20 10:39:52.155603,313.15,565665.0,719174.0
2025-06-20 10:39:52.722024,313.15,565665.0,719174.0
2025-06-20 10:39:53.837216,313.15,565665.0,719174.0
2025-06-20 10:39:54.050770,313.3,568700.0,711964.0
2025-06-20 10:39:54.729623,313.3,568700.0,711964.0
2025-06-20 10:39:55.042880,313.3,568700.0,711964.0
2025-06-20 10:39:56.254027,313.3,568700.0,711964.0
2025-06-20 10:39:57.882181,313.3,568700.0,711964.0
2025-06-20 10:39:58.730053,313.3,568700.0,711964.0
2025-06-20 10:40:00.061987,313.2,566642.0,710240.0
2025-06-20 10:40:00.713979,313.3,566642.0,710240.0
2025-06-20 10:40:04.766289,313.3,566642.0,710240.0
2025-06-20 10:40:06.052835,313.3,570108.0,711064.0
2025-06-20 10:40:08.731504,313.2,570108.0,711064.0
2025-06-20 10:40:10.722266,313.2,570108.0,711064.0
2025-06-20 10:40:11.953144,313.4,579376.0,701346.0
2025-06-20 10:40:12.730248,313.65,579376.0,701346.0
2025-06-20 10:40:15.735232,313.55,579376.0,701346.0
2025-06-20 10:40:18.062699,313.6,581912.0,689262.0
2025-06-20 10:40:18.736904,313.6,581912.0,689262.0
2025-06-20 10:40:21.724754,313.6,581912.0,689262.0
2025-06-20 10:40:24.185363,313.75,584462.0,689336.0
2025-06-20 10:40:24.750973,313.7,584462.0,689336.0
2025-06-20 10:40:27.755097,313.75,584462.0,689336.0
2025-06-20 10:40:28.743379,313.6,584462.0,689336.0
2025-06-20 10:40:29.664326,313.75,582880.0,693624.0
2025-06-20 10:40:31.736878,313.7,582880.0,693624.0
2025-06-20 10:40:33.725761,313.7,582880.0,693624.0
2025-06-20 10:40:35.220137,313.7,582686.0,694018.0
2025-06-20 10:40:35.757680,313.7,582686.0,694018.0
2025-06-20 10:40:37.724763,313.65,582686.0,694018.0
2025-06-20 10:40:40.675711,313.65,581378.0,694502.0
2025-06-20 10:40:41.730159,313.65,581378.0,694502.0
2025-06-20 10:40:45.732615,313.65,581378.0,694502.0
2025-06-20 10:40:46.279128,313.7,581786.0,693420.0
2025-06-20 10:40:47.740727,313.7,581786.0,693420.0
2025-06-20 10:40:49.723392,313.8,581786.0,693420.0
2025-06-20 10:40:51.722455,313.7,581786.0,693420.0
2025-06-20 10:40:52.082852,313.7,575439.0,689012.0
2025-06-20 10:40:54.748274,313.8,575439.0,689012.0
2025-06-20 10:40:57.739571,313.75,575439.0,689012.0
2025-06-20 10:40:57.796421,313.75,577279.0,689994.0
2025-06-20 10:41:00.731011,313.75,577279.0,689994.0
2025-06-20 10:41:03.694324,313.8,575816.0,689339.0
2025-06-20 10:41:04.727426,313.8,575816.0,689339.0
2025-06-20 10:41:08.726254,313.75,575816.0,689339.0
2025-06-20 10:41:10.027120,313.7,574455.0,691918.0
2025-06-20 10:41:10.742562,313.9,574455.0,691918.0
2025-06-20 10:41:13.732193,313.85,574455.0,691918.0
2025-06-20 10:41:16.205034,313.7,584823.0,692388.0
2025-06-20 10:41:16.734812,313.7,584823.0,692388.0
2025-06-20 10:41:19.753566,313.65,584823.0,692388.0
2025-06-20 10:41:22.030703,313.65,580014.0,704291.0
2025-06-20 10:41:22.730084,313.5,580014.0,704291.0
2025-06-20 10:41:25.728842,313.5,580014.0,704291.0
2025-06-20 10:41:27.708161,313.45,579762.0,704500.0
2025-06-20 10:41:28.739688,313.45,579762.0,704500.0
2025-06-20 10:41:32.738403,313.5,579762.0,704500.0
2025-06-20 10:41:33.929752,313.5,580244.0,707223.0
2025-06-20 10:41:36.732988,313.75,580244.0,707223.0
2025-06-20 10:41:39.748464,313.55,580244.0,707223.0
2025-06-20 10:41:40.322825,313.55,580670.0,702384.0
2025-06-20 10:41:42.731447,313.6,580670.0,702384.0
2025-06-20 10:41:45.739150,313.6,580670.0,702384.0
2025-06-20 10:41:46.452292,313.6,582823.0,701021.0
2025-06-20 10:41:49.761980,313.6,582823.0,701021.0
2025-06-20 10:41:51.953500,313.6,581080.0,706649.0
2025-06-20 10:41:52.763889,313.45,581080.0,706649.0
2025-06-20 10:41:55.731127,313.45,581080.0,706649.0
2025-06-20 10:41:57.046986,313.45,580421.0,707171.0
2025-06-20 10:41:59.737379,313.5,580421.0,707171.0
2025-06-20 10:42:01.769420,313.6,580421.0,707171.0
2025-06-20 10:42:02.227622,313.6,580067.0,706595.0
2025-06-20 10:42:05.735982,313.5,580067.0,706595.0
2025-06-20 10:42:07.750608,313.5,578913.0,707220.0
2025-06-20 10:42:09.732704,313.4,578913.0,707220.0
2025-06-20 10:42:13.344087,313.45,579616.0,708961.0
2025-06-20 10:42:13.744508,313.45,579616.0,708961.0
2025-06-20 10:42:14.784651,313.4,579616.0,708961.0
2025-06-20 10:42:17.735192,313.4,579616.0,708961.0
2025-06-20 10:42:18.946354,313.5,580761.0,705595.0
2025-06-20 10:42:19.749478,313.6,580761.0,705595.0
2025-06-20 10:42:21.733109,313.65,580761.0,705595.0
2025-06-20 10:42:24.735376,313.7,580761.0,705595.0
2025-06-20 10:42:24.763778,313.7,581069.0,698888.0
2025-06-20 10:42:27.746511,313.8,581069.0,698888.0
2025-06-20 10:42:29.742701,313.6,581069.0,698888.0
2025-06-20 10:42:30.559921,313.6,580824.0,698469.0
2025-06-20 10:42:31.787669,313.55,580824.0,698469.0
2025-06-20 10:42:36.462163,313.55,579173.0,700498.0
2025-06-20 10:42:37.779253,313.75,579173.0,700498.0
2025-06-20 10:42:39.796331,313.75,579173.0,700498.0
2025-06-20 10:42:41.987273,313.7,579173.0,700498.0
2025-06-20 10:42:42.161391,313.7,575947.0,700855.0
2025-06-20 10:42:44.806006,313.65,575947.0,700855.0
2025-06-20 10:42:45.035232,313.65,575947.0,700855.0
2025-06-20 10:42:46.165426,313.65,575947.0,700855.0
2025-06-20 10:42:47.396022,313.65,575947.0,700855.0
2025-06-20 10:42:47.800078,313.7,575947.0,700855.0
2025-06-20 10:42:48.070902,313.7,575947.0,700855.0
2025-06-20 10:42:48.104111,313.7,578144.0,696684.0
2025-06-20 10:42:48.555396,313.7,578144.0,696684.0
2025-06-20 10:42:49.094669,313.7,578144.0,696684.0
2025-06-20 10:42:50.482960,313.7,578144.0,696684.0
2025-06-20 10:42:50.810289,313.6,578144.0,696684.0
2025-06-20 10:42:51.840078,313.6,578144.0,696684.0
2025-06-20 10:42:52.865897,313.6,578144.0,696684.0
2025-06-20 10:42:53.959305,313.6,579362.0,699461.0
2025-06-20 10:42:54.390884,313.6,579362.0,699461.0
2025-06-20 10:42:54.735400,313.65,579362.0,699461.0
2025-06-20 10:42:55.665558,313.65,579362.0,699461.0
2025-06-20 10:42:56.734558,313.65,579362.0,699461.0
2025-06-20 10:42:56.895570,313.65,579362.0,699461.0
2025-06-20 10:42:58.591238,313.65,579362.0,699461.0
2025-06-20 10:43:01.176571,313.6,580124.0,698426.0
2025-06-20 10:43:01.248783,313.6,580124.0,698426.0
2025-06-20 10:43:04.730421,313.6,580124.0,698426.0
2025-06-20 10:43:04.801357,313.6,581177.0,698110.0
2025-06-20 10:43:06.735760,313.65,581177.0,698110.0
2025-06-20 10:43:08.737507,313.6,581177.0,698110.0
2025-06-20 10:43:10.164714,313.6,583146.0,699102.0
2025-06-20 10:43:14.746471,313.6,583146.0,699102.0
2025-06-20 10:43:15.572556,313.6,582260.0,696163.0
2025-06-20 10:43:16.744562,313.6,582260.0,696163.0
2025-06-20 10:43:20.741709,313.6,582260.0,696163.0
2025-06-20 10:43:21.273092,313.6,581949.0,696244.0
2025-06-20 10:43:22.740029,313.65,581949.0,696244.0
2025-06-20 10:43:26.987385,313.65,582578.0,696975.0
2025-06-20 10:43:28.737673,313.65,582578.0,696975.0
2025-06-20 10:43:30.741436,313.65,582578.0,696975.0
2025-06-20 10:43:32.583146,313.6,583106.0,696874.0
2025-06-20 10:43:32.748082,313.6,583106.0,696874.0
2025-06-20 10:43:34.739468,313.6,583106.0,696874.0
2025-06-20 10:43:36.735441,313.65,583106.0,696874.0
2025-06-20 10:43:38.188034,313.6,583800.0,700105.0
2025-06-20 10:43:38.745422,313.6,583800.0,700105.0
2025-06-20 10:43:39.743272,313.6,583800.0,700105.0
2025-06-20 10:43:42.774506,313.5,583800.0,700105.0
2025-06-20 10:43:43.718061,313.5,579862.0,705133.0
2025-06-20 10:43:44.739205,313.5,579862.0,705133.0
2025-06-20 10:43:48.751008,313.6,579862.0,705133.0
2025-06-20 10:43:48.791470,313.6,576636.0,707205.0
2025-06-20 10:43:52.739745,313.5,576636.0,707205.0
2025-06-20 10:43:54.598665,313.5,575433.0,711378.0
2025-06-20 10:43:54.750450,313.5,575433.0,711378.0
2025-06-20 10:43:56.747031,313.4,575433.0,711378.0
2025-06-20 10:43:58.743661,313.45,575433.0,711378.0
2025-06-20 10:44:00.230524,313.6,579206.0,705450.0
2025-06-20 10:44:00.744305,313.6,579206.0,705450.0
2025-06-20 10:44:02.755382,313.65,579206.0,705450.0
2025-06-20 10:44:04.768883,313.55,579206.0,705450.0
2025-06-20 10:44:05.704041,313.55,582324.0,704612.0
2025-06-20 10:44:06.749724,313.55,582324.0,704612.0
2025-06-20 10:44:08.745184,313.5,582324.0,704612.0
2025-06-20 10:44:10.791362,313.65,582324.0,704612.0
2025-06-20 10:44:11.110729,313.65,581312.0,698776.0
2025-06-20 10:44:12.762125,313.6,581312.0,698776.0
2025-06-20 10:44:16.771341,313.6,581312.0,698776.0
2025-06-20 10:44:16.814869,313.6,580474.0,701206.0
2025-06-20 10:44:22.565122,313.65,579946.0,701255.0
2025-06-20 10:44:22.783182,313.65,579946.0,701255.0
2025-06-20 10:44:26.757506,313.55,579946.0,701255.0
2025-06-20 10:44:28.121925,313.55,580794.0,701552.0
2025-06-20 10:44:29.764615,313.55,580794.0,701552.0
2025-06-20 10:44:33.724043,313.55,580183.0,701425.0
2025-06-20 10:44:36.761312,313.65,580183.0,701425.0
2025-06-20 10:44:38.786239,313.65,580183.0,701425.0
2025-06-20 10:44:39.128889,313.65,582593.0,698646.0
2025-06-20 10:44:40.757398,313.6,582593.0,698646.0
2025-06-20 10:44:42.747467,313.6,582593.0,698646.0
2025-06-20 10:44:44.636055,313.65,583894.0,698912.0
2025-06-20 10:44:44.746834,313.65,583894.0,698912.0
2025-06-20 10:44:46.757389,313.65,583894.0,698912.0
2025-06-20 10:44:48.758554,313.7,583894.0,698912.0
2025-06-20 10:44:49.945474,313.7,584525.0,695221.0
2025-06-20 10:44:50.755406,313.7,584525.0,695221.0
2025-06-20 10:44:53.772465,313.75,584525.0,695221.0
2025-06-20 10:44:55.134928,313.75,582323.0,698141.0
2025-06-20 10:44:56.744836,313.7,582323.0,698141.0
2025-06-20 10:45:00.244683,313.7,580691.0,695586.0
2025-06-20 10:45:00.740093,313.7,580691.0,695586.0
2025-06-20 10:45:02.747508,313.7,580691.0,695586.0
2025-06-20 10:45:05.759576,313.75,580691.0,695586.0
2025-06-20 10:45:05.846306,313.9,584610.0,693259.0
2025-06-20 10:45:08.748954,313.75,584610.0,693259.0
2025-06-20 10:45:11.159716,313.8,585682.0,694728.0
2025-06-20 10:45:11.753602,313.8,585682.0,694728.0
2025-06-20 10:45:14.777030,313.7,585682.0,694728.0
2025-06-20 10:45:16.651733,313.65,583482.0,698616.0
2025-06-20 10:45:17.768053,313.65,583482.0,698616.0
2025-06-20 10:45:20.762073,313.7,583482.0,698616.0
2025-06-20 10:45:22.457544,313.7,587330.0,697008.0
2025-06-20 10:45:23.779051,313.7,587330.0,697008.0
2025-06-20 10:45:27.865245,313.65,585719.0,695726.0
2025-06-20 10:45:28.760170,313.65,585719.0,695726.0
2025-06-20 10:45:30.753938,313.65,585719.0,695726.0
2025-06-20 10:45:32.793241,313.8,585719.0,695726.0
2025-06-20 10:45:32.972659,313.8,586260.0,697049.0
2025-06-20 10:45:36.758268,313.65,586260.0,697049.0
2025-06-20 10:45:38.172661,313.7,586912.0,696186.0
2025-06-20 10:45:38.757695,313.8,586912.0,696186.0
2025-06-20 10:45:42.759356,313.7,586912.0,696186.0
2025-06-20 10:45:43.887561,313.7,586740.0,696160.0
2025-06-20 10:45:44.751448,313.7,586740.0,696160.0
2025-06-20 10:45:45.476287,313.7,586740.0,696160.0
2025-06-20 10:45:46.175914,313.7,586740.0,696160.0
2025-06-20 10:45:46.759230,313.8,586740.0,696160.0
2025-06-20 10:45:46.875043,313.8,586740.0,696160.0
2025-06-20 10:45:47.180637,313.8,586740.0,696160.0
2025-06-20 10:45:48.252227,313.8,586740.0,696160.0
2025-06-20 10:45:49.083797,313.8,588115.0,695211.0
2025-06-20 10:45:49.307754,313.8,588115.0,695211.0
2025-06-20 10:45:50.685487,313.8,588115.0,695211.0
2025-06-20 10:45:52.150440,313.8,588115.0,695211.0
2025-06-20 10:45:52.748118,313.85,588115.0,695211.0
2025-06-20 10:45:53.110726,313.85,588115.0,695211.0
2025-06-20 10:45:54.666795,313.85,588115.0,695211.0
2025-06-20 10:45:54.686596,313.85,587167.0,694576.0
2025-06-20 10:45:55.876096,313.85,587167.0,694576.0
2025-06-20 10:45:56.748265,313.85,587167.0,694576.0
2025-06-20 10:45:57.209550,313.85,587167.0,694576.0
2025-06-20 10:45:57.754631,313.85,587167.0,694576.0
2025-06-20 10:45:58.830047,313.85,587167.0,694576.0
2025-06-20 10:46:00.387791,313.8,586239.0,696543.0
2025-06-20 10:46:00.741063,313.8,586239.0,696543.0
2025-06-20 10:46:02.807021,313.8,586239.0,696543.0
2025-06-20 10:46:04.747433,313.8,586239.0,696543.0
2025-06-20 10:46:05.393320,313.8,585947.0,695185.0
2025-06-20 10:46:06.749466,313.85,585947.0,695185.0
2025-06-20 10:46:10.752123,313.85,585947.0,695185.0
2025-06-20 10:46:10.893537,313.85,586448.0,696329.0
2025-06-20 10:46:12.755960,313.8,586448.0,696329.0
2025-06-20 10:46:13.757084,313.7,586448.0,696329.0
2025-06-20 10:46:16.296392,313.7,582234.0,703831.0
2025-06-20 10:46:16.749154,313.7,582234.0,703831.0
2025-06-20 10:46:17.752760,313.65,582234.0,703831.0
2025-06-20 10:46:20.750165,313.8,582234.0,703831.0
2025-06-20 10:46:21.708496,313.8,577933.0,706400.0
2025-06-20 10:46:22.752607,313.55,577933.0,706400.0
2025-06-20 10:46:25.802450,313.55,577933.0,706400.0
2025-06-20 10:46:27.823682,313.5,580769.0,707263.0
2025-06-20 10:46:28.760623,313.5,580769.0,707263.0
2025-06-20 10:46:31.758665,313.5,580769.0,707263.0
2025-06-20 10:46:33.543822,313.65,582420.0,710282.0
2025-06-20 10:46:34.783242,313.5,582420.0,710282.0
2025-06-20 10:46:37.748667,313.65,582420.0,710282.0
2025-06-20 10:46:38.712719,313.65,583942.0,710227.0
2025-06-20 10:46:43.933565,313.65,584121.0,709636.0
2025-06-20 10:46:45.781053,313.6,584121.0,709636.0
2025-06-20 10:46:49.436573,313.6,585431.0,709357.0
2025-06-20 10:46:49.765579,313.6,585431.0,709357.0
2025-06-20 10:46:51.758284,313.55,585431.0,709357.0
2025-06-20 10:46:53.760303,313.6,585431.0,709357.0
2025-06-20 10:46:54.821381,313.55,584037.0,712168.0
2025-06-20 10:46:55.766853,313.55,584037.0,712168.0
2025-06-20 10:46:59.759138,313.5,584037.0,712168.0
2025-06-20 10:47:00.126326,313.5,583649.0,712217.0
2025-06-20 10:47:01.755490,313.5,583649.0,712217.0
2025-06-20 10:47:03.759983,313.65,583649.0,712217.0
2025-06-20 10:47:05.333729,313.5,580974.0,713579.0
2025-06-20 10:47:05.763112,313.5,580974.0,713579.0
2025-06-20 10:47:07.754689,313.5,580974.0,713579.0
2025-06-20 10:47:10.632966,313.5,577323.0,721396.0
2025-06-20 10:47:11.755496,313.5,577323.0,721396.0
2025-06-20 10:47:13.764070,313.3,577323.0,721396.0
2025-06-20 10:47:15.782153,313.3,577323.0,721396.0
2025-06-20 10:47:16.052192,313.3,571335.0,730231.0
2025-06-20 10:47:17.757766,313.2,571335.0,730231.0
2025-06-20 10:47:19.774899,313.3,571335.0,730231.0
2025-06-20 10:47:21.641369,313.3,569751.0,725570.0
2025-06-20 10:47:21.762401,313.3,569751.0,725570.0
2025-06-20 10:47:24.760762,313.2,569751.0,725570.0
2025-06-20 10:47:27.773947,313.3,569751.0,725570.0
2025-06-20 10:47:27.948714,313.3,580066.0,719840.0
2025-06-20 10:47:30.783741,313.35,580066.0,719840.0
2025-06-20 10:47:33.654021,313.5,578557.0,721121.0
2025-06-20 10:47:33.777280,313.5,578557.0,721121.0
2025-06-20 10:47:36.802117,313.5,578557.0,721121.0
2025-06-20 10:47:39.069075,313.5,579979.0,720242.0
2025-06-20 10:47:41.770287,313.3,579979.0,720242.0
2025-06-20 10:47:43.755305,313.55,579979.0,720242.0
2025-06-20 10:47:44.361446,313.55,584465.0,709580.0
2025-06-20 10:47:45.762695,313.65,584465.0,709580.0
2025-06-20 10:47:47.762852,313.55,584465.0,709580.0
2025-06-20 10:47:49.859204,313.55,583694.0,709434.0
2025-06-20 10:47:51.761112,313.55,583694.0,709434.0
2025-06-20 10:47:53.766121,313.55,583694.0,709434.0
2025-06-20 10:47:55.662912,313.55,589660.0,708885.0
2025-06-20 10:47:57.774508,313.6,589660.0,708885.0
2025-06-20 10:48:00.776658,313.6,589660.0,708885.0
2025-06-20 10:48:01.269770,313.6,590318.0,708836.0
2025-06-20 10:48:03.771226,313.65,590318.0,708836.0
2025-06-20 10:48:05.803642,313.65,590318.0,708836.0
2025-06-20 10:48:06.876691,313.65,589297.0,711542.0
2025-06-20 10:48:11.763320,313.65,589297.0,711542.0
2025-06-20 10:48:12.484958,313.65,587452.0,710983.0
2025-06-20 10:48:15.780667,313.5,587452.0,710983.0
2025-06-20 10:48:17.758253,313.6,587452.0,710983.0
2025-06-20 10:48:17.792380,313.6,589542.0,709690.0
2025-06-20 10:48:21.783380,313.65,589542.0,709690.0
2025-06-20 10:48:22.807822,313.65,589542.0,709690.0
2025-06-20 10:48:23.280521,313.65,591716.0,706435.0
2025-06-20 10:48:27.784383,313.65,591716.0,706435.0
2025-06-20 10:48:28.986292,313.65,589798.0,705987.0
2025-06-20 10:48:31.770391,313.65,589798.0,705987.0
2025-06-20 10:48:34.523530,313.65,590169.0,705759.0
2025-06-20 10:48:37.826784,313.7,590169.0,705759.0
2025-06-20 10:48:39.768465,313.7,590169.0,705759.0
2025-06-20 10:48:39.796914,313.7,588096.0,707739.0
2025-06-20 10:48:45.494828,313.6,588830.0,708915.0
2025-06-20 10:48:45.765943,313.6,588830.0,708915.0
2025-06-20 10:48:45.974455,313.6,588830.0,708915.0
2025-06-20 10:48:46.361105,313.6,588830.0,708915.0
2025-06-20 10:48:47.103640,313.6,588830.0,708915.0
2025-06-20 10:48:48.107927,313.6,588830.0,708915.0
2025-06-20 10:48:49.328104,313.6,588830.0,708915.0
2025-06-20 10:48:50.314563,313.6,588830.0,708915.0
2025-06-20 10:48:50.998058,313.7,589026.0,708567.0
2025-06-20 10:48:51.281307,313.7,589026.0,708567.0
2025-06-20 10:48:51.769176,313.7,589026.0,708567.0
2025-06-20 10:48:52.636574,313.7,589026.0,708567.0
2025-06-20 10:48:53.621150,313.7,589026.0,708567.0
2025-06-20 10:48:53.780491,313.7,589026.0,708567.0
2025-06-20 10:48:55.176075,313.7,589026.0,708567.0
2025-06-20 10:48:56.412869,313.7,588694.0,710801.0
2025-06-20 10:48:56.507922,313.7,588694.0,710801.0
2025-06-20 10:48:56.770002,313.7,588694.0,710801.0
2025-06-20 10:48:57.714208,313.7,588694.0,710801.0
2025-06-20 10:48:59.337072,313.7,588694.0,710801.0
2025-06-20 10:48:59.771278,313.7,588694.0,710801.0
2025-06-20 10:49:01.826457,313.7,590815.0,708640.0
2025-06-20 10:49:02.767577,313.7,590815.0,708640.0
2025-06-20 10:49:07.711607,313.65,590913.0,708190.0
2025-06-20 10:49:08.770227,313.7,590913.0,708190.0
2025-06-20 10:49:11.766634,313.7,590913.0,708190.0
2025-06-20 10:49:13.318434,313.7,590825.0,707710.0
2025-06-20 10:49:14.791878,313.7,590825.0,707710.0
2025-06-20 10:49:17.782213,313.65,590825.0,707710.0
2025-06-20 10:49:18.822382,313.65,590162.0,708839.0
2025-06-20 10:49:24.127183,313.65,593233.0,708498.0
2025-06-20 10:49:24.764462,313.65,593233.0,708498.0
2025-06-20 10:49:30.059388,313.7,591601.0,707667.0
2025-06-20 10:49:30.766129,313.7,591601.0,707667.0
2025-06-20 10:49:32.785422,313.65,591601.0,707667.0
2025-06-20 10:49:35.568748,313.65,592789.0,706458.0
2025-06-20 10:49:36.766014,313.7,592789.0,706458.0
2025-06-20 10:49:38.765987,313.7,592789.0,706458.0
2025-06-20 10:49:40.776617,313.7,592789.0,706458.0
2025-06-20 10:49:41.263375,313.65,592413.0,708605.0
2025-06-20 10:49:42.770161,313.65,592413.0,708605.0
2025-06-20 10:49:45.787674,313.65,592413.0,708605.0
2025-06-20 10:49:46.246326,313.65,592305.0,707545.0
2025-06-20 10:49:51.653863,313.7,591482.0,706645.0
2025-06-20 10:49:52.764777,313.7,591482.0,706645.0
2025-06-20 10:49:56.954821,313.65,593066.0,706641.0
2025-06-20 10:49:58.812641,313.7,593066.0,706641.0
2025-06-20 10:50:00.826572,313.7,593066.0,706641.0
2025-06-20 10:50:02.065019,313.7,592077.0,708533.0
2025-06-20 10:50:02.792484,313.5,592077.0,708533.0
2025-06-20 10:50:03.807670,313.7,592077.0,708533.0
2025-06-20 10:50:06.804825,313.8,592077.0,708533.0
2025-06-20 10:50:07.595070,313.8,592672.0,709527.0
2025-06-20 10:50:08.796928,313.65,592672.0,709527.0
2025-06-20 10:50:12.582735,313.6,588964.0,712253.0
2025-06-20 10:50:12.793913,313.6,588964.0,712253.0
2025-06-20 10:50:13.801356,313.55,588964.0,712253.0
2025-06-20 10:50:16.978536,313.65,588964.0,712253.0
2025-06-20 10:50:18.369921,313.8,592921.0,709596.0
2025-06-20 10:50:18.810702,313.8,592921.0,709596.0
2025-06-20 10:50:22.793692,313.8,592921.0,709596.0
2025-06-20 10:50:23.870060,313.8,592772.0,707898.0
2025-06-20 10:50:25.008358,313.65,592772.0,707898.0
2025-06-20 10:50:29.083719,313.65,592893.0,710788.0
2025-06-20 10:50:30.828165,313.65,592893.0,710788.0
2025-06-20 10:50:33.825333,313.65,592893.0,710788.0
2025-06-20 10:50:34.590356,313.65,593437.0,709625.0
2025-06-20 10:50:36.815312,313.8,593437.0,709625.0
2025-06-20 10:50:40.024568,313.8,593437.0,709625.0
2025-06-20 10:50:40.183166,313.8,594278.0,708210.0
2025-06-20 10:50:42.778683,313.85,594278.0,708210.0
2025-06-20 10:50:45.774853,313.8,594278.0,708210.0
2025-06-20 10:50:45.794306,313.8,599349.0,701518.0
2025-06-20 10:50:48.788430,313.9,599349.0,701518.0
2025-06-20 10:50:49.813552,313.9,599349.0,701518.0
2025-06-20 10:50:51.285606,313.85,598419.0,699633.0
2025-06-20 10:50:52.789235,313.85,598419.0,699633.0
2025-06-20 10:50:56.595075,313.85,597121.0,699680.0
2025-06-20 10:50:56.780290,313.85,597121.0,699680.0
2025-06-20 10:50:57.898276,313.85,597121.0,699680.0
2025-06-20 10:50:59.811763,313.9,597121.0,699680.0
2025-06-20 10:51:01.997222,313.9,597383.0,706210.0
2025-06-20 10:51:03.794682,313.65,597383.0,706210.0
2025-06-20 10:51:06.786919,313.9,597383.0,706210.0
2025-06-20 10:51:07.506938,313.9,596026.0,708615.0
2025-06-20 10:51:09.793214,313.8,596026.0,708615.0
2025-06-20 10:51:12.788209,313.8,596026.0,708615.0
2025-06-20 10:51:13.003992,313.75,592795.0,714521.0
2025-06-20 10:51:14.801391,313.7,592795.0,714521.0
2025-06-20 10:51:16.792030,313.7,592795.0,714521.0
2025-06-20 10:51:18.309314,313.7,594158.0,714244.0
2025-06-20 10:51:20.799501,313.7,594158.0,714244.0
2025-06-20 10:51:22.817123,313.65,594158.0,714244.0
2025-06-20 10:51:23.833528,313.65,594146.0,716104.0
2025-06-20 10:51:25.791597,313.75,594146.0,716104.0
2025-06-20 10:51:28.833091,313.75,594146.0,716104.0
2025-06-20 10:51:29.428464,313.65,596131.0,717091.0
2025-06-20 10:51:30.825409,313.65,596131.0,717091.0
2025-06-20 10:51:32.792012,313.75,596131.0,717091.0
2025-06-20 10:51:33.816013,313.65,596131.0,717091.0
2025-06-20 10:51:34.927221,313.65,596696.0,715070.0
2025-06-20 10:51:36.781925,313.75,596696.0,715070.0
2025-06-20 10:51:40.541965,313.75,597198.0,715008.0
2025-06-20 10:51:42.814037,313.75,597198.0,715008.0
2025-06-20 10:51:44.796041,313.8,597198.0,715008.0
2025-06-20 10:51:46.038918,313.8,599071.0,713328.0
2025-06-20 10:51:46.474008,313.8,599071.0,713328.0
2025-06-20 10:51:47.187846,313.8,599071.0,713328.0
2025-06-20 10:51:47.797700,313.75,599071.0,713328.0
2025-06-20 10:51:47.933419,313.75,599071.0,713328.0
2025-06-20 10:51:48.215240,313.75,599071.0,713328.0
2025-06-20 10:51:49.281584,313.75,599071.0,713328.0
2025-06-20 10:51:50.332205,313.75,599071.0,713328.0
2025-06-20 10:51:51.798100,313.75,599071.0,713328.0
2025-06-20 10:51:52.057377,313.75,600140.0,712104.0
2025-06-20 10:51:53.279816,313.75,600140.0,712104.0
2025-06-20 10:51:54.081191,313.75,600140.0,712104.0
2025-06-20 10:51:54.781337,313.75,600140.0,712104.0
2025-06-20 10:51:55.629770,313.75,600140.0,712104.0
2025-06-20 10:51:56.799090,313.75,600140.0,712104.0
2025-06-20 10:51:56.865477,313.75,600140.0,712104.0
2025-06-20 10:51:57.636500,313.75,597536.0,712755.0
2025-06-20 10:51:58.109290,313.75,597536.0,712755.0
2025-06-20 10:51:59.764427,313.75,597536.0,712755.0
2025-06-20 10:52:00.790084,313.65,597536.0,712755.0
2025-06-20 10:52:03.338642,313.65,596406.0,714589.0
2025-06-20 10:52:08.801100,313.75,596406.0,714589.0
2025-06-20 10:52:09.097547,313.75,598345.0,714473.0
2025-06-20 10:52:10.797890,313.7,598345.0,714473.0
2025-06-20 10:52:14.742984,313.7,599193.0,714548.0
2025-06-20 10:52:14.797549,313.7,599193.0,714548.0
2025-06-20 10:52:16.783608,313.7,599193.0,714548.0
2025-06-20 10:52:20.345963,313.75,594765.0,713632.0
2025-06-20 10:52:21.785465,313.75,594765.0,713632.0
2025-06-20 10:52:25.650398,313.75,598400.0,715768.0
2025-06-20 10:52:27.804533,313.7,598400.0,715768.0
2025-06-20 10:52:29.788893,313.7,598400.0,715768.0
2025-06-20 10:52:31.077814,313.7,596400.0,713837.0
2025-06-20 10:52:32.785415,313.8,596400.0,713837.0
2025-06-20 10:52:36.461894,313.8,601586.0,709232.0
2025-06-20 10:52:38.789950,313.8,601586.0,709232.0
2025-06-20 10:52:42.159248,313.8,600346.0,705909.0
2025-06-20 10:52:42.835033,313.8,600346.0,705909.0
2025-06-20 10:52:43.791755,313.85,600346.0,705909.0
2025-06-20 10:52:46.790798,313.9,600346.0,705909.0
2025-06-20 10:52:47.370101,314.15,802432.0,680391.0
2025-06-20 10:52:48.797666,313.95,802432.0,680391.0
2025-06-20 10:52:50.782777,313.7,802432.0,680391.0
2025-06-20 10:52:52.772873,313.65,587819.0,711217.0
2025-06-20 10:52:52.798258,313.65,587819.0,711217.0
2025-06-20 10:52:53.813079,313.6,587819.0,711217.0
2025-06-20 10:52:55.843935,313.6,587819.0,711217.0
2025-06-20 10:52:58.176661,313.45,579515.0,714648.0
2025-06-20 10:52:58.795461,313.4,579515.0,714648.0
2025-06-20 10:53:00.785661,313.6,579515.0,714648.0
2025-06-20 10:53:01.275681,313.6,581390.0,722243.0
2025-06-20 10:53:02.375077,313.6,583726.0,727280.0
2025-06-20 10:53:03.474665,313.35,578264.0,715735.0
2025-06-20 10:53:03.786721,313.35,578264.0,715735.0
2025-06-20 10:53:04.475936,313.35,569575.0,716798.0
2025-06-20 10:53:05.591063,313.3,576561.0,714201.0
2025-06-20 10:53:05.786974,313.3,576561.0,714201.0
2025-06-20 10:53:07.175920,313.3,576764.0,719539.0
2025-06-20 10:53:08.177327,313.3,578642.0,718776.0
2025-06-20 10:53:08.784035,313.3,578642.0,718776.0
2025-06-20 10:53:09.277241,313.3,578983.0,717968.0
2025-06-20 10:53:09.792583,313.3,578983.0,717968.0
2025-06-20 10:53:10.377905,313.35,577196.0,710225.0
2025-06-20 10:53:10.785413,313.35,577196.0,710225.0
2025-06-20 10:53:11.478179,313.55,585933.0,707437.0
2025-06-20 10:53:11.790506,313.45,585933.0,707437.0
2025-06-20 10:53:12.481031,313.45,586780.0,708190.0
2025-06-20 10:53:12.794340,313.45,586780.0,708190.0
2025-06-20 10:53:13.479150,313.45,584899.0,710381.0
2025-06-20 10:53:13.783762,313.45,584899.0,710381.0
2025-06-20 10:53:14.482035,313.45,584498.0,710728.0
2025-06-20 10:53:14.787931,313.45,584498.0,710728.0
2025-06-20 10:53:15.593595,313.45,582971.0,712052.0
2025-06-20 10:53:15.801613,313.45,582971.0,712052.0
2025-06-20 10:53:16.682823,313.5,586187.0,708290.0
2025-06-20 10:53:16.789136,313.5,586187.0,708290.0
2025-06-20 10:53:17.695561,313.5,585825.0,708320.0
2025-06-20 10:53:17.788239,313.5,585825.0,708320.0
2025-06-20 10:53:18.788843,313.5,586293.0,710443.0
2025-06-20 10:53:19.881606,313.5,586265.0,711237.0
2025-06-20 10:53:20.804689,313.45,586265.0,711237.0
2025-06-20 10:53:20.882210,313.45,584338.0,712763.0
2025-06-20 10:53:21.793524,313.45,586079.0,712673.0
2025-06-20 10:53:22.885556,313.45,586079.0,712755.0
2025-06-20 10:53:23.794727,313.45,586182.0,712755.0
2025-06-20 10:53:24.786247,313.45,586182.0,712755.0
2025-06-20 10:53:24.795189,313.45,586382.0,714034.0
2025-06-20 10:53:25.885481,313.45,586418.0,713856.0
2025-06-20 10:53:26.889648,313.45,586418.0,713940.0
2025-06-20 10:53:27.889098,313.45,586459.0,713904.0
2025-06-20 10:53:28.785356,313.45,586459.0,713904.0
2025-06-20 10:53:28.889177,313.45,586385.0,714197.0
2025-06-20 10:53:29.781838,313.45,586385.0,714197.0
2025-06-20 10:53:29.891935,313.45,586381.0,714264.0
2025-06-20 10:53:30.890637,313.45,586190.0,714279.0
2025-06-20 10:53:31.894155,313.45,586246.0,714167.0
2025-06-20 10:53:32.893579,313.45,586632.0,713781.0
2025-06-20 10:53:34.397824,313.45,586481.0,714098.0
2025-06-20 10:53:35.495672,313.45,585362.0,714404.0
2025-06-20 10:53:35.784684,313.45,585362.0,714404.0
2025-06-20 10:53:36.401681,313.5,585292.0,713727.0
2025-06-20 10:53:36.791065,313.45,585292.0,713727.0
2025-06-20 10:53:37.498967,313.45,585449.0,714884.0
2025-06-20 10:53:38.498514,313.45,584771.0,714885.0
2025-06-20 10:53:39.500625,313.45,584862.0,715096.0
2025-06-20 10:53:40.408764,313.45,584862.0,715336.0
2025-06-20 10:53:41.501304,313.45,584912.0,715336.0
2025-06-20 10:53:42.615115,313.45,584850.0,714516.0
2025-06-20 10:53:42.863272,313.45,584850.0,714516.0
2025-06-20 10:53:43.612594,313.45,582954.0,714519.0
2025-06-20 10:53:44.702370,313.5,583289.0,710414.0
2025-06-20 10:53:44.785864,313.5,583289.0,710414.0
2025-06-20 10:53:45.703964,313.45,584464.0,713090.0
2025-06-20 10:53:45.788972,313.45,584464.0,713090.0
2025-06-20 10:53:46.819207,313.45,585499.0,713409.0
2025-06-20 10:53:47.794796,313.5,585499.0,713409.0
2025-06-20 10:53:47.908823,313.5,586063.0,713114.0
2025-06-20 10:53:49.013312,313.5,585522.0,713617.0
2025-06-20 10:53:49.791228,313.5,585522.0,713617.0
2025-06-20 10:53:50.115195,313.5,587157.0,710711.0
2025-06-20 10:53:50.836415,313.45,587157.0,710711.0
2025-06-20 10:53:51.117807,313.45,585686.0,711117.0
2025-06-20 10:53:52.224041,313.45,585775.0,711204.0
2025-06-20 10:53:53.312313,313.45,585857.0,711120.0
2025-06-20 10:53:54.309688,313.45,585859.0,711420.0
2025-06-20 10:53:55.312296,313.45,586583.0,711446.0
2025-06-20 10:53:55.798707,313.45,586583.0,711446.0
2025-06-20 10:53:56.307478,313.45,588278.0,711261.0
2025-06-20 10:53:56.802547,313.4,588278.0,711261.0
2025-06-20 10:53:57.309135,313.4,586450.0,712134.0
2025-06-20 10:53:58.318302,313.4,588071.0,712465.0
2025-06-20 10:53:59.424943,313.4,588434.0,711813.0
2025-06-20 10:53:59.789162,313.4,588434.0,711813.0
2025-06-20 10:54:00.453421,313.4,587923.0,712817.0
2025-06-20 10:54:00.804348,313.4,587923.0,712817.0
2025-06-20 10:54:03.852139,313.45,587923.0,712817.0
2025-06-20 10:54:05.719774,313.55,593584.0,708979.0
2025-06-20 10:54:06.801443,313.6,593584.0,708979.0
2025-06-20 10:54:08.802065,313.6,593584.0,708979.0
2025-06-20 10:54:10.792180,313.65,593584.0,708979.0
2025-06-20 10:54:11.220947,313.65,596900.0,700539.0
2025-06-20 10:54:14.790644,313.65,596900.0,700539.0
2025-06-20 10:54:16.451010,313.7,593933.0,701151.0
2025-06-20 10:54:16.802191,313.65,593933.0,701151.0
2025-06-20 10:54:21.827252,313.65,590282.0,702511.0
2025-06-20 10:54:22.805748,313.65,590282.0,702511.0
2025-06-20 10:54:24.794889,313.7,590282.0,702511.0
2025-06-20 10:54:27.030095,313.7,594727.0,699756.0
2025-06-20 10:54:28.812136,313.7,594727.0,699756.0
2025-06-20 10:54:30.800950,313.9,594727.0,699756.0
2025-06-20 10:54:32.438970,313.95,598226.0,686024.0
2025-06-20 10:54:32.801271,313.95,598226.0,686024.0
2025-06-20 10:54:34.795575,314.0,598226.0,686024.0
2025-06-20 10:54:36.793508,313.9,598226.0,686024.0
2025-06-20 10:54:37.803405,314.0,598226.0,686024.0
2025-06-20 10:54:37.949707,314.0,599562.0,690457.0
2025-06-20 10:54:39.793351,314.05,599562.0,690457.0
2025-06-20 10:54:42.795697,314.05,599562.0,690457.0
2025-06-20 10:54:43.243164,314.05,598871.0,688929.0
2025-06-20 10:54:44.805463,314.2,598871.0,688929.0
2025-06-20 10:54:45.805876,314.2,598871.0,688929.0
2025-06-20 10:54:47.381689,314.2,598871.0,688929.0
2025-06-20 10:54:48.240343,314.2,598871.0,688929.0
2025-06-20 10:54:48.828160,314.2,596665.0,677966.0
2025-06-20 10:54:48.835395,314.2,596665.0,677966.0
2025-06-20 10:54:48.862233,314.2,596665.0,677966.0
2025-06-20 10:54:49.282308,314.2,596665.0,677966.0
2025-06-20 10:54:50.625191,314.2,596665.0,677966.0
2025-06-20 10:54:50.801257,314.2,596665.0,677966.0
2025-06-20 10:54:51.170769,314.2,596665.0,677966.0
2025-06-20 10:54:52.531601,314.2,596665.0,677966.0
2025-06-20 10:54:52.797625,314.2,596665.0,677966.0
2025-06-20 10:54:53.888307,314.2,596665.0,677966.0
2025-06-20 10:54:54.150307,314.2,596192.0,673941.0
2025-06-20 10:54:54.860570,314.2,596192.0,673941.0
2025-06-20 10:54:55.834191,314.2,596192.0,673941.0
2025-06-20 10:54:56.447585,314.2,596192.0,673941.0
2025-06-20 10:54:57.688365,314.2,596192.0,673941.0
2025-06-20 10:54:58.806970,314.2,596192.0,673941.0
2025-06-20 10:54:58.995347,314.2,596192.0,673941.0
2025-06-20 10:54:59.457074,314.2,596513.0,682258.0
2025-06-20 10:55:00.647933,314.2,596513.0,682258.0
2025-06-20 10:55:00.791440,314.2,596513.0,682258.0
2025-06-20 10:55:04.960460,314.2,596410.0,682214.0
2025-06-20 10:55:06.842929,314.2,596410.0,682214.0
2025-06-20 10:55:07.856955,314.25,596410.0,682214.0
2025-06-20 10:55:09.817504,314.3,596410.0,682214.0
2025-06-20 10:55:10.572586,314.3,600232.0,673110.0
2025-06-20 10:55:12.798132,314.35,600232.0,673110.0
2025-06-20 10:55:14.806324,314.25,600232.0,673110.0
2025-06-20 10:55:16.368084,314.35,598654.0,672741.0
2025-06-20 10:55:16.818410,314.25,598654.0,672741.0
2025-06-20 10:55:17.849775,314.35,598654.0,672741.0
2025-06-20 10:55:20.800631,314.35,598654.0,672741.0
2025-06-20 10:55:21.875977,314.35,598615.0,673419.0
2025-06-20 10:55:22.813028,314.35,598615.0,673419.0
2025-06-20 10:55:26.795309,314.25,598615.0,673419.0
2025-06-20 10:55:27.605665,314.35,599034.0,675708.0
2025-06-20 10:55:28.798171,314.35,599034.0,675708.0
2025-06-20 10:55:30.798622,314.35,599034.0,675708.0
2025-06-20 10:55:31.804418,314.35,599034.0,675708.0
2025-06-20 10:55:33.379045,314.4,599001.0,678486.0
2025-06-20 10:55:34.805042,314.25,599001.0,678486.0
2025-06-20 10:55:35.801226,314.25,599001.0,678486.0
2025-06-20 10:55:38.784629,314.4,599297.0,677143.0
2025-06-20 10:55:38.793939,314.4,599297.0,677143.0
2025-06-20 10:55:39.824766,314.25,599297.0,677143.0
2025-06-20 10:55:42.804188,314.25,599297.0,677143.0
2025-06-20 10:55:43.986280,314.25,599683.0,680541.0
2025-06-20 10:55:45.828956,314.25,599683.0,680541.0
2025-06-20 10:55:48.800664,314.25,599683.0,680541.0
2025-06-20 10:55:49.188563,314.4,599325.0,680698.0
2025-06-20 10:55:50.798713,314.4,599325.0,680698.0
2025-06-20 10:55:52.441120,314.25,599325.0,680698.0
2025-06-20 10:55:54.391774,314.25,599118.0,682031.0
2025-06-20 10:55:56.805204,314.25,599118.0,682031.0
2025-06-20 10:55:57.805609,314.25,599118.0,682031.0
2025-06-20 10:55:59.298881,314.2,597978.0,687299.0
2025-06-20 10:55:59.800765,314.2,597978.0,687299.0
2025-06-20 10:56:02.817012,314.2,597978.0,687299.0
2025-06-20 10:56:04.512289,314.25,596732.0,687260.0
2025-06-20 10:56:06.820150,314.2,596732.0,687260.0
2025-06-20 10:56:07.817743,314.2,596732.0,687260.0
2025-06-20 10:56:09.635153,314.15,597322.0,691528.0
2025-06-20 10:56:10.804381,314.15,597322.0,691528.0
2025-06-20 10:56:12.796830,314.25,597322.0,691528.0
2025-06-20 10:56:14.812576,314.15,597322.0,691528.0
2025-06-20 10:56:14.821297,314.15,596263.0,698937.0
2025-06-20 10:56:16.803019,314.05,596263.0,698937.0
2025-06-20 10:56:20.115876,314.0,595282.0,704312.0
2025-06-20 10:56:20.799581,314.0,595282.0,704312.0
2025-06-20 11:07:08.603555,314.2,591813.0,694878.0
2025-06-20 11:07:09.856250,314.35,591813.0,694878.0
2025-06-20 12:03:29.541148,314.05,581813.0,782436.0
2025-06-20 12:03:30.271301,314.05,582383.0,782249.0
2025-06-20 12:03:35.117093,314.05,584094.0,781852.0
2025-06-20 12:03:40.010748,314.2,586248.0,780476.0
2025-06-20 12:03:40.072397,314.2,586248.0,780476.0
2025-06-20 12:03:42.094536,314.2,586248.0,780476.0
2025-06-20 12:03:44.677553,314.2,586442.0,780461.0
2025-06-20 12:03:46.079827,314.2,586442.0,780461.0
2025-06-20 12:03:48.124378,314.2,586442.0,780461.0
2025-06-20 12:03:49.503498,314.2,586270.0,778585.0
2025-06-20 12:03:51.107879,314.2,586270.0,778585.0
2025-06-20 12:03:54.086189,314.25,586270.0,778585.0
2025-06-20 12:03:54.684398,314.25,586165.0,778287.0
2025-06-20 12:03:58.075119,314.3,586165.0,778287.0
2025-06-20 12:03:58.391227,314.3,586165.0,778287.0
2025-06-20 12:03:59.056701,314.3,586165.0,778287.0
2025-06-20 12:04:00.086072,314.15,582573.0,780975.0
2025-06-20 12:04:00.091157,314.15,582573.0,780975.0
2025-06-20 12:04:00.312885,314.15,582573.0,780975.0
2025-06-20 12:04:01.134942,314.15,582573.0,780975.0
2025-06-20 12:04:02.081066,314.2,582573.0,780975.0
2025-06-20 12:04:02.311689,314.2,582573.0,780975.0
2025-06-20 12:04:03.349654,314.2,582573.0,780975.0
2025-06-20 12:04:04.334964,314.2,582573.0,780975.0
2025-06-20 12:04:05.191687,314.2,583301.0,783410.0
2025-06-20 12:04:05.665186,314.2,583301.0,783410.0
2025-06-20 12:04:06.727487,314.2,583301.0,783410.0
2025-06-20 12:04:08.132804,314.25,583301.0,783410.0
2025-06-20 12:04:08.310172,314.25,583301.0,783410.0
2025-06-20 12:04:09.630826,314.25,583301.0,783410.0
2025-06-20 12:04:10.081214,314.4,583301.0,783410.0
2025-06-20 12:04:10.606283,314.4,590838.0,778847.0
2025-06-20 12:04:10.997294,314.4,590838.0,778847.0
2025-06-20 12:04:12.748896,314.4,590838.0,778847.0
2025-06-20 12:04:15.110831,314.3,590838.0,778847.0
2025-06-20 12:04:15.695977,314.3,592778.0,778355.0
2025-06-20 12:04:18.076008,314.25,592778.0,778355.0
2025-06-20 12:04:20.599909,314.3,591844.0,776835.0
2025-06-20 12:04:21.084472,314.3,591844.0,776835.0
2025-06-20 12:04:23.102735,314.4,591844.0,776835.0
2025-06-20 12:04:26.028684,314.4,593876.0,775503.0
2025-06-20 12:04:26.083475,314.4,593876.0,775503.0
2025-06-20 12:04:29.117573,314.3,593876.0,775503.0
2025-06-20 12:04:31.709343,314.3,593710.0,777285.0
2025-06-20 12:04:34.080554,314.4,593710.0,777285.0
2025-06-20 12:04:37.623118,314.35,593844.0,779586.0
2025-06-20 12:04:38.078014,314.35,593844.0,779586.0
2025-06-20 12:04:39.101324,314.4,593844.0,779586.0
2025-06-20 12:04:42.130148,314.3,593844.0,779586.0
2025-06-20 12:04:43.210986,314.3,594236.0,779718.0
2025-06-20 12:04:46.078817,314.3,594236.0,779718.0
2025-06-20 12:04:48.213799,314.3,595011.0,778207.0
2025-06-20 12:04:50.078197,314.4,595011.0,778207.0
2025-06-20 12:04:53.535207,314.4,595323.0,777540.0
2025-06-20 12:04:58.433129,314.4,595204.0,778836.0
2025-06-20 12:04:59.111065,314.3,595204.0,778836.0
2025-06-20 12:05:03.224732,314.3,594942.0,779293.0
2025-06-20 12:05:08.036899,314.3,595337.0,779401.0
2025-06-20 12:05:09.086881,314.35,595337.0,779401.0
2025-06-20 12:05:12.941998,314.35,594943.0,779726.0
2025-06-20 12:05:14.080036,314.3,594943.0,779726.0
2025-06-20 12:05:17.950385,314.3,596041.0,780327.0
2025-06-20 12:05:18.084806,314.3,596041.0,780327.0
2025-06-20 12:05:21.095810,314.3,596041.0,780327.0
2025-06-20 12:05:22.839573,314.3,596181.0,780393.0
2025-06-20 12:05:27.739934,314.3,596333.0,780473.0
2025-06-20 12:05:30.082530,314.3,596333.0,780473.0
2025-06-20 12:05:32.644139,314.3,596146.0,780463.0
2025-06-20 12:05:34.132668,314.3,596146.0,780463.0
2025-06-20 12:05:36.083125,314.3,596146.0,780463.0
2025-06-20 12:05:38.086175,314.3,596146.0,780463.0
2025-06-20 12:05:38.153306,314.3,592100.0,781335.0
2025-06-20 12:05:43.646537,314.25,591813.0,783402.0
2025-06-20 12:05:44.086035,314.25,591813.0,783402.0
2025-06-20 12:05:48.089189,314.25,591813.0,783402.0
2025-06-20 12:05:48.748820,314.25,591348.0,782995.0
2025-06-20 12:05:53.651072,314.25,590866.0,782991.0
2025-06-20 12:05:54.084959,314.25,590866.0,782991.0
2025-06-20 12:05:58.754146,314.25,590498.0,782956.0
2025-06-20 12:06:00.085324,314.25,590498.0,782956.0
2025-06-20 12:06:03.654766,314.25,590686.0,783075.0
2025-06-20 12:06:04.086163,314.25,590686.0,783075.0
2025-06-20 12:06:08.086708,314.25,590686.0,783075.0
2025-06-20 12:06:08.664896,314.3,590647.0,782832.0
2025-06-20 12:06:09.093721,314.3,590647.0,782832.0
2025-06-20 12:06:14.075978,314.25,591363.0,783065.0
2025-06-20 12:06:15.099576,314.25,591363.0,783065.0
2025-06-20 12:06:18.091508,314.3,591363.0,783065.0
2025-06-20 12:06:19.483959,314.2,589141.0,782529.0
2025-06-20 12:06:20.083845,314.2,589141.0,782529.0
2025-06-20 12:06:24.082971,314.35,589141.0,782529.0
2025-06-20 12:06:24.513915,314.35,589862.0,782289.0
2025-06-20 12:06:28.120469,314.35,589862.0,782289.0
2025-06-20 12:06:29.249501,314.3,589862.0,782289.0
2025-06-20 12:06:29.278411,314.3,590112.0,780960.0
2025-06-20 12:06:34.009128,314.3,589839.0,781423.0
2025-06-20 12:06:35.113794,314.3,589839.0,781423.0
2025-06-20 12:06:37.114449,314.35,589839.0,781423.0
2025-06-20 12:06:38.591623,314.25,589019.0,781504.0
2025-06-20 12:06:39.103272,314.25,589019.0,781504.0
2025-06-20 12:06:43.390776,314.25,589587.0,780929.0
2025-06-20 12:06:44.088683,314.25,589587.0,780929.0
2025-06-20 12:06:48.225161,314.25,587901.0,781113.0
2025-06-20 12:06:48.228839,314.25,587901.0,781113.0
2025-06-20 12:06:52.699218,314.25,589380.0,780793.0
2025-06-20 12:06:54.091028,314.3,589380.0,780793.0
2025-06-20 12:06:57.706695,314.35,590690.0,780546.0
2025-06-20 12:06:58.096864,314.35,590690.0,780546.0
2025-06-20 12:06:58.868422,314.35,590690.0,780546.0
2025-06-20 12:06:59.096566,314.3,590690.0,780546.0
2025-06-20 12:06:59.275439,314.3,590690.0,780546.0
2025-06-20 12:07:00.342724,314.3,590690.0,780546.0
2025-06-20 12:07:01.063982,314.3,590690.0,780546.0
2025-06-20 12:07:02.186268,314.3,590690.0,780546.0
2025-06-20 12:07:03.089927,314.35,588762.0,781361.0
2025-06-20 12:07:03.243244,314.35,588762.0,781361.0
2025-06-20 12:07:04.090624,314.35,588762.0,781361.0
2025-06-20 12:07:04.641612,314.35,588762.0,781361.0
2025-06-20 12:07:06.242971,314.35,588762.0,781361.0
2025-06-20 12:07:07.004090,314.35,588762.0,781361.0
2025-06-20 12:07:08.320658,314.25,587609.0,782235.0
2025-06-20 12:07:08.559265,314.25,587609.0,782235.0
2025-06-20 12:07:09.854567,314.25,587609.0,782235.0
2025-06-20 12:07:10.095877,314.25,587609.0,782235.0
2025-06-20 12:07:11.144932,314.25,587609.0,782235.0
2025-06-20 12:07:12.778738,314.25,587609.0,782235.0
2025-06-20 12:07:13.537618,314.35,587126.0,783125.0
2025-06-20 12:07:14.107055,314.25,587126.0,783125.0
2025-06-20 12:07:18.103464,314.3,587126.0,783125.0
2025-06-20 12:07:18.326802,314.3,589618.0,780917.0
2025-06-20 12:07:19.109421,314.3,589618.0,780917.0
2025-06-20 12:07:21.100384,314.35,589618.0,780917.0
2025-06-20 12:07:23.129209,314.3,589618.0,780917.0
2025-06-20 12:07:23.130954,314.3,589529.0,780910.0
2025-06-20 12:07:25.113396,314.4,589529.0,780910.0
2025-06-20 12:07:28.093690,314.3,589529.0,780910.0
2025-06-20 12:07:28.133370,314.3,591371.0,776319.0
2025-06-20 12:07:29.104335,314.3,591371.0,776319.0
2025-06-20 12:07:33.064382,314.4,591610.0,778146.0
2025-06-20 12:07:33.102508,314.4,591610.0,778146.0
2025-06-20 12:07:35.112627,314.4,591610.0,778146.0
2025-06-20 12:07:37.103603,314.4,591610.0,778146.0
2025-06-20 12:07:38.450904,314.4,591941.0,778194.0
2025-06-20 12:07:40.089358,314.4,591941.0,778194.0
2025-06-20 12:07:43.108090,314.4,591941.0,778194.0
2025-06-20 12:07:43.947070,314.4,591181.0,777847.0
2025-06-20 12:07:45.120809,314.35,591181.0,777847.0
2025-06-20 12:07:48.088331,314.5,591181.0,777847.0
2025-06-20 12:07:49.242697,314.5,595292.0,766699.0
2025-06-20 12:07:51.138182,314.6,595292.0,766699.0
2025-06-20 12:07:54.648601,314.6,594346.0,768007.0
2025-06-20 12:07:58.123275,314.6,594346.0,768007.0
2025-06-20 12:07:59.954467,314.5,594510.0,767913.0
2025-06-20 12:08:00.088869,314.5,594510.0,767913.0
2025-06-20 12:08:04.091150,314.5,594510.0,767913.0
2025-06-20 12:08:05.061914,314.5,593654.0,768172.0
2025-06-20 12:08:06.114725,314.5,593654.0,768172.0
2025-06-20 12:08:08.334355,314.65,593654.0,768172.0
2025-06-20 12:08:10.162437,314.65,593185.0,765272.0
2025-06-20 12:08:14.175430,314.5,593185.0,765272.0
2025-06-20 12:08:15.164158,314.65,594246.0,764475.0
2025-06-20 12:08:16.109443,314.65,594246.0,764475.0
2025-06-20 12:08:18.097609,314.65,594246.0,764475.0
2025-06-20 12:08:20.169966,314.65,595133.0,761501.0
2025-06-20 12:08:24.092686,314.65,595133.0,761501.0
2025-06-20 12:08:25.176119,314.65,595401.0,761088.0
2025-06-20 12:08:28.092417,314.55,595401.0,761088.0
2025-06-20 12:08:30.068755,314.55,596183.0,761407.0
2025-06-20 12:08:30.094956,314.55,596183.0,761407.0
2025-06-20 12:08:33.104708,314.55,596183.0,761407.0
2025-06-20 12:08:34.878174,314.75,600226.0,752690.0
2025-06-20 12:08:36.094534,314.75,600226.0,752690.0
2025-06-20 12:08:37.103962,314.75,600226.0,752690.0
2025-06-20 12:08:39.098097,314.75,600226.0,752690.0
2025-06-20 12:08:39.476393,314.75,597356.0,755074.0
2025-06-20 12:08:42.124821,314.75,597356.0,755074.0
2025-06-20 12:08:44.382549,314.7,598280.0,754281.0
2025-06-20 12:08:46.094444,314.7,598280.0,754281.0
2025-06-20 12:08:48.097612,314.75,598280.0,754281.0
2025-06-20 12:08:49.098957,314.75,598280.0,754281.0
2025-06-20 12:08:49.386964,314.75,597808.0,755162.0
2025-06-20 12:08:52.100644,314.75,597808.0,755162.0
2025-06-20 12:08:54.695152,314.75,597711.0,756728.0
2025-06-20 12:08:58.110194,314.8,597711.0,756728.0
2025-06-20 12:08:59.535348,314.8,597492.0,754644.0
2025-06-20 12:09:00.113918,314.8,597492.0,754644.0
2025-06-20 12:09:03.121881,314.65,597492.0,754644.0
2025-06-20 12:09:04.394787,314.65,597876.0,754396.0
2025-06-20 12:09:05.127885,314.8,597876.0,754396.0
2025-06-20 12:09:09.532068,314.85,599101.0,752230.0
2025-06-20 12:09:10.108358,314.85,599101.0,752230.0
2025-06-20 12:09:12.113942,314.85,599101.0,752230.0
2025-06-20 12:09:14.647430,314.7,599101.0,752230.0
2025-06-20 12:09:14.698899,314.7,598866.0,754445.0
2025-06-20 12:09:17.112819,314.7,598866.0,754445.0
2025-06-20 12:09:19.531234,314.7,598649.0,753948.0
2025-06-20 12:09:21.117856,314.8,598649.0,753948.0
2025-06-20 12:09:24.309329,314.8,599157.0,751989.0
2025-06-20 12:09:28.112367,314.8,599157.0,751989.0
2025-06-20 12:09:29.117290,314.75,599157.0,751989.0
2025-06-20 12:09:29.208703,314.75,599203.0,752922.0
2025-06-20 12:09:33.126286,314.75,599203.0,752922.0
2025-06-20 12:09:34.127995,314.75,599820.0,751563.0
2025-06-20 12:09:37.142007,314.8,599820.0,751563.0
2025-06-20 12:09:39.129711,314.85,599805.0,749660.0
2025-06-20 12:09:40.116187,314.85,599805.0,749660.0
2025-06-20 12:09:42.107939,314.85,599805.0,749660.0
2025-06-20 12:09:43.824529,314.85,599485.0,749039.0
2025-06-20 12:09:46.106216,314.85,599485.0,749039.0
2025-06-20 12:09:48.626959,314.85,598590.0,749605.0
2025-06-20 12:09:51.130428,314.8,598590.0,749605.0
2025-06-20 12:09:53.826710,314.85,598257.0,749946.0
2025-06-20 12:09:54.118543,314.85,598257.0,749946.0
2025-06-20 12:09:55.126743,314.85,598257.0,749946.0
2025-06-20 12:09:59.045984,314.85,598593.0,750412.0
2025-06-20 12:09:59.297231,314.85,598593.0,750412.0
2025-06-20 12:10:00.057203,314.85,598593.0,750412.0
2025-06-20 12:10:00.160014,314.9,598593.0,750412.0
2025-06-20 12:10:00.561799,314.9,598593.0,750412.0
2025-06-20 12:10:01.232144,314.9,598593.0,750412.0
2025-06-20 12:10:02.111642,314.75,598593.0,750412.0
2025-06-20 12:10:02.372925,314.75,598593.0,750412.0
2025-06-20 12:10:03.455701,314.75,598593.0,750412.0
2025-06-20 12:10:03.740762,314.8,595910.0,752133.0
2025-06-20 12:10:03.882697,314.8,595910.0,752133.0
2025-06-20 12:10:04.105805,314.8,595910.0,752133.0
2025-06-20 12:10:04.862712,314.8,595910.0,752133.0
2025-06-20 12:10:06.232410,314.8,595910.0,752133.0
2025-06-20 12:10:07.241904,314.8,595910.0,752133.0
2025-06-20 12:10:08.833436,314.8,595910.0,752133.0
2025-06-20 12:10:09.052174,314.8,594976.0,756226.0
2025-06-20 12:10:10.153513,314.8,594976.0,756226.0
2025-06-20 12:10:11.436330,314.8,594976.0,756226.0
2025-06-20 12:10:13.070264,314.8,594976.0,756226.0
2025-06-20 12:10:14.107390,314.7,594976.0,756226.0
2025-06-20 12:10:14.647605,314.7,595461.0,755685.0
2025-06-20 12:10:18.106199,314.7,595461.0,755685.0
2025-06-20 12:10:19.953287,314.7,594877.0,756948.0
2025-06-20 12:10:21.115780,314.75,594877.0,756948.0
2025-06-20 12:10:24.953460,314.7,594506.0,756046.0
2025-06-20 12:10:26.112589,314.7,594506.0,756046.0
2025-06-20 12:10:29.138075,314.7,594506.0,756046.0
2025-06-20 12:10:30.060945,314.75,594146.0,756168.0
2025-06-20 12:10:31.125986,314.75,594146.0,756168.0
2025-06-20 12:10:34.108650,314.7,594146.0,756168.0
2025-06-20 12:10:35.060031,314.7,592449.0,756143.0
2025-06-20 12:10:37.154418,314.7,592449.0,756143.0
2025-06-20 12:10:39.116177,314.6,592449.0,756143.0
2025-06-20 12:10:39.957164,314.6,593765.0,758000.0
2025-06-20 12:10:42.109446,314.75,593765.0,758000.0
2025-06-20 12:10:43.115158,314.6,593765.0,758000.0
2025-06-20 12:10:44.859721,314.6,593708.0,757684.0
2025-06-20 12:10:46.112650,314.6,593708.0,757684.0
2025-06-20 12:10:49.663119,314.6,594123.0,758809.0
2025-06-20 12:10:51.121940,314.75,594123.0,758809.0
2025-06-20 12:10:54.164780,314.75,593793.0,758396.0
2025-06-20 12:10:58.117229,314.75,593793.0,758396.0
2025-06-20 12:10:58.486436,314.75,594162.0,758375.0
2025-06-20 12:10:59.131808,314.6,594162.0,758375.0
2025-06-20 12:11:02.117245,314.6,594162.0,758375.0
2025-06-20 12:11:02.673225,314.6,593298.0,758506.0
2025-06-20 12:11:05.206349,314.55,593298.0,758506.0
2025-06-20 12:11:07.496396,314.6,592776.0,759587.0
2025-06-20 12:11:08.121114,314.55,592776.0,759587.0
2025-06-20 12:11:09.147425,314.55,592776.0,759587.0
2025-06-20 12:11:12.112918,314.55,592776.0,759587.0
2025-06-20 12:11:12.380514,314.55,594219.0,760714.0
2025-06-20 12:11:15.132226,314.55,594219.0,760714.0
2025-06-20 12:11:17.128529,314.6,594219.0,760714.0
2025-06-20 12:11:17.685337,314.6,594043.0,760526.0
2025-06-20 12:11:22.499348,314.55,593489.0,760661.0
2025-06-20 12:11:23.127137,314.55,593489.0,760661.0
2025-06-20 12:11:26.116665,314.7,593489.0,760661.0
2025-06-20 12:11:27.389368,314.7,593979.0,758453.0
2025-06-20 12:11:28.111715,314.7,593979.0,758453.0
2025-06-20 12:11:30.114360,314.6,593979.0,758453.0
2025-06-20 12:11:32.045768,314.6,594354.0,758298.0
2025-06-20 12:11:34.118579,314.7,594354.0,758298.0
2025-06-20 12:11:37.168374,314.65,594354.0,758298.0
2025-06-20 12:11:37.195597,314.65,593988.0,758102.0
2025-06-20 12:11:39.120693,314.7,593988.0,758102.0
2025-06-20 12:11:42.120690,314.7,593988.0,758102.0
2025-06-20 12:11:42.199555,314.7,593864.0,757805.0
2025-06-20 12:11:43.135952,314.7,593864.0,757805.0
2025-06-20 12:11:46.125313,314.7,593864.0,757805.0
2025-06-20 12:11:47.051086,314.7,596208.0,756712.0
2025-06-20 12:11:51.145193,314.7,596208.0,756712.0
2025-06-20 12:11:52.017234,314.7,596027.0,756900.0
2025-06-20 12:11:54.114885,314.7,596027.0,756900.0
2025-06-20 12:11:57.044167,314.7,596072.0,757779.0
2025-06-20 12:11:59.121071,314.65,596072.0,757779.0
2025-06-20 12:12:01.615692,314.7,595770.0,756696.0
2025-06-20 12:12:02.120792,314.7,595770.0,756696.0
2025-06-20 12:12:04.119701,314.6,595770.0,756696.0
2025-06-20 12:12:06.709360,314.6,591361.0,761616.0
2025-06-20 12:12:09.153434,314.65,591361.0,761616.0
2025-06-20 12:12:11.713748,314.65,593486.0,761688.0
2025-06-20 12:12:16.122782,314.5,593486.0,761688.0
2025-06-20 12:12:16.530369,314.5,591918.0,762172.0
2025-06-20 12:12:18.120850,314.55,591918.0,762172.0
2025-06-20 12:12:21.316302,314.55,593055.0,761589.0
2025-06-20 12:12:26.035661,314.55,592942.0,761425.0
2025-06-20 12:12:28.125562,314.5,592942.0,761425.0
2025-06-20 12:12:29.158478,314.5,592942.0,761425.0
2025-06-20 12:12:30.828113,314.5,593094.0,761201.0
2025-06-20 12:12:35.831455,314.55,593653.0,761235.0
2025-06-20 12:12:37.122643,314.55,593653.0,761235.0
2025-06-20 12:12:39.147930,314.65,593653.0,761235.0
2025-06-20 12:12:40.730412,314.55,594447.0,760059.0
2025-06-20 12:12:42.158466,314.55,594447.0,760059.0
2025-06-20 12:12:43.171674,314.6,594447.0,760059.0
2025-06-20 12:12:45.134254,314.65,594447.0,760059.0
2025-06-20 12:12:45.733225,314.65,594476.0,759699.0
2025-06-20 12:12:47.155367,314.65,594476.0,759699.0
2025-06-20 12:12:50.459969,314.65,594782.0,759074.0
2025-06-20 12:12:52.117091,314.65,594782.0,759074.0
2025-06-20 12:12:55.242593,314.65,594574.0,759279.0
2025-06-20 12:12:56.129963,314.65,594574.0,759279.0
2025-06-20 12:12:58.157554,314.6,594574.0,759279.0
2025-06-20 12:12:59.159484,314.5,594574.0,759279.0
2025-06-20 12:12:59.826187,314.5,594574.0,759279.0
2025-06-20 12:13:00.152240,314.5,594361.0,759744.0
2025-06-20 12:13:00.254002,314.5,594361.0,759744.0
2025-06-20 12:13:01.356003,314.5,594361.0,759744.0
2025-06-20 12:13:02.098455,314.5,594361.0,759744.0
2025-06-20 12:13:03.196212,314.5,594361.0,759744.0
2025-06-20 12:13:04.278318,314.5,594361.0,759744.0
2025-06-20 12:13:04.946469,314.5,594061.0,759943.0
2025-06-20 12:13:05.700412,314.5,594061.0,759943.0
2025-06-20 12:13:07.101152,314.5,594061.0,759943.0
2025-06-20 12:13:07.158006,314.6,594061.0,759943.0
2025-06-20 12:13:08.111707,314.6,594061.0,759943.0
2025-06-20 12:13:09.688986,314.6,594061.0,759943.0
2025-06-20 12:13:09.759411,314.5,592645.0,759459.0
2025-06-20 12:13:10.127835,314.5,592645.0,759459.0
2025-06-20 12:13:10.965917,314.5,592645.0,759459.0
2025-06-20 12:13:12.246529,314.5,592645.0,759459.0
2025-06-20 12:13:13.899034,314.5,592645.0,759459.0
2025-06-20 12:13:15.158326,314.5,592893.0,759234.0
2025-06-20 12:13:16.154668,314.5,592893.0,759234.0
2025-06-20 12:13:17.142473,314.5,592893.0,759234.0
2025-06-20 12:13:20.061170,314.5,591873.0,759637.0
2025-06-20 12:13:24.126495,314.6,591873.0,759637.0
2025-06-20 12:13:25.358767,314.6,590122.0,759807.0
2025-06-20 12:13:30.130272,314.6,590122.0,759807.0
2025-06-20 12:13:30.574358,314.6,590491.0,760093.0
2025-06-20 12:13:35.467662,314.6,592061.0,759589.0
2025-06-20 12:13:38.128277,314.6,592061.0,759589.0
2025-06-20 12:13:40.122943,314.6,592061.0,759589.0
2025-06-20 12:13:40.468576,314.6,592521.0,759367.0
2025-06-20 12:13:44.124041,314.55,592521.0,759367.0
2025-06-20 12:13:45.479556,314.6,592116.0,757690.0
2025-06-20 12:13:48.127777,314.6,592116.0,757690.0
2025-06-20 12:13:50.378444,314.6,592454.0,757683.0
2025-06-20 12:13:55.134109,314.65,592454.0,757683.0
2025-06-20 12:13:55.280009,314.65,592276.0,758180.0
2025-06-20 12:13:58.137884,314.65,592276.0,758180.0
2025-06-20 12:13:59.134496,314.6,592276.0,758180.0
2025-06-20 12:14:00.481761,314.6,593192.0,758841.0
2025-06-20 12:14:02.131893,314.6,593192.0,758841.0
2025-06-20 12:14:05.586669,314.65,593520.0,758803.0
2025-06-20 12:14:07.137466,314.65,593520.0,758803.0
2025-06-20 12:14:10.125076,314.5,593520.0,758803.0
2025-06-20 12:14:10.491099,314.5,577647.0,766116.0
2025-06-20 12:14:14.131940,314.45,577647.0,766116.0
2025-06-20 12:14:15.194690,314.5,584452.0,765462.0
2025-06-20 12:14:16.125227,314.5,584452.0,765462.0
2025-06-20 12:14:18.135516,314.45,584452.0,765462.0
2025-06-20 12:14:19.911387,314.45,584483.0,767120.0
2025-06-20 12:14:22.131183,314.3,584483.0,767120.0
2025-06-20 12:14:23.142740,314.3,584483.0,767120.0
2025-06-20 12:14:24.703751,314.3,580253.0,770129.0
2025-06-20 12:14:27.182533,314.3,580253.0,770129.0
2025-06-20 12:14:29.305658,314.3,581502.0,767726.0
2025-06-20 12:14:30.129755,314.3,581502.0,767726.0
2025-06-20 12:14:33.918493,314.4,579886.0,767337.0
2025-06-20 12:14:34.127047,314.4,579886.0,767337.0
2025-06-20 12:14:38.126724,314.4,579886.0,767337.0
2025-06-20 12:14:38.810468,314.5,581871.0,767797.0
