timestamp,ltp,bid_qty,ask_qty
2025-06-20 10:10:48.252790,5524.5,23806.0,28272.0
2025-06-20 10:10:48.589322,5521.5,23806.0,28272.0
2025-06-20 10:10:48.663388,5521.5,23726.0,28306.0
2025-06-20 10:10:49.667589,5521.5,23572.0,28474.0
2025-06-20 10:10:50.663741,5521.5,23626.0,28496.0
2025-06-20 10:10:51.665349,5521.5,23610.0,28484.0
2025-06-20 10:10:52.663230,5521.5,23609.0,28488.0
2025-06-20 10:10:53.665997,5521.5,23571.0,28498.0
2025-06-20 10:10:54.663530,5521.5,23566.0,28498.0
2025-06-20 10:10:55.663548,5521.5,23571.0,28465.0
2025-06-20 10:10:56.667193,5521.5,23674.0,28504.0
2025-06-20 10:10:57.666701,5521.5,23618.0,28494.0
2025-06-20 10:10:58.765598,5521.5,23778.0,28376.0
2025-06-20 10:10:59.875467,5521.5,23659.0,28378.0
2025-06-20 10:11:01.070838,5524.0,23547.0,28315.0
2025-06-20 10:11:01.598986,5524.0,23547.0,28315.0
2025-06-20 10:11:02.169946,5524.0,23686.0,28398.0
2025-06-20 10:11:03.270707,5524.0,23783.0,28314.0
2025-06-20 10:11:04.373566,5524.0,22763.0,28439.0
2025-06-20 10:11:05.478409,5524.0,23781.0,28278.0
2025-06-20 10:11:06.589050,5524.0,23787.0,28288.0
2025-06-20 10:11:07.673011,5524.0,23810.0,28377.0
2025-06-20 10:11:08.869442,5524.0,23776.0,28383.0
2025-06-20 10:11:09.774224,5524.0,23876.0,28326.0
2025-06-20 10:11:10.924398,5524.0,23803.0,28392.0
2025-06-20 10:11:12.106517,5524.0,23814.0,28381.0
2025-06-20 10:11:13.077074,5524.0,22829.0,28395.0
2025-06-20 10:11:14.177831,5524.0,23830.0,28392.0
2025-06-20 10:11:15.178996,5524.0,23838.0,28392.0
2025-06-20 10:11:16.278205,5524.0,23829.0,28404.0
2025-06-20 10:11:17.281321,5524.0,23835.0,28397.0
2025-06-20 10:11:18.282938,5524.0,23821.0,28399.0
2025-06-20 10:11:19.424599,5524.0,23821.0,28397.0
2025-06-20 10:11:20.286172,5524.0,23844.0,28386.0
2025-06-20 10:11:20.588673,5524.0,23844.0,28386.0
2025-06-20 10:11:21.279759,5524.0,23835.0,28405.0
2025-06-20 10:11:22.280553,5524.0,23890.0,28405.0
2025-06-20 10:11:23.385527,5524.0,23901.0,28405.0
2025-06-20 10:11:24.505142,5524.0,23878.0,28394.0
2025-06-20 10:11:24.638483,5524.0,23878.0,28394.0
2025-06-20 10:11:25.596272,5524.0,23838.0,28392.0
2025-06-20 10:11:26.887663,5524.0,23842.0,28399.0
2025-06-20 10:11:27.600150,5524.0,23842.0,28399.0
2025-06-20 10:11:27.799980,5524.0,23983.0,28218.0
2025-06-20 10:11:28.914641,5524.0,23954.0,28263.0
2025-06-20 10:11:29.986295,5524.0,23867.0,28284.0
2025-06-20 10:11:30.991330,5524.0,23941.0,28271.0
2025-06-20 10:11:32.186799,5524.0,24016.0,28257.0
2025-06-20 10:11:33.296786,5524.0,23947.0,28290.0
2025-06-20 10:11:34.498434,5524.0,23485.0,28275.0
2025-06-20 10:11:35.495607,5524.0,23967.0,28279.0
2025-06-20 10:11:36.428857,5524.0,23929.0,28326.0
2025-06-20 10:11:37.612186,5524.0,23939.0,28327.0
2025-06-20 10:11:38.692280,5524.0,23976.0,28289.0
2025-06-20 10:11:39.586908,5524.0,23976.0,28289.0
2025-06-20 10:11:39.807083,5524.0,23957.0,28284.0
2025-06-20 10:11:40.995836,5524.0,23858.0,28251.0
2025-06-20 10:11:41.995193,5524.0,23764.0,28173.0
2025-06-20 10:11:42.997834,5524.0,23841.0,28234.0
2025-06-20 10:11:44.097012,5524.0,23939.0,28180.0
2025-06-20 10:11:45.199261,5523.5,23738.0,28353.0
2025-06-20 10:11:45.592282,5523.5,23738.0,28353.0
2025-06-20 10:11:46.537219,5523.5,23852.0,28253.0
2025-06-20 10:11:47.413250,5523.5,23853.0,28287.0
2025-06-20 10:11:48.501833,5523.5,23839.0,28311.0
2025-06-20 10:11:49.617055,5523.5,23820.0,28316.0
2025-06-20 10:11:50.711099,5523.5,23833.0,28316.0
2025-06-20 10:11:51.590955,5524.0,23833.0,28316.0
2025-06-20 10:11:51.816602,5524.0,23776.0,27938.0
2025-06-20 10:11:53.034337,5524.0,23850.0,28069.0
2025-06-20 10:11:54.009783,5524.0,23804.0,27998.0
2025-06-20 10:11:55.002625,5524.0,23925.0,27949.0
2025-06-20 10:11:56.107038,5524.0,24015.0,27927.0
2025-06-20 10:11:57.203777,5524.0,24000.0,27927.0
2025-06-20 10:11:58.318379,5524.0,24001.0,27833.0
2025-06-20 10:11:58.589681,5524.5,24001.0,27833.0
2025-06-20 10:11:59.429970,5524.5,22974.0,27602.0
2025-06-20 10:11:59.592388,5524.5,22974.0,27602.0
2025-06-20 10:12:00.331911,5524.5,22788.0,27627.0
2025-06-20 10:12:01.589777,5525.5,22788.0,27627.0
2025-06-20 10:12:01.716795,5525.5,24039.0,27269.0
2025-06-20 10:12:02.710358,5525.5,24105.0,27297.0
2025-06-20 10:12:03.590522,5525.0,24105.0,27297.0
2025-06-20 10:12:03.715675,5525.0,23780.0,27375.0
2025-06-20 10:12:04.866812,5525.0,24058.0,27338.0
2025-06-20 10:12:06.011518,5525.0,24094.0,27321.0
2025-06-20 10:12:06.924166,5525.0,24114.0,27241.0
2025-06-20 10:12:08.017867,5527.0,24209.0,27288.0
2025-06-20 10:12:08.591540,5527.0,24209.0,27288.0
2025-06-20 10:12:09.020293,5527.0,24210.0,27305.0
2025-06-20 10:12:10.013357,5527.0,24200.0,27338.0
2025-06-20 10:12:11.013953,5527.0,24308.0,27334.0
2025-06-20 10:12:12.012798,5527.0,24299.0,27365.0
2025-06-20 10:12:13.015121,5527.0,24338.0,27305.0
2025-06-20 10:12:14.115269,5527.0,24329.0,27257.0
2025-06-20 10:12:15.215873,5527.0,24424.0,27239.0
2025-06-20 10:12:16.429224,5527.0,24331.0,27089.0
2025-06-20 10:12:17.436984,5527.0,24197.0,27235.0
2025-06-20 10:12:18.426825,5527.5,24211.0,27323.0
2025-06-20 10:12:18.596147,5527.5,24211.0,27323.0
2025-06-20 10:12:19.522074,5527.5,24197.0,27349.0
2025-06-20 10:12:20.519497,5527.5,24378.0,27315.0
2025-06-20 10:12:21.527370,5527.5,23380.0,27235.0
2025-06-20 10:12:22.522764,5527.5,24376.0,27187.0
2025-06-20 10:12:22.593298,5527.5,24376.0,27187.0
2025-06-20 10:12:23.538590,5527.5,24393.0,27209.0
2025-06-20 10:12:24.526780,5527.5,24393.0,27184.0
2025-06-20 10:12:25.599183,5527.5,24393.0,27184.0
2025-06-20 10:12:25.636889,5527.5,23364.0,27271.0
2025-06-20 10:12:26.640527,5527.5,24378.0,27273.0
2025-06-20 10:12:27.761024,5527.5,24286.0,27274.0
2025-06-20 10:12:28.730292,5527.5,24286.0,27254.0
2025-06-20 10:12:29.841508,5527.5,24290.0,27269.0
2025-06-20 10:12:30.593481,5527.5,24290.0,27269.0
2025-06-20 10:12:30.949921,5527.5,24286.0,27373.0
2025-06-20 10:12:32.026587,5527.5,24286.0,27375.0
2025-06-20 10:12:33.032710,5527.5,24254.0,27347.0
2025-06-20 10:12:34.139565,5527.5,24261.0,27350.0
2025-06-20 10:12:34.595091,5529.0,24261.0,27350.0
2025-06-20 10:12:35.229001,5529.0,24256.0,27288.0
2025-06-20 10:12:36.360472,5529.0,24259.0,27283.0
2025-06-20 10:12:37.442606,5529.0,24246.0,27307.0
2025-06-20 10:12:37.597592,5529.0,24246.0,27307.0
2025-06-20 10:12:38.442212,5529.0,24244.0,27341.0
2025-06-20 10:12:39.537166,5529.0,24248.0,27353.0
2025-06-20 10:12:40.520820,5529.0,24248.0,27353.0
2025-06-20 10:12:40.646892,5529.0,24316.0,27238.0
2025-06-20 10:12:40.918498,5529.0,24316.0,27238.0
2025-06-20 10:12:41.138062,5529.0,24316.0,27238.0
2025-06-20 10:12:41.732607,5529.0,24312.0,27233.0
2025-06-20 10:12:41.937083,5529.0,24312.0,27233.0
2025-06-20 10:12:42.289504,5529.0,24312.0,27233.0
2025-06-20 10:12:42.864834,5529.0,24328.0,27236.0
2025-06-20 10:12:42.950806,5529.0,24328.0,27236.0
2025-06-20 10:12:43.429979,5529.0,24328.0,27236.0
2025-06-20 10:12:43.866054,5529.0,24326.0,27188.0
2025-06-20 10:12:43.940540,5529.0,24326.0,27188.0
2025-06-20 10:12:44.617204,5529.0,24326.0,27188.0
2025-06-20 10:12:44.938934,5529.0,24322.0,27238.0
2025-06-20 10:12:45.400857,5529.0,24322.0,27238.0
2025-06-20 10:12:45.939880,5529.0,24324.0,27177.0
2025-06-20 10:12:46.676995,5529.0,24324.0,27177.0
2025-06-20 10:12:47.038233,5529.0,24329.0,27251.0
2025-06-20 10:12:47.648071,5529.0,24329.0,27251.0
2025-06-20 10:12:48.136157,5529.0,24324.0,27240.0
2025-06-20 10:12:49.161279,5529.0,24324.0,27240.0
2025-06-20 10:12:49.237357,5529.0,24321.0,27240.0
2025-06-20 10:12:50.381263,5529.0,24321.0,27239.0
2025-06-20 10:12:50.473617,5529.0,24321.0,27239.0
2025-06-20 10:12:51.440476,5529.0,24322.0,27224.0
2025-06-20 10:12:51.710542,5529.0,24322.0,27224.0
2025-06-20 10:12:52.543205,5529.0,24339.0,27233.0
2025-06-20 10:12:53.263611,5529.0,24339.0,27233.0
2025-06-20 10:12:53.646059,5529.0,24327.0,27253.0
2025-06-20 10:12:54.741819,5529.0,24318.0,27254.0
2025-06-20 10:12:55.741839,5528.0,24314.0,27254.0
2025-06-20 10:12:56.595969,5528.0,24314.0,27254.0
2025-06-20 10:12:56.883145,5528.0,24310.0,27289.0
2025-06-20 10:12:57.947530,5528.0,24310.0,27277.0
2025-06-20 10:12:59.049129,5528.0,24321.0,27278.0
2025-06-20 10:13:00.143963,5528.0,23822.0,27275.0
2025-06-20 10:13:01.453200,5528.0,24323.0,27272.0
2025-06-20 10:13:02.453267,5528.0,24315.0,27277.0
2025-06-20 10:13:03.550195,5528.0,24354.0,27308.0
2025-06-20 10:13:04.657149,5528.0,24355.0,27310.0
2025-06-20 10:13:05.751665,5528.0,24369.0,27315.0
2025-06-20 10:13:06.863692,5528.0,24372.0,27315.0
2025-06-20 10:13:07.949746,5528.0,24371.0,27305.0
2025-06-20 10:13:09.056066,5528.0,24372.0,27305.0
2025-06-20 10:13:10.152616,5528.0,24372.0,27323.0
2025-06-20 10:13:11.153519,5528.0,24385.0,27310.0
2025-06-20 10:13:12.255120,5528.0,24366.0,27300.0
2025-06-20 10:13:13.367852,5528.0,24381.0,27302.0
2025-06-20 10:13:14.464537,5528.0,24368.0,27302.0
2025-06-20 10:13:15.559898,5528.0,24371.0,27317.0
2025-06-20 10:13:16.602186,5529.5,24371.0,27317.0
2025-06-20 10:13:16.674205,5529.5,24370.0,27287.0
2025-06-20 10:13:17.759834,5529.5,24404.0,27278.0
2025-06-20 10:13:18.598176,5528.0,24404.0,27278.0
2025-06-20 10:13:18.760655,5528.0,24384.0,27278.0
2025-06-20 10:13:19.761112,5528.0,24380.0,27300.0
2025-06-20 10:13:20.602046,5529.5,24380.0,27300.0
2025-06-20 10:13:20.761223,5529.5,24380.0,27212.0
2025-06-20 10:13:21.962904,5529.5,24350.0,27219.0
2025-06-20 10:13:22.871755,5529.5,24366.0,27276.0
2025-06-20 10:13:23.878075,5529.5,24480.0,26949.0
2025-06-20 10:13:24.762456,5529.5,24485.0,26962.0
2025-06-20 10:13:25.877915,5529.5,24360.0,26982.0
2025-06-20 10:13:26.872581,5529.5,24414.0,26937.0
2025-06-20 10:13:27.879747,5529.5,24426.0,26937.0
2025-06-20 10:13:28.881596,5529.5,24414.0,26963.0
2025-06-20 10:13:29.971399,5529.5,24293.0,26977.0
2025-06-20 10:13:30.967512,5529.5,24333.0,27073.0
2025-06-20 10:13:32.072758,5529.5,24430.0,26953.0
2025-06-20 10:13:33.170528,5529.5,24395.0,26993.0
2025-06-20 10:13:34.269234,5529.5,24395.0,26982.0
2025-06-20 10:13:35.376153,5529.5,24430.0,26950.0
2025-06-20 10:13:35.598089,5529.5,24430.0,26950.0
2025-06-20 10:13:36.472253,5529.5,24410.0,26991.0
2025-06-20 10:13:37.469859,5529.5,24427.0,26998.0
2025-06-20 10:13:38.575025,5529.5,24399.0,26952.0
2025-06-20 10:13:39.672703,5529.5,24403.0,26982.0
2025-06-20 10:13:40.773884,5529.5,24410.0,27008.0
2025-06-20 10:13:41.880431,5529.5,24428.0,26995.0
2025-06-20 10:13:42.974555,5529.5,24423.0,26965.0
2025-06-20 10:13:43.978866,5529.5,24432.0,26970.0
2025-06-20 10:13:44.974504,5529.5,24432.0,27000.0
2025-06-20 10:13:46.079866,5529.5,24446.0,27000.0
2025-06-20 10:13:47.177552,5529.5,24431.0,27000.0
2025-06-20 10:13:48.276852,5529.5,24428.0,27000.0
2025-06-20 10:13:49.392009,5529.5,24433.0,26990.0
2025-06-20 10:13:50.488148,5528.5,24423.0,27022.0
2025-06-20 10:13:50.598769,5528.5,24423.0,27022.0
2025-06-20 10:13:51.581781,5528.5,24408.0,27040.0
2025-06-20 10:13:52.682703,5528.5,24423.0,27002.0
2025-06-20 10:13:53.784569,5528.5,24414.0,27006.0
2025-06-20 10:13:54.907545,5528.5,24412.0,27017.0
2025-06-20 10:13:55.897629,5528.5,24427.0,27000.0
2025-06-20 10:13:56.985967,5528.5,24415.0,27017.0
2025-06-20 10:13:58.085915,5528.5,24414.0,27032.0
2025-06-20 10:13:59.187437,5528.5,24412.0,27013.0
2025-06-20 10:14:00.186919,5528.5,24416.0,27054.0
2025-06-20 10:14:01.189042,5528.5,24418.0,27058.0
2025-06-20 10:14:02.892110,5528.5,24402.0,27058.0
2025-06-20 10:14:03.922631,5528.5,24401.0,27058.0
2025-06-20 10:14:04.989808,5528.5,24401.0,27058.0
2025-06-20 10:14:05.651791,5529.5,24401.0,27058.0
2025-06-20 10:14:05.991811,5529.5,24391.0,27016.0
2025-06-20 10:14:06.618908,5529.0,24391.0,27016.0
2025-06-20 10:14:07.094004,5529.0,24411.0,27006.0
2025-06-20 10:14:08.192547,5529.0,24406.0,27017.0
2025-06-20 10:14:09.191896,5529.0,24411.0,26994.0
2025-06-20 10:14:10.293720,5529.0,24416.0,27004.0
2025-06-20 10:14:11.421158,5529.0,24410.0,26997.0
2025-06-20 10:14:11.615357,5529.5,24410.0,26997.0
2025-06-20 10:14:12.499847,5529.5,24460.0,26951.0
2025-06-20 10:14:13.429521,5529.5,24461.0,26957.0
2025-06-20 10:14:13.621773,5530.5,24461.0,26957.0
2025-06-20 10:14:14.412663,5530.5,24766.0,26675.0
2025-06-20 10:14:15.430176,5530.5,24834.0,26690.0
2025-06-20 10:14:16.499414,5530.5,24905.0,26655.0
2025-06-20 10:14:17.424934,5530.5,24920.0,26685.0
2025-06-20 10:14:18.498956,5530.5,24922.0,26653.0
2025-06-20 10:14:19.654905,5530.5,24914.0,26647.0
2025-06-20 10:14:21.201183,5530.5,24848.0,26735.0
2025-06-20 10:14:22.308759,5530.5,24856.0,26713.0
2025-06-20 10:14:23.425623,5530.5,24593.0,26778.0
2025-06-20 10:14:23.616929,5530.5,24593.0,26778.0
2025-06-20 10:14:24.307862,5530.5,24618.0,26778.0
2025-06-20 10:14:25.310252,5530.5,24637.0,26769.0
2025-06-20 10:14:26.309078,5530.5,24631.0,26776.0
2025-06-20 10:14:27.417957,5532.0,24629.0,27038.0
2025-06-20 10:14:27.609487,5532.0,24629.0,27038.0
2025-06-20 10:14:28.413476,5530.5,24579.0,27065.0
2025-06-20 10:14:28.601391,5530.5,24579.0,27065.0
2025-06-20 10:14:29.504521,5530.5,24568.0,27011.0
2025-06-20 10:14:30.434937,5530.5,24580.0,26999.0
2025-06-20 10:14:31.418288,5530.5,24611.0,27016.0
2025-06-20 10:14:32.418284,5530.5,24663.0,27011.0
2025-06-20 10:14:33.512267,5530.5,24652.0,27009.0
2025-06-20 10:14:34.507819,5530.5,24636.0,27028.0
2025-06-20 10:14:35.506817,5530.5,24660.0,26993.0
2025-06-20 10:14:36.655848,5530.5,24650.0,27005.0
2025-06-20 10:14:37.706565,5530.5,24650.0,27015.0
2025-06-20 10:14:38.815557,5530.5,24639.0,27026.0
2025-06-20 10:14:39.916161,5530.5,24640.0,27017.0
2025-06-20 10:14:40.917897,5530.5,24648.0,27003.0
2025-06-20 10:14:41.938649,5530.5,24647.0,27005.0
2025-06-20 10:14:43.036001,5530.5,24630.0,27005.0
2025-06-20 10:14:44.111730,5530.5,24789.0,26717.0
2025-06-20 10:14:45.252762,5530.5,24730.0,26862.0
2025-06-20 10:14:46.126682,5530.5,24721.0,26899.0
2025-06-20 10:14:47.663855,5530.5,24772.0,26863.0
2025-06-20 10:14:48.719161,5530.5,24752.0,26903.0
2025-06-20 10:14:49.933863,5530.5,24756.0,26886.0
2025-06-20 10:14:50.851910,5530.5,24780.0,26753.0
2025-06-20 10:14:51.605709,5533.5,24780.0,26753.0
2025-06-20 10:14:51.721014,5533.5,24923.0,26435.0
2025-06-20 10:14:52.605666,5534.5,24923.0,26435.0
2025-06-20 10:14:52.835337,5534.5,24903.0,26413.0
2025-06-20 10:14:53.601197,5533.5,24903.0,26413.0
2025-06-20 10:14:53.924609,5533.5,24767.0,26553.0
2025-06-20 10:14:54.851848,5533.5,24773.0,26550.0
2025-06-20 10:14:55.866219,5533.5,24876.0,26403.0
2025-06-20 10:14:56.860037,5533.5,24875.0,26400.0
2025-06-20 10:14:57.864906,5532.0,24913.0,26312.0
2025-06-20 10:14:58.607469,5532.0,24913.0,26312.0
2025-06-20 10:14:58.925746,5532.0,24838.0,26324.0
2025-06-20 10:14:59.937101,5532.0,24874.0,26442.0
2025-06-20 10:15:01.230472,5532.0,24848.0,26450.0
2025-06-20 10:15:02.339125,5532.0,24963.0,26347.0
2025-06-20 10:15:03.438907,5532.0,24957.0,26382.0
2025-06-20 10:15:04.449822,5532.0,24996.0,26395.0
2025-06-20 10:15:05.533486,5532.0,24993.0,26395.0
2025-06-20 10:15:06.530896,5532.0,24979.0,26458.0
2025-06-20 10:15:07.531680,5532.0,23725.0,26189.0
2025-06-20 10:15:08.554822,5532.0,24145.0,26222.0
2025-06-20 10:15:09.641385,5532.0,24112.0,26217.0
2025-06-20 10:15:10.644652,5532.0,24094.0,26312.0
2025-06-20 10:15:11.609512,5534.5,24094.0,26312.0
2025-06-20 10:15:11.846787,5534.5,24058.0,26292.0
2025-06-20 10:15:12.935836,5534.5,24036.0,26263.0
2025-06-20 10:15:14.036560,5534.5,24065.0,26250.0
2025-06-20 10:15:15.136875,5534.5,24071.0,26306.0
2025-06-20 10:15:16.234967,5534.5,24064.0,26317.0
2025-06-20 10:15:17.137271,5534.5,24035.0,26292.0
2025-06-20 10:15:18.654701,5534.5,24050.0,26360.0
2025-06-20 10:15:19.652857,5534.5,24050.0,26360.0
2025-06-20 10:15:20.747931,5534.5,24042.0,26360.0
2025-06-20 10:15:21.853767,5534.5,24044.0,26377.0
2025-06-20 10:15:22.624274,5534.5,24044.0,26377.0
2025-06-20 10:15:22.940739,5534.5,24062.0,26290.0
2025-06-20 10:15:23.855160,5534.5,24153.0,26317.0
2025-06-20 10:15:24.949599,5534.5,24154.0,26426.0
2025-06-20 10:15:26.043283,5534.5,24162.0,26407.0
2025-06-20 10:15:27.145430,5534.5,24165.0,26407.0
2025-06-20 10:15:28.244440,5534.5,24165.0,26417.0
2025-06-20 10:15:29.356868,5534.5,24171.0,26395.0
2025-06-20 10:15:30.356402,5534.5,24174.0,26395.0
2025-06-20 10:15:31.359196,5533.0,24175.0,26394.0
2025-06-20 10:15:31.614616,5533.0,24175.0,26394.0
2025-06-20 10:15:32.454777,5533.0,24175.0,26384.0
2025-06-20 10:15:33.546709,5533.0,24166.0,26408.0
2025-06-20 10:15:34.550889,5533.0,24166.0,26415.0
2025-06-20 10:15:35.550459,5533.0,24167.0,26415.0
2025-06-20 10:15:36.455652,5533.0,24166.0,26401.0
2025-06-20 10:15:37.552220,5533.0,24159.0,26391.0
2025-06-20 10:15:38.552808,5533.0,24158.0,26394.0
2025-06-20 10:15:39.554144,5533.0,24158.0,26401.0
2025-06-20 10:15:40.564706,5533.0,24158.0,26401.0
2025-06-20 10:15:40.966735,5533.0,24158.0,26401.0
2025-06-20 10:15:41.360166,5533.0,24158.0,26401.0
2025-06-20 10:15:41.665546,5533.0,24158.0,26401.0
2025-06-20 10:15:41.913887,5533.0,24158.0,26401.0
2025-06-20 10:15:42.170483,5533.0,24158.0,26401.0
2025-06-20 10:15:42.614758,5533.0,24158.0,26401.0
2025-06-20 10:15:42.666788,5533.0,24173.0,26406.0
2025-06-20 10:15:42.771210,5533.0,24173.0,26406.0
2025-06-20 10:15:43.439974,5533.0,24173.0,26406.0
2025-06-20 10:15:43.661618,5533.0,24170.0,26406.0
2025-06-20 10:15:43.857645,5533.0,24170.0,26406.0
2025-06-20 10:15:44.457128,5533.0,24170.0,26406.0
2025-06-20 10:15:44.756797,5533.0,24370.0,26405.0
2025-06-20 10:15:44.816621,5533.0,24370.0,26405.0
2025-06-20 10:15:45.611563,5533.0,24370.0,26405.0
2025-06-20 10:15:45.773998,5533.0,24370.0,26405.0
2025-06-20 10:15:45.867988,5533.0,24387.0,26401.0
2025-06-20 10:15:46.957037,5533.0,24381.0,26397.0
2025-06-20 10:15:47.113403,5533.0,24381.0,26397.0
2025-06-20 10:15:47.611162,5533.0,24381.0,26397.0
2025-06-20 10:15:47.867613,5533.0,24383.0,26372.0
2025-06-20 10:15:48.077750,5533.0,24383.0,26372.0
2025-06-20 10:15:48.610269,5533.0,24383.0,26372.0
2025-06-20 10:15:48.871761,5533.0,24403.0,26330.0
2025-06-20 10:15:49.657137,5533.0,24403.0,26330.0
2025-06-20 10:15:49.921319,5533.0,24408.0,26325.0
2025-06-20 10:15:50.614333,5534.0,24408.0,26325.0
2025-06-20 10:15:50.881144,5534.0,24408.0,26325.0
2025-06-20 10:15:50.958612,5534.0,24409.0,26344.0
2025-06-20 10:15:51.965800,5534.0,24410.0,26350.0
2025-06-20 10:15:52.122176,5534.0,24410.0,26350.0
2025-06-20 10:15:52.962889,5534.0,24351.0,26350.0
2025-06-20 10:15:53.693571,5534.0,24351.0,26350.0
2025-06-20 10:15:53.862280,5534.0,24351.0,26367.0
2025-06-20 10:15:54.865803,5534.0,24345.0,26373.0
2025-06-20 10:15:55.870866,5534.0,24334.0,26377.0
2025-06-20 10:15:56.964551,5534.0,24334.0,26373.0
2025-06-20 10:15:58.066777,5534.0,24330.0,26365.0
2025-06-20 10:15:58.608933,5534.0,24330.0,26365.0
2025-06-20 10:15:59.199255,5534.0,23309.0,26387.0
2025-06-20 10:16:00.167683,5534.0,25282.0,26347.0
2025-06-20 10:16:02.238442,5534.0,25296.0,26339.0
2025-06-20 10:16:08.274587,5534.0,25276.0,26337.0
2025-06-20 10:16:12.617354,5534.0,25276.0,26337.0
2025-06-20 10:16:14.175881,5534.0,25222.0,26406.0
2025-06-20 10:16:20.776388,5534.0,25247.0,26418.0
2025-06-20 10:16:27.184049,5534.0,25236.0,26452.0
2025-06-20 10:16:28.611488,5534.0,25236.0,26452.0
2025-06-20 10:16:33.686538,5534.0,25270.0,26440.0
2025-06-20 10:16:39.993134,5534.0,25237.0,26453.0
2025-06-20 10:16:46.201905,5534.0,25260.0,26462.0
2025-06-20 10:16:49.624669,5534.0,25260.0,26462.0
2025-06-20 10:16:52.498038,5534.0,25235.0,26452.0
2025-06-20 10:16:52.623209,5534.0,25235.0,26452.0
2025-06-20 10:16:54.684031,5533.0,25235.0,26452.0
2025-06-20 10:16:58.716567,5533.0,24528.0,26600.0
2025-06-20 10:17:02.622336,5534.0,24528.0,26600.0
2025-06-20 10:17:04.609015,5534.0,25033.0,26489.0
2025-06-20 10:17:08.630598,5534.0,25033.0,26489.0
2025-06-20 10:17:10.628533,5534.0,25040.0,26537.0
2025-06-20 10:17:14.640531,5533.0,25040.0,26537.0
2025-06-20 10:17:16.719453,5533.0,25042.0,26558.0
2025-06-20 10:17:22.625968,5533.0,25084.0,26547.0
2025-06-20 10:17:24.623667,5534.0,25084.0,26547.0
2025-06-20 10:17:26.640288,5534.0,25084.0,26547.0
2025-06-20 10:17:28.525178,5534.0,25103.0,26521.0
2025-06-20 10:17:32.623846,5533.5,25103.0,26521.0
2025-06-20 10:17:34.841193,5533.5,25131.0,26498.0
2025-06-20 10:17:38.656090,5533.5,25131.0,26498.0
2025-06-20 10:17:40.648998,5533.5,24960.0,26270.0
2025-06-20 10:17:41.628240,5533.5,24960.0,26270.0
2025-06-20 10:17:46.534737,5534.5,25278.0,25977.0
2025-06-20 10:17:47.619380,5534.5,25278.0,25977.0
2025-06-20 10:17:52.646886,5535.0,25322.0,26095.0
2025-06-20 10:17:53.627174,5535.0,25322.0,26095.0
2025-06-20 10:17:58.951083,5535.0,25315.0,26077.0
2025-06-20 10:18:01.372684,5535.0,24234.0,26142.0
2025-06-20 10:18:02.470221,5536.0,25662.0,25445.0
2025-06-20 10:18:02.627265,5536.0,25662.0,25445.0
2025-06-20 10:18:03.244623,5537.0,25680.0,25415.0
2025-06-20 10:18:03.624035,5537.0,25680.0,25415.0
2025-06-20 10:18:04.244840,5537.0,25672.0,25466.0
2025-06-20 10:18:05.244901,5539.0,25745.0,25424.0
2025-06-20 10:18:05.624759,5539.0,25745.0,25424.0
2025-06-20 10:18:06.245189,5539.0,25685.0,25457.0
2025-06-20 10:18:07.245268,5539.0,25609.0,25568.0
2025-06-20 10:18:08.146677,5539.0,25460.0,25585.0
2025-06-20 10:18:09.148055,5539.0,25567.0,25593.0
2025-06-20 10:18:10.048054,5539.0,25453.0,25582.0
2025-06-20 10:18:11.049564,5539.0,25434.0,25635.0
2025-06-20 10:18:12.050148,5539.0,25482.0,25636.0
2025-06-20 10:18:13.049368,5539.0,25487.0,25635.0
2025-06-20 10:18:14.056025,5539.0,25483.0,25635.0
2025-06-20 10:18:15.051541,5539.0,25488.0,25645.0
2025-06-20 10:18:16.053140,5539.0,25495.0,25542.0
2025-06-20 10:18:17.054369,5539.0,25495.0,25538.0
2025-06-20 10:18:18.055979,5539.0,25505.0,25600.0
2025-06-20 10:18:18.627775,5539.0,25505.0,25600.0
2025-06-20 10:18:19.055496,5539.0,25408.0,25627.0
2025-06-20 10:18:20.054346,5539.0,25501.0,25626.0
2025-06-20 10:18:21.056943,5539.0,25505.0,25619.0
2025-06-20 10:18:21.957521,5539.0,25304.0,25625.0
2025-06-20 10:18:22.956264,5539.0,25432.0,25625.0
2025-06-20 10:18:23.955728,5539.0,25472.0,25618.0
2025-06-20 10:18:24.624690,5539.0,25472.0,25618.0
2025-06-20 10:18:24.956293,5539.0,25480.0,25619.0
2025-06-20 10:18:25.958276,5539.0,25499.0,25585.0
2025-06-20 10:18:26.958254,5539.0,25505.0,25602.0
2025-06-20 10:18:27.958809,5539.0,25696.0,25846.0
2025-06-20 10:18:28.871008,5539.0,25695.0,25843.0
2025-06-20 10:18:29.869981,5539.0,25594.0,25852.0
2025-06-20 10:18:30.623355,5538.0,25594.0,25852.0
2025-06-20 10:18:30.873604,5538.0,25576.0,25900.0
2025-06-20 10:18:31.631348,5538.0,25576.0,25900.0
2025-06-20 10:18:31.874330,5538.0,25676.0,25338.0
2025-06-20 10:18:32.887113,5538.0,25641.0,25543.0
2025-06-20 10:18:33.872835,5538.0,25634.0,25603.0
2025-06-20 10:18:34.761537,5538.0,25656.0,25590.0
2025-06-20 10:18:35.761428,5537.5,25510.0,25673.0
2025-06-20 10:18:36.626557,5537.5,25510.0,25673.0
2025-06-20 10:18:36.762910,5537.5,25504.0,25682.0
2025-06-20 10:18:37.763323,5537.5,25612.0,25664.0
2025-06-20 10:18:38.764035,5537.5,25633.0,25532.0
2025-06-20 10:18:39.767802,5537.5,25615.0,25512.0
2025-06-20 10:18:40.766235,5537.5,25574.0,25569.0
2025-06-20 10:18:41.579705,5537.5,25574.0,25569.0
2025-06-20 10:18:41.767768,5537.5,25656.0,25615.0
2025-06-20 10:18:42.126738,5537.5,25656.0,25615.0
2025-06-20 10:18:42.679808,5539.0,25656.0,25615.0
2025-06-20 10:18:42.732906,5539.0,25656.0,25615.0
2025-06-20 10:18:42.818086,5539.0,25653.0,25582.0
2025-06-20 10:18:42.973103,5539.0,25653.0,25582.0
2025-06-20 10:18:43.301717,5539.0,25653.0,25582.0
2025-06-20 10:18:43.626850,5539.0,25653.0,25582.0
2025-06-20 10:18:43.764733,5539.0,25675.0,25654.0
2025-06-20 10:18:43.948506,5539.0,25675.0,25654.0
2025-06-20 10:18:44.438207,5539.0,25675.0,25654.0
2025-06-20 10:18:44.829751,5539.0,25666.0,25576.0
2025-06-20 10:18:45.015058,5539.0,25666.0,25576.0
2025-06-20 10:18:45.434691,5539.0,25666.0,25576.0
2025-06-20 10:18:45.665962,5539.0,25625.0,25719.0
2025-06-20 10:18:46.349040,5539.0,25625.0,25719.0
2025-06-20 10:18:46.630743,5538.5,25625.0,25719.0
2025-06-20 10:18:46.667015,5538.5,25673.0,25629.0
2025-06-20 10:18:47.668539,5538.5,25673.0,25615.0
2025-06-20 10:18:47.687457,5538.5,25673.0,25615.0
2025-06-20 10:18:48.691967,5538.5,25673.0,25615.0
2025-06-20 10:18:48.700892,5538.5,25671.0,25381.0
2025-06-20 10:18:49.653788,5537.0,25671.0,25381.0
2025-06-20 10:18:49.669792,5537.0,25668.0,25442.0
2025-06-20 10:18:50.229863,5537.0,25668.0,25442.0
2025-06-20 10:18:50.670371,5537.0,25660.0,25449.0
2025-06-20 10:18:51.461627,5537.0,25660.0,25449.0
2025-06-20 10:18:51.629439,5537.0,25660.0,25449.0
2025-06-20 10:18:51.671256,5537.0,25526.0,25519.0
2025-06-20 10:18:52.581487,5537.0,25540.0,25525.0
2025-06-20 10:18:52.756832,5537.0,25540.0,25525.0
2025-06-20 10:18:53.609015,5537.0,25510.0,25518.0
2025-06-20 10:18:54.408400,5537.0,25510.0,25518.0
2025-06-20 10:18:54.585973,5537.0,25527.0,25538.0
2025-06-20 10:18:55.581182,5537.0,25537.0,25609.0
2025-06-20 10:18:56.582514,5537.0,25577.0,25594.0
2025-06-20 10:18:57.610736,5537.0,25575.0,25538.0
2025-06-20 10:18:58.474146,5536.5,25351.0,25726.0
2025-06-20 10:18:58.640877,5536.5,25351.0,25726.0
2025-06-20 10:18:59.473639,5536.5,25403.0,25567.0
2025-06-20 10:19:01.676546,5536.5,25591.0,25797.0
2025-06-20 10:19:02.788891,5536.5,25469.0,25834.0
2025-06-20 10:19:03.884666,5536.5,25550.0,25814.0
2025-06-20 10:19:04.888634,5536.5,25570.0,25838.0
2025-06-20 10:19:05.978764,5536.5,25562.0,25824.0
2025-06-20 10:19:07.078714,5536.5,24573.0,25822.0
2025-06-20 10:19:08.179733,5536.5,25570.0,25827.0
2025-06-20 10:19:09.179460,5537.0,25572.0,25797.0
2025-06-20 10:19:09.627142,5537.0,25572.0,25797.0
2025-06-20 10:19:10.179374,5537.0,25555.0,25824.0
2025-06-20 10:19:11.180953,5537.0,25501.0,25935.0
2025-06-20 10:19:11.634261,5537.0,25501.0,25935.0
2025-06-20 10:19:12.281670,5537.0,25535.0,25896.0
2025-06-20 10:19:13.394124,5537.0,25544.0,25900.0
2025-06-20 10:19:14.482385,5537.0,25571.0,25891.0
2025-06-20 10:19:15.588375,5537.0,25546.0,25917.0
2025-06-20 10:19:16.684153,5537.0,25546.0,25912.0
2025-06-20 10:19:17.639364,5536.0,25546.0,25912.0
2025-06-20 10:19:17.785583,5536.0,25506.0,25969.0
2025-06-20 10:19:18.896102,5536.0,25594.0,26057.0
2025-06-20 10:19:19.986080,5535.0,25321.0,26198.0
2025-06-20 10:19:20.667441,5535.0,25321.0,26198.0
2025-06-20 10:19:21.089374,5535.0,25484.0,25869.0
2025-06-20 10:19:22.187855,5535.0,25338.0,26015.0
2025-06-20 10:19:23.290441,5535.0,25342.0,26031.0
2025-06-20 10:19:24.406401,5535.0,25460.0,26146.0
2025-06-20 10:19:25.493133,5535.0,24505.0,26202.0
2025-06-20 10:19:26.592753,5535.0,25516.0,26126.0
2025-06-20 10:19:27.701570,5535.0,25482.0,26145.0
2025-06-20 10:19:28.793767,5535.0,25483.0,26174.0
2025-06-20 10:19:29.908323,5535.0,25482.0,26183.0
2025-06-20 10:19:30.636101,5536.5,25482.0,26183.0
2025-06-20 10:19:31.016586,5536.5,25486.0,26171.0
2025-06-20 10:19:32.098080,5536.5,25494.0,26201.0
2025-06-20 10:19:33.199126,5536.5,25566.0,26254.0
2025-06-20 10:19:34.300420,5536.5,25583.0,26249.0
2025-06-20 10:19:35.207902,5536.5,25584.0,26242.0
2025-06-20 10:19:36.449613,5536.5,25555.0,26245.0
2025-06-20 10:19:37.572580,5537.0,25588.0,26206.0
2025-06-20 10:19:37.699282,5537.0,25588.0,26206.0
2025-06-20 10:19:38.602862,5537.0,25553.0,26129.0
2025-06-20 10:19:39.706023,5537.0,25559.0,26171.0
2025-06-20 10:19:40.910109,5537.0,25567.0,26100.0
2025-06-20 10:19:41.672761,5537.0,25567.0,26100.0
2025-06-20 10:19:41.711375,5537.0,25428.0,26159.0
2025-06-20 10:19:42.807495,5537.0,25414.0,26190.0
2025-06-20 10:19:43.919626,5537.0,25383.0,26136.0
2025-06-20 10:19:45.008370,5537.0,25386.0,26134.0
2025-06-20 10:19:46.110966,5537.0,25383.0,26155.0
2025-06-20 10:19:47.115208,5537.0,25404.0,26154.0
2025-06-20 10:19:48.214921,5537.0,25404.0,26161.0
2025-06-20 10:19:49.315576,5537.0,25390.0,26181.0
2025-06-20 10:19:50.431740,5537.0,25385.0,26256.0
2025-06-20 10:19:51.518179,5537.0,25426.0,26152.0
2025-06-20 10:19:51.638106,5537.0,25426.0,26152.0
2025-06-20 10:19:52.691820,5537.0,25022.0,26364.0
2025-06-20 10:19:53.620935,5537.0,25320.0,26357.0
2025-06-20 10:19:54.720701,5537.0,25388.0,26341.0
2025-06-20 10:19:55.637513,5537.0,25388.0,26341.0
2025-06-20 10:19:55.821770,5537.0,25419.0,26350.0
2025-06-20 10:19:56.931362,5537.0,25448.0,26350.0
2025-06-20 10:19:58.026459,5537.0,25419.0,26232.0
2025-06-20 10:19:59.027545,5537.0,25414.0,26237.0
2025-06-20 10:20:00.126927,5537.0,24397.0,26089.0
2025-06-20 10:20:01.226990,5535.5,25430.0,26081.0
2025-06-20 10:20:01.675430,5535.5,25430.0,26081.0
2025-06-20 10:20:02.130829,5535.5,25447.0,26089.0
2025-06-20 10:20:03.131572,5535.5,25476.0,26080.0
2025-06-20 10:20:04.132881,5535.5,25435.0,26169.0
2025-06-20 10:20:05.169224,5535.5,25433.0,26199.0
2025-06-20 10:20:06.035239,5535.5,25456.0,26198.0
2025-06-20 10:20:06.936384,5535.5,25435.0,26219.0
2025-06-20 10:20:07.935350,5535.5,25442.0,26203.0
2025-06-20 10:20:08.838496,5535.5,25435.0,26214.0
2025-06-20 10:20:09.742843,5535.5,25409.0,26330.0
2025-06-20 10:20:10.743622,5535.5,25415.0,26330.0
2025-06-20 10:20:11.682984,5537.0,25415.0,26330.0
2025-06-20 10:20:11.752548,5537.0,25415.0,26324.0
2025-06-20 10:20:12.635949,5534.0,25415.0,26324.0
2025-06-20 10:20:12.681700,5534.0,25090.0,26730.0
2025-06-20 10:20:13.750910,5534.0,25101.0,26828.0
2025-06-20 10:20:14.649153,5533.5,25101.0,26828.0
2025-06-20 10:20:14.691694,5533.5,24340.0,27009.0
2025-06-20 10:20:15.674118,5533.5,24395.0,26910.0
2025-06-20 10:20:16.546339,5533.5,25149.0,26884.0
2025-06-20 10:20:17.541312,5533.5,25253.0,26844.0
2025-06-20 10:20:18.444104,5533.5,25223.0,26840.0
2025-06-20 10:20:19.349716,5533.5,25171.0,26877.0
2025-06-20 10:20:20.359102,5534.0,25319.0,26933.0
2025-06-20 10:20:20.637949,5534.0,25319.0,26933.0
2025-06-20 10:20:21.352811,5534.0,25280.0,26978.0
2025-06-20 10:20:22.246571,5534.0,25280.0,26978.0
2025-06-20 10:20:23.247253,5534.0,25281.0,26982.0
2025-06-20 10:20:24.148615,5534.0,25260.0,26951.0
2025-06-20 10:20:25.248159,5534.0,25260.0,26938.0
2025-06-20 10:20:25.641242,5534.0,25260.0,26938.0
2025-06-20 10:20:26.250230,5534.0,25237.0,26933.0
2025-06-20 10:20:27.288700,5534.0,25251.0,26991.0
2025-06-20 10:20:28.420764,5534.0,25274.0,26999.0
2025-06-20 10:20:29.274431,5534.0,25259.0,26968.0
2025-06-20 10:20:30.150398,5534.0,25223.0,26978.0
2025-06-20 10:20:31.155032,5534.0,25266.0,27005.0
2025-06-20 10:20:32.163583,5534.0,25278.0,26987.0
2025-06-20 10:20:33.057307,5534.0,25235.0,27022.0
2025-06-20 10:20:34.058209,5534.0,25230.0,27052.0
2025-06-20 10:20:35.058885,5534.0,25244.0,27006.0
2025-06-20 10:20:36.060120,5532.0,25132.0,27137.0
2025-06-20 10:20:36.663967,5532.0,25132.0,27137.0
2025-06-20 10:20:37.058285,5532.0,25134.0,27075.0
2025-06-20 10:20:38.060616,5532.0,25141.0,27041.0
2025-06-20 10:20:39.061451,5532.0,25107.0,27038.0
2025-06-20 10:20:40.062206,5532.0,25067.0,27033.0
2025-06-20 10:20:41.061588,5532.0,25110.0,27104.0
2025-06-20 10:20:42.162175,5532.0,25071.0,27205.0
2025-06-20 10:20:43.162662,5532.0,25096.0,27042.0
2025-06-20 10:20:44.163226,5532.0,25078.0,27076.0
2025-06-20 10:20:44.643703,5530.0,25078.0,27076.0
2025-06-20 10:20:45.163554,5530.0,25113.0,27101.0
2025-06-20 10:20:46.163845,5530.0,25083.0,27108.0
2025-06-20 10:20:47.164778,5530.0,25073.0,27173.0
2025-06-20 10:20:48.168140,5531.5,25083.0,27123.0
2025-06-20 10:20:48.641886,5531.5,25083.0,27123.0
2025-06-20 10:20:49.171116,5530.0,25071.0,27123.0
2025-06-20 10:20:49.697496,5530.0,25071.0,27123.0
2025-06-20 10:20:50.167545,5530.0,25072.0,27140.0
2025-06-20 10:20:51.167115,5530.0,24130.0,27524.0
2025-06-20 10:20:51.641187,5530.0,24130.0,27524.0
2025-06-20 10:20:52.270883,5530.0,24515.0,27430.0
2025-06-20 10:20:53.274499,5530.0,24497.0,27506.0
2025-06-20 10:20:54.271804,5530.0,24502.0,27490.0
2025-06-20 10:20:54.640519,5530.0,24502.0,27490.0
2025-06-20 10:20:55.382128,5530.0,24498.0,27576.0
2025-06-20 10:20:56.610464,5530.0,24485.0,27606.0
2025-06-20 10:20:56.642719,5527.0,24485.0,27606.0
2025-06-20 10:20:57.471668,5525.0,24073.0,27911.0
2025-06-20 10:20:57.644657,5525.0,24073.0,27911.0
2025-06-20 10:20:58.570346,5525.0,24147.0,27808.0
2025-06-20 10:20:59.651593,5529.0,24147.0,27808.0
2025-06-20 10:20:59.682366,5529.0,24397.0,27530.0
2025-06-20 10:21:01.384329,5529.0,24212.0,27777.0
2025-06-20 10:21:02.276031,5529.0,24218.0,27777.0
2025-06-20 10:21:03.275052,5529.0,24218.0,27777.0
2025-06-20 10:21:04.171875,5529.0,24218.0,27783.0
2025-06-20 10:21:05.171065,5529.0,24211.0,27565.0
2025-06-20 10:21:06.179249,5529.0,24031.0,27589.0
2025-06-20 10:21:06.642121,5528.0,24031.0,27589.0
2025-06-20 10:21:07.173483,5528.0,24150.0,27698.0
2025-06-20 10:21:08.275093,5528.0,24188.0,27673.0
2025-06-20 10:21:09.175407,5528.0,24235.0,27667.0
2025-06-20 10:21:10.115275,5528.0,24144.0,27751.0
2025-06-20 10:21:10.983773,5525.0,24179.0,27977.0
2025-06-20 10:21:11.643440,5525.0,24179.0,27977.0
2025-06-20 10:21:11.993081,5525.0,24211.0,27929.0
2025-06-20 10:21:12.980989,5525.0,24157.0,27978.0
2025-06-20 10:21:13.891625,5525.0,24154.0,27910.0
2025-06-20 10:21:14.653092,5526.0,24154.0,27910.0
2025-06-20 10:21:15.122797,5526.0,23544.0,28196.0
2025-06-20 10:21:15.784713,5526.0,24071.0,28140.0
2025-06-20 10:21:16.782349,5526.0,24078.0,28089.0
2025-06-20 10:21:17.646015,5526.0,24078.0,28089.0
2025-06-20 10:21:17.684232,5526.0,23043.0,28114.0
2025-06-20 10:21:18.682877,5526.0,24096.0,28161.0
2025-06-20 10:21:19.587386,5526.0,24096.0,28161.0
2025-06-20 10:21:20.584391,5526.0,23976.0,28191.0
2025-06-20 10:21:21.617533,5526.0,23982.0,28224.0
2025-06-20 10:21:22.587009,5526.0,23994.0,28199.0
2025-06-20 10:21:23.626701,5526.0,24003.0,28205.0
2025-06-20 10:21:24.487986,5526.0,23981.0,28203.0
2025-06-20 10:21:25.487009,5526.0,24053.0,28153.0
2025-06-20 10:21:26.402141,5526.0,24108.0,28189.0
2025-06-20 10:21:27.490115,5526.0,24045.0,28176.0
2025-06-20 10:21:28.611207,5526.0,23996.0,28237.0
2025-06-20 10:21:28.655111,5525.0,23996.0,28237.0
2025-06-20 10:21:29.426572,5525.0,23933.0,28319.0
2025-06-20 10:21:30.291463,5525.0,23890.0,28253.0
2025-06-20 10:21:31.305075,5525.0,23912.0,28199.0
2025-06-20 10:21:32.412007,5525.0,23990.0,28211.0
2025-06-20 10:21:33.377767,5525.0,23988.0,28243.0
2025-06-20 10:21:34.295309,5525.0,23897.0,28301.0
2025-06-20 10:21:34.644258,5524.5,23897.0,28301.0
2025-06-20 10:21:35.192539,5524.5,23914.0,28238.0
2025-06-20 10:21:36.193389,5524.5,23924.0,28238.0
2025-06-20 10:21:37.117295,5524.5,23916.0,28238.0
2025-06-20 10:21:37.992939,5524.5,23904.0,28263.0
2025-06-20 10:21:38.928900,5524.5,23916.0,28249.0
2025-06-20 10:21:39.794824,5524.5,23926.0,28253.0
2025-06-20 10:21:40.799373,5524.5,23930.0,28242.0
2025-06-20 10:21:41.697465,5524.5,23935.0,28236.0
2025-06-20 10:21:41.840983,5524.5,23935.0,28236.0
2025-06-20 10:21:42.176317,5524.5,23935.0,28236.0
2025-06-20 10:21:42.696238,5524.5,23934.0,28236.0
2025-06-20 10:21:42.798065,5524.5,23934.0,28236.0
2025-06-20 10:21:43.095648,5524.5,23934.0,28236.0
2025-06-20 10:21:43.602553,5524.5,23960.0,28247.0
2025-06-20 10:21:43.726195,5524.5,23960.0,28247.0
2025-06-20 10:21:44.449424,5524.5,23960.0,28247.0
2025-06-20 10:21:44.601587,5524.5,23976.0,28216.0
2025-06-20 10:21:44.838071,5524.5,23976.0,28216.0
2025-06-20 10:21:45.467954,5524.5,23976.0,28216.0
2025-06-20 10:21:45.696979,5524.5,23952.0,28233.0
2025-06-20 10:21:45.824932,5524.5,23952.0,28233.0
2025-06-20 10:21:46.745506,5524.5,23963.0,28068.0
2025-06-20 10:21:46.826076,5524.5,23963.0,28068.0
2025-06-20 10:21:47.657941,5524.5,23963.0,28068.0
2025-06-20 10:21:47.800609,5524.5,23868.0,28118.0
2025-06-20 10:21:48.163683,5524.5,23868.0,28118.0
2025-06-20 10:21:48.930935,5524.5,23885.0,28105.0
2025-06-20 10:21:49.143158,5524.5,23885.0,28105.0
2025-06-20 10:21:49.803957,5524.5,23878.0,28097.0
2025-06-20 10:21:50.720006,5524.5,23878.0,28097.0
2025-06-20 10:21:50.801664,5524.5,23877.0,28132.0
2025-06-20 10:21:51.696078,5525.0,23877.0,28132.0
2025-06-20 10:21:51.802713,5525.0,23950.0,27957.0
2025-06-20 10:21:51.952350,5525.0,23950.0,27957.0
2025-06-20 10:21:52.936179,5525.0,23951.0,27999.0
2025-06-20 10:21:53.194648,5525.0,23951.0,27999.0
2025-06-20 10:21:54.007277,5525.0,23991.0,27969.0
2025-06-20 10:21:54.812640,5525.0,23991.0,27969.0
2025-06-20 10:21:55.010227,5525.0,24013.0,27965.0
2025-06-20 10:21:56.108383,5525.0,24008.0,27990.0
2025-06-20 10:21:56.658943,5525.5,24008.0,27990.0
2025-06-20 10:21:57.208393,5525.5,24018.0,27989.0
2025-06-20 10:21:57.653418,5524.5,24018.0,27989.0
2025-06-20 10:21:58.207603,5524.5,23922.0,28018.0
2025-06-20 10:21:59.310406,5524.5,23896.0,28061.0
2025-06-20 10:22:00.212434,5524.5,23861.0,28081.0
2025-06-20 10:22:01.310590,5524.5,23883.0,28105.0
2025-06-20 10:22:02.311678,5524.5,23917.0,28061.0
2025-06-20 10:22:03.808894,5524.5,23388.0,28006.0
2025-06-20 10:22:04.936674,5524.5,23899.0,28007.0
2025-06-20 10:22:05.945080,5524.5,23914.0,28006.0
2025-06-20 10:22:06.812136,5524.5,23871.0,28008.0
2025-06-20 10:22:07.993670,5524.0,23871.0,28008.0
2025-06-20 10:22:08.027319,5524.0,23872.0,28005.0
2025-06-20 10:22:09.015391,5524.0,23929.0,27986.0
2025-06-20 10:22:09.658131,5524.0,23929.0,27986.0
2025-06-20 10:22:10.121617,5524.0,23893.0,28077.0
2025-06-20 10:22:11.514240,5524.0,23958.0,28216.0
2025-06-20 10:22:12.816173,5524.0,23898.0,28297.0
2025-06-20 10:22:13.699121,5522.5,23898.0,28297.0
2025-06-20 10:22:13.926664,5522.5,23850.0,28340.0
2025-06-20 10:22:15.027968,5522.5,23723.0,28397.0
2025-06-20 10:22:16.117608,5522.5,23593.0,28290.0
2025-06-20 10:22:17.218168,5524.0,23761.0,28333.0
2025-06-20 10:22:17.655069,5524.0,23761.0,28333.0
2025-06-20 10:22:18.217540,5524.0,23798.0,28367.0
2025-06-20 10:22:19.120718,5524.0,23779.0,28379.0
2025-06-20 10:22:20.219264,5524.0,23679.0,28481.0
2025-06-20 10:22:21.320462,5524.0,23669.0,28502.0
2025-06-20 10:22:22.430837,5522.0,23668.0,28474.0
2025-06-20 10:22:22.673231,5522.0,23668.0,28474.0
2025-06-20 10:22:23.521905,5522.0,23647.0,28466.0
2025-06-20 10:22:23.653573,5522.0,23647.0,28466.0
2025-06-20 10:22:24.434138,5522.0,23637.0,28360.0
2025-06-20 10:22:25.524387,5522.0,23622.0,28403.0
2025-06-20 10:22:26.524072,5521.0,23599.0,28467.0
2025-06-20 10:22:26.651779,5521.0,23599.0,28467.0
2025-06-20 10:22:27.624866,5521.0,23658.0,28410.0
2025-06-20 10:22:28.627377,5521.0,23695.0,28460.0
2025-06-20 10:22:29.732484,5521.0,23682.0,28441.0
2025-06-20 10:22:31.177158,5521.0,23661.0,28456.0
2025-06-20 10:22:31.675634,5523.0,23661.0,28456.0
2025-06-20 10:22:31.935689,5523.0,23749.0,28437.0
2025-06-20 10:22:32.828939,5523.0,23539.0,28334.0
2025-06-20 10:22:33.941955,5523.0,23619.0,28444.0
2025-06-20 10:22:35.030368,5523.0,23560.0,28498.0
2025-06-20 10:22:36.131646,5523.0,23543.0,28475.0
2025-06-20 10:22:37.136029,5523.0,23636.0,28509.0
2025-06-20 10:22:37.655032,5523.0,23636.0,28509.0
2025-06-20 10:22:38.234000,5523.0,23624.0,28499.0
2025-06-20 10:22:39.396568,5523.0,23622.0,28496.0
2025-06-20 10:22:40.622551,5523.0,23640.0,28264.0
2025-06-20 10:22:41.369408,5523.0,23518.0,28545.0
2025-06-20 10:22:42.446343,5523.0,23598.0,28543.0
2025-06-20 10:22:43.539502,5523.0,23505.0,28543.0
2025-06-20 10:22:44.647484,5522.0,23593.0,28573.0
2025-06-20 10:22:44.663384,5522.0,23593.0,28573.0
2025-06-20 10:22:45.638661,5522.0,23594.0,28553.0
2025-06-20 10:22:45.651743,5521.0,23594.0,28553.0
2025-06-20 10:22:46.740259,5521.0,23525.0,28571.0
2025-06-20 10:22:47.745716,5521.0,23536.0,28567.0
2025-06-20 10:22:49.443941,5521.0,23459.0,28516.0
2025-06-20 10:22:50.552413,5521.0,23548.0,28592.0
2025-06-20 10:22:51.540461,5522.0,23533.0,28502.0
2025-06-20 10:22:51.653339,5522.0,23533.0,28502.0
2025-06-20 10:22:52.556988,5522.0,23528.0,28551.0
2025-06-20 10:22:53.450566,5522.0,23524.0,28557.0
2025-06-20 10:22:54.444204,5522.0,23559.0,28412.0
2025-06-20 10:22:54.657050,5522.0,23559.0,28412.0
2025-06-20 10:22:55.541269,5521.0,23552.0,28513.0
2025-06-20 10:22:55.656647,5521.0,23552.0,28513.0
2025-06-20 10:22:56.641980,5521.0,23439.0,28609.0
2025-06-20 10:22:57.644922,5521.0,23435.0,28581.0
2025-06-20 10:22:58.661939,5521.0,23440.0,28577.0
2025-06-20 10:22:59.645762,5521.0,23432.0,28613.0
2025-06-20 10:23:01.245934,5521.0,23408.0,28554.0
2025-06-20 10:23:02.245603,5521.0,23407.0,28554.0
2025-06-20 10:23:03.146814,5521.0,23389.0,28536.0
2025-06-20 10:23:03.722004,5521.0,23389.0,28536.0
2025-06-20 10:23:04.157290,5521.0,23399.0,28536.0
2025-06-20 10:23:05.152769,5521.0,23458.0,28579.0
2025-06-20 10:23:06.049248,5521.0,23458.0,28597.0
2025-06-20 10:23:06.660053,5521.0,23458.0,28597.0
2025-06-20 10:23:07.046624,5521.0,23465.0,28565.0
2025-06-20 10:23:07.949195,5521.0,23462.0,28513.0
2025-06-20 10:23:08.955766,5521.0,23467.0,28512.0
2025-06-20 10:23:09.703837,5521.0,23467.0,28512.0
2025-06-20 10:23:09.849246,5521.0,23459.0,28441.0
2025-06-20 10:23:10.748333,5521.0,23554.0,28460.0
2025-06-20 10:23:11.749570,5521.0,23549.0,28465.0
2025-06-20 10:23:12.750365,5521.0,23546.0,28460.0
2025-06-20 10:23:13.752311,5522.0,23559.0,28492.0
2025-06-20 10:23:14.655533,5522.0,23559.0,28492.0
2025-06-20 10:23:14.754118,5522.0,23548.0,28545.0
2025-06-20 10:23:15.753346,5522.0,23567.0,28530.0
2025-06-20 10:23:16.755757,5522.0,23467.0,28555.0
2025-06-20 10:23:17.660059,5522.0,23547.0,28560.0
2025-06-20 10:23:18.721941,5522.0,23468.0,28525.0
2025-06-20 10:23:19.673894,5522.0,23541.0,28543.0
2025-06-20 10:23:20.663783,5522.0,23546.0,28550.0
2025-06-20 10:23:21.557742,5522.0,23504.0,28519.0
2025-06-20 10:23:22.557305,5522.0,23504.0,28526.0
2025-06-20 10:23:23.558516,5522.0,23510.0,28530.0
2025-06-20 10:23:24.559810,5522.0,23570.0,28539.0
2025-06-20 10:23:25.561371,5522.0,23505.0,28516.0
2025-06-20 10:23:25.659160,5522.0,23505.0,28516.0
2025-06-20 10:23:26.461071,5521.0,23554.0,28356.0
2025-06-20 10:23:26.655241,5521.0,23554.0,28356.0
2025-06-20 10:23:27.463190,5521.0,22567.0,28459.0
2025-06-20 10:23:28.498897,5521.0,22581.0,28503.0
2025-06-20 10:23:29.411720,5521.0,22575.0,28499.0
2025-06-20 10:23:30.375326,5521.0,23566.0,28521.0
2025-06-20 10:23:31.379579,5521.0,23566.0,28538.0
2025-06-20 10:23:32.378755,5521.0,23556.0,28568.0
2025-06-20 10:23:32.656674,5521.0,23556.0,28568.0
2025-06-20 10:23:33.587462,5521.0,23549.0,28576.0
2025-06-20 10:23:34.422162,5521.0,23549.0,28576.0
2025-06-20 10:23:35.266576,5521.0,23547.0,28591.0
2025-06-20 10:23:36.178535,5521.0,23527.0,28592.0
2025-06-20 10:23:37.269690,5521.0,23522.0,28592.0
2025-06-20 10:23:38.272531,5521.0,23455.0,28602.0
2025-06-20 10:23:39.273854,5521.0,23520.0,28595.0
2025-06-20 10:23:40.292309,5521.0,23478.0,28567.0
2025-06-20 10:23:41.173709,5520.0,23484.0,28593.0
2025-06-20 10:23:41.654771,5520.0,23484.0,28593.0
2025-06-20 10:23:42.172031,5520.0,23475.0,28593.0
2025-06-20 10:23:46.975186,5520.0,23476.0,28594.0
2025-06-20 10:23:47.912393,5520.0,23480.0,28599.0
2025-06-20 10:23:48.784225,5520.0,23480.0,28594.0
2025-06-20 10:23:49.656451,5521.0,23480.0,28594.0
2025-06-20 10:23:49.779969,5521.0,23434.0,28650.0
2025-06-20 10:23:50.779808,5521.0,23437.0,28651.0
2025-06-20 10:23:51.658255,5520.5,23437.0,28651.0
2025-06-20 10:23:51.776693,5520.5,23510.0,28554.0
2025-06-20 10:23:52.782703,5520.5,23558.0,28587.0
2025-06-20 10:23:53.782632,5520.5,23481.0,28568.0
2025-06-20 10:23:54.782537,5520.5,23473.0,28770.0
2025-06-20 10:23:55.693755,5520.5,23481.0,28773.0
2025-06-20 10:23:56.781833,5520.5,23473.0,28698.0
2025-06-20 10:23:57.688888,5520.5,23472.0,28709.0
2025-06-20 10:23:58.690494,5520.5,23472.0,28752.0
2025-06-20 10:23:59.626675,5520.5,23463.0,28766.0
2025-06-20 10:24:01.705832,5521.5,23463.0,28766.0
2025-06-20 10:24:03.665043,5521.5,23463.0,28766.0
2025-06-20 10:24:05.086885,5521.5,23462.0,28672.0
2025-06-20 10:24:05.667636,5520.0,23462.0,28672.0
2025-06-20 10:24:07.725608,5520.5,23462.0,28672.0
2025-06-20 10:24:10.935796,5520.5,25420.0,28838.0
2025-06-20 10:24:16.597163,5520.5,25476.0,28943.0
2025-06-20 10:24:22.102106,5520.5,25542.0,28918.0
2025-06-20 10:24:23.669167,5518.5,25542.0,28918.0
2025-06-20 10:24:27.658594,5518.5,25542.0,28918.0
2025-06-20 10:24:27.710683,5518.5,25295.0,29117.0
2025-06-20 10:24:33.506436,5518.5,25239.0,29047.0
2025-06-20 10:24:39.443593,5518.5,25061.0,29071.0
2025-06-20 10:24:41.666955,5517.5,25061.0,29071.0
2025-06-20 10:24:42.295744,5517.5,25061.0,29071.0
2025-06-20 10:24:43.500832,5517.5,25061.0,29071.0
2025-06-20 10:24:43.668155,5516.0,25061.0,29071.0
2025-06-20 10:24:43.783812,5516.0,25061.0,29071.0
2025-06-20 10:24:44.048690,5516.0,25061.0,29071.0
2025-06-20 10:24:45.059278,5516.0,25061.0,29071.0
2025-06-20 10:24:45.215162,5516.0,24979.0,29206.0
2025-06-20 10:24:45.509057,5516.0,24979.0,29206.0
2025-06-20 10:24:46.081157,5516.0,24979.0,29206.0
2025-06-20 10:24:47.689565,5516.0,24979.0,29206.0
2025-06-20 10:24:47.704147,5518.5,24979.0,29206.0
2025-06-20 10:24:48.789680,5518.5,24979.0,29206.0
2025-06-20 10:24:49.784131,5518.5,24979.0,29206.0
2025-06-20 10:24:51.017168,5518.5,23944.0,29078.0
2025-06-20 10:24:51.323429,5518.5,23944.0,29078.0
2025-06-20 10:24:51.666186,5518.5,23944.0,29078.0
2025-06-20 10:24:52.574785,5518.5,23944.0,29078.0
2025-06-20 10:24:53.669749,5516.5,23944.0,29078.0
2025-06-20 10:24:53.833194,5516.5,23944.0,29078.0
2025-06-20 10:24:55.453714,5516.5,23944.0,29078.0
2025-06-20 10:24:56.715007,5516.5,25055.0,29135.0
2025-06-20 10:24:59.665102,5518.0,25055.0,29135.0
2025-06-20 10:25:01.720052,5518.0,25045.0,29210.0
2025-06-20 10:25:02.720867,5518.0,25057.0,29310.0
2025-06-20 10:25:03.820324,5518.0,25066.0,29299.0
2025-06-20 10:25:04.666427,5516.5,25066.0,29299.0
2025-06-20 10:25:04.821293,5516.5,25018.0,29341.0
2025-06-20 10:25:05.937634,5516.5,25035.0,29349.0
2025-06-20 10:25:06.825048,5516.5,25047.0,29301.0
2025-06-20 10:25:07.956739,5516.5,25040.0,29335.0
2025-06-20 10:25:09.084616,5516.5,25047.0,29318.0
2025-06-20 10:25:10.027390,5516.5,25046.0,29329.0
2025-06-20 10:25:11.027901,5516.5,25051.0,29411.0
2025-06-20 10:25:11.658653,5516.5,25051.0,29411.0
2025-06-20 10:25:12.028660,5516.0,24926.0,29244.0
2025-06-20 10:25:12.663031,5516.5,24926.0,29244.0
2025-06-20 10:25:13.028491,5516.5,24900.0,29296.0
2025-06-20 10:25:14.130018,5516.5,24918.0,29295.0
2025-06-20 10:25:14.660412,5516.0,24918.0,29295.0
2025-06-20 10:25:15.127400,5516.0,24992.0,29334.0
2025-06-20 10:25:16.126998,5516.0,25030.0,29289.0
2025-06-20 10:25:17.128011,5516.0,24985.0,29336.0
2025-06-20 10:25:18.228774,5516.0,25023.0,29336.0
2025-06-20 10:25:19.401649,5516.0,25011.0,29342.0
2025-06-20 10:25:20.479952,5516.0,24702.0,29216.0
2025-06-20 10:25:20.702611,5516.0,24702.0,29216.0
2025-06-20 10:25:21.530746,5516.0,24602.0,29392.0
2025-06-20 10:25:22.630973,5516.0,24693.0,29371.0
2025-06-20 10:25:23.742258,5516.0,24628.0,29266.0
2025-06-20 10:25:24.665886,5515.5,24628.0,29266.0
2025-06-20 10:25:24.834869,5515.5,24692.0,29358.0
2025-06-20 10:25:25.744609,5515.5,24689.0,29298.0
2025-06-20 10:25:26.904117,5515.5,24693.0,29383.0
2025-06-20 10:25:27.946611,5515.5,24696.0,29377.0
2025-06-20 10:25:29.035247,5515.5,24696.0,29382.0
2025-06-20 10:25:30.134975,5515.5,24696.0,29292.0
2025-06-20 10:25:31.138000,5515.5,24693.0,29296.0
2025-06-20 10:25:32.237227,5515.5,24744.0,29269.0
2025-06-20 10:25:33.238435,5515.5,24731.0,29261.0
2025-06-20 10:25:34.340178,5515.5,24727.0,29283.0
2025-06-20 10:25:35.340575,5515.5,24726.0,29313.0
2025-06-20 10:25:36.451137,5515.5,24716.0,29414.0
2025-06-20 10:25:37.454280,5515.5,24701.0,29414.0
2025-06-20 10:25:38.551180,5515.0,24669.0,29382.0
2025-06-20 10:25:38.657992,5515.5,24669.0,29382.0
2025-06-20 10:25:39.641832,5516.0,24719.0,29050.0
2025-06-20 10:25:39.664586,5516.0,24719.0,29050.0
2025-06-20 10:25:40.667708,5515.0,24719.0,29050.0
2025-06-20 10:25:40.796088,5515.0,24661.0,29175.0
2025-06-20 10:25:41.845208,5515.0,24657.0,29188.0
2025-06-20 10:25:42.954979,5515.0,24670.0,29184.0
2025-06-20 10:25:43.887392,5515.0,24624.0,29062.0
2025-06-20 10:25:45.047623,5515.0,24747.0,29168.0
2025-06-20 10:25:46.152229,5515.0,24665.0,29131.0
2025-06-20 10:25:47.248616,5515.0,24665.0,29125.0
2025-06-20 10:25:48.352467,5516.0,24711.0,28994.0
2025-06-20 10:25:48.665988,5516.0,24711.0,28994.0
2025-06-20 10:25:49.460431,5516.5,24799.0,28992.0
2025-06-20 10:25:49.661829,5516.5,24799.0,28992.0
2025-06-20 10:25:50.461873,5516.5,24700.0,29062.0
2025-06-20 10:25:51.466261,5516.5,24702.0,29062.0
2025-06-20 10:25:52.551835,5516.5,24702.0,29067.0
2025-06-20 10:25:53.653099,5516.5,24701.0,29066.0
2025-06-20 10:25:54.666662,5516.5,24701.0,29066.0
2025-06-20 10:25:54.754056,5516.5,24821.0,28836.0
2025-06-20 10:25:55.854049,5516.5,24857.0,28696.0
2025-06-20 10:25:56.854976,5516.5,24999.0,28841.0
2025-06-20 10:25:57.955223,5516.5,24907.0,28847.0
2025-06-20 10:25:59.057690,5516.5,24907.0,28842.0
2025-06-20 10:26:00.161098,5516.5,24847.0,28855.0
2025-06-20 10:26:03.475754,5516.5,24752.0,28926.0
2025-06-20 10:26:09.671505,5517.0,24752.0,28926.0
2025-06-20 10:26:09.768133,5517.0,24853.0,28872.0
2025-06-20 10:26:16.176843,5517.0,24971.0,28906.0
2025-06-20 10:26:18.674201,5516.5,24971.0,28906.0
2025-06-20 10:26:22.380587,5517.5,24889.0,28934.0
2025-06-20 10:26:24.670901,5517.0,24889.0,28934.0
2025-06-20 10:26:27.686066,5516.5,24889.0,28934.0
2025-06-20 10:26:28.584228,5516.5,24821.0,28974.0
2025-06-20 10:26:30.681336,5517.5,24821.0,28974.0
2025-06-20 10:26:33.670025,5517.0,24821.0,28974.0
2025-06-20 10:26:34.591402,5517.0,24961.0,28844.0
2025-06-20 10:26:39.680707,5518.0,24961.0,28844.0
2025-06-20 10:26:41.193978,5518.0,25411.0,28592.0
2025-06-20 10:26:47.643426,5520.5,25350.0,28722.0
2025-06-20 10:26:48.672712,5520.5,25350.0,28722.0
2025-06-20 10:26:53.506168,5521.5,25426.0,28543.0
2025-06-20 10:26:54.706985,5521.5,25426.0,28543.0
2025-06-20 10:26:57.702100,5521.0,25426.0,28543.0
2025-06-20 10:26:59.953632,5521.0,25395.0,28588.0
2025-06-20 10:27:06.110526,5521.0,25289.0,28673.0
2025-06-20 10:27:06.711136,5521.0,25289.0,28673.0
2025-06-20 10:27:12.708732,5521.0,25289.0,28673.0
2025-06-20 10:27:12.813067,5521.0,25349.0,28821.0
2025-06-20 10:27:18.678808,5521.5,25349.0,28821.0
2025-06-20 10:27:19.459768,5521.5,25373.0,28251.0
2025-06-20 10:27:25.351014,5523.0,25373.0,28251.0
2025-06-20 10:27:25.935858,5523.0,25499.0,28232.0
2025-06-20 10:27:27.705399,5523.0,25499.0,28232.0
2025-06-20 10:27:32.771805,5523.0,25568.0,28277.0
2025-06-20 10:27:39.339393,5523.0,24491.0,28417.0
2025-06-20 10:27:40.693896,5521.5,24491.0,28417.0
2025-06-20 10:27:42.696506,5521.5,24491.0,28417.0
2025-06-20 10:27:43.028914,5521.5,24491.0,28417.0
2025-06-20 10:27:44.241026,5521.5,24491.0,28417.0
2025-06-20 10:27:45.275613,5521.5,24491.0,28417.0
2025-06-20 10:27:45.783397,5521.5,25415.0,28398.0
2025-06-20 10:27:46.295402,5521.5,25415.0,28398.0
2025-06-20 10:27:47.699725,5521.5,25415.0,28398.0
2025-06-20 10:27:48.685152,5521.5,25415.0,28398.0
2025-06-20 10:27:49.007462,5521.5,25415.0,28398.0
2025-06-20 10:27:51.517861,5521.5,25415.0,28398.0
2025-06-20 10:27:52.050948,5521.5,25412.0,28488.0
2025-06-20 10:27:52.820205,5521.5,25412.0,28488.0
2025-06-20 10:27:54.032037,5521.5,25412.0,28488.0
2025-06-20 10:27:55.622605,5521.5,25412.0,28488.0
2025-06-20 10:27:58.463691,5521.5,25407.0,28477.0
2025-06-20 10:28:04.660578,5521.0,24409.0,28456.0
2025-06-20 10:28:04.677730,5521.0,24409.0,28456.0
2025-06-20 10:28:06.678104,5521.5,24409.0,28456.0
2025-06-20 10:28:10.666642,5521.5,25333.0,28632.0
2025-06-20 10:28:14.676732,5520.5,25333.0,28632.0
2025-06-20 10:28:16.769594,5519.5,25319.0,28703.0
2025-06-20 10:28:17.676960,5520.0,25319.0,28703.0
2025-06-20 10:28:22.771718,5520.0,25412.0,28623.0
2025-06-20 10:28:23.698184,5519.5,25412.0,28623.0
2025-06-20 10:28:26.677890,5520.0,25412.0,28623.0
2025-06-20 10:28:28.786886,5520.0,25482.0,28615.0
2025-06-20 10:28:29.672890,5519.5,25482.0,28615.0
2025-06-20 10:28:35.122621,5520.0,25531.0,28478.0
2025-06-20 10:28:35.682662,5520.0,25531.0,28478.0
2025-06-20 10:28:40.987674,5519.0,25388.0,28727.0
2025-06-20 10:28:41.686518,5519.0,25388.0,28727.0
2025-06-20 10:28:47.190314,5519.0,25391.0,28840.0
2025-06-20 10:28:47.680613,5520.0,25391.0,28840.0
2025-06-20 10:28:50.740661,5520.0,25391.0,28840.0
2025-06-20 10:28:53.495238,5520.0,25395.0,28827.0
2025-06-20 10:28:56.680832,5520.0,25395.0,28827.0
2025-06-20 10:28:59.494230,5520.0,25375.0,28855.0
2025-06-20 10:29:01.681457,5520.5,25375.0,28855.0
2025-06-20 10:29:05.404290,5520.5,25619.0,28153.0
2025-06-20 10:29:05.682913,5520.5,25619.0,28153.0
2025-06-20 10:29:11.605339,5520.5,25603.0,28363.0
2025-06-20 10:29:17.807147,5520.5,25683.0,28336.0
2025-06-20 10:29:21.681864,5521.5,25683.0,28336.0
2025-06-20 10:29:23.511526,5521.0,25634.0,28292.0
2025-06-20 10:29:23.682273,5521.0,25634.0,28292.0
2025-06-20 10:29:27.688154,5520.0,25634.0,28292.0
2025-06-20 10:29:29.219067,5520.0,25423.0,28322.0
2025-06-20 10:29:29.681054,5520.0,25423.0,28322.0
2025-06-20 10:29:31.695297,5521.0,25423.0,28322.0
2025-06-20 10:29:34.820307,5521.0,25469.0,28490.0
2025-06-20 10:29:35.683164,5520.0,25469.0,28490.0
2025-06-20 10:29:40.736968,5521.5,25556.0,28449.0
2025-06-20 10:29:41.714584,5521.5,25556.0,28449.0
2025-06-20 10:29:46.728926,5521.5,25580.0,28453.0
2025-06-20 10:29:52.632003,5521.5,25499.0,28478.0
2025-06-20 10:29:56.696920,5520.5,25499.0,28478.0
2025-06-20 10:29:58.235979,5520.5,25509.0,28486.0
2025-06-20 10:29:59.690716,5520.0,25509.0,28486.0
2025-06-20 10:30:03.642230,5520.0,25455.0,28503.0
2025-06-20 10:30:09.778611,5521.5,25455.0,28503.0
2025-06-20 10:30:09.788077,5521.5,24555.0,28348.0
2025-06-20 10:30:15.729980,5522.0,24555.0,28348.0
2025-06-20 10:30:15.860145,5522.0,25526.0,28397.0
2025-06-20 10:30:19.726944,5522.0,25526.0,28397.0
2025-06-20 10:30:21.659063,5522.0,25585.0,28367.0
2025-06-20 10:30:27.465332,5522.0,25531.0,28457.0
2025-06-20 10:30:33.263585,5520.0,25372.0,28426.0
2025-06-20 10:30:33.688400,5520.0,25372.0,28426.0
2025-06-20 10:30:38.983603,5520.0,25406.0,28414.0
2025-06-20 10:30:39.696814,5520.0,25406.0,28414.0
2025-06-20 10:30:43.186612,5520.0,25406.0,28414.0
2025-06-20 10:30:44.220844,5520.0,25406.0,28414.0
2025-06-20 10:30:44.683744,5522.0,25543.0,27780.0
2025-06-20 10:30:44.996048,5522.0,25543.0,27780.0
2025-06-20 10:30:45.312914,5522.0,25543.0,27780.0
2025-06-20 10:30:45.704962,5522.0,25543.0,27780.0
2025-06-20 10:30:46.011039,5522.0,25543.0,27780.0
2025-06-20 10:30:46.491363,5522.0,25543.0,27780.0
2025-06-20 10:30:47.668188,5522.0,25543.0,27780.0
2025-06-20 10:30:48.417209,5522.0,25543.0,27780.0
2025-06-20 10:30:49.726316,5522.0,25543.0,27780.0
2025-06-20 10:30:50.276541,5522.0,25877.0,27781.0
2025-06-20 10:30:50.758386,5522.0,25877.0,27781.0
2025-06-20 10:30:52.262063,5522.0,25877.0,27781.0
2025-06-20 10:30:53.532487,5522.0,25877.0,27781.0
2025-06-20 10:30:54.689797,5523.0,25877.0,27781.0
2025-06-20 10:30:54.804654,5523.0,25877.0,27781.0
2025-06-20 10:30:55.923781,5523.0,25937.0,27740.0
2025-06-20 10:30:56.498521,5523.0,25937.0,27740.0
2025-06-20 10:30:57.730432,5522.5,25937.0,27740.0
2025-06-20 10:31:00.688101,5522.0,25937.0,27740.0
2025-06-20 10:31:01.987643,5522.0,25842.0,27754.0
2025-06-20 10:31:08.386282,5522.0,25846.0,27722.0
2025-06-20 10:31:12.709344,5522.5,25846.0,27722.0
2025-06-20 10:31:14.494130,5522.5,25915.0,27727.0
2025-06-20 10:31:15.697700,5523.0,25915.0,27727.0
2025-06-20 10:31:18.743394,5523.5,25915.0,27727.0
2025-06-20 10:31:20.500599,5523.5,26074.0,27569.0
2025-06-20 10:31:26.404313,5523.5,26005.0,27613.0
2025-06-20 10:31:27.736063,5524.0,26005.0,27613.0
2025-06-20 10:31:30.759336,5527.5,26005.0,27613.0
2025-06-20 10:31:32.011035,5527.5,26644.0,27294.0
2025-06-20 10:31:36.717016,5528.0,26644.0,27294.0
2025-06-20 10:31:38.206794,5528.0,26543.0,27500.0
2025-06-20 10:31:44.210290,5528.0,26549.0,27447.0
2025-06-20 10:31:48.710041,5525.5,26549.0,27447.0
2025-06-20 10:31:50.143494,5525.5,26552.0,27404.0
2025-06-20 10:31:54.728278,5523.5,26552.0,27404.0
2025-06-20 10:31:56.022476,5523.5,26176.0,27631.0
2025-06-20 10:32:01.619999,5523.5,26314.0,27742.0
2025-06-20 10:32:02.621525,5523.5,26326.0,27825.0
2025-06-20 10:32:03.653891,5523.5,26347.0,27813.0
2025-06-20 10:32:03.710338,5527.5,26347.0,27813.0
2025-06-20 10:32:04.625387,5525.0,26311.0,27748.0
2025-06-20 10:32:04.743620,5525.0,26311.0,27748.0
2025-06-20 10:32:05.621274,5526.5,26335.0,27630.0
2025-06-20 10:32:05.700872,5526.5,26335.0,27630.0
2025-06-20 10:32:06.624381,5526.5,26312.0,27626.0
2025-06-20 10:32:07.649959,5526.5,26355.0,27606.0
2025-06-20 10:32:08.655203,5526.5,26367.0,27610.0
2025-06-20 10:32:09.624726,5526.5,26368.0,27597.0
2025-06-20 10:32:10.626342,5525.0,26349.0,27671.0
2025-06-20 10:32:10.704962,5525.0,26349.0,27671.0
2025-06-20 10:32:11.656228,5525.0,26345.0,27700.0
2025-06-20 10:32:12.628721,5525.0,26362.0,27801.0
2025-06-20 10:32:13.530185,5525.0,26362.0,27801.0
2025-06-20 10:32:14.441958,5525.0,26360.0,27780.0
2025-06-20 10:32:15.457263,5525.0,26401.0,27772.0
2025-06-20 10:32:16.651999,5525.0,26391.0,27774.0
2025-06-20 10:32:17.533031,5525.0,26385.0,27764.0
2025-06-20 10:32:18.458812,5525.0,26386.0,27786.0
2025-06-20 10:32:19.338373,5525.0,26404.0,27769.0
2025-06-20 10:32:20.382182,5525.0,26409.0,27775.0
2025-06-20 10:32:21.335781,5525.0,26407.0,27757.0
2025-06-20 10:32:22.335478,5526.0,26426.0,27628.0
2025-06-20 10:32:22.709784,5526.0,26426.0,27628.0
2025-06-20 10:32:23.335155,5526.0,26467.0,27786.0
2025-06-20 10:32:24.335386,5526.0,26477.0,27935.0
2025-06-20 10:32:25.337372,5526.0,26427.0,27967.0
2025-06-20 10:32:26.237224,5523.5,25952.0,28353.0
2025-06-20 10:32:26.692106,5523.5,25952.0,28353.0
2025-06-20 10:32:27.237847,5523.5,26222.0,28189.0
2025-06-20 10:32:28.239240,5523.5,26231.0,28198.0
2025-06-20 10:32:29.243247,5523.5,26198.0,28214.0
2025-06-20 10:32:30.239746,5523.5,26235.0,28199.0
2025-06-20 10:32:31.155359,5523.5,26255.0,28212.0
2025-06-20 10:32:32.144660,5523.5,26316.0,28207.0
2025-06-20 10:32:33.166290,5525.0,26293.0,28242.0
2025-06-20 10:32:33.687583,5525.0,26293.0,28242.0
2025-06-20 10:32:34.142656,5525.0,26240.0,28333.0
2025-06-20 10:32:35.969962,5525.0,26248.0,28331.0
2025-06-20 10:32:36.846207,5525.0,26247.0,28331.0
2025-06-20 10:32:37.745665,5525.0,26254.0,28327.0
2025-06-20 10:32:38.915076,5525.0,26225.0,28292.0
2025-06-20 10:32:39.748621,5525.0,26239.0,28347.0
2025-06-20 10:32:40.740499,5524.0,26239.0,28347.0
2025-06-20 10:32:40.753360,5524.0,26296.0,28238.0
2025-06-20 10:32:41.728762,5524.0,26296.0,28238.0
2025-06-20 10:32:42.650175,5524.0,26426.0,27832.0
2025-06-20 10:32:43.546379,5524.0,26312.0,27917.0
2025-06-20 10:32:44.547793,5524.0,26300.0,28005.0
2025-06-20 10:32:45.462428,5524.0,26304.0,28068.0
2025-06-20 10:32:46.733711,5526.0,26304.0,28068.0
2025-06-20 10:32:47.251587,5526.0,26405.0,27808.0
2025-06-20 10:32:48.249836,5526.0,26460.0,27714.0
2025-06-20 10:32:49.153870,5526.0,26472.0,27613.0
2025-06-20 10:32:50.150118,5526.0,26442.0,27530.0
2025-06-20 10:32:51.150598,5526.0,26466.0,27676.0
2025-06-20 10:32:52.156103,5526.0,26454.0,27664.0
2025-06-20 10:32:52.730234,5526.0,26454.0,27664.0
2025-06-20 10:32:53.057540,5526.0,26454.0,27668.0
2025-06-20 10:32:53.743154,5526.0,26454.0,27668.0
2025-06-20 10:32:55.664483,5525.5,26415.0,27677.0
2025-06-20 10:32:55.692390,5525.5,26415.0,27677.0
2025-06-20 10:32:56.757635,5525.5,26422.0,27523.0
2025-06-20 10:32:57.691738,5524.5,26422.0,27523.0
2025-06-20 10:32:57.755895,5524.5,26377.0,27541.0
2025-06-20 10:32:58.695443,5524.5,26377.0,27541.0
2025-06-20 10:32:58.760792,5524.5,26365.0,27646.0
2025-06-20 10:32:59.764535,5524.5,26379.0,27629.0
2025-06-20 10:33:01.259208,5524.5,26391.0,27650.0
2025-06-20 10:33:02.257971,5524.5,26383.0,27693.0
2025-06-20 10:33:03.357710,5524.5,26381.0,27683.0
2025-06-20 10:33:04.490323,5524.5,26336.0,27742.0
2025-06-20 10:33:05.559536,5525.0,26320.0,27750.0
2025-06-20 10:33:05.699189,5525.0,26320.0,27750.0
2025-06-20 10:33:06.660888,5525.0,26333.0,27784.0
2025-06-20 10:33:07.693085,5525.0,26246.0,27772.0
2025-06-20 10:33:09.113401,5525.0,26334.0,27759.0
2025-06-20 10:33:09.713372,5525.0,26334.0,27759.0
2025-06-20 10:33:09.765171,5525.0,26263.0,27705.0
2025-06-20 10:33:10.942649,5525.0,26373.0,27740.0
2025-06-20 10:33:11.977917,5525.5,26299.0,27894.0
2025-06-20 10:33:12.696155,5525.5,26299.0,27894.0
2025-06-20 10:33:12.999080,5525.5,26301.0,27889.0
2025-06-20 10:33:14.065645,5525.5,25380.0,27894.0
2025-06-20 10:33:14.691469,5525.5,25380.0,27894.0
2025-06-20 10:33:15.167407,5525.5,26419.0,27392.0
2025-06-20 10:33:15.692766,5526.0,26419.0,27392.0
2025-06-20 10:33:16.267821,5526.0,26638.0,27310.0
2025-06-20 10:33:17.267860,5526.0,26545.0,27343.0
2025-06-20 10:33:18.368657,5526.0,26423.0,27408.0
2025-06-20 10:33:19.369060,5526.0,26530.0,27402.0
2025-06-20 10:33:20.372633,5526.0,26435.0,27420.0
2025-06-20 10:33:20.690429,5526.0,26435.0,27420.0
2025-06-20 10:33:21.372252,5526.0,26401.0,27562.0
2025-06-20 10:33:22.487233,5526.0,26413.0,27612.0
2025-06-20 10:33:23.515234,5526.0,26425.0,27574.0
2025-06-20 10:33:24.489638,5526.0,26423.0,27590.0
2025-06-20 10:33:24.688632,5526.0,26423.0,27590.0
2025-06-20 10:33:25.376090,5526.0,26421.0,27701.0
2025-06-20 10:33:25.704773,5526.0,26421.0,27701.0
2025-06-20 10:33:26.376949,5526.0,26406.0,27780.0
2025-06-20 10:33:27.509940,5525.0,26023.0,28087.0
2025-06-20 10:33:27.690551,5525.0,26023.0,28087.0
2025-06-20 10:33:28.533356,5525.0,26137.0,28040.0
2025-06-20 10:33:29.579753,5525.0,26131.0,28024.0
2025-06-20 10:33:30.684178,5525.0,26169.0,27941.0
2025-06-20 10:33:31.680962,5525.0,26222.0,27952.0
2025-06-20 10:33:32.797976,5525.0,26240.0,27940.0
2025-06-20 10:33:33.680448,5525.0,26197.0,27974.0
2025-06-20 10:33:34.689101,5525.0,26205.0,27975.0
2025-06-20 10:33:35.751877,5525.0,26205.0,27942.0
2025-06-20 10:33:36.787137,5525.0,26204.0,27996.0
2025-06-20 10:33:37.684112,5525.0,26204.0,28028.0
2025-06-20 10:33:38.784292,5525.0,26202.0,27956.0
2025-06-20 10:33:39.886228,5525.0,26185.0,27992.0
2025-06-20 10:33:40.697535,5525.0,26185.0,27992.0
2025-06-20 10:33:41.011592,5525.0,26226.0,27936.0
2025-06-20 10:33:42.083398,5525.0,26295.0,27936.0
2025-06-20 10:33:43.082519,5525.0,26307.0,27948.0
2025-06-20 10:33:43.653389,5525.0,26307.0,27948.0
2025-06-20 10:33:44.040297,5525.0,26307.0,27948.0
2025-06-20 10:33:44.083686,5525.0,26240.0,27936.0
2025-06-20 10:33:44.345373,5525.0,26240.0,27936.0
2025-06-20 10:33:45.032910,5525.0,26240.0,27936.0
2025-06-20 10:33:45.183293,5525.0,26241.0,27932.0
2025-06-20 10:33:45.303923,5525.0,26241.0,27932.0
2025-06-20 10:33:45.693475,5525.5,26241.0,27932.0
2025-06-20 10:33:45.743433,5525.5,26241.0,27932.0
2025-06-20 10:33:46.285527,5525.5,26198.0,28107.0
2025-06-20 10:33:46.414254,5525.5,26198.0,28107.0
2025-06-20 10:33:46.695243,5525.5,26198.0,28107.0
2025-06-20 10:33:46.842384,5525.5,26198.0,28107.0
2025-06-20 10:33:47.391395,5525.5,26194.0,28111.0
2025-06-20 10:33:47.513208,5525.5,26194.0,28111.0
2025-06-20 10:33:48.498226,5525.5,26236.0,28124.0
2025-06-20 10:33:48.800754,5525.5,26236.0,28124.0
2025-06-20 10:33:49.384885,5525.5,26213.0,28126.0
2025-06-20 10:33:50.144862,5525.5,26213.0,28126.0
2025-06-20 10:33:50.497004,5525.5,26237.0,28158.0
2025-06-20 10:33:51.355692,5525.5,26237.0,28158.0
2025-06-20 10:33:51.597082,5525.5,26280.0,28146.0
2025-06-20 10:33:52.706506,5525.5,26280.0,28146.0
2025-06-20 10:33:52.713080,5525.0,26280.0,28146.0
2025-06-20 10:33:52.715655,5525.0,26204.0,28032.0
2025-06-20 10:33:53.793807,5525.0,26182.0,28046.0
2025-06-20 10:33:53.997663,5525.0,26182.0,28046.0
2025-06-20 10:33:54.744575,5525.0,26221.0,28114.0
2025-06-20 10:33:55.202636,5525.0,26221.0,28114.0
2025-06-20 10:33:55.687575,5524.5,26221.0,28114.0
2025-06-20 10:33:55.698983,5524.5,26233.0,28072.0
2025-06-20 10:33:56.796821,5524.5,25995.0,28090.0
2025-06-20 10:33:56.829581,5524.5,25995.0,28090.0
2025-06-20 10:33:57.691619,5524.5,25995.0,28090.0
2025-06-20 10:33:57.906001,5524.5,26010.0,28066.0
2025-06-20 10:33:59.008643,5524.5,26023.0,28062.0
2025-06-20 10:33:59.686673,5524.5,26023.0,28062.0
2025-06-20 10:34:00.097740,5524.5,26138.0,27998.0
2025-06-20 10:34:01.408346,5524.5,26092.0,28035.0
2025-06-20 10:34:02.498272,5524.5,26107.0,28028.0
2025-06-20 10:34:03.607144,5524.5,26108.0,28041.0
2025-06-20 10:34:04.607794,5524.5,26111.0,28035.0
2025-06-20 10:34:05.602989,5524.5,26007.0,28198.0
2025-06-20 10:34:05.692671,5524.5,26007.0,28198.0
2025-06-20 10:34:06.613638,5524.5,26012.0,28220.0
2025-06-20 10:34:07.606703,5524.5,26035.0,28221.0
2025-06-20 10:34:07.692458,5524.5,26035.0,28221.0
2025-06-20 10:34:08.609080,5524.0,26059.0,27972.0
2025-06-20 10:34:08.691432,5524.0,26059.0,27972.0
2025-06-20 10:34:09.689305,5523.5,26059.0,27972.0
2025-06-20 10:34:09.727464,5523.5,26084.0,28016.0
2025-06-20 10:34:10.804766,5523.5,26085.0,28009.0
2025-06-20 10:34:11.941874,5523.5,25995.0,28003.0
2025-06-20 10:34:12.909124,5523.5,25955.0,28000.0
2025-06-20 10:34:14.004965,5523.5,25964.0,27990.0
2025-06-20 10:34:15.146187,5523.5,25981.0,27984.0
2025-06-20 10:34:16.205330,5523.5,26068.0,28028.0
2025-06-20 10:34:17.305281,5523.5,26008.0,28033.0
2025-06-20 10:34:18.307559,5523.5,26094.0,28028.0
2025-06-20 10:34:18.690782,5524.5,26094.0,28028.0
2025-06-20 10:34:19.804541,5524.5,26075.0,27990.0
2025-06-20 10:34:20.945567,5524.5,26142.0,27987.0
2025-06-20 10:34:21.921166,5524.5,26160.0,27993.0
2025-06-20 10:34:22.918597,5524.5,26163.0,27999.0
2025-06-20 10:34:23.919371,5524.5,26175.0,28025.0
2025-06-20 10:34:24.703235,5524.0,26175.0,28025.0
2025-06-20 10:34:25.010454,5524.0,26067.0,28005.0
2025-06-20 10:34:26.012459,5524.0,26069.0,28014.0
2025-06-20 10:34:27.111563,5524.0,26175.0,28010.0
2025-06-20 10:34:28.211464,5524.0,26176.0,28017.0
2025-06-20 10:34:29.210857,5524.0,26152.0,28021.0
2025-06-20 10:34:30.347882,5524.0,26182.0,27657.0
2025-06-20 10:34:31.424203,5524.0,26289.0,27766.0
2025-06-20 10:34:32.420208,5524.0,26325.0,27765.0
2025-06-20 10:34:33.413180,5524.0,26299.0,27766.0
2025-06-20 10:34:34.421472,5524.0,26273.0,27768.0
2025-06-20 10:34:35.326631,5524.0,26260.0,27783.0
2025-06-20 10:34:36.521385,5524.0,26266.0,27783.0
2025-06-20 10:34:37.620874,5526.0,26356.0,27542.0
2025-06-20 10:34:37.692420,5526.0,26356.0,27542.0
2025-06-20 10:34:38.708006,5525.0,26356.0,27542.0
2025-06-20 10:34:38.743125,5525.0,26236.0,27523.0
2025-06-20 10:34:39.826275,5525.0,26268.0,27515.0
2025-06-20 10:34:40.933360,5525.0,26296.0,27506.0
2025-06-20 10:34:42.022926,5525.0,26272.0,27533.0
2025-06-20 10:34:43.125740,5525.0,26271.0,27528.0
2025-06-20 10:34:44.075142,5526.0,26271.0,27528.0
2025-06-20 10:34:44.224212,5526.0,26276.0,27422.0
2025-06-20 10:34:45.379249,5526.5,26276.0,27422.0
2025-06-20 10:34:45.422327,5526.5,26440.0,27313.0
2025-06-20 10:34:46.323803,5526.5,26411.0,27180.0
2025-06-20 10:34:47.328468,5527.5,26441.0,27209.0
2025-06-20 10:34:47.734329,5527.5,26441.0,27209.0
2025-06-20 10:34:48.527409,5528.0,26458.0,27104.0
2025-06-20 10:34:48.696596,5528.0,26458.0,27104.0
2025-06-20 10:34:49.529122,5530.5,26715.0,26674.0
2025-06-20 10:34:49.717133,5530.5,26715.0,26674.0
2025-06-20 10:34:50.655627,5530.5,26826.0,26793.0
2025-06-20 10:34:52.424871,5530.5,26773.0,26809.0
2025-06-20 10:34:52.768915,5530.5,26785.0,26645.0
2025-06-20 10:34:53.719111,5533.0,26785.0,26645.0
2025-06-20 10:34:53.829148,5533.0,27175.0,25759.0
2025-06-20 10:34:54.942122,5533.0,27450.0,25666.0
2025-06-20 10:34:56.034030,5533.0,27438.0,25453.0
2025-06-20 10:34:56.757539,5537.0,27438.0,25453.0
2025-06-20 10:34:57.135498,5537.0,27515.0,25499.0
2025-06-20 10:34:57.734268,5537.0,27515.0,25499.0
2025-06-20 10:34:58.234694,5537.0,27524.0,25602.0
2025-06-20 10:34:59.339683,5537.0,27426.0,25575.0
2025-06-20 10:35:04.177158,5538.0,27456.0,25550.0
2025-06-20 10:35:04.696432,5538.0,27456.0,25550.0
2025-06-20 10:35:06.701331,5535.5,27456.0,25550.0
2025-06-20 10:35:09.952043,5535.5,27204.0,25629.0
2025-06-20 10:35:15.701565,5537.5,27204.0,25629.0
2025-06-20 10:35:15.777009,5537.5,27346.0,25698.0
2025-06-20 10:35:18.703095,5535.0,27346.0,25698.0
2025-06-20 10:35:21.651526,5534.0,27153.0,25983.0
2025-06-20 10:35:21.698183,5534.0,27153.0,25983.0
2025-06-20 10:35:27.477167,5537.0,27554.0,25714.0
2025-06-20 10:35:27.704343,5537.0,27554.0,25714.0
2025-06-20 10:35:29.703099,5538.0,27554.0,25714.0
2025-06-20 10:35:33.471665,5538.0,27647.0,25631.0
2025-06-20 10:35:33.703031,5538.0,27647.0,25631.0
2025-06-20 10:35:35.701466,5538.0,27647.0,25631.0
2025-06-20 10:35:37.700301,5538.0,27647.0,25631.0
2025-06-20 10:35:39.161283,5538.0,27390.0,25651.0
2025-06-20 10:35:41.698321,5538.0,27390.0,25651.0
2025-06-20 10:35:45.066568,5538.0,27386.0,25735.0
2025-06-20 10:35:45.702024,5538.0,27386.0,25735.0
2025-06-20 10:35:47.716676,5535.5,27386.0,25735.0
2025-06-20 10:35:49.758997,5536.0,27386.0,25735.0
2025-06-20 10:35:50.976207,5536.0,27238.0,26206.0
2025-06-20 10:35:56.872948,5536.0,27253.0,26237.0
2025-06-20 10:36:01.270871,5534.5,27075.0,26540.0
2025-06-20 10:36:01.712616,5534.5,27075.0,26540.0
2025-06-20 10:36:02.285143,5535.0,27079.0,26536.0
2025-06-20 10:36:02.701649,5535.0,27079.0,26536.0
2025-06-20 10:36:03.273984,5535.0,27110.0,26531.0
2025-06-20 10:36:04.274654,5535.0,27108.0,26546.0
2025-06-20 10:36:05.372766,5535.0,27097.0,26591.0
2025-06-20 10:36:06.486067,5535.0,27064.0,26587.0
2025-06-20 10:36:06.705187,5535.0,27064.0,26587.0
2025-06-20 10:36:07.571308,5535.0,27107.0,26559.0
2025-06-20 10:36:08.577581,5535.0,27097.0,26570.0
2025-06-20 10:36:09.574249,5535.0,27026.0,26829.0
2025-06-20 10:36:10.573445,5535.0,27024.0,26719.0
2025-06-20 10:36:12.103161,5535.0,26938.0,26782.0
2025-06-20 10:36:13.074911,5535.0,27083.0,26833.0
2025-06-20 10:36:13.710946,5532.5,27083.0,26833.0
2025-06-20 10:36:14.182090,5532.5,27060.0,26808.0
2025-06-20 10:36:15.275266,5532.5,27055.0,26797.0
2025-06-20 10:36:15.697547,5532.5,27055.0,26797.0
2025-06-20 10:36:16.378368,5532.5,27062.0,26663.0
2025-06-20 10:36:16.702059,5532.5,27062.0,26663.0
2025-06-20 10:36:17.504096,5532.5,27046.0,26622.0
2025-06-20 10:36:18.488910,5532.5,27036.0,26580.0
2025-06-20 10:36:19.576849,5532.5,27045.0,26549.0
2025-06-20 10:36:20.681600,5532.5,27040.0,26611.0
2025-06-20 10:36:21.781188,5532.5,27041.0,26608.0
2025-06-20 10:36:22.881684,5532.5,27030.0,26614.0
2025-06-20 10:36:23.709327,5532.5,27030.0,26614.0
2025-06-20 10:36:24.001118,5532.5,26989.0,26719.0
2025-06-20 10:36:24.881241,5532.5,26973.0,26722.0
2025-06-20 10:36:25.884254,5532.5,26957.0,26729.0
2025-06-20 10:36:27.011788,5532.5,27063.0,26724.0
2025-06-20 10:36:27.701345,5533.0,27063.0,26724.0
2025-06-20 10:36:28.086622,5533.0,27076.0,26724.0
2025-06-20 10:36:29.191570,5533.0,27070.0,26724.0
2025-06-20 10:36:30.706297,5532.0,27070.0,26724.0
2025-06-20 10:36:30.784515,5532.0,27076.0,26644.0
2025-06-20 10:36:31.742261,5533.0,27076.0,26644.0
2025-06-20 10:36:31.786474,5533.0,26982.0,26677.0
2025-06-20 10:36:32.786795,5533.0,26983.0,26664.0
2025-06-20 10:36:33.789336,5533.0,26990.0,26669.0
2025-06-20 10:36:34.788927,5533.0,26993.0,26664.0
2025-06-20 10:36:35.788309,5533.0,26998.0,26669.0
2025-06-20 10:36:36.690446,5533.0,26998.0,26674.0
2025-06-20 10:36:37.709567,5533.0,26999.0,26685.0
2025-06-20 10:36:38.692305,5533.0,26988.0,26685.0
2025-06-20 10:36:39.693002,5533.0,27018.0,26655.0
2025-06-20 10:36:40.693128,5533.0,26988.0,26620.0
2025-06-20 10:36:41.711254,5533.0,26987.0,26654.0
2025-06-20 10:36:42.692342,5533.0,26987.0,26654.0
2025-06-20 10:36:43.698551,5533.0,26988.0,26624.0
2025-06-20 10:36:44.141246,5533.0,26988.0,26624.0
2025-06-20 10:36:44.694598,5534.5,27019.0,26619.0
2025-06-20 10:36:44.706052,5534.5,27019.0,26619.0
2025-06-20 10:36:44.845876,5534.5,27019.0,26619.0
2025-06-20 10:36:45.236063,5534.5,27019.0,26619.0
2025-06-20 10:36:45.704111,5534.5,27007.0,26650.0
2025-06-20 10:36:45.873347,5534.5,27007.0,26650.0
2025-06-20 10:36:46.308091,5534.5,27007.0,26650.0
2025-06-20 10:36:46.706481,5534.5,27007.0,26656.0
2025-06-20 10:36:46.949064,5534.5,27007.0,26656.0
2025-06-20 10:36:47.415707,5534.5,27007.0,26656.0
2025-06-20 10:36:47.705118,5534.5,27008.0,26655.0
2025-06-20 10:36:48.221177,5534.5,27008.0,26655.0
2025-06-20 10:36:48.396601,5534.5,27008.0,26655.0
2025-06-20 10:36:48.707340,5534.5,27003.0,26650.0
2025-06-20 10:36:49.347531,5534.5,27003.0,26650.0
2025-06-20 10:36:49.714372,5534.5,27007.0,26655.0
2025-06-20 10:36:50.695918,5534.5,27007.0,26655.0
2025-06-20 10:36:50.800691,5534.5,27007.0,26650.0
2025-06-20 10:36:51.671740,5534.5,27007.0,26650.0
2025-06-20 10:36:51.802810,5534.5,27032.0,26651.0
2025-06-20 10:36:52.802728,5534.5,27032.0,26686.0
2025-06-20 10:36:53.230445,5534.5,27032.0,26686.0
2025-06-20 10:36:53.902886,5534.5,27057.0,26686.0
2025-06-20 10:36:54.520324,5534.5,27057.0,26686.0
2025-06-20 10:36:54.914577,5534.5,27061.0,26693.0
2025-06-20 10:36:55.753080,5534.5,27061.0,26693.0
2025-06-20 10:36:55.904391,5534.5,27074.0,26686.0
2025-06-20 10:36:57.012504,5534.5,27074.0,26656.0
2025-06-20 10:36:57.378491,5534.5,27074.0,26656.0
2025-06-20 10:36:58.014638,5534.5,27074.0,26656.0
2025-06-20 10:36:59.019315,5534.5,27076.0,26651.0
2025-06-20 10:36:59.708837,5532.5,27076.0,26651.0
2025-06-20 10:37:00.014703,5532.5,27039.0,26671.0
2025-06-20 10:37:01.207462,5532.5,27032.0,26646.0
2025-06-20 10:37:07.310430,5532.5,27169.0,26709.0
2025-06-20 10:37:10.716133,5533.5,27169.0,26709.0
2025-06-20 10:37:12.714857,5535.0,27169.0,26709.0
2025-06-20 10:37:13.311157,5535.0,27607.0,25943.0
2025-06-20 10:37:18.817939,5537.0,27318.0,25881.0
2025-06-20 10:37:19.710163,5536.5,27318.0,25881.0
2025-06-20 10:37:22.713794,5536.5,27318.0,25881.0
2025-06-20 10:37:24.521968,5536.5,27255.0,25919.0
2025-06-20 10:37:25.707467,5536.0,27255.0,25919.0
2025-06-20 10:37:30.126809,5536.0,27278.0,25958.0
2025-06-20 10:37:34.717169,5537.0,27278.0,25958.0
2025-06-20 10:37:35.628365,5536.0,27356.0,26020.0
2025-06-20 10:37:37.722462,5537.0,27356.0,26020.0
2025-06-20 10:37:40.714918,5538.0,27356.0,26020.0
2025-06-20 10:37:41.232304,5538.0,27421.0,25938.0
2025-06-20 10:37:43.742610,5538.0,27421.0,25938.0
2025-06-20 10:37:46.944358,5538.0,27370.0,26073.0
2025-06-20 10:37:52.541203,5538.0,27375.0,26162.0
2025-06-20 10:37:58.251353,5537.5,27399.0,26126.0
2025-06-20 10:37:58.713979,5537.5,27399.0,26126.0
2025-06-20 10:38:03.850804,5537.5,27325.0,26190.0
2025-06-20 10:38:07.714496,5537.0,27325.0,26190.0
2025-06-20 10:38:09.552233,5537.0,27358.0,26077.0
2025-06-20 10:38:13.713270,5537.0,27358.0,26077.0
2025-06-20 10:38:15.062779,5537.0,27352.0,26042.0
2025-06-20 10:38:17.711386,5537.0,27352.0,26042.0
2025-06-20 10:38:20.662062,5537.5,27323.0,26032.0
2025-06-20 10:38:21.712406,5537.0,27323.0,26032.0
2025-06-20 10:38:26.268952,5537.0,27302.0,26095.0
2025-06-20 10:38:31.744407,5537.0,27361.0,26091.0
2025-06-20 10:38:37.184574,5537.0,27376.0,26019.0
2025-06-20 10:38:37.720293,5537.0,27376.0,26019.0
2025-06-20 10:38:39.728182,5537.0,27376.0,26019.0
2025-06-20 10:38:43.004504,5537.0,27331.0,26028.0
2025-06-20 10:38:45.716818,5536.5,27331.0,26028.0
2025-06-20 10:38:47.734806,5537.0,27331.0,26028.0
2025-06-20 10:38:48.689982,5536.5,27202.0,26336.0
2025-06-20 10:38:49.718037,5536.5,27202.0,26336.0
2025-06-20 10:38:53.716410,5535.5,27202.0,26336.0
2025-06-20 10:38:54.088913,5536.0,27179.0,26570.0
2025-06-20 10:38:55.713762,5536.0,27179.0,26570.0
2025-06-20 10:38:59.501994,5536.0,27233.0,26302.0
2025-06-20 10:39:05.197768,5536.0,27239.0,26358.0
2025-06-20 10:39:07.743744,5535.5,27239.0,26358.0
2025-06-20 10:39:11.101655,5535.5,27222.0,26345.0
2025-06-20 10:39:13.737658,5535.0,27222.0,26345.0
2025-06-20 10:39:16.519823,5535.0,27235.0,26476.0
2025-06-20 10:39:19.715652,5536.5,27235.0,26476.0
2025-06-20 10:39:22.025416,5536.5,27230.0,26507.0
2025-06-20 10:39:23.715938,5535.0,27230.0,26507.0
2025-06-20 10:39:27.620459,5535.0,27153.0,26509.0
2025-06-20 10:39:27.718213,5535.0,27153.0,26509.0
2025-06-20 10:39:33.728546,5535.0,27383.0,26572.0
2025-06-20 10:39:37.720408,5536.0,27383.0,26572.0
2025-06-20 10:39:39.826377,5536.0,27380.0,26608.0
2025-06-20 10:39:41.722863,5535.5,27380.0,26608.0
2025-06-20 10:39:43.726377,5535.5,27380.0,26608.0
2025-06-20 10:39:44.654085,5535.5,27380.0,26608.0
2025-06-20 10:39:45.040001,5535.5,27380.0,26608.0
2025-06-20 10:39:46.042134,5535.5,27273.0,26847.0
2025-06-20 10:39:46.068024,5535.5,27273.0,26847.0
2025-06-20 10:39:47.458751,5535.5,27273.0,26847.0
2025-06-20 10:39:48.454825,5535.5,27273.0,26847.0
2025-06-20 10:39:49.774657,5535.0,27273.0,26847.0
2025-06-20 10:39:49.823990,5535.0,27273.0,26847.0
2025-06-20 10:39:51.255471,5535.0,27273.0,26847.0
2025-06-20 10:39:52.035646,5535.0,27348.0,26760.0
2025-06-20 10:39:52.156123,5535.0,27348.0,26760.0
2025-06-20 10:39:53.837410,5535.0,27348.0,26760.0
2025-06-20 10:39:53.844288,5535.5,27348.0,26760.0
2025-06-20 10:39:55.043475,5535.5,27348.0,26760.0
2025-06-20 10:39:56.254294,5535.5,27348.0,26760.0
2025-06-20 10:39:57.882399,5535.5,27348.0,26760.0
2025-06-20 10:39:57.889010,5535.5,27331.0,26824.0
2025-06-20 10:39:59.725297,5533.5,27331.0,26824.0
2025-06-20 10:40:03.645195,5533.5,26986.0,27060.0
2025-06-20 10:40:03.730496,5533.5,26986.0,27060.0
2025-06-20 10:40:05.724608,5533.5,26986.0,27060.0
2025-06-20 10:40:09.650258,5533.5,27033.0,27039.0
2025-06-20 10:40:14.778170,5531.5,27033.0,27039.0
2025-06-20 10:40:15.765639,5531.5,26996.0,26995.0
2025-06-20 10:40:20.746361,5532.5,26996.0,26995.0
2025-06-20 10:40:21.662595,5532.5,26966.0,26989.0
2025-06-20 10:40:27.695800,5532.5,26953.0,27103.0
2025-06-20 10:40:32.741468,5531.0,26953.0,27103.0
2025-06-20 10:40:33.221700,5531.0,26998.0,27120.0
2025-06-20 10:40:38.573142,5531.0,26940.0,27176.0
2025-06-20 10:40:44.175749,5531.0,26911.0,27165.0
2025-06-20 10:40:49.881307,5531.5,27001.0,27277.0
2025-06-20 10:40:50.730956,5531.0,27001.0,27277.0
2025-06-20 10:40:55.688461,5531.0,26995.0,27149.0
2025-06-20 10:40:56.729086,5530.5,26995.0,27149.0
2025-06-20 10:41:01.392874,5530.5,26986.0,27007.0
2025-06-20 10:41:06.730812,5530.0,26986.0,27007.0
2025-06-20 10:41:07.695816,5530.0,26921.0,27104.0
2025-06-20 10:41:09.776951,5530.0,26921.0,27104.0
2025-06-20 10:41:12.741790,5530.5,26921.0,27104.0
2025-06-20 10:41:13.799968,5530.0,26860.0,27117.0
2025-06-20 10:41:15.739993,5530.0,26860.0,27117.0
2025-06-20 10:41:18.755531,5531.5,26860.0,27117.0
2025-06-20 10:41:19.805586,5531.5,26950.0,26815.0
2025-06-20 10:41:21.745432,5532.0,26950.0,26815.0
2025-06-20 10:41:25.422185,5532.0,26924.0,26824.0
2025-06-20 10:41:31.646594,5532.0,26856.0,26912.0
2025-06-20 10:41:34.750862,5532.0,26856.0,26912.0
2025-06-20 10:41:37.931629,5532.0,27444.0,26875.0
2025-06-20 10:41:41.748668,5530.0,27444.0,26875.0
2025-06-20 10:41:44.121432,5530.0,27323.0,27000.0
2025-06-20 10:41:49.821145,5530.0,27332.0,26993.0
2025-06-20 10:41:52.762222,5531.0,27332.0,26993.0
2025-06-20 10:41:54.890047,5530.0,27332.0,26993.0
2025-06-20 10:41:55.223059,5530.0,27248.0,27065.0
2025-06-20 10:42:00.332425,5530.0,27387.0,27059.0
2025-06-20 10:42:01.567132,5530.0,27382.0,27063.0
2025-06-20 10:42:02.541566,5530.0,27401.0,27068.0
2025-06-20 10:42:03.644889,5530.0,27387.0,27069.0
2025-06-20 10:42:04.643852,5530.0,27399.0,27070.0
2025-06-20 10:42:05.757185,5530.0,27295.0,27063.0
2025-06-20 10:42:06.838392,5530.0,27308.0,27063.0
2025-06-20 10:42:07.738321,5530.0,27308.0,27063.0
2025-06-20 10:42:07.944604,5530.0,27268.0,26987.0
2025-06-20 10:42:09.075816,5530.0,27268.0,27040.0
2025-06-20 10:42:10.148729,5530.0,27260.0,27030.0
2025-06-20 10:42:11.245041,5530.0,27270.0,27030.0
2025-06-20 10:42:12.343579,5530.0,27264.0,27024.0
2025-06-20 10:42:13.466263,5530.0,27336.0,27062.0
2025-06-20 10:42:14.943051,5530.0,27306.0,27056.0
2025-06-20 10:42:16.043330,5530.0,27305.0,27056.0
2025-06-20 10:42:17.137980,5530.0,27313.0,27063.0
2025-06-20 10:42:18.238554,5530.0,27299.0,27076.0
2025-06-20 10:42:19.342896,5530.0,27289.0,27076.0
2025-06-20 10:42:20.450960,5530.0,27272.0,27040.0
2025-06-20 10:42:21.453172,5530.0,27221.0,27097.0
2025-06-20 10:42:22.553314,5530.0,27226.0,27099.0
2025-06-20 10:42:23.555362,5530.0,27200.0,27160.0
2025-06-20 10:42:23.728268,5530.0,27200.0,27160.0
2025-06-20 10:42:24.552625,5529.5,27199.0,27145.0
2025-06-20 10:42:24.728250,5529.5,27199.0,27145.0
2025-06-20 10:42:25.648708,5529.5,27199.0,27119.0
2025-06-20 10:42:26.738005,5530.0,27199.0,27119.0
2025-06-20 10:42:26.759214,5530.0,27304.0,27047.0
2025-06-20 10:42:27.769524,5530.0,27319.0,27048.0
2025-06-20 10:42:28.733375,5531.0,27319.0,27048.0
2025-06-20 10:42:28.758932,5531.0,27303.0,27139.0
2025-06-20 10:42:29.849184,5531.0,27315.0,27106.0
2025-06-20 10:42:31.000226,5531.0,27284.0,27146.0
2025-06-20 10:42:31.781639,5531.0,27284.0,27146.0
2025-06-20 10:42:32.053834,5531.0,27209.0,27132.0
2025-06-20 10:42:32.949843,5531.0,27309.0,27163.0
2025-06-20 10:42:34.050687,5531.0,27346.0,27157.0
2025-06-20 10:42:35.158415,5531.0,27346.0,27163.0
2025-06-20 10:42:37.854633,5531.0,27346.0,27164.0
2025-06-20 10:42:38.853777,5531.0,27342.0,27159.0
2025-06-20 10:42:39.854774,5531.0,27229.0,27178.0
2025-06-20 10:42:41.013063,5531.0,27149.0,27187.0
2025-06-20 10:42:42.060581,5531.0,27189.0,27244.0
2025-06-20 10:42:43.137832,5531.0,27189.0,27244.0
2025-06-20 10:42:44.059777,5531.0,27181.0,27250.0
2025-06-20 10:42:45.035920,5531.0,27181.0,27250.0
2025-06-20 10:42:45.070106,5530.0,27238.0,27167.0
2025-06-20 10:42:45.395517,5530.0,27238.0,27167.0
2025-06-20 10:42:45.757900,5530.0,27238.0,27167.0
2025-06-20 10:42:46.165625,5530.0,27238.0,27167.0
2025-06-20 10:42:46.167744,5530.0,27216.0,27166.0
2025-06-20 10:42:46.695437,5530.0,27216.0,27166.0
2025-06-20 10:42:47.256486,5530.0,27265.0,27205.0
2025-06-20 10:42:47.396111,5530.0,27265.0,27205.0
2025-06-20 10:42:48.071356,5530.0,27265.0,27205.0
2025-06-20 10:42:48.357481,5530.0,27266.0,27205.0
2025-06-20 10:42:48.557907,5530.0,27266.0,27205.0
2025-06-20 10:42:49.095028,5530.0,27266.0,27205.0
2025-06-20 10:42:49.458809,5530.0,27300.0,27151.0
2025-06-20 10:42:49.546948,5530.0,27300.0,27151.0
2025-06-20 10:42:50.539766,5530.0,27300.0,27151.0
2025-06-20 10:42:50.553413,5530.0,27192.0,27216.0
2025-06-20 10:42:50.808330,5530.0,27192.0,27216.0
2025-06-20 10:42:51.558293,5530.0,27215.0,27213.0
2025-06-20 10:42:51.840334,5530.0,27215.0,27213.0
2025-06-20 10:42:52.570023,5530.0,27212.0,27220.0
2025-06-20 10:42:52.866409,5530.0,27212.0,27220.0
2025-06-20 10:42:53.564865,5530.0,27209.0,27206.0
2025-06-20 10:42:54.391997,5530.0,27209.0,27206.0
2025-06-20 10:42:54.659997,5530.0,27209.0,27206.0
2025-06-20 10:42:55.666120,5530.0,27209.0,27206.0
2025-06-20 10:42:55.772396,5530.0,27209.0,27201.0
2025-06-20 10:42:56.857868,5530.0,27222.0,27212.0
2025-06-20 10:42:56.896126,5530.0,27222.0,27212.0
2025-06-20 10:42:57.859688,5530.0,27222.0,27218.0
2025-06-20 10:42:58.591402,5530.0,27222.0,27218.0
2025-06-20 10:42:58.965353,5530.0,27244.0,27200.0
2025-06-20 10:43:01.220388,5529.5,27205.0,27203.0
2025-06-20 10:43:01.746802,5529.5,27205.0,27203.0
2025-06-20 10:43:02.776656,5529.5,27210.0,27211.0
2025-06-20 10:43:05.745749,5529.5,27210.0,27211.0
2025-06-20 10:43:08.165983,5531.0,27197.0,27182.0
2025-06-20 10:43:09.749760,5531.0,27197.0,27182.0
2025-06-20 10:43:13.517734,5531.0,27267.0,27207.0
2025-06-20 10:43:15.742473,5530.0,27267.0,27207.0
2025-06-20 10:43:17.785626,5529.5,27267.0,27207.0
2025-06-20 10:43:19.173235,5529.5,27222.0,27141.0
2025-06-20 10:43:21.740480,5532.0,27222.0,27141.0
2025-06-20 10:43:24.878699,5532.0,27304.0,26953.0
2025-06-20 10:43:29.758282,5532.0,27304.0,26953.0
2025-06-20 10:43:30.385089,5532.0,27286.0,26938.0
2025-06-20 10:43:31.739101,5532.0,27286.0,26938.0
2025-06-20 10:43:35.751359,5530.0,27286.0,26938.0
2025-06-20 10:43:36.187073,5530.0,27207.0,27075.0
2025-06-20 10:43:41.709168,5530.0,27220.0,27095.0
2025-06-20 10:43:46.819490,5530.0,27253.0,27112.0
2025-06-20 10:43:49.770846,5531.5,27253.0,27112.0
2025-06-20 10:43:52.396113,5531.5,27226.0,27150.0
2025-06-20 10:43:58.104016,5531.5,27238.0,27222.0
2025-06-20 10:44:03.605340,5531.5,27241.0,27225.0
2025-06-20 10:44:03.756302,5529.5,27241.0,27225.0
2025-06-20 10:44:07.763749,5530.0,27241.0,27225.0
2025-06-20 10:44:09.107563,5530.0,27105.0,27263.0
2025-06-20 10:44:11.758364,5530.0,27105.0,27263.0
2025-06-20 10:44:14.612551,5530.0,27147.0,26266.0
2025-06-20 10:44:20.542728,5530.0,27171.0,26237.0
2025-06-20 10:44:23.782593,5530.0,27171.0,26237.0
2025-06-20 10:44:26.045019,5529.5,27117.0,26255.0
2025-06-20 10:44:27.747869,5529.0,27117.0,26255.0
2025-06-20 10:44:29.763726,5529.5,27117.0,26255.0
2025-06-20 10:44:31.624023,5529.5,27139.0,26275.0
2025-06-20 10:44:33.751918,5529.0,27139.0,26275.0
2025-06-20 10:44:35.764927,5529.5,27139.0,26275.0
2025-06-20 10:44:37.133148,5529.5,27158.0,26237.0
2025-06-20 10:44:42.544792,5529.5,27159.0,26243.0
2025-06-20 10:44:47.804510,5529.0,27159.0,26243.0
2025-06-20 10:44:47.941813,5529.0,27191.0,26294.0
2025-06-20 10:44:53.238244,5529.0,27179.0,26405.0
2025-06-20 10:44:58.340619,5529.0,27167.0,26405.0
2025-06-20 10:45:01.768617,5528.0,27167.0,26405.0
2025-06-20 10:45:03.760838,5528.0,27076.0,26417.0
2025-06-20 10:45:07.757944,5528.0,27076.0,26417.0
2025-06-20 10:45:09.259012,5528.0,27099.0,26358.0
2025-06-20 10:45:14.580045,5528.0,27088.0,26424.0
2025-06-20 10:45:20.258589,5528.0,27050.0,26426.0
2025-06-20 10:45:25.764048,5529.0,27050.0,26426.0
2025-06-20 10:45:25.867181,5529.0,27142.0,26474.0
2025-06-20 10:45:29.762210,5528.0,27142.0,26474.0
2025-06-20 10:45:31.066842,5528.0,27066.0,26478.0
2025-06-20 10:45:36.168358,5528.0,27105.0,26462.0
2025-06-20 10:45:37.769305,5527.5,27105.0,26462.0
2025-06-20 10:45:41.786361,5527.5,27027.0,26463.0
2025-06-20 10:45:43.757221,5528.0,27027.0,26463.0
2025-06-20 10:45:45.477198,5528.0,27027.0,26463.0
2025-06-20 10:45:45.766397,5528.0,27027.0,26463.0
2025-06-20 10:45:45.827349,5528.0,27027.0,26463.0
2025-06-20 10:45:46.176422,5528.0,27027.0,26463.0
2025-06-20 10:45:47.078388,5528.0,27063.0,26466.0
2025-06-20 10:45:47.181365,5528.0,27063.0,26466.0
2025-06-20 10:45:48.252504,5528.0,27063.0,26466.0
2025-06-20 10:45:49.308216,5528.0,27063.0,26466.0
2025-06-20 10:45:50.685785,5528.0,27063.0,26466.0
2025-06-20 10:45:52.150805,5528.0,27063.0,26466.0
2025-06-20 10:45:52.594827,5528.0,27067.0,26359.0
2025-06-20 10:45:53.111171,5528.0,27067.0,26359.0
2025-06-20 10:45:54.667111,5528.0,27067.0,26359.0
2025-06-20 10:45:55.876657,5528.0,27067.0,26359.0
2025-06-20 10:45:57.219336,5528.0,27067.0,26359.0
2025-06-20 10:45:57.751122,5528.0,27067.0,26359.0
2025-06-20 10:45:58.290605,5528.0,27042.0,26366.0
2025-06-20 10:45:58.830287,5528.0,27042.0,26366.0
2025-06-20 10:45:59.752259,5528.0,27042.0,26366.0
2025-06-20 10:46:03.491897,5528.0,27095.0,26276.0
2025-06-20 10:46:08.800557,5528.0,27127.0,26279.0
2025-06-20 10:46:14.295160,5528.0,27181.0,26280.0
2025-06-20 10:46:15.757271,5528.0,27181.0,26280.0
2025-06-20 10:46:19.697159,5528.0,27116.0,26360.0
2025-06-20 10:46:24.776389,5529.0,27116.0,26360.0
2025-06-20 10:46:25.776404,5529.0,27162.0,26375.0
2025-06-20 10:46:27.759851,5527.5,27162.0,26375.0
2025-06-20 10:46:30.762316,5529.0,27162.0,26375.0
2025-06-20 10:46:31.536596,5529.0,27259.0,26275.0
2025-06-20 10:46:36.712873,5533.0,27522.0,25372.0
2025-06-20 10:46:36.782090,5533.0,27522.0,25372.0
2025-06-20 10:46:40.762716,5533.5,27522.0,25372.0
2025-06-20 10:46:42.035647,5533.5,27563.0,25406.0
2025-06-20 10:46:44.750674,5535.0,27563.0,25406.0
2025-06-20 10:46:47.224550,5535.0,27402.0,26634.0
2025-06-20 10:46:52.722194,5535.0,27352.0,26700.0
2025-06-20 10:46:56.770899,5535.0,27352.0,26700.0
2025-06-20 10:46:58.126572,5535.0,27419.0,26606.0
2025-06-20 10:47:02.760444,5534.5,27419.0,26606.0
2025-06-20 10:47:03.344111,5534.5,27389.0,26696.0
2025-06-20 10:47:04.762096,5533.5,27389.0,26696.0
2025-06-20 10:47:08.630748,5533.0,27467.0,26623.0
2025-06-20 10:47:08.754432,5533.0,27467.0,26623.0
2025-06-20 10:47:10.753677,5534.5,27467.0,26623.0
2025-06-20 10:47:13.942127,5534.5,27523.0,26484.0
2025-06-20 10:47:19.350849,5534.5,27520.0,26487.0
2025-06-20 10:47:20.777664,5534.5,27520.0,26487.0
2025-06-20 10:47:23.758050,5533.0,27520.0,26487.0
2025-06-20 10:47:25.659833,5533.0,27386.0,26719.0
2025-06-20 10:47:31.585210,5533.0,27371.0,26716.0
2025-06-20 10:47:35.759028,5533.0,27371.0,26716.0
2025-06-20 10:47:37.275389,5533.0,27165.0,26107.0
2025-06-20 10:47:42.361638,5533.0,27237.0,26048.0
2025-06-20 10:47:47.776887,5533.0,27255.0,26030.0
2025-06-20 10:47:52.760210,5531.0,27255.0,26030.0
2025-06-20 10:47:53.369954,5531.0,27259.0,26102.0
2025-06-20 10:47:54.764490,5531.5,27259.0,26102.0
2025-06-20 10:47:56.800214,5532.0,27259.0,26102.0
2025-06-20 10:47:59.266167,5532.0,27249.0,25724.0
2025-06-20 10:48:04.766861,5533.0,27249.0,25724.0
2025-06-20 10:48:04.793133,5533.0,27329.0,25845.0
2025-06-20 10:48:10.376245,5533.0,27375.0,25817.0
2025-06-20 10:48:12.802485,5533.0,27375.0,25817.0
2025-06-20 10:48:15.675690,5532.0,27425.0,25677.0
2025-06-20 10:48:16.764512,5532.0,27425.0,25677.0
2025-06-20 10:48:18.759340,5532.0,27425.0,25677.0
2025-06-20 10:48:21.179768,5532.0,27284.0,25724.0
2025-06-20 10:48:26.797872,5532.0,27283.0,25725.0
2025-06-20 10:48:32.387023,5532.0,27338.0,25925.0
2025-06-20 10:48:32.810795,5532.0,27338.0,25925.0
2025-06-20 10:48:37.829206,5532.0,27349.0,25897.0
2025-06-20 10:48:40.805516,5531.0,27349.0,25897.0
2025-06-20 10:48:43.391909,5531.0,27342.0,25928.0
2025-06-20 10:48:45.974727,5531.0,27342.0,25928.0
2025-06-20 10:48:46.361371,5531.0,27342.0,25928.0
2025-06-20 10:48:47.104046,5531.0,27342.0,25928.0
2025-06-20 10:48:48.108392,5531.0,27342.0,25928.0
2025-06-20 10:48:48.997730,5531.0,27307.0,25996.0
2025-06-20 10:48:49.328568,5531.0,27307.0,25996.0
2025-06-20 10:48:50.314763,5531.0,27307.0,25996.0
2025-06-20 10:48:51.281551,5531.0,27307.0,25996.0
2025-06-20 10:48:52.636892,5531.0,27307.0,25996.0
2025-06-20 10:48:53.621399,5531.0,27307.0,25996.0
2025-06-20 10:48:54.303259,5531.0,27359.0,26071.0
2025-06-20 10:48:55.176278,5531.0,27359.0,26071.0
2025-06-20 10:48:55.786503,5531.0,27359.0,26071.0
2025-06-20 10:48:56.508447,5531.0,27359.0,26071.0
2025-06-20 10:48:57.714541,5531.0,27359.0,26071.0
2025-06-20 10:48:59.337277,5531.0,27359.0,26071.0
2025-06-20 10:48:59.815783,5531.0,27394.0,26098.0
2025-06-20 10:49:01.825688,5531.0,27394.0,26098.0
2025-06-20 10:49:05.532289,5531.0,27419.0,26084.0
2025-06-20 10:49:11.312850,5531.0,27382.0,26112.0
2025-06-20 10:49:13.771502,5530.0,27382.0,26112.0
2025-06-20 10:49:16.720175,5529.0,27355.0,26261.0
2025-06-20 10:49:16.796713,5529.0,27355.0,26261.0
2025-06-20 10:49:19.771711,5529.5,27355.0,26261.0
2025-06-20 10:49:21.816115,5529.0,27355.0,26261.0
2025-06-20 10:49:22.126714,5529.0,27339.0,26274.0
2025-06-20 10:49:27.839330,5529.0,27296.0,26341.0
2025-06-20 10:49:29.783979,5528.0,27296.0,26341.0
2025-06-20 10:49:31.770189,5531.0,27296.0,26341.0
2025-06-20 10:49:33.555759,5531.0,27735.0,25904.0
2025-06-20 10:49:35.778454,5532.0,27735.0,25904.0
2025-06-20 10:49:38.833305,5532.0,27565.0,25990.0
2025-06-20 10:49:44.237846,5532.0,27710.0,25962.0
2025-06-20 10:49:49.576500,5532.0,27822.0,25949.0
2025-06-20 10:49:51.836577,5531.5,27822.0,25949.0
2025-06-20 10:49:54.952433,5532.0,27619.0,25970.0
2025-06-20 10:49:55.793011,5532.0,27619.0,25970.0
2025-06-20 10:49:59.826074,5538.0,27619.0,25970.0
2025-06-20 10:50:00.150516,5538.0,27858.0,25181.0
2025-06-20 10:50:05.566677,5535.0,27769.0,25227.0
2025-06-20 10:50:05.824731,5535.0,27769.0,25227.0
2025-06-20 10:50:10.661009,5535.0,27870.0,25177.0
2025-06-20 10:50:15.799244,5538.0,27870.0,25177.0
2025-06-20 10:50:16.167577,5538.0,27872.0,25127.0
2025-06-20 10:50:17.791666,5537.5,27872.0,25127.0
2025-06-20 10:50:21.868093,5537.5,27820.0,26111.0
2025-06-20 10:50:23.830524,5536.5,27820.0,26111.0
2025-06-20 10:50:27.171801,5535.0,27807.0,26409.0
2025-06-20 10:50:27.827868,5535.0,27807.0,26409.0
2025-06-20 10:50:32.589293,5535.0,27763.0,26384.0
2025-06-20 10:50:33.810109,5535.0,27763.0,26384.0
2025-06-20 10:50:37.984408,5535.0,27857.0,26333.0
2025-06-20 10:50:41.832576,5534.0,27857.0,26333.0
2025-06-20 10:50:43.685926,5534.0,27846.0,26265.0
2025-06-20 10:50:44.841388,5533.5,27846.0,26265.0
2025-06-20 10:50:49.183571,5534.0,27821.0,26400.0
2025-06-20 10:50:49.799842,5534.0,27821.0,26400.0
2025-06-20 10:50:54.609123,5534.0,27833.0,26452.0
2025-06-20 10:50:59.994325,5534.0,27824.0,26433.0
2025-06-20 10:51:05.500816,5534.0,27824.0,26434.0
2025-06-20 10:51:07.801633,5532.5,27824.0,26434.0
2025-06-20 10:51:11.105091,5532.5,27629.0,25787.0
2025-06-20 10:51:16.310768,5532.5,27681.0,25785.0
2025-06-20 10:51:17.816193,5533.5,27681.0,25785.0
2025-06-20 10:51:21.788942,5532.0,27681.0,25785.0
2025-06-20 10:51:21.820068,5532.0,27678.0,25881.0
2025-06-20 10:51:27.442024,5532.0,27717.0,26035.0
2025-06-20 10:51:27.831728,5532.0,27717.0,26035.0
2025-06-20 10:51:29.834017,5532.5,27717.0,26035.0
2025-06-20 10:51:32.716397,5532.5,27827.0,26040.0
2025-06-20 10:51:35.796789,5531.0,27827.0,26040.0
2025-06-20 10:51:38.518473,5531.0,27778.0,25955.0
2025-06-20 10:51:39.783777,5532.0,27778.0,25955.0
2025-06-20 10:51:43.836932,5532.0,27804.0,25860.0
2025-06-20 10:51:46.474332,5532.0,27804.0,25860.0
2025-06-20 10:51:47.188031,5532.0,27804.0,25860.0
2025-06-20 10:51:47.797113,5532.5,27804.0,25860.0
2025-06-20 10:51:47.933721,5532.5,27804.0,25860.0
2025-06-20 10:51:48.215424,5532.5,27804.0,25860.0
2025-06-20 10:51:49.281938,5532.5,27804.0,25860.0
2025-06-20 10:51:49.732119,5532.5,27613.0,25586.0
2025-06-20 10:51:49.750835,5532.5,27613.0,25586.0
2025-06-20 10:51:50.332539,5532.5,27613.0,25586.0
2025-06-20 10:51:51.798535,5532.5,27613.0,25586.0
2025-06-20 10:51:51.830251,5534.5,27613.0,25586.0
2025-06-20 10:51:53.279989,5534.5,27613.0,25586.0
2025-06-20 10:51:54.081549,5534.5,27613.0,25586.0
2025-06-20 10:51:55.447284,5534.5,27604.0,25602.0
2025-06-20 10:51:55.629935,5534.5,27604.0,25602.0
2025-06-20 10:51:56.865781,5534.5,27604.0,25602.0
2025-06-20 10:51:57.803841,5533.0,27604.0,25602.0
2025-06-20 10:51:58.109553,5533.0,27604.0,25602.0
2025-06-20 10:51:59.764592,5533.0,27604.0,25602.0
2025-06-20 10:52:01.146482,5533.0,27625.0,25721.0
2025-06-20 10:52:06.956241,5533.0,27618.0,25696.0
2025-06-20 10:52:09.801887,5533.5,27618.0,25696.0
2025-06-20 10:52:12.641766,5533.5,27829.0,25801.0
2025-06-20 10:52:18.145980,5533.5,27906.0,25777.0
2025-06-20 10:52:19.817249,5533.5,27906.0,25777.0
2025-06-20 10:52:23.756656,5533.5,27835.0,25631.0
2025-06-20 10:52:25.790317,5534.0,27835.0,25631.0
2025-06-20 10:52:29.069170,5534.0,27686.0,26012.0
2025-06-20 10:52:34.457370,5534.0,27742.0,25973.0
2025-06-20 10:52:35.841230,5534.0,27742.0,25973.0
2025-06-20 10:52:37.791913,5536.0,27742.0,25973.0
2025-06-20 10:52:40.070306,5536.0,28016.0,25175.0
2025-06-20 10:52:45.366292,5539.5,28282.0,24012.0
2025-06-20 10:52:45.788910,5539.5,28282.0,24012.0
2025-06-20 10:52:49.791661,5539.5,28282.0,24012.0
2025-06-20 10:52:50.775442,5539.5,28415.0,24363.0
2025-06-20 10:52:56.176160,5539.5,28389.0,24388.0
2025-06-20 10:53:01.175578,5539.0,28352.0,24403.0
2025-06-20 10:53:01.788215,5539.0,28352.0,24403.0
2025-06-20 10:53:02.274395,5539.0,28373.0,24424.0
2025-06-20 10:53:03.375114,5539.0,28293.0,24910.0
2025-06-20 10:53:04.474327,5539.0,27824.0,24969.0
2025-06-20 10:53:05.588127,5539.0,28380.0,25028.0
2025-06-20 10:53:05.786434,5539.0,28380.0,25028.0
2025-06-20 10:53:06.588116,5539.0,28075.0,25227.0
2025-06-20 10:53:07.592248,5539.0,28312.0,25199.0
2025-06-20 10:53:08.676645,5539.0,28341.0,25252.0
2025-06-20 10:53:09.798901,5539.0,28346.0,25248.0
2025-06-20 10:53:10.877804,5539.0,28549.0,25258.0
2025-06-20 10:53:11.879073,5539.0,28528.0,25258.0
2025-06-20 10:53:12.977947,5539.0,28528.0,25259.0
2025-06-20 10:53:13.979199,5539.0,28317.0,25194.0
2025-06-20 10:53:14.981018,5539.0,28317.0,25230.0
2025-06-20 10:53:16.094290,5539.0,28353.0,25360.0
2025-06-20 10:53:17.180634,5539.0,28363.0,25361.0
2025-06-20 10:53:17.787042,5538.5,28363.0,25361.0
2025-06-20 10:53:18.183503,5538.5,28360.0,25339.0
2025-06-20 10:53:19.282499,5538.5,28375.0,25339.0
2025-06-20 10:53:20.282515,5538.5,28411.0,25323.0
2025-06-20 10:53:21.285646,5538.5,28385.0,25334.0
2025-06-20 10:53:22.283763,5539.0,28395.0,25287.0
2025-06-20 10:53:22.804528,5538.0,28395.0,25287.0
2025-06-20 10:53:23.205885,5538.0,28353.0,25579.0
2025-06-20 10:53:24.196342,5538.0,28352.0,25558.0
2025-06-20 10:53:25.286392,5538.0,28352.0,25554.0
2025-06-20 10:53:26.388923,5538.0,28359.0,25558.0
2025-06-20 10:53:27.390115,5538.0,28390.0,25510.0
2025-06-20 10:53:27.790387,5538.0,28390.0,25510.0
2025-06-20 10:53:28.388840,5538.0,28291.0,25586.0
2025-06-20 10:53:29.390454,5538.0,28272.0,25593.0
2025-06-20 10:53:30.390729,5538.0,28398.0,25632.0
2025-06-20 10:53:31.391703,5538.0,28379.0,25627.0
2025-06-20 10:53:32.399086,5538.0,28379.0,25641.0
2025-06-20 10:53:33.393627,5538.0,28370.0,25611.0
2025-06-20 10:53:34.295312,5538.0,28371.0,25605.0
2025-06-20 10:53:35.397978,5538.0,28397.0,25609.0
2025-06-20 10:53:36.400223,5538.0,28361.0,25641.0
2025-06-20 10:53:37.406578,5538.0,28388.0,25650.0
2025-06-20 10:53:38.398886,5538.0,28397.0,25676.0
2025-06-20 10:53:39.406323,5538.0,28260.0,25683.0
2025-06-20 10:53:40.302385,5538.0,28369.0,25655.0
2025-06-20 10:53:40.786961,5538.0,28369.0,25655.0
2025-06-20 10:53:41.408963,5536.5,28415.0,25797.0
2025-06-20 10:53:41.794847,5536.5,28415.0,25797.0
2025-06-20 10:53:42.500717,5536.5,28431.0,25763.0
2025-06-20 10:53:43.524125,5536.5,28430.0,25775.0
2025-06-20 10:53:44.614348,5536.5,28234.0,25902.0
2025-06-20 10:53:45.615786,5536.5,28350.0,25944.0
2025-06-20 10:53:47.306834,5536.5,28364.0,25959.0
2025-06-20 10:53:47.793865,5537.0,28364.0,25959.0
2025-06-20 10:53:48.413248,5537.0,28459.0,25944.0
2025-06-20 10:53:49.503495,5537.0,28468.0,25936.0
2025-06-20 10:53:50.509906,5537.0,28463.0,25958.0
2025-06-20 10:53:51.607444,5537.0,28417.0,25984.0
2025-06-20 10:53:52.705114,5536.5,27391.0,25987.0
2025-06-20 10:53:52.788718,5536.5,27391.0,25987.0
2025-06-20 10:53:53.706995,5536.5,28208.0,25996.0
2025-06-20 10:53:54.706885,5536.5,28342.0,25952.0
2025-06-20 10:53:55.711298,5533.0,27630.0,25988.0
2025-06-20 10:53:55.797788,5533.0,27630.0,25988.0
2025-06-20 10:53:56.713752,5531.5,27983.0,26485.0
2025-06-20 10:53:56.802266,5531.5,27983.0,26485.0
2025-06-20 10:53:57.713358,5534.5,28013.0,26437.0
2025-06-20 10:53:57.790540,5534.5,28013.0,26437.0
2025-06-20 10:53:58.826126,5534.5,27967.0,26522.0
2025-06-20 10:53:59.788320,5530.5,27967.0,26522.0
2025-06-20 10:53:59.816333,5530.5,27703.0,27009.0
2025-06-20 10:54:00.789824,5530.0,27703.0,27009.0
2025-06-20 10:54:01.125531,5530.0,27637.0,27085.0
2025-06-20 10:54:02.121949,5530.0,27715.0,27036.0
2025-06-20 10:54:02.800573,5531.0,27715.0,27036.0
2025-06-20 10:54:03.252849,5529.0,27732.0,26946.0
2025-06-20 10:54:03.834407,5529.0,27732.0,26946.0
2025-06-20 10:54:04.318573,5529.0,27842.0,26974.0
2025-06-20 10:54:05.464893,5529.0,27824.0,27034.0
2025-06-20 10:54:06.519532,5529.0,27860.0,27070.0
2025-06-20 10:54:07.531771,5529.0,27859.0,27003.0
2025-06-20 10:54:08.618194,5529.0,27855.0,26937.0
2025-06-20 10:54:09.719172,5529.0,27855.0,26931.0
2025-06-20 10:54:10.717600,5531.0,27649.0,26902.0
2025-06-20 10:54:10.790867,5531.0,27649.0,26902.0
2025-06-20 10:54:11.789185,5533.0,27649.0,26902.0
2025-06-20 10:54:11.820340,5533.0,28128.0,26582.0
