timestamp,ltp,bid_qty,ask_qty
2025-06-20 10:10:48.214866,1495.8,115392.0,123324.0
2025-06-20 10:10:49.265650,1495.8,115392.0,123324.0
2025-06-20 10:10:50.263753,1495.8,115376.0,123334.0
2025-06-20 10:10:51.264154,1495.8,115337.0,123357.0
2025-06-20 10:10:52.167813,1495.8,114985.0,123348.0
2025-06-20 10:10:53.264948,1495.8,114922.0,123387.0
2025-06-20 10:10:54.267018,1495.8,114929.0,123369.0
2025-06-20 10:10:54.589806,1495.8,114929.0,123369.0
2025-06-20 10:10:55.266784,1495.8,114929.0,123419.0
2025-06-20 10:10:56.263736,1495.8,115241.0,122985.0
2025-06-20 10:10:57.266909,1495.8,115219.0,122990.0
2025-06-20 10:10:58.366106,1495.8,115209.0,123382.0
2025-06-20 10:10:59.471415,1495.8,115332.0,124074.0
2025-06-20 10:11:03.173301,1495.8,115151.0,124091.0
2025-06-20 10:11:08.600487,1495.8,115151.0,124091.0
2025-06-20 10:11:09.372896,1495.8,115558.0,123437.0
2025-06-20 10:11:10.643484,1495.8,115558.0,123437.0
2025-06-20 10:11:12.869946,1495.8,115558.0,123437.0
2025-06-20 10:11:14.679372,1495.8,115558.0,123437.0
2025-06-20 10:11:15.181585,1495.8,115067.0,123663.0
2025-06-20 10:11:19.261255,1495.8,115067.0,123663.0
2025-06-20 10:11:20.484765,1495.8,115575.0,123358.0
2025-06-20 10:11:24.643014,1495.7,115575.0,123358.0
2025-06-20 10:11:25.598294,1495.7,115475.0,125731.0
2025-06-20 10:11:31.294007,1495.6,115627.0,125216.0
2025-06-20 10:11:32.602509,1495.6,115627.0,125216.0
2025-06-20 10:11:36.601167,1495.6,115627.0,125216.0
2025-06-20 10:11:36.870704,1495.6,115902.0,125276.0
2025-06-20 10:11:42.826250,1495.6,115185.0,125677.0
2025-06-20 10:11:44.594519,1495.8,115185.0,125677.0
2025-06-20 10:11:48.705825,1495.8,115085.0,126393.0
2025-06-20 10:11:50.594421,1495.9,115085.0,126393.0
2025-06-20 10:11:52.601462,1495.9,115085.0,126393.0
2025-06-20 10:11:54.645807,1495.9,115529.0,125863.0
2025-06-20 10:11:58.597902,1496.1,115529.0,125863.0
2025-06-20 10:12:00.608144,1496.6,115743.0,122981.0
2025-06-20 10:12:01.611811,1497.3,115743.0,122981.0
2025-06-20 10:12:07.211352,1497.3,118214.0,122078.0
2025-06-20 10:12:08.600195,1497.3,118214.0,122078.0
2025-06-20 10:12:11.606847,1497.3,118214.0,122078.0
2025-06-20 10:12:13.927402,1497.3,118866.0,121822.0
2025-06-20 10:12:14.641712,1497.3,118866.0,121822.0
2025-06-20 10:12:17.608092,1497.8,118866.0,121822.0
2025-06-20 10:12:20.019681,1497.9,119182.0,122032.0
2025-06-20 10:12:20.627635,1497.9,119182.0,122032.0
2025-06-20 10:12:23.598422,1498.2,119182.0,122032.0
2025-06-20 10:12:26.226936,1498.1,120355.0,122506.0
2025-06-20 10:12:26.618156,1498.1,120355.0,122506.0
2025-06-20 10:12:28.597437,1498.8,120355.0,122506.0
2025-06-20 10:12:32.450760,1498.8,119674.0,122532.0
2025-06-20 10:12:34.602516,1498.4,119674.0,122532.0
2025-06-20 10:12:36.609689,1498.4,119674.0,122532.0
2025-06-20 10:12:38.343048,1498.4,120616.0,122291.0
2025-06-20 10:12:38.604867,1498.4,120616.0,122291.0
2025-06-20 10:12:40.550122,1498.4,120616.0,122291.0
2025-06-20 10:12:41.168266,1498.4,120616.0,122291.0
2025-06-20 10:12:42.295842,1498.4,120616.0,122291.0
2025-06-20 10:12:43.451780,1498.4,120616.0,122291.0
2025-06-20 10:12:44.236222,1498.4,120735.0,122840.0
2025-06-20 10:12:44.656000,1498.4,120735.0,122840.0
2025-06-20 10:12:45.451746,1498.4,120735.0,122840.0
2025-06-20 10:12:46.685338,1498.4,120735.0,122840.0
2025-06-20 10:12:47.652408,1498.4,120735.0,122840.0
2025-06-20 10:12:48.603502,1499.0,120735.0,122840.0
2025-06-20 10:12:49.157392,1499.0,120735.0,122840.0
2025-06-20 10:12:50.057791,1498.6,120470.0,122974.0
2025-06-20 10:12:50.475787,1498.6,120470.0,122974.0
2025-06-20 10:12:50.598921,1498.6,120470.0,122974.0
2025-06-20 10:12:51.712502,1498.6,120470.0,122974.0
2025-06-20 10:12:52.610264,1499.0,120470.0,122974.0
2025-06-20 10:12:53.265797,1499.0,120470.0,122974.0
2025-06-20 10:12:55.944546,1499.0,120468.0,123055.0
2025-06-20 10:12:58.603382,1499.0,120468.0,123055.0
2025-06-20 10:13:00.594691,1498.7,120468.0,123055.0
2025-06-20 10:13:01.145657,1498.7,120509.0,122778.0
2025-06-20 10:13:02.149418,1498.7,120910.0,122336.0
2025-06-20 10:13:02.602060,1498.7,120910.0,122336.0
2025-06-20 10:13:03.246740,1498.7,120896.0,122535.0
2025-06-20 10:13:04.361681,1498.7,120837.0,122511.0
2025-06-20 10:13:05.461970,1499.0,120859.0,122624.0
2025-06-20 10:13:05.607125,1499.0,120859.0,122624.0
2025-06-20 10:13:06.563137,1499.0,120911.0,122597.0
2025-06-20 10:13:07.602124,1498.6,120911.0,122597.0
2025-06-20 10:13:07.651746,1498.6,120722.0,122735.0
2025-06-20 10:13:08.750463,1498.6,120760.0,122754.0
2025-06-20 10:13:09.916659,1498.6,120782.0,122820.0
2025-06-20 10:13:10.953950,1498.6,120489.0,123167.0
2025-06-20 10:13:11.597657,1498.6,120489.0,123167.0
2025-06-20 10:13:11.955602,1498.6,120335.0,123182.0
2025-06-20 10:13:12.602784,1498.6,120335.0,123182.0
2025-06-20 10:13:13.056102,1498.6,120395.0,123174.0
2025-06-20 10:13:14.156975,1498.6,120345.0,123186.0
2025-06-20 10:13:15.258853,1498.6,120357.0,123293.0
2025-06-20 10:13:15.605325,1498.6,120357.0,123293.0
2025-06-20 10:13:16.376284,1498.6,120348.0,123245.0
2025-06-20 10:13:17.462507,1498.6,120451.0,123167.0
2025-06-20 10:13:17.602480,1498.9,120451.0,123167.0
2025-06-20 10:13:18.561002,1498.9,120409.0,123270.0
2025-06-20 10:13:18.599219,1498.9,120409.0,123270.0
2025-06-20 10:13:19.560968,1498.6,120416.0,123221.0
2025-06-20 10:13:19.606259,1498.6,120416.0,123221.0
2025-06-20 10:13:20.563343,1498.6,119233.0,123902.0
2025-06-20 10:13:20.604599,1498.7,119233.0,123902.0
2025-06-20 10:13:21.564749,1498.9,119465.0,123610.0
2025-06-20 10:13:21.603969,1498.9,119465.0,123610.0
2025-06-20 10:13:22.661856,1498.9,119641.0,123525.0
2025-06-20 10:13:23.576162,1498.0,119524.0,123244.0
2025-06-20 10:13:23.615235,1498.0,119524.0,123244.0
2025-06-20 10:13:24.570932,1498.0,119704.0,123272.0
2025-06-20 10:13:25.601680,1498.8,119704.0,123272.0
2025-06-20 10:13:25.671833,1498.8,119911.0,123656.0
2025-06-20 10:13:26.677884,1498.8,120182.0,123520.0
2025-06-20 10:13:27.602059,1498.9,120182.0,123520.0
2025-06-20 10:13:27.667987,1498.9,119711.0,123374.0
2025-06-20 10:13:29.166591,1498.9,119647.0,123088.0
2025-06-20 10:13:30.270348,1498.9,119518.0,122669.0
2025-06-20 10:13:31.269553,1498.9,119599.0,122976.0
2025-06-20 10:13:32.381129,1498.9,119449.0,123029.0
2025-06-20 10:13:33.474078,1498.9,119558.0,123071.0
2025-06-20 10:13:34.571378,1498.9,119588.0,123068.0
2025-06-20 10:13:35.670551,1498.9,119579.0,123055.0
2025-06-20 10:13:36.770066,1498.9,119559.0,123040.0
2025-06-20 10:13:37.609546,1498.8,119559.0,123040.0
2025-06-20 10:13:37.770482,1498.8,119332.0,123538.0
2025-06-20 10:13:38.887765,1498.8,119317.0,123624.0
2025-06-20 10:13:39.972907,1498.8,119293.0,123540.0
2025-06-20 10:13:41.075518,1498.8,119319.0,123742.0
2025-06-20 10:13:42.175606,1498.8,119422.0,123572.0
2025-06-20 10:13:43.079705,1498.8,119441.0,123668.0
2025-06-20 10:13:43.601940,1498.8,119441.0,123668.0
2025-06-20 10:13:44.175495,1498.8,119444.0,123783.0
2025-06-20 10:13:45.276558,1498.8,119178.0,123795.0
2025-06-20 10:13:45.606953,1498.8,119178.0,123795.0
2025-06-20 10:13:46.382068,1498.8,119458.0,123362.0
2025-06-20 10:13:47.478213,1498.8,119491.0,123328.0
2025-06-20 10:13:48.582759,1498.8,119501.0,123331.0
2025-06-20 10:13:49.648830,1498.8,119501.0,123331.0
2025-06-20 10:13:49.679076,1498.1,119485.0,122928.0
2025-06-20 10:13:50.613210,1498.1,119485.0,122928.0
2025-06-20 10:13:50.779720,1498.1,119481.0,123344.0
2025-06-20 10:13:51.892440,1498.1,119489.0,123369.0
2025-06-20 10:13:52.612809,1498.8,119489.0,123369.0
2025-06-20 10:13:52.984919,1498.8,119505.0,123382.0
2025-06-20 10:13:54.082467,1498.8,119523.0,123366.0
2025-06-20 10:13:54.599950,1498.8,119523.0,123366.0
2025-06-20 10:13:55.183984,1498.1,119487.0,123366.0
2025-06-20 10:13:55.598170,1498.1,119487.0,123366.0
2025-06-20 10:13:56.184060,1498.1,119513.0,123366.0
2025-06-20 10:13:57.286886,1498.1,119487.0,123366.0
2025-06-20 10:13:58.400422,1498.1,119559.0,123353.0
2025-06-20 10:13:59.486513,1498.1,119264.0,123515.0
2025-06-20 10:14:00.424567,1498.1,119267.0,123524.0
2025-06-20 10:14:02.656050,1498.1,119267.0,123524.0
2025-06-20 10:14:05.992946,1498.1,119768.0,123892.0
2025-06-20 10:14:10.605548,1498.1,119768.0,123892.0
2025-06-20 10:14:11.701034,1498.1,119917.0,124276.0
2025-06-20 10:14:17.600781,1498.1,120242.0,123931.0
2025-06-20 10:14:18.601031,1498.8,120242.0,123931.0
2025-06-20 10:14:22.611695,1498.2,120242.0,123931.0
2025-06-20 10:14:23.502397,1498.2,120189.0,124114.0
2025-06-20 10:14:24.607680,1498.7,120189.0,124114.0
2025-06-20 10:14:26.606022,1498.8,120189.0,124114.0
2025-06-20 10:14:29.507317,1498.8,120197.0,123928.0
2025-06-20 10:14:34.660141,1498.2,120197.0,123928.0
2025-06-20 10:14:35.207249,1498.2,119415.0,124932.0
2025-06-20 10:14:40.712573,1498.2,119493.0,125670.0
2025-06-20 10:14:42.612048,1498.5,119493.0,125670.0
2025-06-20 10:14:46.441612,1498.5,119842.0,125044.0
2025-06-20 10:14:46.605091,1498.5,119842.0,125044.0
2025-06-20 10:14:52.118319,1498.6,119769.0,124890.0
2025-06-20 10:14:52.606294,1498.6,119769.0,124890.0
2025-06-20 10:14:58.223819,1498.6,119983.0,124918.0
2025-06-20 10:15:02.611132,1498.5,119983.0,124918.0
2025-06-20 10:15:04.531704,1498.5,120409.0,124456.0
2025-06-20 10:15:06.612474,1498.7,120409.0,124456.0
2025-06-20 10:15:10.612073,1498.8,120409.0,124456.0
2025-06-20 10:15:11.034339,1498.8,120493.0,123935.0
2025-06-20 10:15:12.607615,1498.8,120493.0,123935.0
2025-06-20 10:15:17.348836,1498.8,120517.0,123677.0
2025-06-20 10:15:18.611928,1498.5,120517.0,123677.0
2025-06-20 10:15:20.614630,1498.9,120517.0,123677.0
2025-06-20 10:15:22.627907,1498.9,120517.0,123677.0
2025-06-20 10:15:23.745278,1498.7,120963.0,123357.0
2025-06-20 10:15:24.615974,1498.7,120963.0,123357.0
2025-06-20 10:15:26.611425,1498.9,120963.0,123357.0
2025-06-20 10:15:28.608583,1499.0,120963.0,123357.0
2025-06-20 10:15:30.159234,1499.0,121552.0,122926.0
2025-06-20 10:15:32.613038,1499.4,121552.0,122926.0
2025-06-20 10:15:36.255670,1499.4,123298.0,121853.0
2025-06-20 10:15:38.609219,1499.9,123298.0,121853.0
2025-06-20 10:15:40.969767,1499.9,123298.0,121853.0
2025-06-20 10:15:41.374934,1499.9,123298.0,121853.0
2025-06-20 10:15:42.174068,1499.9,123298.0,121853.0
2025-06-20 10:15:42.175624,1499.9,122364.0,122467.0
2025-06-20 10:15:42.437826,1499.9,122364.0,122467.0
2025-06-20 10:15:42.618477,1499.4,122364.0,122467.0
2025-06-20 10:15:42.783385,1499.4,122364.0,122467.0
2025-06-20 10:15:43.464996,1499.4,122364.0,122467.0
2025-06-20 10:15:44.465947,1499.4,122364.0,122467.0
2025-06-20 10:15:44.612455,1499.0,122364.0,122467.0
2025-06-20 10:15:44.822954,1499.0,122364.0,122467.0
2025-06-20 10:15:45.778823,1499.0,122364.0,122467.0
2025-06-20 10:15:47.116690,1499.0,122364.0,122467.0
2025-06-20 10:15:47.957872,1499.9,122851.0,121489.0
2025-06-20 10:15:48.080048,1499.9,122851.0,121489.0
2025-06-20 10:15:48.610731,1499.9,122851.0,121489.0
2025-06-20 10:15:49.651908,1499.9,122851.0,121489.0
2025-06-20 10:15:50.883954,1499.9,122851.0,121489.0
2025-06-20 10:15:52.128630,1499.9,122851.0,121489.0
2025-06-20 10:15:53.701297,1499.9,122851.0,121489.0
2025-06-20 10:15:54.264005,1499.3,123768.0,122687.0
2025-06-20 10:15:54.612401,1499.3,123768.0,122687.0
2025-06-20 10:15:57.682568,1499.3,123768.0,122687.0
2025-06-20 10:16:00.678113,1499.3,124308.0,122424.0
2025-06-20 10:16:03.621352,1499.9,124308.0,122424.0
2025-06-20 10:16:06.673533,1499.9,124194.0,123248.0
2025-06-20 10:16:07.619610,1499.9,124194.0,123248.0
2025-06-20 10:16:11.615209,1499.4,124194.0,123248.0
2025-06-20 10:16:12.576169,1499.4,123392.0,124148.0
2025-06-20 10:16:15.617653,1499.0,123392.0,124148.0
2025-06-20 10:16:19.179126,1499.1,122588.0,126926.0
2025-06-20 10:16:19.616194,1499.1,122588.0,126926.0
2025-06-20 10:16:22.619137,1498.5,122588.0,126926.0
2025-06-20 10:16:25.682696,1498.5,122669.0,126863.0
2025-06-20 10:16:28.610818,1499.1,122669.0,126863.0
2025-06-20 10:16:31.647866,1499.2,122669.0,126863.0
2025-06-20 10:16:32.086064,1499.2,122563.0,126499.0
2025-06-20 10:16:34.664560,1498.5,122563.0,126499.0
2025-06-20 10:16:37.623514,1498.6,122563.0,126499.0
2025-06-20 10:16:38.489697,1498.6,122586.0,125995.0
2025-06-20 10:16:40.617380,1499.4,122586.0,125995.0
2025-06-20 10:16:44.694306,1499.4,123129.0,125501.0
2025-06-20 10:16:49.622670,1499.4,123129.0,125501.0
2025-06-20 10:16:50.996312,1499.4,123197.0,126666.0
2025-06-20 10:16:57.106212,1499.4,123062.0,126678.0
2025-06-20 10:17:00.656187,1499.0,123062.0,126678.0
2025-06-20 10:17:02.620424,1498.8,123062.0,126678.0
2025-06-20 10:17:03.112774,1499.0,123056.0,125007.0
2025-06-20 10:17:04.623049,1499.0,123056.0,125007.0
2025-06-20 10:17:06.623232,1499.0,123056.0,125007.0
2025-06-20 10:17:09.112595,1499.0,123195.0,124488.0
2025-06-20 10:17:10.628016,1498.7,123195.0,124488.0
2025-06-20 10:17:15.216128,1498.7,123090.0,124625.0
2025-06-20 10:17:20.624379,1499.4,123090.0,124625.0
2025-06-20 10:17:21.221123,1499.4,123142.0,124961.0
2025-06-20 10:17:26.639656,1499.0,123142.0,124961.0
2025-06-20 10:17:27.030549,1499.0,122999.0,124963.0
2025-06-20 10:17:29.623699,1499.3,122999.0,124963.0
2025-06-20 10:17:32.622244,1499.0,122999.0,124963.0
2025-06-20 10:17:33.228297,1499.0,122259.0,126990.0
2025-06-20 10:17:35.622179,1498.9,122259.0,126990.0
2025-06-20 10:17:39.231339,1498.9,122678.0,126056.0
2025-06-20 10:17:41.627825,1499.0,122678.0,126056.0
2025-06-20 10:17:44.622703,1499.0,122678.0,126056.0
2025-06-20 10:17:45.036421,1499.0,122754.0,126247.0
2025-06-20 10:17:47.618746,1499.0,122754.0,126247.0
2025-06-20 10:17:51.037204,1499.0,122708.0,126184.0
2025-06-20 10:17:53.625042,1499.1,122708.0,126184.0
2025-06-20 10:17:56.629079,1499.0,122708.0,126184.0
2025-06-20 10:17:57.472632,1499.0,123432.0,125703.0
2025-06-20 10:17:59.624231,1499.5,123432.0,125703.0
2025-06-20 10:18:03.745122,1499.5,124068.0,124689.0
2025-06-20 10:18:05.625886,1499.5,124068.0,124689.0
2025-06-20 10:18:08.625341,1499.4,124068.0,124689.0
2025-06-20 10:18:09.949659,1499.4,124153.0,124003.0
2025-06-20 10:18:14.677834,1499.3,124153.0,124003.0
2025-06-20 10:18:15.752972,1499.4,123939.0,123541.0
2025-06-20 10:18:17.626304,1499.4,123939.0,123541.0
2025-06-20 10:18:20.628360,1500.0,123939.0,123541.0
2025-06-20 10:18:21.556472,1500.0,125083.0,120964.0
2025-06-20 10:18:23.625780,1500.0,125083.0,120964.0
2025-06-20 10:18:26.657570,1500.0,125083.0,120964.0
2025-06-20 10:18:28.670375,1500.0,124622.0,120508.0
2025-06-20 10:18:29.625274,1500.0,124622.0,120508.0
2025-06-20 10:18:35.062175,1500.0,125298.0,121218.0
2025-06-20 10:18:38.631364,1500.7,125298.0,121218.0
2025-06-20 10:18:40.874840,1500.2,125113.0,122323.0
2025-06-20 10:18:41.586831,1500.2,125113.0,122323.0
2025-06-20 10:18:41.627058,1500.2,125113.0,122323.0
2025-06-20 10:18:41.678257,1500.2,125113.0,122323.0
2025-06-20 10:18:42.128648,1500.2,125113.0,122323.0
2025-06-20 10:18:43.303853,1500.2,125113.0,122323.0
2025-06-20 10:18:44.441462,1500.2,125113.0,122323.0
2025-06-20 10:18:45.437351,1500.2,125113.0,122323.0
2025-06-20 10:18:46.387014,1500.2,125113.0,122323.0
2025-06-20 10:18:46.668887,1500.1,125020.0,121307.0
2025-06-20 10:18:47.627160,1500.1,125020.0,121307.0
2025-06-20 10:18:47.698992,1500.1,125020.0,121307.0
2025-06-20 10:18:48.692542,1500.1,125020.0,121307.0
2025-06-20 10:18:50.205910,1500.1,125020.0,121307.0
2025-06-20 10:18:51.464107,1500.1,125020.0,121307.0
2025-06-20 10:18:52.582106,1500.1,124822.0,121427.0
2025-06-20 10:18:52.726161,1500.1,124822.0,121427.0
2025-06-20 10:18:54.434145,1500.1,124822.0,121427.0
2025-06-20 10:18:56.629766,1500.7,124822.0,121427.0
2025-06-20 10:18:58.587842,1500.7,125433.0,121428.0
2025-06-20 10:19:02.645466,1500.4,125433.0,121428.0
2025-06-20 10:19:04.979899,1500.7,125231.0,121880.0
2025-06-20 10:19:05.651365,1500.7,125231.0,121880.0
2025-06-20 10:19:08.631486,1500.4,125231.0,121880.0
2025-06-20 10:19:11.283628,1500.4,125356.0,121903.0
2025-06-20 10:19:11.642729,1500.4,125356.0,121903.0
2025-06-20 10:19:14.648895,1500.1,125356.0,121903.0
2025-06-20 10:19:17.296828,1500.2,125275.0,121752.0
2025-06-20 10:19:17.671449,1500.2,125275.0,121752.0
2025-06-20 10:19:20.672454,1500.4,125275.0,121752.0
2025-06-20 10:19:23.292618,1500.4,125272.0,121792.0
2025-06-20 10:19:23.653460,1500.4,125272.0,121792.0
2025-06-20 10:19:29.445795,1500.4,125292.0,121848.0
2025-06-20 10:19:35.601879,1500.4,125661.0,121743.0
2025-06-20 10:19:35.658176,1500.4,125661.0,121743.0
2025-06-20 10:19:41.712578,1500.4,125307.0,121591.0
2025-06-20 10:19:44.635251,1500.4,125307.0,121591.0
2025-06-20 10:19:47.427539,1500.7,125206.0,122308.0
2025-06-20 10:19:47.646265,1500.7,125206.0,122308.0
2025-06-20 10:19:50.642612,1500.4,125206.0,122308.0
2025-06-20 10:19:53.021441,1499.2,123576.0,126345.0
2025-06-20 10:19:53.637230,1499.2,123576.0,126345.0
2025-06-20 10:19:59.129774,1499.8,123561.0,126550.0
2025-06-20 10:19:59.640325,1499.8,123561.0,126550.0
2025-06-20 10:20:01.682329,1499.2,123561.0,126550.0
2025-06-20 10:20:05.340229,1499.2,124251.0,124916.0
2025-06-20 10:20:07.680969,1499.8,124251.0,124916.0
2025-06-20 10:20:10.642678,1499.9,124251.0,124916.0
2025-06-20 10:20:11.942540,1499.9,124332.0,124464.0
2025-06-20 10:20:16.680464,1499.8,124332.0,124464.0
2025-06-20 10:20:18.348245,1499.8,124180.0,125168.0
2025-06-20 10:20:19.644411,1499.5,124180.0,125168.0
2025-06-20 10:20:22.641074,1500.0,124180.0,125168.0
2025-06-20 10:20:24.355939,1499.8,124170.0,125358.0
2025-06-20 10:20:25.647856,1499.4,124170.0,125358.0
2025-06-20 10:20:30.586893,1499.4,124296.0,125623.0
2025-06-20 10:20:36.558450,1499.4,124239.0,126209.0
2025-06-20 10:20:37.652771,1499.9,124239.0,126209.0
2025-06-20 10:20:40.649411,1499.9,124239.0,126209.0
2025-06-20 10:20:42.675467,1499.9,124419.0,125748.0
2025-06-20 10:20:46.645190,1499.8,124419.0,125748.0
2025-06-20 10:20:48.568370,1499.8,124029.0,125898.0
2025-06-20 10:20:54.770192,1499.8,124262.0,125959.0
2025-06-20 10:21:00.971530,1499.8,124638.0,125353.0
2025-06-20 10:21:01.654285,1499.9,124638.0,125353.0
2025-06-20 10:21:04.699108,1499.8,124638.0,125353.0
2025-06-20 10:21:07.476788,1499.8,124636.0,125571.0
2025-06-20 10:21:07.675973,1499.8,124636.0,125571.0
2025-06-20 10:21:13.661931,1499.9,124636.0,125571.0
2025-06-20 10:21:13.780393,1499.9,124486.0,125857.0
2025-06-20 10:21:16.658649,1499.8,124486.0,125857.0
2025-06-20 10:21:19.783855,1499.8,124719.0,125359.0
2025-06-20 10:21:22.652563,1499.9,124719.0,125359.0
2025-06-20 10:21:25.658170,1500.0,124719.0,125359.0
2025-06-20 10:21:25.702494,1500.0,125422.0,123996.0
2025-06-20 10:21:28.657290,1499.8,125422.0,123996.0
2025-06-20 10:21:32.198414,1500.3,125422.0,123996.0
2025-06-20 10:21:32.229995,1500.3,126658.0,123099.0
2025-06-20 10:21:34.649480,1500.4,126658.0,123099.0
2025-06-20 10:21:37.698385,1500.3,126658.0,123099.0
2025-06-20 10:21:37.793979,1500.3,126147.0,125220.0
2025-06-20 10:21:40.650475,1500.4,126147.0,125220.0
2025-06-20 10:21:41.850919,1500.4,126147.0,125220.0
2025-06-20 10:21:42.203071,1500.4,126147.0,125220.0
2025-06-20 10:21:43.096880,1500.4,126147.0,125220.0
2025-06-20 10:21:43.603809,1501.0,126731.0,124337.0
2025-06-20 10:21:43.656974,1501.0,126731.0,124337.0
2025-06-20 10:21:43.725135,1501.0,126731.0,124337.0
2025-06-20 10:21:44.439137,1501.0,126731.0,124337.0
2025-06-20 10:21:45.480536,1501.0,126731.0,124337.0
2025-06-20 10:21:46.695226,1500.8,126731.0,124337.0
2025-06-20 10:21:46.837742,1500.8,126731.0,124337.0
2025-06-20 10:21:48.144639,1500.8,126731.0,124337.0
2025-06-20 10:21:49.116416,1500.8,126731.0,124337.0
2025-06-20 10:21:49.307013,1500.8,126398.0,124731.0
2025-06-20 10:21:49.697273,1500.8,126398.0,124731.0
2025-06-20 10:21:50.713197,1500.8,126398.0,124731.0
2025-06-20 10:21:51.986417,1500.8,126398.0,124731.0
2025-06-20 10:21:52.713464,1500.9,126398.0,124731.0
2025-06-20 10:21:53.217357,1500.9,126398.0,124731.0
2025-06-20 10:21:54.820784,1500.9,126398.0,124731.0
2025-06-20 10:21:55.015765,1500.9,126485.0,125357.0
2025-06-20 10:21:55.674879,1500.9,126485.0,125357.0
2025-06-20 10:22:00.509959,1500.9,126658.0,124725.0
2025-06-20 10:22:01.422010,1500.9,126280.0,125256.0
2025-06-20 10:22:02.445246,1500.9,126334.0,125407.0
2025-06-20 10:22:03.515998,1500.9,126350.0,125405.0
2025-06-20 10:22:04.609305,1500.9,126346.0,125417.0
2025-06-20 10:22:05.721071,1500.9,126316.0,125434.0
2025-06-20 10:22:06.609533,1500.4,126346.0,125557.0
2025-06-20 10:22:06.658849,1500.4,126346.0,125557.0
2025-06-20 10:22:07.891678,1500.4,126306.0,125288.0
2025-06-20 10:22:08.724068,1500.4,126235.0,125504.0
2025-06-20 10:22:09.812367,1500.4,126249.0,125523.0
2025-06-20 10:22:11.509686,1500.4,126535.0,125711.0
2025-06-20 10:22:11.725642,1500.9,126535.0,125711.0
2025-06-20 10:22:11.949759,1500.9,126474.0,125723.0
2025-06-20 10:22:12.691891,1500.4,126474.0,125723.0
2025-06-20 10:22:12.943543,1500.4,126122.0,127141.0
2025-06-20 10:22:13.701133,1500.4,126122.0,127141.0
2025-06-20 10:22:14.028968,1500.4,126148.0,126851.0
2025-06-20 10:22:15.116293,1500.4,126089.0,126811.0
2025-06-20 10:22:16.215636,1500.4,126125.0,126765.0
2025-06-20 10:22:17.319152,1500.4,126154.0,126765.0
2025-06-20 10:22:18.219553,1500.4,126153.0,126800.0
2025-06-20 10:22:19.218320,1500.4,126205.0,126800.0
2025-06-20 10:22:19.651994,1500.4,126205.0,126800.0
2025-06-20 10:22:20.320202,1500.4,126211.0,126800.0
2025-06-20 10:22:21.430668,1500.4,126225.0,126741.0
2025-06-20 10:22:22.522658,1500.4,126373.0,126091.0
2025-06-20 10:22:23.620479,1500.4,126452.0,126117.0
2025-06-20 10:22:24.524766,1500.4,126384.0,126205.0
2025-06-20 10:22:25.623208,1500.4,126362.0,126591.0
2025-06-20 10:22:26.622287,1500.4,126366.0,126713.0
2025-06-20 10:22:26.653496,1500.4,126366.0,126713.0
2025-06-20 10:22:27.723519,1500.4,126364.0,126713.0
2025-06-20 10:22:28.726610,1500.4,126365.0,126713.0
2025-06-20 10:22:29.689150,1500.4,126365.0,126713.0
2025-06-20 10:22:29.826679,1500.4,126360.0,126743.0
2025-06-20 10:22:31.175429,1500.4,126360.0,126743.0
2025-06-20 10:22:31.179049,1500.4,126260.0,126688.0
2025-06-20 10:22:31.676756,1500.4,126260.0,126688.0
2025-06-20 10:22:32.031976,1500.4,126260.0,126844.0
2025-06-20 10:22:32.665033,1500.4,126260.0,126844.0
2025-06-20 10:22:32.941917,1500.4,126339.0,126844.0
2025-06-20 10:22:34.031715,1500.4,126364.0,126642.0
2025-06-20 10:22:35.128455,1500.4,126364.0,126708.0
2025-06-20 10:22:36.231209,1500.4,126363.0,126708.0
2025-06-20 10:22:37.233543,1500.4,126338.0,127103.0
2025-06-20 10:22:38.334942,1500.4,126338.0,126874.0
2025-06-20 10:22:39.503405,1500.4,126341.0,126804.0
2025-06-20 10:22:40.625700,1500.4,126312.0,126938.0
2025-06-20 10:22:40.736293,1500.7,126312.0,126938.0
2025-06-20 10:22:41.445744,1500.7,126312.0,126719.0
2025-06-20 10:22:41.701593,1500.7,126312.0,126719.0
2025-06-20 10:22:42.536288,1500.7,126312.0,126803.0
2025-06-20 10:22:43.641079,1500.7,126271.0,126935.0
2025-06-20 10:22:43.662012,1500.7,126271.0,126935.0
2025-06-20 10:22:44.688367,1500.4,126271.0,126935.0
2025-06-20 10:22:44.736819,1500.4,126311.0,126925.0
2025-06-20 10:22:45.741348,1500.4,126325.0,126936.0
2025-06-20 10:22:46.837157,1500.4,126311.0,126921.0
2025-06-20 10:22:48.337086,1500.4,126311.0,126921.0
2025-06-20 10:22:49.535147,1500.4,126295.0,126771.0
2025-06-20 10:22:50.637188,1500.4,126310.0,126787.0
2025-06-20 10:22:51.638254,1500.4,126279.0,126790.0
2025-06-20 10:22:52.639186,1500.3,125766.0,128340.0
2025-06-20 10:22:52.656439,1500.3,125766.0,128340.0
2025-06-20 10:22:53.539420,1500.3,125826.0,128060.0
2025-06-20 10:22:54.539810,1500.3,125745.0,127909.0
2025-06-20 10:22:54.658813,1500.3,125745.0,127909.0
2025-06-20 10:22:55.642399,1500.3,125638.0,128484.0
2025-06-20 10:22:56.656420,1500.0,125638.0,128484.0
2025-06-20 10:22:56.740206,1500.0,125193.0,130164.0
2025-06-20 10:22:57.648859,1499.4,124859.0,129588.0
2025-06-20 10:22:57.657065,1499.4,124859.0,129588.0
2025-06-20 10:22:58.663955,1499.4,124996.0,129790.0
2025-06-20 10:22:59.743501,1499.4,124768.0,129834.0
2025-06-20 10:23:01.658131,1499.4,124768.0,129834.0
2025-06-20 10:23:06.049747,1499.4,124615.0,130623.0
2025-06-20 10:23:07.655435,1499.8,124615.0,130623.0
2025-06-20 10:23:11.859238,1499.8,124642.0,130544.0
2025-06-20 10:23:17.364916,1499.8,124457.0,130076.0
2025-06-20 10:23:17.654321,1499.8,124457.0,130076.0
2025-06-20 10:23:21.663234,1499.9,124457.0,130076.0
2025-06-20 10:23:23.367294,1499.9,124846.0,129102.0
2025-06-20 10:23:29.174183,1499.9,125062.0,128079.0
2025-06-20 10:23:31.685000,1500.1,125062.0,128079.0
2025-06-20 10:23:34.768020,1500.1,125103.0,127975.0
2025-06-20 10:23:39.660884,1499.9,125103.0,127975.0
2025-06-20 10:23:40.767200,1500.4,125224.0,127551.0
2025-06-20 10:23:41.658690,1500.4,125224.0,127551.0
2025-06-20 10:23:43.662992,1500.5,125224.0,127551.0
2025-06-20 10:23:45.673782,1500.5,125224.0,127551.0
2025-06-20 10:23:46.784075,1499.9,125264.0,127293.0
2025-06-20 10:23:47.662763,1499.9,125264.0,127293.0
2025-06-20 10:23:51.698533,1499.9,125264.0,127293.0
2025-06-20 10:23:52.580700,1499.9,125354.0,126696.0
2025-06-20 10:23:58.291657,1499.9,125266.0,126637.0
2025-06-20 10:24:01.703945,1500.1,125266.0,126637.0
2025-06-20 10:24:03.661272,1500.1,125266.0,126637.0
2025-06-20 10:24:03.792578,1500.1,125391.0,126768.0
2025-06-20 10:24:07.723017,1500.6,125391.0,126768.0
2025-06-20 10:24:09.403424,1500.6,125555.0,126323.0
2025-06-20 10:24:09.768694,1500.6,125555.0,126323.0
2025-06-20 10:24:15.193488,1500.6,136204.0,127683.0
2025-06-20 10:24:15.700088,1500.2,136204.0,127683.0
2025-06-20 10:24:20.798034,1500.2,136655.0,127423.0
2025-06-20 10:24:26.309331,1500.2,136384.0,127373.0
2025-06-20 10:24:29.667165,1500.1,136384.0,127373.0
2025-06-20 10:24:32.108794,1500.1,136279.0,127777.0
2025-06-20 10:24:33.661162,1500.6,136279.0,127777.0
2025-06-20 10:24:37.659876,1500.6,136279.0,127777.0
2025-06-20 10:24:37.950382,1500.6,136529.0,127236.0
2025-06-20 10:24:42.297262,1500.6,136529.0,127236.0
2025-06-20 10:24:43.504524,1500.6,136529.0,127236.0
2025-06-20 10:24:43.666225,1500.6,136529.0,127236.0
2025-06-20 10:24:43.786913,1500.6,136529.0,127236.0
2025-06-20 10:24:43.816387,1500.6,136485.0,127326.0
2025-06-20 10:24:44.038674,1500.6,136485.0,127326.0
2025-06-20 10:24:45.088174,1500.6,136485.0,127326.0
2025-06-20 10:24:45.662132,1500.2,136485.0,127326.0
2025-06-20 10:24:46.102980,1500.2,136485.0,127326.0
2025-06-20 10:24:47.692285,1500.2,136485.0,127326.0
2025-06-20 10:24:47.703491,1500.2,136485.0,127326.0
2025-06-20 10:24:48.819172,1500.2,136485.0,127326.0
2025-06-20 10:24:49.612486,1500.2,135869.0,126893.0
2025-06-20 10:24:49.796347,1500.2,135869.0,126893.0
2025-06-20 10:24:51.301529,1500.2,135869.0,126893.0
2025-06-20 10:24:51.660892,1500.6,135869.0,126893.0
2025-06-20 10:24:52.577992,1500.6,135869.0,126893.0
2025-06-20 10:24:53.834373,1500.6,135869.0,126893.0
2025-06-20 10:24:55.221306,1500.6,135786.0,126743.0
2025-06-20 10:24:55.469752,1500.6,135786.0,126743.0
2025-06-20 10:24:55.683681,1500.2,135786.0,126743.0
2025-06-20 10:25:01.018691,1500.2,135587.0,127061.0
2025-06-20 10:25:03.662670,1500.2,135587.0,127061.0
2025-06-20 10:25:07.126272,1500.2,135488.0,127156.0
2025-06-20 10:25:07.662705,1500.2,135488.0,127156.0
2025-06-20 10:25:13.328301,1500.6,135701.0,127538.0
2025-06-20 10:25:15.664784,1500.2,135701.0,127538.0
2025-06-20 10:25:19.605426,1500.5,134346.0,129273.0
2025-06-20 10:25:21.658031,1500.2,134346.0,129273.0
2025-06-20 10:25:24.669605,1500.2,134346.0,129273.0
2025-06-20 10:25:25.543886,1500.2,134834.0,129445.0
2025-06-20 10:25:27.710730,1500.2,134834.0,129445.0
2025-06-20 10:25:30.666674,1500.2,134834.0,129445.0
2025-06-20 10:25:31.538932,1500.2,134900.0,129129.0
2025-06-20 10:25:33.665282,1500.3,134900.0,129129.0
2025-06-20 10:25:36.665305,1500.1,134900.0,129129.0
2025-06-20 10:25:37.951201,1500.1,134807.0,129564.0
2025-06-20 10:25:39.667205,1500.1,134807.0,129564.0
2025-06-20 10:25:42.691643,1500.0,134807.0,129564.0
2025-06-20 10:25:44.147793,1500.0,134789.0,129555.0
2025-06-20 10:25:50.253729,1500.0,134478.0,129494.0
2025-06-20 10:25:56.258657,1500.0,135522.0,128092.0
2025-06-20 10:25:57.673181,1500.0,135522.0,128092.0
2025-06-20 10:26:00.657379,1500.0,135522.0,128092.0
2025-06-20 10:26:01.961060,1500.0,135246.0,128195.0
2025-06-20 10:26:08.168741,1500.1,135302.0,128097.0
2025-06-20 10:26:09.670057,1500.0,135302.0,128097.0
2025-06-20 10:26:14.582179,1500.1,135554.0,127253.0
2025-06-20 10:26:15.667599,1500.0,135554.0,127253.0
2025-06-20 10:26:18.670041,1500.0,135554.0,127253.0
2025-06-20 10:26:20.775597,1500.0,135594.0,127728.0
2025-06-20 10:26:27.079525,1500.0,135789.0,127022.0
2025-06-20 10:26:27.683374,1500.0,135789.0,127022.0
2025-06-20 10:26:30.679342,1499.9,135789.0,127022.0
2025-06-20 10:26:33.083187,1499.9,131670.0,128713.0
2025-06-20 10:26:33.666694,1499.9,131670.0,128713.0
2025-06-20 10:26:36.674964,1500.0,131670.0,128713.0
2025-06-20 10:26:39.493092,1500.0,135026.0,128924.0
2025-06-20 10:26:42.709553,1499.9,135026.0,128924.0
2025-06-20 10:26:45.672098,1499.9,135026.0,128924.0
2025-06-20 10:26:45.998230,1499.9,135323.0,127439.0
2025-06-20 10:26:48.668547,1500.1,135323.0,127439.0
2025-06-20 10:26:51.743369,1500.1,135323.0,127439.0
2025-06-20 10:26:52.002588,1500.1,136668.0,127219.0
2025-06-20 10:26:54.703858,1500.1,136668.0,127219.0
2025-06-20 10:26:58.210365,1500.1,136311.0,127386.0
2025-06-20 10:27:00.662198,1500.1,136311.0,127386.0
2025-06-20 10:27:03.693131,1500.7,136311.0,127386.0
2025-06-20 10:27:04.523933,1500.7,136919.0,126730.0
2025-06-20 10:27:11.114918,1500.7,137059.0,126680.0
2025-06-20 10:27:15.668457,1501.1,137059.0,126680.0
2025-06-20 10:27:17.818971,1501.1,136171.0,126852.0
2025-06-20 10:27:24.463274,1501.1,136745.0,125937.0
2025-06-20 10:27:31.353030,1501.1,136780.0,126224.0
2025-06-20 10:27:31.681504,1501.6,136780.0,126224.0
2025-06-20 10:27:34.692804,1500.8,136780.0,126224.0
2025-06-20 10:27:37.638091,1500.8,136154.0,127860.0
2025-06-20 10:27:37.687022,1500.8,136154.0,127860.0
2025-06-20 10:27:40.692946,1500.6,136154.0,127860.0
2025-06-20 10:27:42.698861,1500.6,136154.0,127860.0
2025-06-20 10:27:43.049569,1500.6,136154.0,127860.0
2025-06-20 10:27:44.144390,1500.2,135925.0,129010.0
2025-06-20 10:27:44.266841,1500.2,135925.0,129010.0
2025-06-20 10:27:44.670925,1500.2,135925.0,129010.0
2025-06-20 10:27:45.299416,1500.2,135925.0,129010.0
2025-06-20 10:27:46.298673,1500.2,135925.0,129010.0
2025-06-20 10:27:47.697976,1500.2,135925.0,129010.0
2025-06-20 10:27:48.678948,1500.3,135925.0,129010.0
2025-06-20 10:27:49.020506,1500.3,135925.0,129010.0
2025-06-20 10:27:50.474697,1500.3,135683.0,129267.0
2025-06-20 10:27:51.509531,1500.3,135683.0,129267.0
2025-06-20 10:27:52.824609,1500.3,135683.0,129267.0
2025-06-20 10:27:54.027476,1500.3,135683.0,129267.0
2025-06-20 10:27:54.682555,1500.8,135683.0,129267.0
2025-06-20 10:27:55.624941,1500.8,135683.0,129267.0
2025-06-20 10:27:56.860087,1500.8,135900.0,129087.0
2025-06-20 10:28:03.160862,1500.8,135752.0,129166.0
2025-06-20 10:28:09.261152,1500.8,135762.0,129142.0
2025-06-20 10:28:12.677137,1500.2,135762.0,129142.0
2025-06-20 10:28:14.674301,1500.2,135762.0,129142.0
2025-06-20 10:28:15.279582,1500.6,134921.0,130530.0
2025-06-20 10:28:17.674908,1500.6,134921.0,130530.0
2025-06-20 10:28:20.677671,1500.2,134921.0,130530.0
2025-06-20 10:28:21.480535,1500.2,135130.0,130401.0
2025-06-20 10:28:27.184026,1500.6,135241.0,130377.0
2025-06-20 10:28:29.671948,1500.6,135241.0,130377.0
2025-06-20 10:28:33.383185,1500.5,135161.0,130399.0
2025-06-20 10:28:35.680271,1500.2,135161.0,130399.0
2025-06-20 10:28:38.680367,1500.2,135161.0,130399.0
2025-06-20 10:28:39.498315,1500.2,134765.0,130779.0
2025-06-20 10:28:41.678373,1500.5,134765.0,130779.0
2025-06-20 10:28:45.728376,1500.5,135206.0,130402.0
2025-06-20 10:28:47.678754,1500.5,135206.0,130402.0
2025-06-20 10:28:50.739812,1500.2,135206.0,130402.0
2025-06-20 10:28:51.996434,1500.2,134663.0,131313.0
2025-06-20 10:28:53.675163,1500.2,134663.0,131313.0
2025-06-20 10:28:56.678574,1500.1,134663.0,131313.0
2025-06-20 10:28:58.002105,1500.2,134399.0,132144.0
2025-06-20 10:28:59.676305,1500.0,134399.0,132144.0
2025-06-20 10:29:03.910820,1500.0,134883.0,130787.0
2025-06-20 10:29:05.679584,1500.0,134883.0,130787.0
2025-06-20 10:29:10.008295,1500.0,134905.0,131195.0
2025-06-20 10:29:13.678644,1500.5,134905.0,131195.0
2025-06-20 10:29:15.683506,1500.0,134905.0,131195.0
2025-06-20 10:29:16.309667,1500.0,134677.0,130466.0
2025-06-20 10:29:22.110933,1500.0,134541.0,130888.0
2025-06-20 10:29:27.686341,1500.0,134541.0,130888.0
2025-06-20 10:29:27.815490,1500.0,134864.0,130525.0
2025-06-20 10:29:33.450188,1500.0,135091.0,130682.0
2025-06-20 10:29:38.675609,1500.0,135091.0,130682.0
2025-06-20 10:29:39.225651,1500.0,135165.0,130781.0
2025-06-20 10:29:45.263302,1500.0,135251.0,130273.0
2025-06-20 10:29:47.685354,1500.0,135251.0,130273.0
2025-06-20 10:29:51.129819,1500.0,135292.0,129995.0
2025-06-20 10:29:53.677949,1500.0,135292.0,129995.0
2025-06-20 10:29:56.836425,1500.0,135298.0,130135.0
2025-06-20 10:30:01.701305,1500.4,135298.0,130135.0
2025-06-20 10:30:02.139056,1500.0,135220.0,129948.0
2025-06-20 10:30:04.679847,1500.0,135220.0,129948.0
2025-06-20 10:30:07.690302,1500.1,135220.0,129948.0
2025-06-20 10:30:08.245313,1500.1,134963.0,130170.0
2025-06-20 10:30:13.732342,1500.1,134963.0,130170.0
2025-06-20 10:30:14.352784,1500.1,134638.0,130751.0
2025-06-20 10:30:15.707985,1500.1,134638.0,130751.0
2025-06-20 10:30:19.725305,1500.0,134638.0,130751.0
2025-06-20 10:30:20.194460,1500.0,134640.0,130669.0
2025-06-20 10:30:23.724813,1500.1,134640.0,130669.0
2025-06-20 10:30:25.987618,1500.0,134836.0,130579.0
2025-06-20 10:30:27.709178,1500.0,134836.0,130579.0
2025-06-20 10:30:31.334241,1500.0,134836.0,130579.0
2025-06-20 10:30:31.662352,1500.0,134386.0,130553.0
2025-06-20 10:30:37.488601,1500.0,134525.0,130093.0
2025-06-20 10:30:39.694832,1500.1,134525.0,130093.0
2025-06-20 10:30:43.224239,1500.1,134525.0,130093.0
2025-06-20 10:30:43.270757,1500.1,134636.0,131446.0
2025-06-20 10:30:43.533688,1500.1,134636.0,131446.0
2025-06-20 10:30:44.248127,1500.1,134636.0,131446.0
2025-06-20 10:30:45.317884,1500.1,134636.0,131446.0
2025-06-20 10:30:45.697965,1500.0,134636.0,131446.0
2025-06-20 10:30:46.014395,1500.0,134636.0,131446.0
2025-06-20 10:30:46.495802,1500.0,134636.0,131446.0
2025-06-20 10:30:47.699263,1500.0,134636.0,131446.0
2025-06-20 10:30:48.386108,1500.0,134636.0,131446.0
2025-06-20 10:30:48.681012,1500.1,134636.0,131446.0
2025-06-20 10:30:48.874296,1500.1,135253.0,131236.0
2025-06-20 10:30:49.733172,1500.1,135253.0,131236.0
2025-06-20 10:30:50.764882,1500.1,135253.0,131236.0
2025-06-20 10:30:51.687272,1500.1,135253.0,131236.0
2025-06-20 10:30:52.260170,1500.1,135253.0,131236.0
2025-06-20 10:30:53.533182,1500.1,135253.0,131236.0
2025-06-20 10:30:54.376335,1501.5,135442.0,127538.0
2025-06-20 10:30:54.686898,1501.5,135442.0,127538.0
2025-06-20 10:30:54.806617,1501.5,135442.0,127538.0
2025-06-20 10:30:56.510606,1501.5,135442.0,127538.0
2025-06-20 10:30:57.729333,1501.1,135442.0,127538.0
2025-06-20 10:31:00.486955,1501.5,135783.0,128008.0
2025-06-20 10:31:00.678484,1501.5,135783.0,128008.0
2025-06-20 10:31:03.691370,1501.9,135783.0,128008.0
2025-06-20 10:31:06.787556,1501.9,134958.0,127639.0
2025-06-20 10:31:12.707353,1501.8,134958.0,127639.0
2025-06-20 10:31:13.001336,1501.8,135631.0,126719.0
2025-06-20 10:31:15.696640,1502.0,135631.0,126719.0
2025-06-20 10:31:18.739559,1502.7,135631.0,126719.0
2025-06-20 10:31:19.006913,1502.7,136028.0,124413.0
2025-06-20 10:31:21.707483,1502.7,136028.0,124413.0
2025-06-20 10:31:24.738733,1502.7,136028.0,124413.0
2025-06-20 10:31:24.907488,1502.7,136845.0,123205.0
2025-06-20 10:31:27.734200,1503.5,136845.0,123205.0
2025-06-20 10:31:30.601399,1503.0,137137.0,121781.0
2025-06-20 10:31:30.723325,1503.0,137137.0,121781.0
2025-06-20 10:31:33.737422,1503.2,137137.0,121781.0
2025-06-20 10:31:36.715773,1503.1,137137.0,121781.0
2025-06-20 10:31:36.726500,1503.1,136198.0,124146.0
2025-06-20 10:31:42.736650,1502.7,136198.0,124146.0
2025-06-20 10:31:42.742416,1502.7,136311.0,126745.0
2025-06-20 10:31:45.764177,1502.8,136311.0,126745.0
2025-06-20 10:31:48.613627,1502.1,135541.0,125935.0
2025-06-20 10:31:48.708444,1502.1,135541.0,125935.0
2025-06-20 10:31:51.700393,1502.8,135541.0,125935.0
2025-06-20 10:31:54.651890,1502.8,135273.0,127184.0
2025-06-20 10:31:54.727091,1502.8,135273.0,127184.0
2025-06-20 10:31:57.720571,1502.7,135273.0,127184.0
2025-06-20 10:32:00.333652,1502.1,135564.0,127997.0
2025-06-20 10:32:00.687350,1502.1,135564.0,127997.0
2025-06-20 10:32:01.543791,1502.1,135497.0,127489.0
2025-06-20 10:32:01.705911,1502.1,135497.0,127489.0
2025-06-20 10:32:02.522363,1502.6,135571.0,127532.0
2025-06-20 10:32:02.705100,1502.6,135571.0,127532.0
2025-06-20 10:32:03.650541,1502.6,133937.0,127640.0
2025-06-20 10:32:04.449965,1502.6,135590.0,127671.0
2025-06-20 10:32:04.703524,1502.6,135590.0,127671.0
2025-06-20 10:32:05.552462,1502.6,135411.0,127773.0
2025-06-20 10:32:06.557194,1502.6,135459.0,128008.0
2025-06-20 10:32:07.646550,1502.6,135515.0,128037.0
2025-06-20 10:32:08.438938,1502.6,135567.0,128214.0
2025-06-20 10:32:09.449937,1502.5,135604.0,127922.0
2025-06-20 10:32:09.705983,1502.5,135604.0,127922.0
2025-06-20 10:32:10.525016,1502.5,135551.0,127905.0
2025-06-20 10:32:11.652574,1502.5,135561.0,127911.0
2025-06-20 10:32:12.690996,1502.1,135561.0,127911.0
2025-06-20 10:32:13.341260,1502.3,135411.0,128973.0
2025-06-20 10:32:13.691649,1502.4,135411.0,128973.0
2025-06-20 10:32:14.231810,1502.4,135477.0,128933.0
2025-06-20 10:32:15.232039,1502.4,135620.0,128918.0
2025-06-20 10:32:16.234317,1502.4,135658.0,128909.0
2025-06-20 10:32:17.234069,1502.4,135657.0,128659.0
2025-06-20 10:32:18.234862,1502.4,135660.0,128672.0
2025-06-20 10:32:19.138003,1502.4,135648.0,128646.0
2025-06-20 10:32:20.137116,1502.4,135611.0,128681.0
2025-06-20 10:32:20.714076,1501.8,135611.0,128681.0
2025-06-20 10:32:21.136054,1501.8,135542.0,128742.0
2025-06-20 10:32:22.195880,1501.8,135481.0,128626.0
2025-06-20 10:32:23.136725,1501.8,135502.0,128618.0
2025-06-20 10:32:24.136880,1502.4,135662.0,128463.0
2025-06-20 10:32:24.694851,1502.4,135662.0,128463.0
2025-06-20 10:32:25.135099,1502.4,135642.0,128483.0
2025-06-20 10:32:26.038987,1502.4,135662.0,128483.0
2025-06-20 10:32:27.041729,1502.4,135677.0,128501.0
2025-06-20 10:32:28.172480,1502.4,135586.0,128507.0
2025-06-20 10:32:29.167524,1502.4,135555.0,128505.0
2025-06-20 10:32:29.899774,1501.8,135555.0,128505.0
2025-06-20 10:32:30.041904,1501.8,135607.0,128419.0
2025-06-20 10:32:31.041968,1501.8,135542.0,128422.0
2025-06-20 10:32:31.978559,1501.8,135553.0,128393.0
2025-06-20 10:32:32.724279,1502.4,135553.0,128393.0
2025-06-20 10:32:32.993476,1502.4,135571.0,128477.0
2025-06-20 10:32:33.957204,1502.4,135553.0,128490.0
2025-06-20 10:32:34.848588,1502.4,135571.0,128505.0
2025-06-20 10:32:35.749603,1502.4,135542.0,128462.0
2025-06-20 10:32:36.644975,1502.4,135488.0,128772.0
2025-06-20 10:32:37.548611,1502.4,135525.0,128821.0
2025-06-20 10:32:38.544897,1502.4,135507.0,128821.0
2025-06-20 10:32:39.546728,1502.4,135489.0,128821.0
2025-06-20 10:32:40.551271,1502.7,135508.0,128061.0
2025-06-20 10:32:40.731670,1502.7,135508.0,128061.0
2025-06-20 10:32:41.546123,1502.0,135643.0,127475.0
2025-06-20 10:32:41.728046,1502.0,135643.0,127475.0
2025-06-20 10:32:42.460232,1502.0,134739.0,127765.0
2025-06-20 10:32:43.350737,1502.0,134752.0,127843.0
2025-06-20 10:32:44.346854,1502.0,134144.0,128298.0
2025-06-20 10:32:45.251415,1502.0,134171.0,128452.0
2025-06-20 10:32:46.149304,1502.0,134585.0,128506.0
2025-06-20 10:32:47.052415,1502.0,134627.0,128532.0
2025-06-20 10:32:48.058055,1502.0,133438.0,127512.0
2025-06-20 10:32:49.050249,1502.0,134888.0,127795.0
2025-06-20 10:32:49.964051,1502.0,134851.0,128119.0
2025-06-20 10:32:50.975440,1502.0,134812.0,128135.0
2025-06-20 10:32:51.982796,1502.0,134811.0,128181.0
2025-06-20 10:32:52.852843,1502.0,134796.0,128264.0
2025-06-20 10:32:53.766032,1502.0,135276.0,127404.0
2025-06-20 10:32:54.656907,1502.0,135264.0,126839.0
2025-06-20 10:32:55.556301,1502.0,134729.0,127402.0
2025-06-20 10:32:56.556143,1502.0,134724.0,127532.0
2025-06-20 10:32:57.557316,1502.0,134654.0,127930.0
2025-06-20 10:32:58.558696,1502.0,134826.0,127523.0
2025-06-20 10:32:58.694485,1502.4,134826.0,127523.0
2025-06-20 10:32:59.560119,1502.1,134749.0,127977.0
2025-06-20 10:32:59.703831,1502.1,134749.0,127977.0
2025-06-20 10:33:01.864959,1502.1,134951.0,127750.0
2025-06-20 10:33:03.786450,1502.4,134951.0,127750.0
2025-06-20 10:33:06.711750,1502.4,134951.0,127750.0
2025-06-20 10:33:07.699984,1502.4,135203.0,127944.0
2025-06-20 10:33:10.843265,1502.4,135203.0,127944.0
2025-06-20 10:33:13.428826,1502.4,135215.0,128011.0
2025-06-20 10:33:19.272874,1502.4,135191.0,128016.0
2025-06-20 10:33:20.690889,1502.4,135191.0,128016.0
2025-06-20 10:33:24.691463,1502.4,135191.0,128016.0
2025-06-20 10:33:25.278394,1502.4,135296.0,128511.0
2025-06-20 10:33:26.698100,1502.4,135296.0,128511.0
2025-06-20 10:33:30.697288,1502.1,135296.0,128511.0
2025-06-20 10:33:31.283571,1502.1,135225.0,128663.0
2025-06-20 10:33:36.704945,1502.4,135225.0,128663.0
2025-06-20 10:33:37.452004,1502.4,136180.0,128563.0
2025-06-20 10:33:42.689486,1502.0,136180.0,128563.0
2025-06-20 10:33:43.284209,1502.0,136534.0,128221.0
2025-06-20 10:33:43.684587,1502.0,136534.0,128221.0
2025-06-20 10:33:44.048554,1502.0,136534.0,128221.0
2025-06-20 10:33:45.040162,1502.0,136534.0,128221.0
2025-06-20 10:33:45.695212,1502.9,136534.0,128221.0
2025-06-20 10:33:45.745617,1502.9,136534.0,128221.0
2025-06-20 10:33:46.385449,1502.9,136534.0,128221.0
2025-06-20 10:33:47.525296,1502.9,136534.0,128221.0
2025-06-20 10:33:48.798155,1502.9,136534.0,128221.0
2025-06-20 10:33:49.089654,1502.9,136876.0,127901.0
2025-06-20 10:33:50.146284,1502.9,136876.0,127901.0
2025-06-20 10:33:51.363291,1502.9,136876.0,127901.0
2025-06-20 10:33:51.695166,1502.3,136876.0,127901.0
2025-06-20 10:33:52.673021,1502.3,136876.0,127901.0
2025-06-20 10:33:54.001128,1502.3,136876.0,127901.0
2025-06-20 10:33:55.029476,1502.3,136558.0,127313.0
2025-06-20 10:33:55.209209,1502.3,136558.0,127313.0
2025-06-20 10:33:56.857282,1502.3,136558.0,127313.0
2025-06-20 10:33:57.695803,1502.3,136558.0,127313.0
2025-06-20 10:34:00.688144,1502.3,136558.0,127313.0
2025-06-20 10:34:00.800972,1502.3,136906.0,126667.0
2025-06-20 10:34:03.694329,1503.0,136906.0,126667.0
2025-06-20 10:34:06.412798,1503.0,136676.0,126971.0
2025-06-20 10:34:12.507377,1503.0,137521.0,124962.0
2025-06-20 10:34:12.694750,1503.0,137521.0,124962.0
2025-06-20 10:34:15.693086,1502.9,137521.0,124962.0
2025-06-20 10:34:18.309544,1503.1,136390.0,127744.0
2025-06-20 10:34:18.692363,1503.1,136390.0,127744.0
2025-06-20 10:34:24.014289,1503.0,136411.0,127699.0
2025-06-20 10:34:24.729407,1503.0,136411.0,127699.0
2025-06-20 10:34:29.525112,1503.0,136661.0,127553.0
2025-06-20 10:34:30.702115,1503.0,136661.0,127553.0
2025-06-20 10:34:35.218787,1503.0,136235.0,127899.0
2025-06-20 10:34:41.145322,1503.0,136127.0,127715.0
2025-06-20 10:34:42.737017,1502.5,136127.0,127715.0
2025-06-20 10:34:45.744009,1502.5,136127.0,127715.0
2025-06-20 10:34:46.527827,1502.5,136163.0,127970.0
2025-06-20 10:34:52.493277,1502.5,136150.0,127917.0
2025-06-20 10:34:56.760924,1502.5,136150.0,127917.0
2025-06-20 10:34:57.638108,1502.5,136317.0,128388.0
2025-06-20 10:34:58.698573,1502.5,136317.0,128388.0
2025-06-20 10:35:00.762715,1502.5,136317.0,128388.0
2025-06-20 10:35:02.708868,1502.6,136317.0,128388.0
2025-06-20 10:35:02.842018,1502.6,136389.0,128623.0
2025-06-20 10:35:08.542555,1502.6,136557.0,127865.0
2025-06-20 10:35:12.699594,1503.0,136557.0,127865.0
2025-06-20 10:35:14.245532,1503.0,136512.0,127761.0
2025-06-20 10:35:15.699199,1502.6,136512.0,127761.0
2025-06-20 10:35:18.700342,1503.0,136512.0,127761.0
2025-06-20 10:35:20.153231,1503.0,138867.0,128952.0
2025-06-20 10:35:21.696409,1503.0,138867.0,128952.0
2025-06-20 10:35:23.723915,1503.1,138867.0,128952.0
2025-06-20 10:35:25.704050,1503.1,138867.0,128952.0
2025-06-20 10:35:26.178390,1503.1,139022.0,128405.0
2025-06-20 10:35:31.863112,1503.1,139012.0,127767.0
2025-06-20 10:35:35.698969,1503.1,139012.0,127767.0
2025-06-20 10:35:37.696750,1503.1,139012.0,127767.0
2025-06-20 10:35:37.859648,1503.1,138420.0,128853.0
2025-06-20 10:35:39.714453,1503.1,138420.0,128853.0
2025-06-20 10:35:41.696979,1503.0,138420.0,128853.0
2025-06-20 10:35:43.565809,1503.4,138852.0,128568.0
2025-06-20 10:35:43.713088,1503.4,138852.0,128568.0
2025-06-20 10:35:47.710107,1503.0,138852.0,128568.0
2025-06-20 10:35:49.493870,1503.0,138321.0,129396.0
2025-06-20 10:35:51.707340,1502.4,138321.0,129396.0
2025-06-20 10:35:55.508877,1502.4,138235.0,129752.0
2025-06-20 10:35:57.712696,1502.4,138235.0,129752.0
2025-06-20 10:35:59.710373,1503.0,138235.0,129752.0
2025-06-20 10:36:01.007767,1502.4,137897.0,129800.0
2025-06-20 10:36:01.714663,1502.4,137897.0,129800.0
2025-06-20 10:36:05.699572,1502.4,137897.0,129800.0
2025-06-20 10:36:06.772241,1502.4,138000.0,129504.0
2025-06-20 10:36:11.709874,1502.4,138000.0,129504.0
2025-06-20 10:36:12.986385,1502.4,137990.0,130311.0
2025-06-20 10:36:14.714553,1502.4,137990.0,130311.0
2025-06-20 10:36:17.713263,1503.4,137990.0,130311.0
2025-06-20 10:36:19.079147,1503.4,137724.0,128115.0
2025-06-20 10:36:24.783495,1503.4,139456.0,126974.0
2025-06-20 10:36:29.698774,1503.0,139456.0,126974.0
2025-06-20 10:36:30.785935,1503.0,138429.0,128105.0
2025-06-20 10:36:32.703603,1503.0,138429.0,128105.0
2025-06-20 10:36:37.002565,1503.0,138538.0,128211.0
2025-06-20 10:36:38.699900,1503.5,138538.0,128211.0
2025-06-20 10:36:41.714986,1503.6,138538.0,128211.0
2025-06-20 10:36:42.794798,1503.6,139848.0,125905.0
2025-06-20 10:36:44.145011,1503.6,139848.0,125905.0
2025-06-20 10:36:44.710184,1503.4,139848.0,125905.0
2025-06-20 10:36:44.847529,1503.4,139848.0,125905.0
2025-06-20 10:36:45.241739,1503.4,139848.0,125905.0
2025-06-20 10:36:46.287054,1503.4,139848.0,125905.0
2025-06-20 10:36:47.443855,1503.4,139848.0,125905.0
2025-06-20 10:36:48.398006,1503.4,139848.0,125905.0
2025-06-20 10:36:48.503199,1503.4,139728.0,126035.0
2025-06-20 10:36:49.351770,1503.4,139728.0,126035.0
2025-06-20 10:36:50.693328,1503.4,139728.0,126035.0
2025-06-20 10:36:51.679260,1503.4,139728.0,126035.0
2025-06-20 10:36:53.228656,1503.4,139728.0,126035.0
2025-06-20 10:36:54.206150,1503.4,139081.0,126416.0
2025-06-20 10:36:54.528293,1503.4,139081.0,126416.0
2025-06-20 10:36:55.766145,1503.4,139081.0,126416.0
2025-06-20 10:36:56.701618,1504.1,139081.0,126416.0
2025-06-20 10:36:57.383249,1504.1,139081.0,126416.0
2025-06-20 10:36:58.704334,1504.1,139081.0,126416.0
2025-06-20 10:36:59.805019,1504.2,139211.0,126953.0
2025-06-20 10:37:00.694196,1503.5,139211.0,126953.0
2025-06-20 10:37:05.714422,1503.5,139108.0,126105.0
2025-06-20 10:37:08.703500,1504.1,139108.0,126105.0
2025-06-20 10:37:11.811977,1504.1,139106.0,126788.0
2025-06-20 10:37:12.713043,1504.1,139106.0,126788.0
2025-06-20 10:37:14.704782,1503.6,139106.0,126788.0
2025-06-20 10:37:16.712131,1503.6,139106.0,126788.0
2025-06-20 10:37:17.427195,1503.6,139200.0,127432.0
2025-06-20 10:37:19.708912,1504.7,139200.0,127432.0
2025-06-20 10:37:22.712490,1504.1,139200.0,127432.0
2025-06-20 10:37:23.120314,1504.1,139124.0,126179.0
2025-06-20 10:37:25.704552,1504.6,139124.0,126179.0
2025-06-20 10:37:28.788364,1504.6,138919.0,126216.0
2025-06-20 10:37:31.706362,1504.6,138919.0,126216.0
2025-06-20 10:37:34.227696,1504.5,138667.0,126555.0
2025-06-20 10:37:34.715800,1504.5,138667.0,126555.0
2025-06-20 10:37:37.720523,1504.6,138667.0,126555.0
2025-06-20 10:37:39.739879,1504.6,139197.0,126268.0
2025-06-20 10:37:40.713763,1504.6,139197.0,126268.0
2025-06-20 10:37:43.737365,1504.1,139197.0,126268.0
2025-06-20 10:37:45.536096,1504.1,139100.0,125519.0
2025-06-20 10:37:49.745648,1504.8,139100.0,125519.0
2025-06-20 10:37:51.309177,1504.8,139275.0,125324.0
2025-06-20 10:37:52.756170,1504.8,139275.0,125324.0
2025-06-20 10:37:55.707315,1504.2,139275.0,125324.0
2025-06-20 10:37:56.750826,1504.2,138754.0,125616.0
2025-06-20 10:37:58.711868,1505.0,138754.0,125616.0
2025-06-20 10:38:02.348587,1504.9,138414.0,125424.0
2025-06-20 10:38:04.706336,1504.9,138414.0,125424.0
2025-06-20 10:38:07.709926,1504.8,138414.0,125424.0
2025-06-20 10:38:08.054157,1504.8,139116.0,125708.0
2025-06-20 10:38:13.658736,1504.8,139071.0,126023.0
2025-06-20 10:38:13.710373,1504.8,139071.0,126023.0
2025-06-20 10:38:15.707413,1504.9,139071.0,126023.0
2025-06-20 10:38:17.706817,1504.9,139071.0,126023.0
2025-06-20 10:38:19.265869,1504.9,138642.0,125725.0
2025-06-20 10:38:21.708120,1504.3,138642.0,125725.0
2025-06-20 10:38:24.867232,1504.3,138445.0,126975.0
2025-06-20 10:38:29.710800,1504.3,138445.0,126975.0
2025-06-20 10:38:30.273315,1504.3,138510.0,128167.0
2025-06-20 10:38:31.758947,1504.3,138510.0,128167.0
2025-06-20 10:38:35.676373,1504.2,138636.0,128178.0
2025-06-20 10:38:35.717784,1504.2,138636.0,128178.0
2025-06-20 10:38:39.723003,1504.4,138636.0,128178.0
2025-06-20 10:38:41.501023,1504.4,138716.0,127629.0
2025-06-20 10:38:43.708969,1504.6,138716.0,127629.0
2025-06-20 10:38:47.365359,1504.6,138720.0,127528.0
2025-06-20 10:38:49.713968,1504.2,138720.0,127528.0
2025-06-20 10:38:51.709803,1504.0,138720.0,127528.0
2025-06-20 10:38:52.788249,1504.0,138492.0,130479.0
2025-06-20 10:38:55.710498,1503.2,138492.0,130479.0
2025-06-20 10:38:57.757909,1503.9,138492.0,130479.0
2025-06-20 10:38:58.192605,1503.9,137803.0,130200.0
2025-06-20 10:39:03.697117,1503.9,139329.0,129059.0
2025-06-20 10:39:09.599828,1504.0,139352.0,129131.0
2025-06-20 10:39:09.716836,1504.0,139352.0,129131.0
2025-06-20 10:39:11.715181,1503.5,139352.0,129131.0
2025-06-20 10:39:15.208613,1503.5,138597.0,129382.0
2025-06-20 10:39:20.613828,1503.5,138714.0,129449.0
2025-06-20 10:39:25.718393,1504.1,138714.0,129449.0
2025-06-20 10:39:26.217588,1503.4,138222.0,129593.0
2025-06-20 10:39:27.714506,1503.4,138222.0,129593.0
2025-06-20 10:39:29.718070,1503.8,138222.0,129593.0
2025-06-20 10:39:31.727139,1503.4,138222.0,129593.0
2025-06-20 10:39:32.119747,1503.4,138680.0,130468.0
2025-06-20 10:39:33.719819,1503.8,138680.0,130468.0
2025-06-20 10:39:37.717280,1503.2,138680.0,130468.0
2025-06-20 10:39:38.366549,1503.2,138433.0,131719.0
2025-06-20 10:39:39.726494,1502.8,138433.0,131719.0
2025-06-20 10:39:41.721012,1502.7,138433.0,131719.0
2025-06-20 10:39:44.443298,1502.7,138275.0,131928.0
2025-06-20 10:39:44.645882,1502.7,138275.0,131928.0
2025-06-20 10:39:45.041130,1502.7,138275.0,131928.0
2025-06-20 10:39:45.721841,1502.7,138275.0,131928.0
2025-06-20 10:39:45.755459,1502.7,138275.0,131928.0
2025-06-20 10:39:46.061526,1502.7,138275.0,131928.0
2025-06-20 10:39:47.452818,1502.7,138275.0,131928.0
2025-06-20 10:39:47.719728,1502.6,138275.0,131928.0
2025-06-20 10:39:47.882870,1502.6,138275.0,131928.0
2025-06-20 10:39:48.456298,1502.6,138275.0,131928.0
2025-06-20 10:39:49.772393,1502.4,138275.0,131928.0
2025-06-20 10:39:49.829165,1502.4,138275.0,131928.0
2025-06-20 10:39:50.547755,1502.4,138033.0,132929.0
2025-06-20 10:39:51.258143,1502.4,138033.0,132929.0
2025-06-20 10:39:52.158628,1502.4,138033.0,132929.0
2025-06-20 10:39:53.834758,1502.4,138033.0,132929.0
2025-06-20 10:39:53.843403,1502.4,138033.0,132929.0
2025-06-20 10:39:55.046064,1502.4,138033.0,132929.0
2025-06-20 10:39:56.257934,1502.4,138033.0,132929.0
2025-06-20 10:39:56.345854,1502.7,137757.0,132239.0
2025-06-20 10:39:57.734443,1502.7,137757.0,132239.0
2025-06-20 10:39:57.887294,1502.7,137757.0,132239.0
2025-06-20 10:39:59.721014,1503.2,137757.0,132239.0
2025-06-20 10:40:01.773330,1502.9,137757.0,132239.0
2025-06-20 10:40:02.147003,1502.9,137916.0,132175.0
2025-06-20 10:40:08.335613,1502.9,137816.0,132728.0
2025-06-20 10:40:11.726848,1502.5,137816.0,132728.0
2025-06-20 10:40:14.255864,1502.5,137640.0,132844.0
2025-06-20 10:40:17.725024,1502.4,137640.0,132844.0
2025-06-20 10:40:20.162408,1502.4,137365.0,133369.0
2025-06-20 10:40:20.737698,1502.3,137365.0,133369.0
2025-06-20 10:40:24.180496,1502.3,137365.0,133369.0
2025-06-20 10:40:26.066573,1502.3,137398.0,132944.0
2025-06-20 10:40:26.823922,1502.3,137398.0,132944.0
2025-06-20 10:40:30.756899,1502.1,137398.0,132944.0
2025-06-20 10:40:31.791655,1502.1,137184.0,132913.0
2025-06-20 10:40:36.803669,1502.3,137184.0,132913.0
2025-06-20 10:40:37.202006,1502.3,137202.0,133169.0
2025-06-20 10:40:38.725069,1502.9,137202.0,133169.0
2025-06-20 10:40:42.780540,1502.9,137206.0,133203.0
2025-06-20 10:40:44.724907,1502.3,137206.0,133203.0
2025-06-20 10:40:48.383128,1502.3,137157.0,133381.0
2025-06-20 10:40:50.729338,1502.3,137157.0,133381.0
2025-06-20 10:40:53.746665,1502.3,137157.0,133381.0
2025-06-20 10:40:54.287025,1502.3,137242.0,133367.0
2025-06-20 10:40:56.725909,1502.3,137242.0,133367.0
2025-06-20 10:40:59.742072,1502.3,137242.0,133367.0
2025-06-20 10:41:00.091421,1502.3,136840.0,134221.0
2025-06-20 10:41:06.094014,1501.8,136753.0,136128.0
2025-06-20 10:41:06.728587,1501.8,136753.0,136128.0
2025-06-20 10:41:12.296765,1501.8,134614.0,136238.0
2025-06-20 10:41:12.725536,1501.8,134614.0,136238.0
2025-06-20 10:41:18.412840,1501.8,135850.0,136328.0
2025-06-20 10:41:21.732771,1502.3,135850.0,136328.0
2025-06-20 10:41:24.104914,1501.9,136232.0,135761.0
2025-06-20 10:41:24.752178,1502.3,136232.0,135761.0
2025-06-20 10:41:30.263524,1502.3,135800.0,136516.0
2025-06-20 10:41:36.430206,1502.3,135327.0,136722.0
2025-06-20 10:41:41.746407,1502.3,135327.0,136722.0
2025-06-20 10:41:42.622488,1502.3,135362.0,137049.0
2025-06-20 10:41:48.571807,1502.3,135289.0,137121.0
2025-06-20 10:41:53.951193,1502.3,135389.0,137266.0
2025-06-20 10:41:54.859797,1502.3,135389.0,137266.0
2025-06-20 10:41:59.191012,1502.3,135552.0,137413.0
2025-06-20 10:42:00.729618,1502.3,135552.0,137413.0
2025-06-20 10:42:04.228916,1502.3,135578.0,137400.0
2025-06-20 10:42:06.729551,1501.9,135578.0,137400.0
2025-06-20 10:42:08.730772,1501.9,135578.0,137400.0
2025-06-20 10:42:09.835975,1501.9,134757.0,137784.0
2025-06-20 10:42:10.772528,1501.9,134757.0,137784.0
2025-06-20 10:42:14.742503,1501.9,134757.0,137784.0
2025-06-20 10:42:15.341691,1501.9,133200.0,138121.0
2025-06-20 10:42:21.147655,1501.9,133653.0,138103.0
2025-06-20 10:42:24.730135,1501.9,133653.0,138103.0
2025-06-20 10:42:26.848879,1501.9,133642.0,138019.0
2025-06-20 10:42:28.736050,1501.4,133642.0,138019.0
2025-06-20 10:42:30.996435,1501.9,133642.0,138019.0
2025-06-20 10:42:32.785239,1501.9,133643.0,138587.0
2025-06-20 10:42:34.750783,1501.9,133643.0,138587.0
2025-06-20 10:42:38.557332,1501.9,133600.0,138118.0
2025-06-20 10:42:38.787297,1501.9,133600.0,138118.0
2025-06-20 10:42:40.775292,1501.9,133600.0,138118.0
2025-06-20 10:42:43.770954,1501.9,133600.0,138118.0
2025-06-20 10:42:44.355564,1501.9,132874.0,138203.0
2025-06-20 10:42:45.064103,1501.9,132874.0,138203.0
2025-06-20 10:42:46.163119,1501.9,132874.0,138203.0
2025-06-20 10:42:47.437966,1501.9,132874.0,138203.0
2025-06-20 10:42:48.097962,1501.9,132874.0,138203.0
2025-06-20 10:42:49.116758,1501.9,132874.0,138203.0
2025-06-20 10:42:50.258473,1501.9,132645.0,138672.0
2025-06-20 10:42:50.544682,1501.9,132645.0,138672.0
2025-06-20 10:42:51.862414,1501.9,132645.0,138672.0
2025-06-20 10:42:52.870601,1501.9,132645.0,138672.0
2025-06-20 10:42:54.365730,1501.9,132645.0,138672.0
2025-06-20 10:42:55.668974,1501.9,132645.0,138672.0
2025-06-20 10:42:56.063465,1501.9,132217.0,138922.0
2025-06-20 10:42:56.899443,1501.9,132217.0,138922.0
2025-06-20 10:42:58.589625,1501.9,132217.0,138922.0
2025-06-20 10:43:01.213753,1501.8,132217.0,138922.0
2025-06-20 10:43:01.361825,1501.8,132765.0,138109.0
2025-06-20 10:43:01.743784,1501.8,132765.0,138109.0
2025-06-20 10:43:03.740923,1501.8,132765.0,138109.0
2025-06-20 10:43:06.864756,1501.8,132418.0,138419.0
2025-06-20 10:43:07.746011,1501.8,132418.0,138419.0
2025-06-20 10:43:09.733771,1501.8,132418.0,138419.0
2025-06-20 10:43:11.743175,1501.8,132418.0,138419.0
2025-06-20 10:43:12.067742,1501.8,132635.0,138325.0
2025-06-20 10:43:13.761478,1501.5,132635.0,138325.0
2025-06-20 10:43:17.714127,1501.5,132427.0,137963.0
2025-06-20 10:43:19.733661,1501.8,132427.0,137963.0
2025-06-20 10:43:21.737612,1501.2,132427.0,137963.0
2025-06-20 10:43:23.377836,1501.2,131920.0,138372.0
2025-06-20 10:43:29.010196,1501.2,132019.0,139108.0
2025-06-20 10:43:33.736036,1501.3,132019.0,139108.0
2025-06-20 10:43:34.687925,1501.5,132513.0,138642.0
2025-06-20 10:43:35.748967,1501.5,132513.0,138642.0
2025-06-20 10:43:37.742806,1501.5,132513.0,138642.0
2025-06-20 10:43:40.087817,1501.5,132462.0,138556.0
2025-06-20 10:43:43.766686,1501.5,132462.0,138556.0
2025-06-20 10:43:45.391228,1501.5,132531.0,138580.0
2025-06-20 10:43:50.908141,1501.5,132520.0,138628.0
2025-06-20 10:43:55.768695,1501.5,132520.0,138628.0
2025-06-20 10:43:56.702551,1501.5,131538.0,139930.0
2025-06-20 10:43:57.741510,1501.5,131538.0,139930.0
2025-06-20 10:43:59.747041,1501.3,131538.0,139930.0
2025-06-20 10:44:01.750877,1501.2,131538.0,139930.0
2025-06-20 10:44:02.208087,1501.2,131619.0,139466.0
2025-06-20 10:44:07.715189,1501.3,131742.0,139508.0
2025-06-20 10:44:07.751284,1501.3,131742.0,139508.0
2025-06-20 10:44:11.755727,1500.8,131742.0,139508.0
2025-06-20 10:44:13.111046,1500.8,130940.0,141051.0
2025-06-20 10:44:13.753304,1500.5,130940.0,141051.0
2025-06-20 10:44:15.760075,1500.3,130940.0,141051.0
2025-06-20 10:44:17.788001,1500.5,130940.0,141051.0
2025-06-20 10:44:19.252422,1500.5,130460.0,140605.0
2025-06-20 10:44:24.616523,1500.5,130603.0,140783.0
2025-06-20 10:44:27.744971,1501.2,130603.0,140783.0
2025-06-20 10:44:30.224745,1501.2,130840.0,140727.0
2025-06-20 10:44:31.753625,1500.5,130840.0,140727.0
2025-06-20 10:44:35.731479,1500.5,130814.0,141172.0
2025-06-20 10:44:37.766348,1501.2,130814.0,141172.0
2025-06-20 10:44:41.254477,1501.2,131146.0,141630.0
2025-06-20 10:44:46.559592,1501.2,131328.0,142302.0
2025-06-20 10:44:49.748439,1501.0,131328.0,142302.0
2025-06-20 10:44:51.954496,1501.0,131506.0,142017.0
2025-06-20 10:44:53.746160,1500.8,131506.0,142017.0
2025-06-20 10:44:55.758125,1501.0,131506.0,142017.0
2025-06-20 10:44:57.052132,1501.0,131550.0,141833.0
2025-06-20 10:44:57.763245,1501.3,131550.0,141833.0
2025-06-20 10:45:01.767223,1501.5,131550.0,141833.0
2025-06-20 10:45:02.245089,1501.5,133377.0,138628.0
2025-06-20 10:45:04.745163,1502.0,133377.0,138628.0
2025-06-20 10:45:07.948831,1502.0,133631.0,138883.0
2025-06-20 10:45:13.249148,1501.5,133581.0,138932.0
2025-06-20 10:45:13.746582,1501.5,133581.0,138932.0
2025-06-20 10:45:18.853994,1501.5,133395.0,139397.0
2025-06-20 10:45:22.762714,1502.0,133395.0,139397.0
2025-06-20 10:45:24.570730,1502.0,133560.0,139372.0
2025-06-20 10:45:29.752515,1502.0,133560.0,139372.0
2025-06-20 10:45:29.879511,1502.0,133626.0,139330.0
2025-06-20 10:45:33.755248,1502.0,133626.0,139330.0
2025-06-20 10:45:34.864811,1501.5,132915.0,139417.0
2025-06-20 10:45:35.764479,1501.5,132915.0,139417.0
2025-06-20 10:45:37.767367,1501.5,132915.0,139417.0
2025-06-20 10:45:40.278766,1501.5,132875.0,139409.0
2025-06-20 10:45:41.758944,1502.0,132875.0,139409.0
2025-06-20 10:45:43.756391,1501.5,132875.0,139409.0
2025-06-20 10:45:45.474188,1501.5,132875.0,139409.0
2025-06-20 10:45:45.762342,1502.0,132875.0,139409.0
2025-06-20 10:45:45.826724,1502.0,132875.0,139409.0
2025-06-20 10:45:45.878055,1502.0,133193.0,138944.0
2025-06-20 10:45:46.205077,1502.0,133193.0,138944.0
2025-06-20 10:45:47.183539,1502.0,133193.0,138944.0
2025-06-20 10:45:48.274692,1502.0,133193.0,138944.0
2025-06-20 10:45:49.313385,1502.0,133193.0,138944.0
2025-06-20 10:45:50.714703,1502.0,133193.0,138944.0
2025-06-20 10:45:51.206323,1502.0,131587.0,139108.0
2025-06-20 10:45:52.156386,1502.0,131587.0,139108.0
2025-06-20 10:45:53.086480,1502.0,131587.0,139108.0
2025-06-20 10:45:54.640803,1502.0,131587.0,139108.0
2025-06-20 10:45:55.878196,1502.0,131587.0,139108.0
2025-06-20 10:45:56.890525,1502.0,132973.0,139077.0
2025-06-20 10:45:57.229371,1502.0,132973.0,139077.0
2025-06-20 10:45:58.833018,1502.0,132973.0,139077.0
2025-06-20 10:46:01.748130,1502.0,132973.0,139077.0
2025-06-20 10:46:02.288119,1502.0,134213.0,137195.0
2025-06-20 10:46:07.496092,1502.2,134754.0,135969.0
2025-06-20 10:46:07.748554,1502.2,134754.0,135969.0
2025-06-20 10:46:11.748834,1502.0,134754.0,135969.0
2025-06-20 10:46:13.003943,1502.0,134281.0,136148.0
2025-06-20 10:46:18.400458,1502.0,134335.0,136725.0
2025-06-20 10:46:21.759844,1502.5,134335.0,136725.0
2025-06-20 10:46:24.037589,1502.0,134342.0,137008.0
2025-06-20 10:46:24.767112,1502.5,134342.0,137008.0
2025-06-20 10:46:30.111473,1502.5,134474.0,136590.0
2025-06-20 10:46:33.748521,1502.6,134474.0,136590.0
2025-06-20 10:46:35.556166,1503.0,134705.0,136451.0
2025-06-20 10:46:36.752191,1503.0,134705.0,136451.0
2025-06-20 10:46:38.781386,1502.3,134705.0,136451.0
2025-06-20 10:46:40.714467,1502.3,134544.0,136878.0
2025-06-20 10:46:40.759308,1502.5,134544.0,136878.0
2025-06-20 10:46:42.746958,1503.0,134544.0,136878.0
2025-06-20 10:46:45.933725,1503.0,134898.0,136286.0
2025-06-20 10:46:50.748395,1502.3,134898.0,136286.0
2025-06-20 10:46:51.552789,1502.3,134171.0,136194.0
2025-06-20 10:46:56.762352,1503.0,134171.0,136194.0
2025-06-20 10:46:56.833997,1503.0,133860.0,136212.0
2025-06-20 10:47:02.063583,1503.0,134383.0,136266.0
2025-06-20 10:47:02.755733,1503.0,134383.0,136266.0
2025-06-20 10:47:07.450515,1503.0,134707.0,136378.0
2025-06-20 10:47:10.749291,1503.0,134707.0,136378.0
2025-06-20 10:47:12.635774,1503.0,135645.0,134838.0
2025-06-20 10:47:16.776458,1503.0,135645.0,134838.0
2025-06-20 10:47:18.065481,1503.0,135648.0,134704.0
2025-06-20 10:47:18.792639,1502.8,135648.0,134704.0
2025-06-20 10:47:20.751364,1502.8,135648.0,134704.0
2025-06-20 10:47:23.755838,1502.8,135648.0,134704.0
2025-06-20 10:47:23.947612,1502.8,135272.0,135685.0
2025-06-20 10:47:29.772341,1502.3,135272.0,135685.0
2025-06-20 10:47:30.150054,1502.3,135433.0,135653.0
2025-06-20 10:47:35.785793,1502.3,135059.0,135284.0
2025-06-20 10:47:41.073545,1502.3,135057.0,135819.0
2025-06-20 10:47:44.773047,1502.4,135057.0,135819.0
2025-06-20 10:47:46.471431,1502.8,134869.0,136235.0
2025-06-20 10:47:46.757479,1502.8,134869.0,136235.0
2025-06-20 10:47:51.865415,1502.8,134971.0,136048.0
2025-06-20 10:47:52.758857,1502.8,134971.0,136048.0
2025-06-20 10:47:54.756496,1502.8,134971.0,136048.0
2025-06-20 10:47:57.780477,1502.8,135009.0,136178.0
2025-06-20 10:48:02.764442,1502.5,135009.0,136178.0
2025-06-20 10:48:03.587259,1502.9,135027.0,136039.0
2025-06-20 10:48:04.758574,1502.9,135027.0,136039.0
2025-06-20 10:48:06.761157,1502.4,135027.0,136039.0
2025-06-20 10:48:08.776974,1502.4,135027.0,136039.0
2025-06-20 10:48:09.074819,1502.4,134997.0,136195.0
2025-06-20 10:48:14.487556,1502.4,135091.0,135982.0
2025-06-20 10:48:19.877138,1502.9,135047.0,136417.0
2025-06-20 10:48:20.761755,1502.9,135047.0,136417.0
2025-06-20 10:48:24.758746,1502.4,135047.0,136417.0
2025-06-20 10:48:25.380788,1502.4,135136.0,136839.0
2025-06-20 10:48:26.784849,1502.4,135136.0,136839.0
2025-06-20 10:48:28.760829,1502.4,135136.0,136839.0
2025-06-20 10:48:30.763723,1502.4,135136.0,136839.0
2025-06-20 10:48:31.090124,1502.4,134875.0,137031.0
2025-06-20 10:48:36.499604,1502.4,134964.0,137563.0
2025-06-20 10:48:41.992898,1502.4,135000.0,137898.0
2025-06-20 10:48:46.015340,1502.4,135000.0,137898.0
2025-06-20 10:48:46.358697,1502.4,135000.0,137898.0
2025-06-20 10:48:46.781493,1502.9,135000.0,137898.0
2025-06-20 10:48:47.109841,1502.9,135000.0,137898.0
2025-06-20 10:48:47.597498,1502.9,134860.0,137478.0
2025-06-20 10:48:47.693128,1502.9,134860.0,137478.0
2025-06-20 10:48:48.112519,1502.9,134860.0,137478.0
2025-06-20 10:48:48.766690,1502.4,134860.0,137478.0
2025-06-20 10:48:48.855021,1502.4,134860.0,137478.0
2025-06-20 10:48:49.333174,1502.4,134860.0,137478.0
2025-06-20 10:48:50.320420,1502.4,134860.0,137478.0
2025-06-20 10:48:50.770609,1502.0,134860.0,137478.0
2025-06-20 10:48:51.284074,1502.0,134860.0,137478.0
2025-06-20 10:48:52.686350,1502.0,134860.0,137478.0
2025-06-20 10:48:52.998979,1502.0,133127.0,140345.0
2025-06-20 10:48:53.630483,1502.0,133127.0,140345.0
2025-06-20 10:48:55.172263,1502.0,133127.0,140345.0
2025-06-20 10:48:55.772896,1501.5,133127.0,140345.0
2025-06-20 10:48:56.510343,1501.5,133127.0,140345.0
2025-06-20 10:48:57.717478,1501.5,133127.0,140345.0
2025-06-20 10:48:58.422697,1501.5,133625.0,140462.0
2025-06-20 10:48:58.763806,1501.5,133625.0,140462.0
2025-06-20 10:48:59.340155,1501.5,133625.0,140462.0
2025-06-20 10:49:01.823019,1501.4,133625.0,140462.0
2025-06-20 10:49:04.019650,1501.4,133224.0,140907.0
2025-06-20 10:49:04.791507,1501.4,133224.0,140907.0
2025-06-20 10:49:07.762128,1501.4,133224.0,140907.0
2025-06-20 10:49:09.813604,1502.0,132908.0,141511.0
2025-06-20 10:49:10.770835,1501.2,132908.0,141511.0
2025-06-20 10:49:15.442057,1501.2,133095.0,141116.0
2025-06-20 10:49:16.763833,1501.4,133095.0,141116.0
2025-06-20 10:49:20.823293,1501.4,133099.0,141623.0
2025-06-20 10:49:23.800302,1501.8,133099.0,141623.0
2025-06-20 10:49:25.787377,1501.9,133099.0,141623.0
2025-06-20 10:49:26.337676,1501.9,132985.0,141366.0
2025-06-20 10:49:27.778152,1501.4,132985.0,141366.0
2025-06-20 10:49:29.782985,1501.4,132985.0,141366.0
2025-06-20 10:49:32.128218,1501.9,133050.0,141991.0
2025-06-20 10:49:33.770096,1501.9,133050.0,141991.0
2025-06-20 10:49:37.567920,1501.4,133069.0,141894.0
2025-06-20 10:49:37.782664,1501.4,133069.0,141894.0
2025-06-20 10:49:39.765415,1501.4,133069.0,141894.0
2025-06-20 10:49:41.769757,1501.9,133069.0,141894.0
2025-06-20 10:49:42.945793,1501.9,133102.0,141703.0
2025-06-20 10:49:43.786971,1501.4,133102.0,141703.0
2025-06-20 10:49:45.777165,1501.4,133102.0,141703.0
2025-06-20 10:49:47.778236,1501.9,133102.0,141703.0
2025-06-20 10:49:48.338807,1501.9,133002.0,141978.0
2025-06-20 10:49:49.813698,1501.9,133002.0,141978.0
2025-06-20 10:49:51.831316,1501.9,133002.0,141978.0
2025-06-20 10:49:53.644441,1501.9,132722.0,141736.0
2025-06-20 10:49:58.848919,1501.4,132651.0,141333.0
2025-06-20 10:49:59.824783,1502.1,132651.0,141333.0
2025-06-20 10:50:01.816970,1502.3,132651.0,141333.0
2025-06-20 10:50:03.793354,1502.3,132651.0,141333.0
2025-06-20 10:50:04.157252,1502.3,132729.0,140658.0
2025-06-20 10:50:05.823542,1501.5,132729.0,140658.0
2025-06-20 10:50:07.830484,1501.9,132729.0,140658.0
2025-06-20 10:50:09.459631,1502.2,133189.0,140540.0
2025-06-20 10:50:09.788399,1502.2,133189.0,140540.0
2025-06-20 10:50:12.002191,1501.6,133189.0,140540.0
2025-06-20 10:50:13.788345,1501.6,133189.0,140540.0
2025-06-20 10:50:15.220382,1501.6,133186.0,140779.0
2025-06-20 10:50:15.785007,1501.6,133186.0,140779.0
2025-06-20 10:50:20.579682,1501.6,133146.0,140578.0
2025-06-20 10:50:23.828506,1502.2,133146.0,140578.0
2025-06-20 10:50:25.872031,1502.2,133355.0,140436.0
2025-06-20 10:50:27.822114,1502.2,133355.0,140436.0
2025-06-20 10:50:29.811974,1502.2,133355.0,140436.0
2025-06-20 10:50:31.179076,1502.2,133373.0,140084.0
2025-06-20 10:50:33.806587,1501.8,133373.0,140084.0
2025-06-20 10:50:35.812319,1501.8,133373.0,140084.0
2025-06-20 10:50:36.602420,1501.8,132769.0,140750.0
2025-06-20 10:50:38.772384,1501.8,132769.0,140750.0
2025-06-20 10:50:41.831805,1501.8,132769.0,140750.0
2025-06-20 10:50:42.282998,1501.8,133210.0,142810.0
2025-06-20 10:50:44.834122,1501.8,133210.0,142810.0
2025-06-20 10:50:48.016960,1502.0,133210.0,142810.0
2025-06-20 10:50:48.029898,1501.8,133117.0,142682.0
2025-06-20 10:50:49.798834,1501.8,133117.0,142682.0
2025-06-20 10:50:53.390858,1502.0,133233.0,142431.0
2025-06-20 10:50:53.780246,1502.0,133233.0,142431.0
2025-06-20 10:50:58.694243,1502.0,133206.0,142285.0
2025-06-20 10:51:03.779437,1502.2,133206.0,142285.0
2025-06-20 10:51:04.105014,1502.2,133329.0,142069.0
2025-06-20 10:51:05.778117,1502.0,133329.0,142069.0
2025-06-20 10:51:07.799743,1502.0,133329.0,142069.0
2025-06-20 10:51:09.702947,1502.0,133424.0,142217.0
2025-06-20 10:51:09.780745,1502.0,133424.0,142217.0
2025-06-20 10:51:11.782516,1502.0,133424.0,142217.0
2025-06-20 10:51:15.005710,1502.0,133491.0,142160.0
2025-06-20 10:51:19.794442,1502.0,133491.0,142160.0
2025-06-20 10:51:20.452677,1502.0,133260.0,142459.0
2025-06-20 10:51:21.788030,1502.0,133260.0,142459.0
2025-06-20 10:51:23.820363,1502.0,133260.0,142459.0
2025-06-20 10:51:26.014677,1502.0,132701.0,142996.0
2025-06-20 10:51:27.810801,1501.5,132701.0,142996.0
2025-06-20 10:51:29.785992,1501.5,132701.0,142996.0
2025-06-20 10:51:31.432248,1501.5,132753.0,142944.0
2025-06-20 10:51:35.783707,1501.2,132753.0,142944.0
2025-06-20 10:51:37.120249,1500.8,130973.0,146924.0
2025-06-20 10:51:37.790842,1500.8,130973.0,146924.0
2025-06-20 10:51:39.780992,1500.8,130973.0,146924.0
2025-06-20 10:51:41.777485,1500.8,130973.0,146924.0
2025-06-20 10:51:42.458308,1500.8,131126.0,145951.0
2025-06-20 10:51:43.791537,1500.8,131126.0,145951.0
2025-06-20 10:51:45.786960,1500.8,131126.0,145951.0
2025-06-20 10:51:46.480087,1500.8,131126.0,145951.0
2025-06-20 10:51:47.190247,1500.8,131126.0,145951.0
2025-06-20 10:51:47.796468,1500.9,131126.0,145951.0
2025-06-20 10:51:47.937408,1500.9,131126.0,145951.0
2025-06-20 10:51:48.216745,1500.9,131126.0,145951.0
2025-06-20 10:51:48.239111,1500.9,131371.0,145825.0
2025-06-20 10:51:48.614663,1500.9,131371.0,145825.0
2025-06-20 10:51:49.290122,1500.9,131371.0,145825.0
2025-06-20 10:51:49.783765,1500.9,131371.0,145825.0
2025-06-20 10:51:50.338086,1500.9,131371.0,145825.0
2025-06-20 10:51:51.818377,1500.9,131371.0,145825.0
2025-06-20 10:51:53.317471,1500.9,131371.0,145825.0
2025-06-20 10:51:54.088213,1500.9,131371.0,145825.0
2025-06-20 10:51:54.090682,1500.9,131336.0,145333.0
2025-06-20 10:51:55.625279,1500.9,131336.0,145333.0
2025-06-20 10:51:56.867728,1500.9,131336.0,145333.0
2025-06-20 10:51:57.796210,1501.3,131336.0,145333.0
2025-06-20 10:51:58.121077,1501.3,131336.0,145333.0
2025-06-20 10:51:59.769785,1501.3,131336.0,145333.0
2025-06-20 10:51:59.796803,1501.4,131336.0,145333.0
2025-06-20 10:51:59.837805,1501.4,131395.0,145067.0
2025-06-20 10:52:01.798654,1500.9,131395.0,145067.0
2025-06-20 10:52:05.553581,1500.9,131324.0,145090.0
2025-06-20 10:52:11.241598,1500.9,131402.0,144843.0
2025-06-20 10:52:16.844225,1500.9,131732.0,144589.0
2025-06-20 10:52:19.796939,1501.5,131732.0,144589.0
2025-06-20 10:52:21.781717,1501.5,131732.0,144589.0
2025-06-20 10:52:22.451220,1501.5,131764.0,144692.0
2025-06-20 10:52:23.850412,1500.9,131764.0,144692.0
2025-06-20 10:52:25.784017,1501.1,131764.0,144692.0
2025-06-20 10:52:27.752060,1501.5,132067.0,144343.0
2025-06-20 10:52:27.786056,1501.5,132067.0,144343.0
2025-06-20 10:52:31.794644,1501.0,132067.0,144343.0
2025-06-20 10:52:33.090569,1501.0,131594.0,144278.0
2025-06-20 10:52:38.657866,1501.0,131993.0,143274.0
2025-06-20 10:52:39.801575,1501.5,131993.0,143274.0
2025-06-20 10:52:41.792008,1501.9,131993.0,143274.0
2025-06-20 10:52:43.780880,1501.9,131993.0,143274.0
2025-06-20 10:52:44.161417,1501.9,131625.0,143232.0
2025-06-20 10:52:45.787743,1501.4,131625.0,143232.0
2025-06-20 10:52:49.471637,1501.4,132050.0,142643.0
2025-06-20 10:52:53.799546,1501.5,132050.0,142643.0
2025-06-20 10:52:54.971337,1501.5,132562.0,142220.0
2025-06-20 10:52:57.797840,1502.1,132562.0,142220.0
2025-06-20 10:52:59.795347,1502.2,132562.0,142220.0
2025-06-20 10:53:00.281689,1501.9,132849.0,140750.0
2025-06-20 10:53:01.822377,1501.7,132849.0,140750.0
2025-06-20 10:53:03.787481,1501.7,132849.0,140750.0
2025-06-20 10:53:05.791475,1502.2,132849.0,140750.0
2025-06-20 10:53:06.088172,1502.2,133157.0,141363.0
2025-06-20 10:53:09.797555,1501.8,133157.0,141363.0
2025-06-20 10:53:12.179457,1501.8,133178.0,141331.0
2025-06-20 10:53:13.784187,1501.8,133178.0,141331.0
2025-06-20 10:53:17.983384,1501.8,133555.0,141116.0
2025-06-20 10:53:23.600951,1501.8,133448.0,140899.0
2025-06-20 10:53:27.797201,1502.2,133448.0,140899.0
2025-06-20 10:53:28.993687,1502.2,133752.0,140938.0
2025-06-20 10:53:29.783543,1501.9,133752.0,140938.0
2025-06-20 10:53:31.786219,1502.3,133752.0,140938.0
2025-06-20 10:53:34.403675,1503.0,135061.0,139537.0
2025-06-20 10:53:35.788663,1502.3,135061.0,139537.0
2025-06-20 10:53:37.846563,1502.2,135061.0,139537.0
2025-06-20 10:53:39.896763,1502.3,135061.0,139537.0
2025-06-20 10:53:40.111098,1502.3,134823.0,139552.0
2025-06-20 10:53:41.798760,1503.1,134823.0,139552.0
2025-06-20 10:53:43.795873,1503.2,134823.0,139552.0
2025-06-20 10:53:45.506928,1503.1,135359.0,139738.0
2025-06-20 10:53:45.789886,1503.1,135359.0,139738.0
2025-06-20 10:53:47.795137,1503.4,135359.0,139738.0
2025-06-20 10:53:50.924061,1503.4,135624.0,139725.0
2025-06-20 10:53:51.796016,1502.6,135624.0,139725.0
2025-06-20 10:53:55.799379,1502.6,135624.0,139725.0
2025-06-20 10:53:56.511956,1502.6,135690.0,139758.0
2025-06-20 10:53:59.797406,1502.6,135690.0,139758.0
2025-06-20 10:54:02.212891,1502.6,135589.0,139994.0
2025-06-20 10:54:03.835974,1502.6,135589.0,139994.0
2025-06-20 10:54:05.804922,1503.3,135589.0,139994.0
2025-06-20 10:54:07.823788,1503.3,135533.0,139753.0
2025-06-20 10:54:09.795815,1502.6,135533.0,139753.0
2025-06-20 10:54:13.218082,1502.6,135472.0,139833.0
2025-06-20 10:54:13.835763,1502.6,135472.0,139833.0
2025-06-20 10:54:18.533931,1502.6,135477.0,140029.0
2025-06-20 10:54:23.793439,1502.6,135477.0,140029.0
2025-06-20 10:54:23.829365,1502.6,135641.0,139926.0
2025-06-20 10:54:25.794520,1503.3,135641.0,139926.0
2025-06-20 10:54:27.795569,1503.4,135641.0,139926.0
2025-06-20 10:54:29.133814,1502.9,135874.0,139478.0
2025-06-20 10:54:29.800076,1502.9,135874.0,139478.0
2025-06-20 10:54:31.789241,1502.9,135874.0,139478.0
2025-06-20 10:54:33.803315,1502.9,135874.0,139478.0
2025-06-20 10:54:34.542713,1502.9,135641.0,139894.0
2025-06-20 10:54:35.793596,1503.4,135641.0,139894.0
2025-06-20 10:54:39.841961,1503.4,135662.0,139758.0
2025-06-20 10:54:43.794673,1502.9,135662.0,139758.0
2025-06-20 10:54:45.352171,1502.9,135754.0,139469.0
2025-06-20 10:54:47.393485,1502.9,135754.0,139469.0
2025-06-20 10:54:47.822680,1503.6,135754.0,139469.0
2025-06-20 10:54:47.836187,1503.6,135754.0,139469.0
2025-06-20 10:54:48.242925,1503.6,135754.0,139469.0
2025-06-20 10:54:49.285509,1503.6,135754.0,139469.0
2025-06-20 10:54:50.620221,1503.6,135754.0,139469.0
2025-06-20 10:54:50.846811,1503.6,135923.0,139521.0
2025-06-20 10:54:51.174306,1503.6,135923.0,139521.0
2025-06-20 10:54:52.539230,1503.6,135923.0,139521.0
2025-06-20 10:54:53.898625,1503.6,135923.0,139521.0
2025-06-20 10:54:54.868394,1503.6,135923.0,139521.0
2025-06-20 10:54:56.251227,1503.6,135911.0,139562.0
2025-06-20 10:54:56.442615,1503.6,135911.0,139562.0
2025-06-20 10:54:57.692410,1503.6,135911.0,139562.0
2025-06-20 10:54:57.796103,1502.9,135911.0,139562.0
2025-06-20 10:54:58.997172,1502.9,135911.0,139562.0
2025-06-20 10:54:59.801175,1502.9,135911.0,139562.0
2025-06-20 10:55:00.656788,1502.9,135911.0,139562.0
2025-06-20 10:55:01.472705,1502.9,136030.0,139604.0
2025-06-20 10:55:05.801488,1503.8,136030.0,139604.0
2025-06-20 10:55:07.155818,1503.8,136078.0,139317.0
2025-06-20 10:55:11.804796,1501.8,136078.0,139317.0
2025-06-20 10:55:12.660609,1502.4,134704.0,142378.0
2025-06-20 10:55:13.814116,1501.8,134704.0,142378.0
2025-06-20 10:55:15.816533,1501.8,134704.0,142378.0
2025-06-20 10:55:17.842600,1501.8,134704.0,142378.0
2025-06-20 10:55:18.584295,1501.8,134180.0,142670.0
2025-06-20 10:55:19.798489,1501.8,134180.0,142670.0
2025-06-20 10:55:21.797335,1501.8,134180.0,142670.0
2025-06-20 10:55:23.976017,1501.8,134886.0,142480.0
2025-06-20 10:55:29.780298,1502.4,134708.0,142256.0
2025-06-20 10:55:29.799957,1502.4,134708.0,142256.0
2025-06-20 10:55:31.800468,1502.0,134708.0,142256.0
2025-06-20 10:55:35.481050,1502.0,134897.0,142423.0
2025-06-20 10:55:35.795351,1502.5,134897.0,142423.0
2025-06-20 10:55:40.884650,1502.5,135493.0,140514.0
2025-06-20 10:55:43.800821,1503.2,135493.0,140514.0
2025-06-20 10:55:45.984463,1502.6,135332.0,140546.0
2025-06-20 10:55:47.797172,1502.6,135332.0,140546.0
2025-06-20 10:55:49.803668,1503.4,135332.0,140546.0
2025-06-20 10:55:51.192533,1503.4,135604.0,140282.0
2025-06-20 10:55:55.798991,1503.3,135604.0,140282.0
2025-06-20 10:55:56.192346,1503.3,135596.0,140507.0
2025-06-20 10:55:57.798373,1503.3,135596.0,140507.0
2025-06-20 10:56:01.196574,1503.3,135586.0,140281.0
2025-06-20 10:56:03.818506,1502.5,135586.0,140281.0
2025-06-20 10:56:06.404981,1502.5,135562.0,140283.0
2025-06-20 10:56:11.623294,1503.4,135021.0,139472.0
2025-06-20 10:56:11.800349,1503.4,135021.0,139472.0
2025-06-20 10:56:13.800359,1502.6,135021.0,139472.0
2025-06-20 10:56:15.841661,1502.7,135021.0,139472.0
2025-06-20 10:56:16.706732,1502.7,135667.0,139438.0
2025-06-20 10:56:17.801685,1502.8,135667.0,139438.0
2025-06-20 10:56:19.801412,1503.5,135667.0,139438.0
2025-06-20 10:56:21.804076,1502.8,135667.0,139438.0
2025-06-20 11:07:08.570310,1500.9,133020.0,148812.0
2025-06-20 12:03:29.511135,1504.3,132578.0,138813.0
2025-06-20 12:03:32.170041,1504.3,132553.0,138587.0
2025-06-20 12:03:33.085247,1504.7,132553.0,138587.0
2025-06-20 12:03:36.881600,1504.7,132341.0,139295.0
2025-06-20 12:03:37.088281,1504.8,132341.0,139295.0
2025-06-20 12:03:39.076722,1504.5,132341.0,139295.0
2025-06-20 12:03:41.201494,1504.5,132341.0,139295.0
2025-06-20 12:03:41.682558,1504.7,131472.0,139253.0
2025-06-20 12:03:43.113346,1504.2,131472.0,139253.0
2025-06-20 12:03:45.077796,1504.2,131472.0,139253.0
2025-06-20 12:03:46.579826,1504.7,132405.0,139645.0
2025-06-20 12:03:47.079958,1504.4,132405.0,139645.0
2025-06-20 12:03:49.097282,1504.2,132405.0,139645.0
2025-06-20 12:03:51.090648,1504.7,132405.0,139645.0
2025-06-20 12:03:51.378832,1504.8,132072.0,139418.0
2025-06-20 12:03:53.093196,1504.7,132072.0,139418.0
2025-06-20 12:03:56.687119,1504.8,132389.0,139471.0
2025-06-20 12:03:57.074055,1504.8,132389.0,139471.0
2025-06-20 12:03:58.395408,1504.8,132389.0,139471.0
2025-06-20 12:03:59.047787,1504.8,132389.0,139471.0
2025-06-20 12:03:59.081588,1504.7,132389.0,139471.0
2025-06-20 12:03:59.398382,1504.7,132389.0,139471.0
2025-06-20 12:04:00.316217,1504.7,132389.0,139471.0
2025-06-20 12:04:01.137223,1504.7,132389.0,139471.0
2025-06-20 12:04:01.900713,1504.7,132451.0,139458.0
2025-06-20 12:04:02.316033,1504.7,132451.0,139458.0
2025-06-20 12:04:03.100943,1504.8,132451.0,139458.0
2025-06-20 12:04:03.351888,1504.8,132451.0,139458.0
2025-06-20 12:04:04.338926,1504.8,132451.0,139458.0
2025-06-20 12:04:05.098524,1504.7,132451.0,139458.0
2025-06-20 12:04:05.671730,1504.7,132451.0,139458.0
2025-06-20 12:04:06.732039,1504.7,132451.0,139458.0
2025-06-20 12:04:07.072610,1504.3,132451.0,139458.0
2025-06-20 12:04:07.099408,1504.3,132047.0,138615.0
2025-06-20 12:04:08.304420,1504.3,132047.0,138615.0
2025-06-20 12:04:09.633375,1504.3,132047.0,138615.0
2025-06-20 12:04:10.961415,1504.3,132047.0,138615.0
2025-06-20 12:04:11.077568,1504.7,132047.0,138615.0
2025-06-20 12:04:12.735795,1504.9,132516.0,138947.0
2025-06-20 12:04:12.770285,1504.9,132516.0,138947.0
2025-06-20 12:04:13.078979,1504.9,132516.0,138947.0
2025-06-20 12:04:15.091536,1504.7,132516.0,138947.0
2025-06-20 12:04:17.077523,1504.7,132516.0,138947.0
2025-06-20 12:04:17.508368,1504.7,132361.0,139025.0
2025-06-20 12:04:19.082861,1504.7,132361.0,139025.0
2025-06-20 12:04:21.073055,1504.9,132361.0,139025.0
2025-06-20 12:04:22.698713,1504.7,132071.0,138368.0
2025-06-20 12:04:23.089341,1504.7,132071.0,138368.0
2025-06-20 12:04:25.085788,1504.7,132071.0,138368.0
2025-06-20 12:04:27.080282,1504.7,132071.0,138368.0
2025-06-20 12:04:28.203476,1504.7,130932.0,140123.0
2025-06-20 12:04:29.086689,1504.0,130932.0,140123.0
2025-06-20 12:04:31.088341,1504.5,130932.0,140123.0
2025-06-20 12:04:33.077803,1504.0,130932.0,140123.0
2025-06-20 12:04:33.916769,1504.0,130851.0,140282.0
2025-06-20 12:04:37.087102,1504.5,130851.0,140282.0
2025-06-20 12:04:39.085721,1504.0,130851.0,140282.0
2025-06-20 12:04:39.712539,1504.0,130908.0,140127.0
2025-06-20 12:04:41.079296,1504.7,130908.0,140127.0
2025-06-20 12:04:45.076775,1504.3,130908.0,140127.0
2025-06-20 12:04:45.214134,1504.3,131103.0,140759.0
2025-06-20 12:04:47.080233,1504.1,131103.0,140759.0
2025-06-20 12:04:49.138170,1504.7,131103.0,140759.0
2025-06-20 12:04:50.118535,1504.7,131235.0,140923.0
2025-06-20 12:04:51.078118,1504.7,131235.0,140923.0
2025-06-20 12:04:53.082968,1504.7,131235.0,140923.0
2025-06-20 12:04:55.077375,1504.3,131235.0,140923.0
2025-06-20 12:04:55.319359,1504.7,131031.0,140827.0
2025-06-20 12:04:57.081141,1504.7,131031.0,140827.0
2025-06-20 12:04:59.079936,1504.3,131031.0,140827.0
2025-06-20 12:05:00.225341,1504.3,131303.0,140684.0
2025-06-20 12:05:01.079827,1504.3,131303.0,140684.0
2025-06-20 12:05:03.083065,1504.3,131303.0,140684.0
2025-06-20 12:05:05.086813,1504.3,131303.0,140684.0
2025-06-20 12:05:05.125139,1504.3,131120.0,140670.0
2025-06-20 12:05:07.120987,1504.7,131120.0,140670.0
2025-06-20 12:05:09.943115,1504.0,128288.0,143676.0
2025-06-20 12:05:11.078751,1503.5,128288.0,143676.0
2025-06-20 12:05:13.081526,1503.4,128288.0,143676.0
2025-06-20 12:05:14.732535,1503.4,128816.0,143912.0
2025-06-20 12:05:15.088129,1503.4,128816.0,143912.0
2025-06-20 12:05:17.082770,1503.4,128816.0,143912.0
2025-06-20 12:05:19.083408,1503.9,128816.0,143912.0
2025-06-20 12:05:19.638881,1503.9,128586.0,144778.0
2025-06-20 12:05:23.087633,1503.9,128586.0,144778.0
2025-06-20 12:05:24.747251,1503.9,128628.0,144546.0
2025-06-20 12:05:27.084753,1503.9,128628.0,144546.0
2025-06-20 12:05:29.084758,1503.4,128628.0,144546.0
2025-06-20 12:05:29.545561,1503.9,128578.0,144661.0
2025-06-20 12:05:31.085288,1503.4,128578.0,144661.0
2025-06-20 12:05:33.088413,1503.9,128578.0,144661.0
2025-06-20 12:05:34.640907,1503.4,128453.0,144540.0
2025-06-20 12:05:35.084849,1503.4,128453.0,144540.0
2025-06-20 12:05:37.085252,1503.8,128453.0,144540.0
2025-06-20 12:05:39.091373,1503.4,128453.0,144540.0
2025-06-20 12:05:40.345517,1503.8,128301.0,143357.0
2025-06-20 12:05:41.088153,1503.4,128301.0,143357.0
2025-06-20 12:05:43.085575,1503.8,128301.0,143357.0
2025-06-20 12:05:45.091467,1503.3,128301.0,143357.0
2025-06-20 12:05:45.552069,1503.3,128296.0,143570.0
2025-06-20 12:05:47.122138,1503.3,128296.0,143570.0
2025-06-20 12:05:49.116865,1503.3,128296.0,143570.0
2025-06-20 12:05:50.649700,1503.3,127065.0,145405.0
2025-06-20 12:05:51.091172,1503.3,127065.0,145405.0
2025-06-20 12:05:53.090709,1503.2,127065.0,145405.0
2025-06-20 12:05:55.557607,1503.2,126970.0,145010.0
2025-06-20 12:05:57.091395,1503.2,126970.0,145010.0
2025-06-20 12:05:59.084836,1502.7,126970.0,145010.0
2025-06-20 12:06:00.551483,1503.2,127199.0,145252.0
2025-06-20 12:06:01.088165,1503.2,127199.0,145252.0
2025-06-20 12:06:03.088195,1502.7,127199.0,145252.0
2025-06-20 12:06:05.088211,1503.3,127199.0,145252.0
2025-06-20 12:06:05.552971,1503.3,127170.0,144758.0
2025-06-20 12:06:07.091187,1503.3,127170.0,144758.0
2025-06-20 12:06:09.087971,1502.7,127170.0,144758.0
2025-06-20 12:06:10.768351,1502.7,126879.0,145827.0
2025-06-20 12:06:11.095052,1503.2,126879.0,145827.0
2025-06-20 12:06:13.088395,1503.2,126879.0,145827.0
2025-06-20 12:06:15.093448,1502.7,126879.0,145827.0
2025-06-20 12:06:16.168735,1502.7,126355.0,145764.0
2025-06-20 12:06:17.097558,1502.7,126355.0,145764.0
2025-06-20 12:06:21.098527,1503.2,126355.0,145764.0
2025-06-20 12:06:21.373151,1503.2,126545.0,145576.0
2025-06-20 12:06:23.097591,1502.7,126545.0,145576.0
2025-06-20 12:06:26.378172,1502.7,126489.0,145456.0
2025-06-20 12:06:27.114779,1503.1,126489.0,145456.0
2025-06-20 12:06:29.216692,1502.7,126489.0,145456.0
2025-06-20 12:06:31.029504,1502.7,126401.0,145130.0
2025-06-20 12:06:31.094286,1502.7,126401.0,145130.0
2025-06-20 12:06:33.089495,1503.1,126401.0,145130.0
2025-06-20 12:06:35.101347,1503.0,126401.0,145130.0
2025-06-20 12:06:35.582522,1503.0,125820.0,145670.0
2025-06-20 12:06:37.099841,1503.0,125820.0,145670.0
2025-06-20 12:06:40.287041,1503.0,125900.0,145862.0
2025-06-20 12:06:43.099236,1503.0,125900.0,145862.0
2025-06-20 12:06:45.092250,1502.7,126528.0,145538.0
2025-06-20 12:06:45.109208,1502.7,126528.0,145538.0
2025-06-20 12:06:47.097236,1502.7,126528.0,145538.0
2025-06-20 12:06:49.111847,1502.7,126528.0,145538.0
2025-06-20 12:06:49.695984,1502.7,126529.0,145598.0
2025-06-20 12:06:53.093049,1503.0,126529.0,145598.0
2025-06-20 12:06:54.599792,1503.0,126257.0,145932.0
2025-06-20 12:06:55.096226,1503.0,126257.0,145932.0
2025-06-20 12:06:57.096706,1502.7,126257.0,145932.0
2025-06-20 12:06:58.876549,1502.7,126257.0,145932.0
2025-06-20 12:06:59.091065,1502.7,126257.0,145932.0
2025-06-20 12:06:59.278429,1502.7,126257.0,145932.0
2025-06-20 12:06:59.700821,1502.7,126261.0,145901.0
2025-06-20 12:06:59.857346,1502.7,126261.0,145901.0
2025-06-20 12:07:00.346472,1502.7,126261.0,145901.0
2025-06-20 12:07:01.066999,1502.7,126261.0,145901.0
2025-06-20 12:07:01.097397,1503.0,126261.0,145901.0
2025-06-20 12:07:01.550936,1503.0,126261.0,145901.0
2025-06-20 12:07:02.189205,1503.0,126261.0,145901.0
2025-06-20 12:07:03.096723,1503.0,126261.0,145901.0
2025-06-20 12:07:03.246480,1503.0,126261.0,145901.0
2025-06-20 12:07:04.644773,1503.0,126261.0,145901.0
2025-06-20 12:07:05.039011,1503.0,126328.0,146015.0
2025-06-20 12:07:06.246155,1503.0,126328.0,146015.0
2025-06-20 12:07:07.248591,1503.0,126328.0,146015.0
2025-06-20 12:07:07.261832,1503.0,126328.0,146015.0
2025-06-20 12:07:08.563224,1503.0,126328.0,146015.0
2025-06-20 12:07:09.102850,1502.7,126328.0,146015.0
2025-06-20 12:07:09.858850,1502.7,126328.0,146015.0
2025-06-20 12:07:10.433914,1502.7,126104.0,146026.0
2025-06-20 12:07:11.091624,1502.7,126104.0,146026.0
2025-06-20 12:07:11.156451,1502.7,126104.0,146026.0
2025-06-20 12:07:12.781475,1502.7,126104.0,146026.0
2025-06-20 12:07:13.104484,1503.0,126104.0,146026.0
2025-06-20 12:07:15.093544,1502.7,126104.0,146026.0
2025-06-20 12:07:15.436560,1502.7,126268.0,146094.0
2025-06-20 12:07:17.108146,1502.7,126268.0,146094.0
2025-06-20 12:07:19.097747,1503.0,126268.0,146094.0
2025-06-20 12:07:20.229221,1502.7,126309.0,145959.0
2025-06-20 12:07:21.095481,1502.7,126309.0,145959.0
2025-06-20 12:07:23.095605,1503.0,126309.0,145959.0
2025-06-20 12:07:25.057059,1503.0,126293.0,145983.0
2025-06-20 12:07:25.098668,1503.0,126293.0,145983.0
2025-06-20 12:07:27.110033,1503.0,126293.0,145983.0
2025-06-20 12:07:29.095326,1502.7,126293.0,145983.0
2025-06-20 12:07:29.950981,1502.7,126336.0,146071.0
2025-06-20 12:07:33.091550,1503.0,126336.0,146071.0
2025-06-20 12:07:35.073323,1503.0,126572.0,146062.0
2025-06-20 12:07:35.100816,1503.0,126572.0,146062.0
2025-06-20 12:07:37.099728,1503.0,126572.0,146062.0
2025-06-20 12:07:40.549954,1502.9,126630.0,146648.0
2025-06-20 12:07:41.097356,1502.7,126630.0,146648.0
2025-06-20 12:07:43.095539,1502.7,126630.0,146648.0
2025-06-20 12:07:45.107026,1502.7,126630.0,146648.0
2025-06-20 12:07:45.842818,1502.7,126292.0,145889.0
2025-06-20 12:07:47.091213,1502.6,126292.0,145889.0
2025-06-20 12:07:49.096885,1502.7,126292.0,145889.0
2025-06-20 12:07:51.133795,1502.7,126292.0,145889.0
2025-06-20 12:07:51.344608,1502.6,125256.0,147080.0
2025-06-20 12:07:53.281923,1502.7,125256.0,147080.0
2025-06-20 12:07:55.138741,1502.1,125256.0,147080.0
2025-06-20 12:07:56.656075,1502.1,125893.0,147604.0
2025-06-20 12:07:59.113742,1502.1,125893.0,147604.0
2025-06-20 12:08:01.095302,1502.7,125893.0,147604.0
2025-06-20 12:08:01.752214,1502.7,126035.0,147253.0
2025-06-20 12:08:02.126963,1502.4,126035.0,147253.0
2025-06-20 12:08:02.756613,1502.3,125231.0,147522.0
2025-06-20 12:08:03.126568,1502.3,125231.0,147522.0
2025-06-20 12:08:03.854233,1502.3,124958.0,148173.0
2025-06-20 12:08:04.090572,1502.1,124958.0,148173.0
2025-06-20 12:08:05.060033,1502.1,125345.0,147580.0
2025-06-20 12:08:05.090893,1502.1,125345.0,147580.0
2025-06-20 12:08:06.114351,1501.9,125345.0,147580.0
2025-06-20 12:08:06.155160,1501.9,125391.0,147703.0
2025-06-20 12:08:07.070706,1502.3,125391.0,147701.0
2025-06-20 12:08:07.133759,1502.3,125391.0,147701.0
2025-06-20 12:08:08.341752,1502.3,124999.0,147701.0
2025-06-20 12:08:09.353649,1502.3,125341.0,147837.0
2025-06-20 12:08:10.260790,1502.3,124987.0,147833.0
2025-06-20 12:08:11.137380,1501.5,124987.0,147833.0
2025-06-20 12:08:11.356441,1502.2,124271.0,148489.0
2025-06-20 12:08:12.110707,1501.2,124271.0,148489.0
2025-06-20 12:08:12.255665,1501.2,123997.0,148770.0
2025-06-20 12:08:13.116197,1502.1,123997.0,148770.0
2025-06-20 12:08:13.259876,1502.1,124453.0,148738.0
2025-06-20 12:08:14.129476,1501.9,124453.0,148738.0
2025-06-20 12:08:14.257825,1501.9,124390.0,148710.0
2025-06-20 12:08:15.102788,1501.9,124390.0,148710.0
2025-06-20 12:08:15.259042,1501.9,124389.0,148610.0
2025-06-20 12:08:16.260635,1501.9,124420.0,148632.0
2025-06-20 12:08:17.106114,1501.9,124420.0,148632.0
2025-06-20 12:08:17.173636,1501.9,125131.0,147434.0
2025-06-20 12:08:18.095212,1502.0,125131.0,147434.0
2025-06-20 12:08:18.171429,1502.0,125466.0,147692.0
2025-06-20 12:08:19.132658,1501.9,125466.0,147692.0
2025-06-20 12:08:19.161740,1501.9,125523.0,147742.0
2025-06-20 12:08:20.093777,1501.3,125523.0,147742.0
2025-06-20 12:08:20.264394,1501.9,123583.0,148738.0
2025-06-20 12:08:21.089398,1501.9,123583.0,148738.0
2025-06-20 12:08:21.269446,1501.9,123647.0,148928.0
2025-06-20 12:08:22.095172,1502.0,123647.0,148928.0
2025-06-20 12:08:22.164923,1502.0,123782.0,149042.0
2025-06-20 12:08:23.267154,1502.0,123476.0,148959.0
2025-06-20 12:08:24.269161,1502.0,123836.0,148980.0
2025-06-20 12:08:25.369765,1502.0,123858.0,149164.0
2025-06-20 12:08:26.470090,1501.8,123888.0,149496.0
2025-06-20 12:08:27.089009,1501.8,123888.0,149496.0
2025-06-20 12:08:27.371465,1501.8,123861.0,149510.0
2025-06-20 12:08:28.091080,1501.8,123861.0,149510.0
2025-06-20 12:08:28.474064,1501.3,123830.0,149483.0
2025-06-20 12:08:29.097162,1501.3,123830.0,149483.0
2025-06-20 12:08:29.570842,1501.3,123869.0,149611.0
2025-06-20 12:08:30.673231,1501.3,123869.0,149716.0
2025-06-20 12:08:31.774967,1501.2,122966.0,150076.0
2025-06-20 12:08:32.107044,1501.0,122966.0,150076.0
2025-06-20 12:08:32.775297,1501.0,123120.0,150471.0
2025-06-20 12:08:33.095026,1501.3,123120.0,150471.0
2025-06-20 12:08:33.881383,1501.3,123197.0,150004.0
2025-06-20 12:08:35.075976,1501.0,123250.0,149751.0
2025-06-20 12:08:35.091199,1501.0,123250.0,149751.0
2025-06-20 12:08:36.093917,1501.4,123250.0,149751.0
2025-06-20 12:08:36.179675,1501.4,122786.0,150281.0
2025-06-20 12:08:37.073204,1501.4,122982.0,150931.0
2025-06-20 12:08:37.097712,1501.4,122982.0,150931.0
2025-06-20 12:08:37.977168,1501.4,122865.0,150444.0
2025-06-20 12:08:38.094173,1501.4,122865.0,150444.0
2025-06-20 12:08:39.073825,1501.4,122868.0,150264.0
2025-06-20 12:08:40.075404,1501.5,122885.0,150248.0
2025-06-20 12:08:40.089376,1501.5,122885.0,150248.0
2025-06-20 12:08:41.078807,1501.5,122901.0,150273.0
2025-06-20 12:08:42.078037,1501.5,123907.0,149307.0
2025-06-20 12:08:42.123786,1501.5,123907.0,149307.0
2025-06-20 12:08:42.988475,1501.5,123817.0,149568.0
2025-06-20 12:08:44.079570,1501.2,123651.0,149712.0
2025-06-20 12:08:44.096860,1501.2,123651.0,149712.0
2025-06-20 12:08:45.080439,1501.2,123809.0,149639.0
2025-06-20 12:08:45.994615,1501.2,123777.0,149541.0
2025-06-20 12:08:47.083688,1501.1,122884.0,149889.0
2025-06-20 12:08:47.093508,1501.1,122884.0,149889.0
2025-06-20 12:08:48.082977,1501.1,123045.0,149856.0
2025-06-20 12:08:49.086143,1501.1,123364.0,149842.0
2025-06-20 12:08:50.090215,1501.5,123409.0,149517.0
2025-06-20 12:08:50.104247,1501.5,123409.0,149517.0
2025-06-20 12:08:51.027479,1501.5,123545.0,149518.0
2025-06-20 12:08:52.088195,1501.5,123574.0,149541.0
2025-06-20 12:08:52.100105,1501.5,123574.0,149541.0
2025-06-20 12:08:53.226883,1501.5,123574.0,149541.0
2025-06-20 12:08:53.689784,1501.5,123592.0,149556.0
2025-06-20 12:08:54.693720,1501.5,123437.0,149645.0
2025-06-20 12:08:55.098464,1501.5,123437.0,149645.0
2025-06-20 12:08:55.686959,1501.5,123440.0,149661.0
2025-06-20 12:08:56.098693,1501.5,123440.0,149661.0
2025-06-20 12:08:56.698501,1501.1,123411.0,149642.0
2025-06-20 12:08:57.128322,1501.1,123411.0,149642.0
2025-06-20 12:08:57.787576,1501.5,123411.0,149712.0
2025-06-20 12:08:58.108667,1501.1,123411.0,149712.0
2025-06-20 12:08:58.693030,1501.1,123397.0,149712.0
2025-06-20 12:08:59.120793,1501.1,123397.0,149712.0
2025-06-20 12:08:59.789956,1501.1,123208.0,149881.0
2025-06-20 12:09:01.005122,1501.1,123033.0,149645.0
2025-06-20 12:09:01.091571,1501.1,123033.0,149645.0
2025-06-20 12:09:02.098266,1501.1,123033.0,149645.0
2025-06-20 12:09:02.118112,1501.1,123090.0,149951.0
2025-06-20 12:09:03.097605,1501.5,123090.0,149951.0
2025-06-20 12:09:03.121419,1501.5,123065.0,149906.0
2025-06-20 12:09:04.292853,1501.5,123405.0,149869.0
2025-06-20 12:09:05.391323,1501.5,123434.0,149889.0
2025-06-20 12:09:06.091907,1501.5,123434.0,149889.0
2025-06-20 12:09:06.396050,1501.5,123392.0,149791.0
2025-06-20 12:09:07.247963,1501.5,123392.0,149791.0
2025-06-20 12:09:07.394916,1501.5,123080.0,149752.0
2025-06-20 12:09:08.392106,1501.5,123396.0,149876.0
2025-06-20 12:09:09.478631,1501.5,123371.0,149857.0
2025-06-20 12:09:10.393330,1501.5,123469.0,149517.0
2025-06-20 12:09:11.293064,1501.5,123481.0,149554.0
2025-06-20 12:09:12.104368,1501.5,123481.0,149554.0
2025-06-20 12:09:12.293625,1501.5,123491.0,149496.0
2025-06-20 12:09:13.099272,1501.5,123491.0,149496.0
2025-06-20 12:09:13.395415,1501.7,123504.0,149506.0
2025-06-20 12:09:14.643464,1501.1,123504.0,149506.0
2025-06-20 12:09:14.685254,1501.1,123406.0,149538.0
2025-06-20 12:09:15.101756,1501.7,123406.0,149538.0
2025-06-20 12:09:15.599586,1501.7,123527.0,149481.0
2025-06-20 12:09:16.601057,1501.7,123522.0,149444.0
2025-06-20 12:09:17.100856,1501.1,123522.0,149444.0
2025-06-20 12:09:17.703548,1501.1,123513.0,149317.0
2025-06-20 12:09:18.800928,1501.1,123528.0,146995.0
2025-06-20 12:09:19.802806,1501.1,123422.0,146830.0
2025-06-20 12:09:20.804234,1501.1,123617.0,146811.0
2025-06-20 12:09:21.803504,1501.9,123548.0,147003.0
2025-06-20 12:09:22.107009,1501.9,123548.0,147003.0
2025-06-20 12:09:22.803373,1501.9,123149.0,147056.0
2025-06-20 12:09:23.105858,1501.9,123149.0,147056.0
2025-06-20 12:09:23.804830,1501.9,122794.0,146753.0
2025-06-20 12:09:24.108831,1501.2,122794.0,146753.0
2025-06-20 12:09:24.805501,1501.2,122615.0,146489.0
2025-06-20 12:09:25.808408,1501.2,122608.0,147066.0
2025-06-20 12:09:26.805988,1501.8,122814.0,147233.0
2025-06-20 12:09:27.104592,1501.8,122814.0,147233.0
2025-06-20 12:09:27.807410,1501.8,122930.0,147397.0
2025-06-20 12:09:28.912579,1501.2,122810.0,147321.0
2025-06-20 12:09:29.105633,1501.2,122810.0,147321.0
2025-06-20 12:09:30.046020,1501.2,122866.0,147791.0
2025-06-20 12:09:30.913720,1501.2,122845.0,147819.0
2025-06-20 12:09:31.917425,1501.2,122996.0,147812.0
2025-06-20 12:09:32.106357,1501.2,122996.0,147812.0
2025-06-20 12:09:33.025507,1501.7,123064.0,147825.0
2025-06-20 12:09:33.111101,1501.7,123064.0,147825.0
2025-06-20 12:09:34.127822,1501.7,123153.0,147690.0
2025-06-20 12:09:35.122228,1501.7,123168.0,147690.0
2025-06-20 12:09:36.132823,1501.7,123182.0,147690.0
2025-06-20 12:09:37.104595,1501.7,123182.0,147690.0
2025-06-20 12:09:37.212508,1501.7,123223.0,147823.0
2025-06-20 12:09:38.106880,1501.7,123223.0,147823.0
2025-06-20 12:09:38.355545,1501.7,123199.0,147822.0
2025-06-20 12:09:39.426833,1501.7,123199.0,147822.0
2025-06-20 12:09:40.529777,1501.7,123211.0,147925.0
2025-06-20 12:09:41.530083,1501.7,123223.0,147912.0
2025-06-20 12:09:42.101022,1501.7,123223.0,147912.0
2025-06-20 12:09:42.619320,1501.7,123223.0,147912.0
2025-06-20 12:09:43.720676,1501.2,123137.0,147912.0
2025-06-20 12:09:44.100100,1501.2,123137.0,147912.0
2025-06-20 12:09:44.818404,1501.2,123132.0,147878.0
2025-06-20 12:09:45.726459,1501.7,123124.0,147541.0
2025-06-20 12:09:46.101013,1501.7,123124.0,147541.0
2025-06-20 12:09:46.818849,1501.2,123147.0,147539.0
2025-06-20 12:09:47.105419,1501.2,123147.0,147539.0
2025-06-20 12:09:47.820438,1501.2,123147.0,147539.0
2025-06-20 12:09:48.820085,1501.2,123150.0,147539.0
2025-06-20 12:09:49.819996,1501.2,123142.0,147539.0
2025-06-20 12:09:50.100535,1501.2,123142.0,147539.0
2025-06-20 12:09:50.725885,1501.2,123112.0,147554.0
2025-06-20 12:09:51.822231,1501.7,123192.0,147552.0
2025-06-20 12:09:52.103905,1501.7,123192.0,147552.0
2025-06-20 12:09:52.821839,1501.7,123184.0,147551.0
2025-06-20 12:09:53.106295,1501.7,123184.0,147551.0
2025-06-20 12:09:53.825578,1501.7,123195.0,147634.0
2025-06-20 12:09:54.827130,1501.7,123551.0,147621.0
2025-06-20 12:09:55.830052,1501.7,123564.0,147578.0
2025-06-20 12:09:56.740318,1501.7,123213.0,147592.0
2025-06-20 12:09:57.107245,1501.7,123213.0,147592.0
2025-06-20 12:09:57.736320,1501.7,123600.0,147592.0
2025-06-20 12:09:58.736214,1501.2,123460.0,147575.0
2025-06-20 12:09:59.100003,1501.2,123460.0,147575.0
2025-06-20 12:09:59.300394,1501.2,123460.0,147575.0
2025-06-20 12:09:59.736678,1501.2,123451.0,147050.0
2025-06-20 12:10:00.061269,1501.2,123451.0,147050.0
2025-06-20 12:10:00.158069,1501.2,123451.0,147050.0
2025-06-20 12:10:00.564930,1501.2,123451.0,147050.0
2025-06-20 12:10:00.746939,1501.2,123481.0,147103.0
2025-06-20 12:10:00.890758,1501.2,123481.0,147103.0
2025-06-20 12:10:01.239448,1501.2,123481.0,147103.0
2025-06-20 12:10:02.399545,1501.2,123481.0,147103.0
2025-06-20 12:10:03.106677,1501.7,123481.0,147103.0
2025-06-20 12:10:03.476348,1501.7,123481.0,147103.0
2025-06-20 12:10:04.866912,1501.7,123481.0,147103.0
2025-06-20 12:10:05.639066,1501.2,123490.0,147437.0
2025-06-20 12:10:06.242914,1501.2,123490.0,147437.0
2025-06-20 12:10:07.106059,1501.7,123490.0,147437.0
2025-06-20 12:10:07.244035,1501.7,123490.0,147437.0
2025-06-20 12:10:08.862174,1501.7,123490.0,147437.0
2025-06-20 12:10:09.111061,1501.7,123490.0,147437.0
2025-06-20 12:10:10.156891,1501.7,123490.0,147437.0
2025-06-20 12:10:11.101845,1501.7,123490.0,147437.0
2025-06-20 12:10:11.238656,1501.7,123564.0,147474.0
2025-06-20 12:10:11.422430,1501.7,123564.0,147474.0
2025-06-20 12:10:13.088960,1501.7,123564.0,147474.0
2025-06-20 12:10:13.108801,1501.2,123564.0,147474.0
2025-06-20 12:10:15.107205,1501.2,123564.0,147474.0
2025-06-20 12:10:16.642091,1501.7,123743.0,147643.0
2025-06-20 12:10:17.113545,1501.2,123743.0,147643.0
2025-06-20 12:10:19.109774,1501.7,123743.0,147643.0
2025-06-20 12:10:21.844536,1501.7,123914.0,147441.0
2025-06-20 12:10:23.106057,1501.7,123914.0,147441.0
2025-06-20 12:10:26.959462,1501.7,124371.0,147023.0
2025-06-20 12:10:27.108067,1501.7,124371.0,147023.0
2025-06-20 12:10:29.133387,1501.3,124371.0,147023.0
2025-06-20 12:10:32.060119,1501.3,123706.0,147206.0
2025-06-20 12:10:33.112165,1501.3,123706.0,147206.0
2025-06-20 12:10:37.060084,1501.7,123827.0,147310.0
2025-06-20 12:10:37.147674,1501.7,123827.0,147310.0
2025-06-20 12:10:39.109941,1502.0,123827.0,147310.0
2025-06-20 12:10:41.113295,1502.0,123827.0,147310.0
2025-06-20 12:10:41.759681,1502.0,124391.0,146880.0
2025-06-20 12:10:43.109265,1501.7,124391.0,146880.0
2025-06-20 12:10:45.113958,1501.7,124391.0,146880.0
2025-06-20 12:10:46.572029,1502.0,124330.0,146806.0
2025-06-20 12:10:47.113447,1501.7,124330.0,146806.0
2025-06-20 12:10:51.116560,1502.0,124330.0,146806.0
