timestamp,ltp,bid_qty,ask_qty
2025-06-20 10:10:48.211523,387.7,676555.0,717101.0
2025-06-20 10:10:49.592107,387.8,676555.0,717101.0
2025-06-20 10:10:50.468325,387.8,679180.0,716103.0
2025-06-20 10:10:51.596908,387.75,679180.0,716103.0
2025-06-20 10:10:55.586806,387.8,679180.0,716103.0
2025-06-20 10:10:56.168310,387.8,682560.0,710278.0
2025-06-20 10:10:57.595692,387.95,682560.0,710278.0
2025-06-20 10:10:59.593657,387.95,682560.0,710278.0
2025-06-20 10:11:01.471829,387.95,682264.0,710631.0
2025-06-20 10:11:03.603804,387.95,682264.0,710631.0
2025-06-20 10:11:05.602274,387.95,682264.0,710631.0
2025-06-20 10:11:07.589390,388.0,683001.0,708368.0
2025-06-20 10:11:07.607929,388.0,683001.0,708368.0
2025-06-20 10:11:11.838634,388.0,683001.0,708368.0
2025-06-20 10:11:13.481907,388.0,682855.0,709021.0
2025-06-20 10:11:15.630697,388.0,682855.0,709021.0
2025-06-20 10:11:17.618788,388.0,682855.0,709021.0
2025-06-20 10:11:19.313251,388.0,683577.0,708042.0
2025-06-20 10:11:19.636385,388.0,683577.0,708042.0
2025-06-20 10:11:21.658154,388.0,683577.0,708042.0
2025-06-20 10:11:22.670550,388.0,683577.0,708042.0
2025-06-20 10:11:24.080271,388.0,683220.0,707162.0
2025-06-20 10:11:26.256738,388.0,683220.0,707162.0
2025-06-20 10:11:29.613130,388.0,683220.0,707162.0
2025-06-20 10:11:29.704081,388.0,686204.0,693602.0
2025-06-20 10:11:31.601344,388.2,686204.0,693602.0
2025-06-20 10:11:33.594458,388.05,686204.0,693602.0
2025-06-20 10:11:35.189752,388.25,694603.0,687401.0
2025-06-20 10:11:35.601531,388.25,694603.0,687401.0
2025-06-20 10:11:37.599757,388.15,694603.0,687401.0
2025-06-20 10:11:39.598226,388.15,694603.0,687401.0
2025-06-20 10:11:41.099618,387.95,681703.0,705842.0
2025-06-20 10:11:41.593781,387.95,681703.0,705842.0
2025-06-20 10:11:45.597254,388.0,681703.0,705842.0
2025-06-20 10:11:47.001098,388.0,683080.0,703012.0
2025-06-20 10:11:47.596477,388.0,683080.0,703012.0
2025-06-20 10:11:53.035478,388.0,680446.0,706114.0
2025-06-20 10:11:55.602492,387.8,680446.0,706114.0
2025-06-20 10:11:57.601647,388.0,680446.0,706114.0
2025-06-20 10:11:58.836690,388.0,686335.0,694372.0
2025-06-20 10:11:59.600894,388.35,686335.0,694372.0
2025-06-20 10:12:03.603467,388.3,686335.0,694372.0
2025-06-20 10:12:05.211593,388.3,690325.0,673177.0
2025-06-20 10:12:07.597499,388.55,690325.0,673177.0
2025-06-20 10:12:09.601297,388.65,690325.0,673177.0
2025-06-20 10:12:11.924412,388.8,708436.0,656189.0
2025-06-20 10:12:12.608536,388.85,708436.0,656189.0
2025-06-20 10:12:15.599932,388.85,708436.0,656189.0
2025-06-20 10:12:18.217321,388.8,715477.0,652279.0
2025-06-20 10:12:18.614143,388.8,715477.0,652279.0
2025-06-20 10:12:21.606813,388.85,715477.0,652279.0
2025-06-20 10:12:24.432330,388.85,710482.0,654335.0
2025-06-20 10:12:24.604589,388.85,710482.0,654335.0
2025-06-20 10:12:27.600773,388.8,710482.0,654335.0
2025-06-20 10:12:28.605060,388.9,710482.0,654335.0
2025-06-20 10:12:30.668617,388.8,711880.0,656199.0
2025-06-20 10:12:31.602114,388.8,711880.0,656199.0
2025-06-20 10:12:33.601869,388.8,711880.0,656199.0
2025-06-20 10:12:35.643466,388.7,711880.0,656199.0
2025-06-20 10:12:36.733774,388.8,702925.0,660431.0
2025-06-20 10:12:37.609732,388.8,702925.0,660431.0
2025-06-20 10:12:39.602020,388.7,702925.0,660431.0
2025-06-20 10:12:40.551508,388.7,702925.0,660431.0
2025-06-20 10:12:41.169822,388.7,702925.0,660431.0
2025-06-20 10:12:41.606989,388.8,702925.0,660431.0
2025-06-20 10:12:41.701981,388.8,702925.0,660431.0
2025-06-20 10:12:42.299068,388.8,702925.0,660431.0
2025-06-20 10:12:42.535852,388.8,704866.0,661489.0
2025-06-20 10:12:42.959538,388.8,704866.0,661489.0
2025-06-20 10:12:43.452372,388.8,704866.0,661489.0
2025-06-20 10:12:43.599481,388.65,704866.0,661489.0
2025-06-20 10:12:43.945897,388.65,704866.0,661489.0
2025-06-20 10:12:44.663622,388.65,704866.0,661489.0
2025-06-20 10:12:45.459677,388.65,704866.0,661489.0
2025-06-20 10:12:45.640830,388.7,704866.0,661489.0
2025-06-20 10:12:46.697640,388.7,704866.0,661489.0
2025-06-20 10:12:47.608608,388.8,704866.0,661489.0
2025-06-20 10:12:47.653812,388.8,704866.0,661489.0
2025-06-20 10:12:48.440793,388.8,704201.0,662044.0
2025-06-20 10:12:49.160349,388.8,704201.0,662044.0
2025-06-20 10:12:49.603266,388.8,704201.0,662044.0
2025-06-20 10:12:50.477705,388.8,704201.0,662044.0
2025-06-20 10:12:51.616645,388.75,704201.0,662044.0
2025-06-20 10:12:51.714292,388.75,704201.0,662044.0
2025-06-20 10:12:53.282320,388.75,704201.0,662044.0
2025-06-20 10:12:53.619442,388.8,704201.0,662044.0
2025-06-20 10:12:54.241584,388.8,705603.0,660976.0
2025-06-20 10:12:55.603539,388.8,705603.0,660976.0
2025-06-20 10:12:57.641288,388.8,705603.0,660976.0
2025-06-20 10:12:59.605482,388.8,705603.0,660976.0
2025-06-20 10:12:59.941994,388.7,704213.0,666639.0
2025-06-20 10:13:01.602088,388.75,704213.0,666639.0
2025-06-20 10:13:03.605469,388.75,704213.0,666639.0
2025-06-20 10:13:05.464283,388.75,705570.0,665942.0
2025-06-20 10:13:05.611925,388.75,705570.0,665942.0
2025-06-20 10:13:07.604417,388.8,705570.0,665942.0
2025-06-20 10:13:09.646205,388.6,705570.0,665942.0
2025-06-20 10:13:11.255930,388.6,702402.0,667440.0
2025-06-20 10:13:15.611289,388.7,702402.0,667440.0
2025-06-20 10:13:16.962930,388.7,702247.0,667591.0
2025-06-20 10:13:17.609863,388.7,702247.0,667591.0
2025-06-20 10:13:19.608347,388.8,702247.0,667591.0
2025-06-20 10:13:21.606483,388.8,702247.0,667591.0
2025-06-20 10:13:23.165846,388.8,706748.0,667086.0
2025-06-20 10:13:23.616751,388.8,706748.0,667086.0
2025-06-20 10:13:25.603014,388.7,706748.0,667086.0
2025-06-20 10:13:27.609314,388.8,706748.0,667086.0
2025-06-20 10:13:29.373052,388.65,705313.0,669005.0
2025-06-20 10:13:29.606211,388.65,705313.0,669005.0
2025-06-20 10:13:31.611974,388.8,705313.0,669005.0
2025-06-20 10:13:33.602816,388.65,705313.0,669005.0
2025-06-20 10:13:35.573263,388.65,702265.0,672188.0
2025-06-20 10:13:35.607502,388.65,702265.0,672188.0
2025-06-20 10:13:37.626832,388.8,702265.0,672188.0
2025-06-20 10:13:41.619443,388.75,702265.0,672188.0
2025-06-20 10:13:41.776410,388.75,707776.0,668670.0
2025-06-20 10:13:43.604889,388.6,707776.0,668670.0
2025-06-20 10:13:45.611568,388.6,707776.0,668670.0
2025-06-20 10:13:47.678619,388.6,705457.0,669856.0
2025-06-20 10:13:49.651137,388.75,705457.0,669856.0
2025-06-20 10:13:52.985451,388.6,705689.0,669832.0
2025-06-20 10:13:53.609840,388.6,705689.0,669832.0
2025-06-20 10:13:55.604367,388.75,705689.0,669832.0
2025-06-20 10:13:57.611922,388.75,705689.0,669832.0
2025-06-20 10:13:58.635307,388.75,705689.0,669832.0
2025-06-20 10:13:58.686193,388.75,705641.0,669571.0
2025-06-20 10:14:01.604961,388.6,705641.0,669571.0
2025-06-20 10:14:03.609489,388.6,705641.0,669571.0
2025-06-20 10:14:04.298759,388.6,705668.0,669824.0
2025-06-20 10:14:05.653279,388.75,705668.0,669824.0
2025-06-20 10:14:09.622833,388.75,705668.0,669824.0
2025-06-20 10:14:09.993922,388.75,705454.0,669514.0
2025-06-20 10:14:11.618777,388.75,705454.0,669514.0
2025-06-20 10:14:13.622621,388.75,705454.0,669514.0
2025-06-20 10:14:15.617098,388.65,705454.0,669514.0
2025-06-20 10:14:15.912205,388.65,709236.0,668810.0
2025-06-20 10:14:19.652723,388.95,709236.0,668810.0
2025-06-20 10:14:21.618213,388.7,709236.0,668810.0
2025-06-20 10:14:21.702531,388.7,718766.0,658926.0
2025-06-20 10:14:22.618573,388.9,718766.0,658926.0
2025-06-20 10:14:25.608708,388.95,718766.0,658926.0
2025-06-20 10:14:27.612096,388.95,718766.0,658926.0
2025-06-20 10:14:27.705605,388.95,718239.0,658275.0
2025-06-20 10:14:29.605376,388.9,718239.0,658275.0
2025-06-20 10:14:31.666626,388.75,718239.0,658275.0
2025-06-20 10:14:33.612841,388.95,718239.0,658275.0
2025-06-20 10:14:33.619995,388.95,719677.0,657582.0
2025-06-20 10:14:35.616850,388.9,719677.0,657582.0
2025-06-20 10:14:39.016338,388.8,720803.0,657111.0
2025-06-20 10:14:39.606839,388.8,720803.0,657111.0
2025-06-20 10:14:41.606404,388.85,720803.0,657111.0
2025-06-20 10:14:43.614138,388.8,720803.0,657111.0
2025-06-20 10:14:44.939569,388.8,720924.0,656872.0
2025-06-20 10:14:45.658545,389.0,720924.0,656872.0
2025-06-20 10:14:47.660708,389.0,720924.0,656872.0
2025-06-20 10:14:49.605890,388.85,720924.0,656872.0
2025-06-20 10:14:50.429112,388.85,723884.0,655454.0
2025-06-20 10:14:51.610895,389.0,723884.0,655454.0
2025-06-20 10:14:55.637256,388.95,723884.0,655454.0
2025-06-20 10:14:56.445951,389.0,727061.0,649620.0
2025-06-20 10:14:57.620828,388.95,727061.0,649620.0
2025-06-20 10:14:59.606685,389.0,727061.0,649620.0
2025-06-20 10:15:01.679808,389.0,727061.0,649620.0
2025-06-20 10:15:02.729976,389.0,724300.0,652330.0
2025-06-20 10:15:03.663710,388.95,724300.0,652330.0
2025-06-20 10:15:05.619167,389.1,724300.0,652330.0
2025-06-20 10:15:07.616658,389.15,724300.0,652330.0
2025-06-20 10:15:09.232088,389.15,728405.0,650424.0
2025-06-20 10:15:09.612143,389.15,728405.0,650424.0
2025-06-20 10:15:11.613176,389.15,728405.0,650424.0
2025-06-20 10:15:13.611765,389.0,728405.0,650424.0
2025-06-20 10:15:15.538432,389.15,726834.0,653396.0
2025-06-20 10:15:15.617068,389.15,726834.0,653396.0
2025-06-20 10:15:17.609914,389.0,726834.0,653396.0
2025-06-20 10:15:19.611033,389.15,726834.0,653396.0
2025-06-20 10:15:21.621376,388.9,726834.0,653396.0
2025-06-20 10:15:21.943443,388.9,725717.0,654919.0
2025-06-20 10:15:23.609400,389.1,725717.0,654919.0
2025-06-20 10:15:25.613358,389.15,725717.0,654919.0
2025-06-20 10:15:27.655082,389.0,725717.0,654919.0
2025-06-20 10:15:28.352257,389.0,723547.0,655486.0
2025-06-20 10:15:29.620756,389.0,723547.0,655486.0
2025-06-20 10:15:31.619750,389.0,723547.0,655486.0
2025-06-20 10:15:33.608511,389.15,723547.0,655486.0
2025-06-20 10:15:34.450731,389.15,722601.0,654971.0
2025-06-20 10:15:35.618282,389.0,722601.0,654971.0
2025-06-20 10:15:37.619431,389.0,722601.0,654971.0
2025-06-20 10:15:39.632037,389.0,722601.0,654971.0
2025-06-20 10:15:40.456293,389.0,723182.0,654294.0
2025-06-20 10:15:40.972459,389.0,723182.0,654294.0
2025-06-20 10:15:41.376618,389.0,723182.0,654294.0
2025-06-20 10:15:42.175097,389.0,723182.0,654294.0
2025-06-20 10:15:43.472800,389.0,723182.0,654294.0
2025-06-20 10:15:43.618146,389.0,723182.0,654294.0
2025-06-20 10:15:43.863904,389.0,723182.0,654294.0
2025-06-20 10:15:44.467459,389.0,723182.0,654294.0
2025-06-20 10:15:45.781952,389.0,723182.0,654294.0
2025-06-20 10:15:46.260569,389.0,728318.0,655348.0
2025-06-20 10:15:47.117764,389.0,728318.0,655348.0
2025-06-20 10:15:47.616011,389.25,728318.0,655348.0
2025-06-20 10:15:48.082557,389.25,728318.0,655348.0
2025-06-20 10:15:49.653874,389.25,728318.0,655348.0
2025-06-20 10:15:49.663489,389.45,728318.0,655348.0
2025-06-20 10:15:50.885511,389.45,728318.0,655348.0
2025-06-20 10:15:52.129780,389.45,728318.0,655348.0
2025-06-20 10:15:52.373999,389.35,736437.0,644035.0
2025-06-20 10:15:53.611549,389.35,736437.0,644035.0
2025-06-20 10:15:53.705643,389.35,736437.0,644035.0
2025-06-20 10:15:55.846774,389.3,736437.0,644035.0
2025-06-20 10:15:58.614830,389.35,736437.0,644035.0
2025-06-20 10:15:58.968559,389.35,737338.0,643888.0
2025-06-20 10:16:01.619122,389.4,737338.0,643888.0
2025-06-20 10:16:04.973299,389.5,729685.0,645795.0
2025-06-20 10:16:05.669769,389.5,729685.0,645795.0
2025-06-20 10:16:09.619622,389.5,729685.0,645795.0
2025-06-20 10:16:10.974134,389.4,728200.0,646124.0
2025-06-20 10:16:13.613962,389.4,728200.0,646124.0
2025-06-20 10:16:17.277467,389.4,725269.0,652180.0
2025-06-20 10:16:17.624474,389.4,725269.0,652180.0
2025-06-20 10:16:20.623503,389.4,725269.0,652180.0
2025-06-20 10:16:23.781851,389.35,723588.0,655893.0
2025-06-20 10:16:24.629855,389.35,723588.0,655893.0
2025-06-20 10:16:29.629034,389.4,723588.0,655893.0
2025-06-20 10:16:30.183390,389.4,728970.0,655453.0
2025-06-20 10:16:33.615225,389.3,728970.0,655453.0
2025-06-20 10:16:36.602698,389.3,724254.0,661973.0
2025-06-20 10:16:36.632669,389.3,724254.0,661973.0
2025-06-20 10:16:41.624694,389.35,724254.0,661973.0
2025-06-20 10:16:42.923299,389.3,722558.0,662574.0
2025-06-20 10:16:44.670959,389.3,722558.0,662574.0
2025-06-20 10:16:47.624264,389.15,722558.0,662574.0
2025-06-20 10:16:49.206082,389.0,719260.0,674111.0
2025-06-20 10:16:50.617772,389.0,719260.0,674111.0
2025-06-20 10:16:53.616712,389.2,719260.0,674111.0
2025-06-20 10:16:55.430691,389.0,719623.0,673828.0
2025-06-20 10:16:55.623635,389.0,719623.0,673828.0
2025-06-20 10:16:57.663748,389.0,719623.0,673828.0
2025-06-20 10:16:59.624738,389.2,719623.0,673828.0
2025-06-20 10:17:01.318337,389.2,719773.0,673717.0
2025-06-20 10:17:01.618909,389.2,719773.0,673717.0
2025-06-20 10:17:03.616272,389.05,719773.0,673717.0
2025-06-20 10:17:05.618784,389.0,719773.0,673717.0
2025-06-20 10:17:07.456868,389.0,716135.0,677959.0
2025-06-20 10:17:07.620746,389.0,716135.0,677959.0
2025-06-20 10:17:09.631279,389.1,716135.0,677959.0
2025-06-20 10:17:11.629958,389.1,716135.0,677959.0
2025-06-20 10:17:13.424902,389.1,718450.0,678365.0
2025-06-20 10:17:13.619731,389.0,718450.0,678365.0
2025-06-20 10:17:17.634283,389.0,718450.0,678365.0
2025-06-20 10:17:19.417821,389.2,719565.0,678400.0
2025-06-20 10:17:19.627549,389.2,719565.0,678400.0
2025-06-20 10:17:21.619365,389.1,719565.0,678400.0
2025-06-20 10:17:25.224656,389.1,719987.0,677250.0
2025-06-20 10:17:25.640597,389.0,719987.0,677250.0
2025-06-20 10:17:30.622742,389.1,719987.0,677250.0
2025-06-20 10:17:31.452155,389.1,719581.0,678771.0
2025-06-20 10:17:33.642198,389.15,719581.0,678771.0
2025-06-20 10:17:36.623200,389.15,719581.0,678771.0
2025-06-20 10:17:37.530408,389.1,722110.0,676499.0
2025-06-20 10:17:39.629821,389.1,722110.0,676499.0
2025-06-20 10:17:42.626807,389.15,722110.0,676499.0
2025-06-20 10:17:43.362115,389.15,722194.0,673890.0
2025-06-20 10:17:45.633813,389.15,722194.0,673890.0
2025-06-20 10:17:48.627028,389.1,722194.0,673890.0
2025-06-20 10:17:49.247611,389.1,720958.0,676308.0
2025-06-20 10:17:54.624860,389.3,720958.0,676308.0
2025-06-20 10:17:55.540014,389.3,726348.0,665854.0
2025-06-20 10:17:57.628679,389.3,726348.0,665854.0
2025-06-20 10:18:00.628238,389.3,726348.0,665854.0
2025-06-20 10:18:01.853659,389.35,729721.0,662966.0
2025-06-20 10:18:03.631921,389.45,729721.0,662966.0
2025-06-20 10:18:06.632993,389.5,729721.0,662966.0
2025-06-20 10:18:08.147243,389.5,733221.0,657147.0
2025-06-20 10:18:09.629394,389.5,733221.0,657147.0
2025-06-20 10:18:12.626846,389.6,733221.0,657147.0
2025-06-20 10:18:14.150707,389.6,733344.0,651258.0
2025-06-20 10:18:15.624627,389.6,733344.0,651258.0
2025-06-20 10:18:18.641319,389.6,733344.0,651258.0
2025-06-20 10:18:19.865340,389.6,729667.0,654299.0
2025-06-20 10:18:21.627302,389.45,729667.0,654299.0
2025-06-20 10:18:25.633369,389.6,729667.0,654299.0
2025-06-20 10:18:26.559076,389.6,730500.0,652863.0
2025-06-20 10:18:27.631990,389.65,730500.0,652863.0
2025-06-20 10:18:30.627647,389.6,730500.0,652863.0
2025-06-20 10:18:33.260316,389.45,725720.0,659481.0
2025-06-20 10:18:34.636398,389.45,725720.0,659481.0
2025-06-20 10:18:36.632026,389.65,725720.0,659481.0
2025-06-20 10:18:39.170541,389.6,727237.0,658689.0
2025-06-20 10:18:39.636379,389.6,727237.0,658689.0
2025-06-20 10:18:41.590018,389.6,727237.0,658689.0
2025-06-20 10:18:42.135941,389.6,727237.0,658689.0
2025-06-20 10:18:42.683515,389.6,727237.0,658689.0
2025-06-20 10:18:42.776860,389.6,727237.0,658689.0
2025-06-20 10:18:43.305179,389.6,727237.0,658689.0
2025-06-20 10:18:44.443282,389.6,727237.0,658689.0
2025-06-20 10:18:45.128995,389.6,729723.0,659873.0
2025-06-20 10:18:45.440701,389.6,729723.0,659873.0
2025-06-20 10:18:45.651392,389.6,729723.0,659873.0
2025-06-20 10:18:46.389929,389.6,729723.0,659873.0
2025-06-20 10:18:47.704073,389.6,729723.0,659873.0
2025-06-20 10:18:48.632835,389.65,729723.0,659873.0
2025-06-20 10:18:48.693010,389.65,729723.0,659873.0
2025-06-20 10:18:50.215593,389.65,729723.0,659873.0
2025-06-20 10:18:50.873989,389.65,728270.0,656353.0
2025-06-20 10:18:51.466179,389.65,728270.0,656353.0
2025-06-20 10:18:51.637753,389.65,728270.0,656353.0
2025-06-20 10:18:52.728264,389.65,728270.0,656353.0
2025-06-20 10:18:54.435625,389.65,728270.0,656353.0
2025-06-20 10:18:54.657396,389.65,728270.0,656353.0
2025-06-20 10:18:56.777947,389.65,730797.0,655225.0
2025-06-20 10:18:57.642416,389.65,730797.0,655225.0
2025-06-20 10:19:00.644755,389.65,730797.0,655225.0
2025-06-20 10:19:03.180599,389.65,728826.0,657126.0
2025-06-20 10:19:03.651776,389.65,728826.0,657126.0
2025-06-20 10:19:07.633831,389.5,728826.0,657126.0
2025-06-20 10:19:09.479665,389.5,729732.0,657786.0
2025-06-20 10:19:09.634005,389.5,729732.0,657786.0
2025-06-20 10:19:15.485352,389.45,726692.0,659498.0
2025-06-20 10:19:16.650390,389.65,726692.0,659498.0
2025-06-20 10:19:18.739722,389.55,726692.0,659498.0
2025-06-20 10:19:21.588616,389.65,727745.0,659997.0
2025-06-20 10:19:22.682576,389.6,727745.0,659997.0
2025-06-20 10:19:24.899879,389.6,727745.0,659997.0
2025-06-20 10:19:27.597842,389.6,727122.0,661570.0
2025-06-20 10:19:27.697708,389.6,727122.0,661570.0
2025-06-20 10:19:30.642311,389.35,727122.0,661570.0
2025-06-20 10:19:33.799884,389.45,723444.0,669911.0
2025-06-20 10:19:34.642170,389.35,723444.0,669911.0
2025-06-20 10:19:36.654002,389.55,723444.0,669911.0
2025-06-20 10:19:39.641095,389.35,723444.0,669911.0
2025-06-20 10:19:39.921073,389.5,724901.0,669180.0
2025-06-20 10:19:42.704165,389.35,724901.0,669180.0
2025-06-20 10:19:45.640445,389.4,724901.0,669180.0
2025-06-20 10:19:45.809177,389.4,722736.0,668617.0
2025-06-20 10:19:48.645231,389.55,722736.0,668617.0
2025-06-20 10:19:51.319370,389.55,723971.0,669047.0
2025-06-20 10:19:51.647924,389.5,723971.0,669047.0
2025-06-20 10:19:54.681072,389.4,723971.0,669047.0
2025-06-20 10:19:57.330627,389.45,722686.0,673553.0
2025-06-20 10:19:57.667649,389.45,722686.0,673553.0
2025-06-20 10:20:00.669101,389.45,722686.0,673553.0
2025-06-20 10:20:02.683304,389.5,722686.0,673553.0
2025-06-20 10:20:03.430882,389.5,726845.0,664176.0
2025-06-20 10:20:05.676842,389.6,726845.0,664176.0
2025-06-20 10:20:08.679931,389.45,726845.0,664176.0
2025-06-20 10:20:10.139141,389.45,728074.0,663390.0
2025-06-20 10:20:11.688621,389.6,728074.0,663390.0
2025-06-20 10:20:14.686517,389.45,728074.0,663390.0
2025-06-20 10:20:16.549617,389.6,724407.0,664032.0
2025-06-20 10:20:17.683713,389.6,724407.0,664032.0
2025-06-20 10:20:20.645007,389.6,724407.0,664032.0
2025-06-20 10:20:22.752852,389.45,723039.0,667053.0
2025-06-20 10:20:23.650357,389.45,723039.0,667053.0
2025-06-20 10:20:26.649616,389.4,723039.0,667053.0
2025-06-20 10:20:28.552566,389.45,727416.0,667409.0
2025-06-20 10:20:29.680297,389.6,727416.0,667409.0
2025-06-20 10:20:32.715067,389.45,727416.0,667409.0
2025-06-20 10:20:34.871480,389.6,729865.0,668947.0
2025-06-20 10:20:35.649133,389.6,729865.0,668947.0
2025-06-20 10:20:38.672089,389.6,729865.0,668947.0
2025-06-20 10:20:40.970805,389.6,728013.0,668156.0
2025-06-20 10:20:41.647128,389.6,728013.0,668156.0
2025-06-20 10:20:47.065009,389.6,726668.0,669050.0
2025-06-20 10:20:48.648463,389.6,726668.0,669050.0
2025-06-20 10:20:50.694940,389.5,726668.0,669050.0
2025-06-20 10:20:52.974090,389.55,725018.0,672954.0
2025-06-20 10:20:53.660004,389.55,725018.0,672954.0
2025-06-20 10:20:56.658051,389.45,725018.0,672954.0
2025-06-20 10:20:59.185309,389.2,719041.0,682630.0
2025-06-20 10:20:59.661812,389.4,719041.0,682630.0
2025-06-20 10:21:03.652155,389.5,719041.0,682630.0
2025-06-20 10:21:05.575103,389.3,724672.0,680219.0
2025-06-20 10:21:05.652301,389.3,724672.0,680219.0
2025-06-20 10:21:08.674887,389.4,724672.0,680219.0
2025-06-20 10:21:11.992112,389.3,725744.0,680590.0
2025-06-20 10:21:12.648092,389.3,725744.0,680590.0
2025-06-20 10:21:14.658204,389.5,725744.0,680590.0
2025-06-20 10:21:17.654349,389.5,725744.0,680590.0
2025-06-20 10:21:18.084816,389.3,725708.0,680638.0
2025-06-20 10:21:20.662099,389.45,725708.0,680638.0
2025-06-20 10:21:23.663718,389.3,725708.0,680638.0
2025-06-20 10:21:23.911991,389.5,727341.0,679496.0
2025-06-20 10:21:26.651305,389.3,727341.0,679496.0
2025-06-20 10:21:29.660106,389.4,727341.0,679496.0
2025-06-20 10:21:29.994631,389.4,731307.0,674101.0
2025-06-20 10:21:32.695451,389.5,731307.0,674101.0
2025-06-20 10:21:35.656711,389.4,731307.0,674101.0
2025-06-20 10:21:35.994877,389.4,725124.0,677919.0
2025-06-20 10:21:38.649317,389.35,725124.0,677919.0
2025-06-20 10:21:41.852591,389.35,725124.0,677919.0
2025-06-20 10:21:41.909657,389.4,728941.0,676200.0
2025-06-20 10:21:42.204149,389.4,728941.0,676200.0
2025-06-20 10:21:42.662434,389.4,728941.0,676200.0
2025-06-20 10:21:42.804721,389.4,728941.0,676200.0
2025-06-20 10:21:43.098277,389.4,728941.0,676200.0
2025-06-20 10:21:44.448867,389.4,728941.0,676200.0
2025-06-20 10:21:44.650923,389.4,728941.0,676200.0
2025-06-20 10:21:44.846430,389.4,728941.0,676200.0
2025-06-20 10:21:45.481507,389.4,728941.0,676200.0
2025-06-20 10:21:46.843593,389.4,728941.0,676200.0
2025-06-20 10:21:47.670765,389.5,728941.0,676200.0
2025-06-20 10:21:47.701882,389.5,728133.0,675613.0
2025-06-20 10:21:48.163175,389.5,728133.0,675613.0
2025-06-20 10:21:49.118530,389.5,728133.0,675613.0
2025-06-20 10:21:50.719558,389.5,728133.0,675613.0
2025-06-20 10:21:51.987552,389.5,728133.0,675613.0
2025-06-20 10:21:53.219192,389.5,728133.0,675613.0
2025-06-20 10:21:53.419466,389.5,727831.0,676305.0
2025-06-20 10:21:53.648738,389.5,727831.0,676305.0
2025-06-20 10:21:54.825616,389.5,727831.0,676305.0
2025-06-20 10:21:56.661707,389.5,727831.0,676305.0
2025-06-20 10:21:59.011360,389.5,725452.0,677569.0
2025-06-20 10:21:59.711421,389.5,725452.0,677569.0
2025-06-20 10:22:02.696401,389.35,725452.0,677569.0
2025-06-20 10:22:04.812592,389.35,724318.0,681470.0
2025-06-20 10:22:05.720275,389.35,724318.0,681470.0
2025-06-20 10:22:08.723339,389.2,724318.0,681470.0
2025-06-20 10:22:10.729452,389.25,717875.0,693010.0
2025-06-20 10:22:11.729161,389.3,717875.0,693010.0
2025-06-20 10:22:15.652033,389.05,717875.0,693010.0
2025-06-20 10:22:16.816761,389.05,719965.0,692851.0
2025-06-20 10:22:17.683062,389.25,719965.0,692851.0
2025-06-20 10:22:21.663427,389.3,719965.0,692851.0
2025-06-20 10:22:22.936066,389.1,723985.0,689014.0
2025-06-20 10:22:23.656847,389.1,723985.0,689014.0
2025-06-20 10:22:29.227508,389.25,725910.0,690235.0
2025-06-20 10:22:29.693993,389.25,725910.0,690235.0
2025-06-20 10:22:32.694858,389.1,725910.0,690235.0
2025-06-20 10:22:35.129129,389.25,723662.0,691940.0
2025-06-20 10:22:35.676940,389.25,723662.0,691940.0
2025-06-20 10:22:38.676887,389.0,723662.0,691940.0
2025-06-20 10:22:40.941768,389.0,717350.0,696513.0
2025-06-20 10:22:42.702559,389.2,717350.0,696513.0
2025-06-20 10:22:44.691211,389.1,717350.0,696513.0
2025-06-20 10:22:46.450179,389.1,721266.0,695906.0
2025-06-20 10:22:46.683247,389.1,721266.0,695906.0
2025-06-20 10:22:48.664075,389.4,721266.0,695906.0
2025-06-20 10:22:50.654993,389.2,721266.0,695906.0
2025-06-20 10:22:52.150535,389.2,723984.0,683254.0
2025-06-20 10:22:52.657522,389.2,723984.0,683254.0
2025-06-20 10:22:54.661811,389.2,723984.0,683254.0
2025-06-20 10:22:56.657562,389.2,723984.0,683254.0
2025-06-20 10:22:58.346113,389.35,724676.0,685988.0
2025-06-20 10:22:58.680273,389.35,724676.0,685988.0
2025-06-20 10:23:00.651078,389.45,724676.0,685988.0
2025-06-20 10:23:02.653861,389.25,724676.0,685988.0
2025-06-20 10:23:04.447615,389.45,723926.0,685087.0
2025-06-20 10:23:04.663842,389.45,723926.0,685087.0
2025-06-20 10:23:06.662329,389.45,723926.0,685087.0
2025-06-20 10:23:08.660557,389.25,723926.0,685087.0
2025-06-20 10:23:10.181192,389.25,724080.0,687618.0
2025-06-20 10:23:13.660523,389.3,724080.0,687618.0
2025-06-20 10:23:15.671000,389.3,723722.0,688362.0
2025-06-20 10:23:18.713430,389.25,723722.0,688362.0
2025-06-20 10:23:20.658138,389.4,723722.0,688362.0
2025-06-20 10:23:21.560487,389.4,724365.0,686268.0
2025-06-20 10:23:26.659481,389.25,724365.0,686268.0
2025-06-20 10:23:27.465348,389.4,724357.0,686377.0
2025-06-20 10:23:28.675136,389.25,724357.0,686377.0
2025-06-20 10:23:30.657247,389.4,724357.0,686377.0
2025-06-20 10:23:32.666633,389.25,724357.0,686377.0
2025-06-20 10:23:33.176191,389.4,724396.0,688235.0
2025-06-20 10:23:34.667042,389.4,724396.0,688235.0
2025-06-20 10:23:38.974952,389.4,723254.0,689857.0
2025-06-20 10:23:42.661520,389.4,723254.0,689857.0
2025-06-20 10:23:44.979944,389.8,737543.0,650500.0
2025-06-20 10:23:46.665776,389.9,737543.0,650500.0
2025-06-20 10:23:48.676346,389.85,737543.0,650500.0
2025-06-20 10:23:50.667165,389.8,737543.0,650500.0
2025-06-20 10:23:51.102056,389.8,735704.0,661100.0
2025-06-20 10:23:52.658503,389.8,735704.0,661100.0
2025-06-20 10:23:54.668541,389.9,735704.0,661100.0
2025-06-20 10:23:56.581886,389.9,737597.0,660285.0
2025-06-20 10:23:58.660365,389.9,737597.0,660285.0
2025-06-20 10:24:00.663463,389.9,737597.0,660285.0
2025-06-20 10:24:02.192090,389.9,737937.0,660633.0
2025-06-20 10:24:02.672091,389.9,737937.0,660633.0
2025-06-20 10:24:04.665032,389.85,737937.0,660633.0
2025-06-20 10:24:06.667068,389.95,737937.0,660633.0
2025-06-20 10:24:07.729276,389.95,737230.0,659252.0
2025-06-20 10:24:10.931577,389.9,737230.0,659252.0
2025-06-20 10:24:12.843542,389.95,737230.0,659252.0
2025-06-20 10:24:14.053306,389.95,736515.0,658818.0
2025-06-20 10:24:16.772825,389.9,736515.0,658818.0
2025-06-20 10:24:18.701722,389.95,736515.0,658818.0
2025-06-20 10:24:19.197184,389.9,735081.0,661146.0
2025-06-20 10:24:20.702080,389.9,735081.0,661146.0
2025-06-20 10:24:22.660330,389.95,735081.0,661146.0
2025-06-20 10:24:24.600507,389.9,730432.0,666427.0
2025-06-20 10:24:24.670540,389.9,730432.0,666427.0
2025-06-20 10:24:26.661018,389.9,730432.0,666427.0
2025-06-20 10:24:28.670370,389.95,730432.0,666427.0
2025-06-20 10:24:30.503736,389.95,729789.0,666106.0
2025-06-20 10:24:32.664347,389.95,729789.0,666106.0
2025-06-20 10:24:34.666398,389.9,729789.0,666106.0
2025-06-20 10:24:36.206889,389.95,730517.0,663910.0
2025-06-20 10:24:36.694821,389.95,730517.0,663910.0
2025-06-20 10:24:38.663967,389.9,730517.0,663910.0
2025-06-20 10:24:40.672194,389.95,730517.0,663910.0
2025-06-20 10:24:42.115723,389.8,729673.0,667854.0
2025-06-20 10:24:42.298916,389.8,729673.0,667854.0
2025-06-20 10:24:42.697374,389.8,729673.0,667854.0
2025-06-20 10:24:42.962053,389.8,729673.0,667854.0
2025-06-20 10:24:43.526057,389.8,729673.0,667854.0
2025-06-20 10:24:44.046795,389.8,729673.0,667854.0
2025-06-20 10:24:44.706828,389.8,729673.0,667854.0
2025-06-20 10:24:45.090484,389.8,729673.0,667854.0
2025-06-20 10:24:45.667295,389.9,729673.0,667854.0
2025-06-20 10:24:46.104415,389.9,729673.0,667854.0
2025-06-20 10:24:47.695225,389.9,729673.0,667854.0
2025-06-20 10:24:47.811617,389.9,730276.0,671522.0
2025-06-20 10:24:48.666096,389.75,730276.0,671522.0
2025-06-20 10:24:48.820621,389.75,730276.0,671522.0
2025-06-20 10:24:49.797916,389.75,730276.0,671522.0
2025-06-20 10:24:50.661658,389.9,730276.0,671522.0
2025-06-20 10:24:51.321579,389.9,730276.0,671522.0
2025-06-20 10:24:52.596254,389.9,730276.0,671522.0
2025-06-20 10:24:52.690330,389.9,730276.0,671522.0
2025-06-20 10:24:53.614013,389.9,732015.0,669812.0
2025-06-20 10:24:53.837876,389.9,732015.0,669812.0
2025-06-20 10:24:55.472345,389.9,732015.0,669812.0
2025-06-20 10:24:58.664011,389.9,732015.0,669812.0
2025-06-20 10:24:59.430136,389.9,733518.0,665023.0
2025-06-20 10:25:00.656429,389.9,733518.0,665023.0
2025-06-20 10:25:02.662044,390.0,733518.0,665023.0
2025-06-20 10:25:04.671416,390.0,733518.0,665023.0
2025-06-20 10:25:05.322960,390.0,735922.0,643305.0
2025-06-20 10:25:06.662890,390.1,735922.0,643305.0
2025-06-20 10:25:08.668009,390.1,735922.0,643305.0
2025-06-20 10:25:11.529000,390.1,736831.0,644708.0
2025-06-20 10:25:13.662025,390.15,736831.0,644708.0
2025-06-20 10:25:16.680718,390.2,736831.0,644708.0
2025-06-20 10:25:17.729447,390.15,735807.0,649848.0
2025-06-20 10:25:20.354110,390.05,735807.0,649848.0
2025-06-20 10:25:22.668349,390.05,735807.0,649848.0
2025-06-20 10:25:23.745193,390.15,736527.0,648853.0
2025-06-20 10:25:25.683226,390.0,736527.0,648853.0
2025-06-20 10:25:28.663090,390.0,736527.0,648853.0
2025-06-20 10:25:29.836849,390.0,738432.0,651129.0
2025-06-20 10:25:32.664522,390.05,738432.0,651129.0
2025-06-20 10:25:35.665284,390.05,738432.0,651129.0
2025-06-20 10:25:36.048374,390.05,737832.0,651263.0
2025-06-20 10:25:37.664624,390.0,737832.0,651263.0
2025-06-20 10:25:40.674414,390.05,737832.0,651263.0
2025-06-20 10:25:42.347666,390.0,738146.0,656912.0
2025-06-20 10:25:43.741715,390.0,738146.0,656912.0
2025-06-20 10:25:46.685442,390.0,738146.0,656912.0
2025-06-20 10:25:48.551539,390.0,738853.0,654940.0
2025-06-20 10:25:50.668970,390.05,738853.0,654940.0
2025-06-20 10:25:52.670333,390.15,738853.0,654940.0
2025-06-20 10:25:54.554255,390.15,740809.0,654787.0
2025-06-20 10:25:55.671700,390.15,740809.0,654787.0
2025-06-20 10:25:58.674541,390.05,740809.0,654787.0
2025-06-20 10:26:00.361073,390.05,739445.0,653904.0
2025-06-20 10:26:04.669239,390.15,739445.0,653904.0
2025-06-20 10:26:06.367026,390.05,736634.0,655011.0
2025-06-20 10:26:08.665391,390.05,736634.0,655011.0
2025-06-20 10:26:11.661667,390.15,736634.0,655011.0
2025-06-20 10:26:12.677040,390.0,736387.0,656311.0
2025-06-20 10:26:13.667654,390.0,736387.0,656311.0
2025-06-20 10:26:16.670318,390.15,736387.0,656311.0
2025-06-20 10:26:18.974896,390.05,736531.0,655928.0
2025-06-20 10:26:19.669474,390.05,736531.0,655928.0
2025-06-20 10:26:22.669027,390.05,736531.0,655928.0
2025-06-20 10:26:25.183590,390.2,737098.0,653105.0
2025-06-20 10:26:25.668789,390.2,737098.0,653105.0
2025-06-20 10:26:28.674251,390.2,737098.0,653105.0
2025-06-20 10:26:31.387747,390.2,737556.0,654331.0
2025-06-20 10:26:34.676045,390.15,737556.0,654331.0
2025-06-20 10:26:37.586744,390.15,738255.0,656004.0
2025-06-20 10:26:44.090357,390.15,738099.0,655487.0
2025-06-20 10:26:46.725248,390.05,738099.0,655487.0
2025-06-20 10:26:49.717231,390.05,738099.0,655487.0
2025-06-20 10:26:50.204676,390.05,736848.0,658547.0
2025-06-20 10:26:52.917125,390.05,736848.0,658547.0
2025-06-20 10:26:56.103220,390.2,736848.0,658547.0
2025-06-20 10:26:56.424151,390.2,737890.0,657370.0
2025-06-20 10:26:58.702560,390.25,737890.0,657370.0
2025-06-20 10:27:01.700817,390.15,737890.0,657370.0
2025-06-20 10:27:02.508030,390.15,737806.0,657706.0
2025-06-20 10:27:04.731384,390.25,737806.0,657706.0
2025-06-20 10:27:07.717430,390.3,737806.0,657706.0
2025-06-20 10:27:09.218872,390.25,739731.0,654864.0
2025-06-20 10:27:10.704608,390.4,739731.0,654864.0
2025-06-20 10:27:13.716607,390.4,739731.0,654864.0
2025-06-20 10:27:15.815531,390.45,739127.0,645685.0
2025-06-20 10:27:17.668046,390.7,739127.0,645685.0
2025-06-20 10:27:19.707861,390.8,739127.0,645685.0
2025-06-20 10:27:22.325278,390.85,743702.0,645261.0
2025-06-20 10:27:22.691283,390.7,743702.0,645261.0
2025-06-20 10:27:25.717846,390.7,743702.0,645261.0
2025-06-20 10:27:28.971596,390.8,741203.0,648820.0
2025-06-20 10:27:29.808703,390.65,741203.0,648820.0
2025-06-20 10:27:33.666372,390.7,741203.0,648820.0
2025-06-20 10:27:35.634789,390.75,741689.0,643182.0
2025-06-20 10:27:35.677886,390.75,741689.0,643182.0
2025-06-20 10:27:39.696953,390.9,741689.0,643182.0
2025-06-20 10:27:42.243111,390.55,728033.0,655704.0
2025-06-20 10:27:42.703922,390.55,728033.0,655704.0
2025-06-20 10:27:42.739653,390.55,728033.0,655704.0
2025-06-20 10:27:43.053833,390.55,728033.0,655704.0
2025-06-20 10:27:44.268048,390.55,728033.0,655704.0
2025-06-20 10:27:45.300329,390.55,728033.0,655704.0
2025-06-20 10:27:46.313340,390.55,728033.0,655704.0
2025-06-20 10:27:46.733127,390.75,728033.0,655704.0
2025-06-20 10:27:46.748061,390.75,728033.0,655704.0
2025-06-20 10:27:47.699139,390.75,728033.0,655704.0
2025-06-20 10:27:48.553781,390.75,729467.0,658498.0
2025-06-20 10:27:49.044058,390.75,729467.0,658498.0
2025-06-20 10:27:50.687579,390.75,729467.0,658498.0
2025-06-20 10:27:51.513517,390.75,729467.0,658498.0
2025-06-20 10:27:52.681722,390.55,729467.0,658498.0
2025-06-20 10:27:52.826963,390.55,729467.0,658498.0
2025-06-20 10:27:54.028032,390.55,729467.0,658498.0
2025-06-20 10:27:54.959615,390.55,732822.0,659160.0
2025-06-20 10:27:55.626117,390.55,732822.0,659160.0
2025-06-20 10:27:55.720387,390.55,732822.0,659160.0
2025-06-20 10:27:58.675972,390.55,732822.0,659160.0
2025-06-20 10:28:01.258670,390.5,730355.0,662298.0
2025-06-20 10:28:01.743292,390.5,730355.0,662298.0
2025-06-20 10:28:03.687013,390.65,730355.0,662298.0
2025-06-20 10:28:05.676117,390.55,730355.0,662298.0
2025-06-20 10:28:07.362793,390.55,730156.0,658468.0
2025-06-20 10:28:08.677914,390.55,730156.0,658468.0
2025-06-20 10:28:11.673838,390.6,730156.0,658468.0
2025-06-20 10:28:13.365864,390.6,730150.0,658830.0
2025-06-20 10:28:13.679440,390.6,730150.0,658830.0
2025-06-20 10:28:15.677506,390.75,730150.0,658830.0
2025-06-20 10:28:19.572289,390.7,729461.0,663353.0
2025-06-20 10:28:19.741546,390.7,729461.0,663353.0
2025-06-20 10:28:21.674942,390.55,729461.0,663353.0
2025-06-20 10:28:24.682058,390.55,729461.0,663353.0
2025-06-20 10:28:25.485441,390.55,730016.0,668199.0
2025-06-20 10:28:27.674951,390.55,730016.0,668199.0
2025-06-20 10:28:31.581874,390.45,730400.0,669885.0
2025-06-20 10:28:34.674881,390.65,730400.0,669885.0
2025-06-20 10:28:36.688725,390.5,730400.0,669885.0
2025-06-20 10:28:37.785567,390.55,730273.0,671417.0
2025-06-20 10:28:39.697217,390.55,730273.0,671417.0
2025-06-20 10:28:42.677685,390.6,730273.0,671417.0
2025-06-20 10:28:43.990119,390.6,731964.0,666815.0
2025-06-20 10:28:45.683025,390.6,731964.0,666815.0
2025-06-20 10:28:48.686050,390.6,731964.0,666815.0
2025-06-20 10:28:50.092081,390.6,732316.0,664988.0
2025-06-20 10:28:51.682534,390.6,732316.0,664988.0
2025-06-20 10:28:54.680645,390.75,732316.0,664988.0
2025-06-20 10:28:56.298166,390.75,730168.0,666778.0
2025-06-20 10:29:00.682450,390.55,730168.0,666778.0
2025-06-20 10:29:02.298119,390.7,731442.0,670291.0
2025-06-20 10:29:02.683537,390.7,731442.0,670291.0
2025-06-20 10:29:04.716206,390.85,731442.0,670291.0
2025-06-20 10:29:06.681777,390.7,731442.0,670291.0
2025-06-20 10:29:08.204314,390.7,729870.0,670520.0
2025-06-20 10:29:08.675330,390.7,729870.0,670520.0
2025-06-20 10:29:10.681585,390.55,729870.0,670520.0
2025-06-20 10:29:12.720330,390.7,729870.0,670520.0
2025-06-20 10:29:14.417684,390.7,728663.0,671397.0
2025-06-20 10:29:16.687180,390.7,728663.0,671397.0
2025-06-20 10:29:18.986402,390.5,728663.0,671397.0
2025-06-20 10:29:20.509473,390.5,727446.0,679133.0
2025-06-20 10:29:22.693982,390.6,727446.0,679133.0
2025-06-20 10:29:24.713037,390.4,727446.0,679133.0
2025-06-20 10:29:26.114104,390.35,725684.0,678755.0
2025-06-20 10:29:26.687927,390.35,725684.0,678755.0
2025-06-20 10:29:28.687568,390.4,725684.0,678755.0
2025-06-20 10:29:30.727733,390.35,725684.0,678755.0
2025-06-20 10:29:31.818793,390.35,719703.0,685625.0
2025-06-20 10:29:36.680207,390.3,719703.0,685625.0
2025-06-20 10:29:37.528461,390.35,719841.0,688158.0
2025-06-20 10:29:39.690806,390.35,719841.0,688158.0
2025-06-20 10:29:42.691607,390.4,719841.0,688158.0
2025-06-20 10:29:43.490534,390.4,726798.0,681976.0
2025-06-20 10:29:45.713324,390.35,726798.0,681976.0
2025-06-20 10:29:48.824595,390.35,726798.0,681976.0
2025-06-20 10:29:49.527500,390.3,724650.0,682516.0
2025-06-20 10:29:51.716181,390.35,724650.0,682516.0
2025-06-20 10:29:54.686224,390.25,724650.0,682516.0
2025-06-20 10:29:55.233537,390.3,719383.0,693137.0
2025-06-20 10:29:57.710758,390.35,719383.0,693137.0
2025-06-20 10:30:00.638573,390.35,721429.0,692963.0
2025-06-20 10:30:00.701447,390.35,721429.0,692963.0
2025-06-20 10:30:01.700635,390.3,721429.0,692963.0
2025-06-20 10:30:01.749016,390.3,721106.0,692771.0
2025-06-20 10:30:02.684910,390.3,721106.0,692771.0
2025-06-20 10:30:02.758369,390.3,720557.0,696602.0
2025-06-20 10:30:03.685109,390.2,720557.0,696602.0
2025-06-20 10:30:03.742008,390.2,720341.0,697754.0
2025-06-20 10:30:04.677597,390.3,720341.0,697754.0
2025-06-20 10:30:04.841474,390.3,720164.0,697883.0
2025-06-20 10:30:05.976326,390.3,720327.0,697686.0
2025-06-20 10:30:07.045530,390.3,720163.0,697935.0
2025-06-20 10:30:07.689419,390.2,720163.0,697935.0
2025-06-20 10:30:08.043641,390.2,720321.0,697410.0
2025-06-20 10:30:09.045889,390.2,721065.0,694890.0
2025-06-20 10:30:09.775393,390.3,721065.0,694890.0
2025-06-20 10:30:10.047981,390.3,721326.0,695279.0
2025-06-20 10:30:10.706088,390.2,721326.0,695279.0
2025-06-20 10:30:11.049208,390.2,720588.0,695176.0
2025-06-20 10:30:11.705383,390.2,720588.0,695176.0
2025-06-20 10:30:12.047689,390.2,720596.0,695690.0
2025-06-20 10:30:12.721370,390.3,720596.0,695690.0
2025-06-20 10:30:13.049304,390.3,720932.0,693072.0
2025-06-20 10:30:13.987395,390.3,721593.0,689257.0
2025-06-20 10:30:14.699366,390.3,721593.0,689257.0
2025-06-20 10:30:14.849173,390.3,721048.0,691065.0
2025-06-20 10:30:15.707061,390.35,721048.0,691065.0
2025-06-20 10:30:15.963333,390.35,723640.0,688408.0
2025-06-20 10:30:16.960693,390.35,723640.0,688408.0
2025-06-20 10:30:17.060159,390.35,722106.0,688978.0
2025-06-20 10:30:18.155871,390.35,722683.0,687374.0
2025-06-20 10:30:18.791505,390.3,722683.0,687374.0
2025-06-20 10:30:19.349426,390.3,723908.0,688655.0
2025-06-20 10:30:20.250035,390.3,722649.0,689733.0
2025-06-20 10:30:20.685208,390.3,722649.0,689733.0
2025-06-20 10:30:21.354501,390.25,720774.0,693875.0
2025-06-20 10:30:21.706356,390.25,720774.0,693875.0
2025-06-20 10:30:22.482596,390.25,720676.0,694752.0
2025-06-20 10:30:22.685779,390.25,720676.0,694752.0
2025-06-20 10:30:23.556078,390.25,720822.0,695160.0
2025-06-20 10:30:24.656468,390.25,722659.0,693608.0
2025-06-20 10:30:25.658036,390.25,721698.0,693283.0
2025-06-20 10:30:26.725717,390.2,721698.0,693283.0
2025-06-20 10:30:26.756692,390.2,719505.0,694490.0
2025-06-20 10:30:27.707832,390.15,719505.0,694490.0
2025-06-20 10:30:27.858251,390.15,718561.0,696218.0
2025-06-20 10:30:28.699784,390.15,718561.0,696218.0
2025-06-20 10:30:28.997049,390.15,718125.0,695640.0
2025-06-20 10:30:29.720260,390.1,718125.0,695640.0
2025-06-20 10:30:29.980341,390.1,714647.0,698733.0
2025-06-20 10:30:31.332583,390.1,714647.0,698733.0
2025-06-20 10:30:31.365759,390.1,714614.0,698525.0
2025-06-20 10:30:31.709473,390.1,714614.0,698525.0
2025-06-20 10:30:32.066478,390.1,714126.0,699164.0
2025-06-20 10:30:32.712954,390.1,714126.0,699164.0
2025-06-20 10:30:33.178359,390.1,717061.0,699691.0
2025-06-20 10:30:34.265745,390.15,717110.0,695759.0
2025-06-20 10:30:34.694480,390.15,717110.0,695759.0
2025-06-20 10:30:35.367927,390.15,718332.0,696493.0
2025-06-20 10:30:36.490263,390.15,718342.0,696415.0
2025-06-20 10:30:36.681876,390.3,718342.0,696415.0
2025-06-20 10:30:37.688536,390.3,718342.0,696415.0
2025-06-20 10:30:38.177499,390.3,717812.0,697072.0
2025-06-20 10:30:39.280990,390.3,719353.0,696542.0
2025-06-20 10:30:39.693714,390.35,719353.0,696542.0
2025-06-20 10:30:40.368562,390.35,722272.0,693713.0
2025-06-20 10:30:40.692529,390.35,722272.0,693713.0
2025-06-20 10:30:41.476668,390.3,722046.0,693976.0
2025-06-20 10:30:41.685250,390.3,722046.0,693976.0
2025-06-20 10:30:42.567686,390.3,721974.0,695283.0
2025-06-20 10:30:42.680609,390.3,721974.0,695283.0
2025-06-20 10:30:43.225756,390.3,721974.0,695283.0
2025-06-20 10:30:43.571580,390.3,721897.0,695220.0
2025-06-20 10:30:43.684050,390.3,721897.0,695220.0
2025-06-20 10:30:43.854156,390.3,721897.0,695220.0
2025-06-20 10:30:44.249242,390.3,721897.0,695220.0
2025-06-20 10:30:44.576180,390.3,721961.0,695655.0
2025-06-20 10:30:44.632617,390.3,721961.0,695655.0
2025-06-20 10:30:45.318912,390.3,721961.0,695655.0
2025-06-20 10:30:45.694777,390.3,721961.0,695655.0
2025-06-20 10:30:45.697374,390.3,722229.0,695003.0
2025-06-20 10:30:46.015958,390.3,722229.0,695003.0
2025-06-20 10:30:46.505344,390.3,722229.0,695003.0
2025-06-20 10:30:46.678633,390.35,722229.0,695003.0
2025-06-20 10:30:46.870596,390.35,723684.0,694273.0
2025-06-20 10:30:47.034967,390.35,723684.0,694273.0
2025-06-20 10:30:47.700491,390.35,723684.0,694273.0
2025-06-20 10:30:47.981647,390.35,723860.0,694994.0
2025-06-20 10:30:48.387215,390.35,723860.0,694994.0
2025-06-20 10:30:49.073884,390.3,723631.0,694367.0
2025-06-20 10:30:49.685776,390.4,723631.0,694367.0
2025-06-20 10:30:49.733999,390.4,723631.0,694367.0
2025-06-20 10:30:50.187879,390.4,723967.0,694367.0
2025-06-20 10:30:50.766483,390.4,723967.0,694367.0
2025-06-20 10:30:51.273684,390.4,724051.0,694444.0
2025-06-20 10:30:52.261197,390.4,724051.0,694444.0
2025-06-20 10:30:52.374588,390.4,723969.0,694589.0
2025-06-20 10:30:52.698515,390.4,723969.0,694589.0
2025-06-20 10:30:53.488879,390.3,723917.0,692676.0
2025-06-20 10:30:53.533785,390.3,723917.0,692676.0
2025-06-20 10:30:53.734681,390.3,723917.0,692676.0
2025-06-20 10:30:54.574105,390.3,723321.0,693424.0
2025-06-20 10:30:54.820210,390.3,723321.0,693424.0
2025-06-20 10:30:55.692611,390.3,723321.0,693424.0
2025-06-20 10:30:55.697582,390.3,720153.0,696340.0
2025-06-20 10:30:56.523265,390.3,720153.0,696340.0
2025-06-20 10:30:56.703398,390.2,720153.0,696340.0
2025-06-20 10:30:56.782336,390.2,720375.0,695658.0
2025-06-20 10:30:57.728301,390.25,720375.0,695658.0
2025-06-20 10:30:57.875701,390.25,721207.0,693041.0
2025-06-20 10:30:58.689840,390.2,721207.0,693041.0
2025-06-20 10:30:58.988779,390.2,719325.0,694363.0
2025-06-20 10:30:59.690819,390.2,719325.0,694363.0
2025-06-20 10:31:00.082054,390.35,719675.0,692240.0
2025-06-20 10:31:01.701663,390.35,719675.0,692240.0
2025-06-20 10:31:04.878992,390.35,722107.0,685846.0
2025-06-20 10:31:05.696521,390.5,722107.0,685846.0
2025-06-20 10:31:07.700683,390.5,722107.0,685846.0
2025-06-20 10:31:10.796564,390.35,722107.0,685846.0
2025-06-20 10:31:11.189444,390.55,726083.0,674713.0
2025-06-20 10:31:13.766571,390.6,726083.0,674713.0
2025-06-20 10:31:17.194758,390.8,728227.0,664254.0
2025-06-20 10:31:17.696350,390.9,728227.0,664254.0
2025-06-20 10:31:19.700869,390.85,728227.0,664254.0
2025-06-20 10:31:22.743450,390.8,728227.0,664254.0
2025-06-20 10:31:23.208193,390.8,727199.0,673099.0
2025-06-20 10:31:25.692083,390.65,727199.0,673099.0
2025-06-20 10:31:29.154543,390.8,728207.0,669434.0
2025-06-20 10:31:29.748205,390.65,728207.0,669434.0
2025-06-20 10:31:31.773418,390.9,728207.0,669434.0
2025-06-20 10:31:34.806778,390.8,728004.0,672018.0
2025-06-20 10:31:35.718229,390.65,728004.0,672018.0
2025-06-20 10:31:41.090884,390.7,725593.0,674647.0
2025-06-20 10:31:41.736674,390.7,725593.0,674647.0
2025-06-20 10:31:43.746526,390.7,725593.0,674647.0
2025-06-20 10:31:46.720505,390.5,725593.0,674647.0
2025-06-20 10:31:47.027868,390.5,722389.0,683133.0
2025-06-20 10:31:49.706786,390.7,722389.0,683133.0
2025-06-20 10:31:52.815833,390.75,726846.0,680725.0
2025-06-20 10:31:53.693031,390.75,726846.0,680725.0
2025-06-20 10:31:56.694032,390.5,726846.0,680725.0
2025-06-20 10:31:58.714761,390.6,726846.0,680725.0
2025-06-20 10:31:58.734766,390.6,724703.0,689393.0
2025-06-20 10:32:01.546179,390.5,724033.0,689271.0
2025-06-20 10:32:01.730763,390.5,724033.0,689271.0
2025-06-20 10:32:02.524837,390.6,723843.0,689805.0
2025-06-20 10:32:02.707396,390.6,723843.0,689805.0
2025-06-20 10:32:03.653340,390.5,718806.0,697382.0
2025-06-20 10:32:03.700014,390.5,718806.0,697382.0
2025-06-20 10:32:04.522560,390.5,706054.0,695992.0
2025-06-20 10:32:04.743138,390.5,706054.0,695992.0
2025-06-20 10:32:05.554606,390.5,718410.0,696404.0
2025-06-20 10:32:06.622392,390.45,720826.0,697408.0
2025-06-20 10:32:06.941663,390.45,720826.0,697408.0
2025-06-20 10:32:07.649343,390.3,720871.0,697033.0
2025-06-20 10:32:07.729535,390.3,720871.0,697033.0
2025-06-20 10:32:08.654696,390.3,721323.0,697085.0
2025-06-20 10:32:09.524310,390.3,721387.0,695973.0
2025-06-20 10:32:10.574690,390.5,721769.0,695798.0
2025-06-20 10:32:10.704474,390.5,721769.0,695798.0
2025-06-20 10:32:11.655816,390.5,723861.0,695457.0
2025-06-20 10:32:11.707569,390.5,723861.0,695457.0
2025-06-20 10:32:12.529789,390.5,720296.0,699247.0
2025-06-20 10:32:13.441732,390.4,720597.0,699191.0
2025-06-20 10:32:13.693390,390.4,720597.0,699191.0
2025-06-20 10:32:14.336576,390.4,720690.0,700519.0
2025-06-20 10:32:14.688474,390.2,720690.0,700519.0
2025-06-20 10:32:15.336356,390.2,716502.0,704961.0
2025-06-20 10:32:16.332669,390.2,716332.0,705958.0
2025-06-20 10:32:16.698092,390.2,716332.0,705958.0
2025-06-20 10:32:17.333862,390.25,717583.0,706026.0
2025-06-20 10:32:17.693315,390.25,717583.0,706026.0
2025-06-20 10:32:18.336690,390.25,717582.0,705828.0
2025-06-20 10:32:18.687570,390.25,717582.0,705828.0
2025-06-20 10:32:19.237256,390.25,718060.0,706028.0
2025-06-20 10:32:20.236585,390.2,717853.0,706094.0
2025-06-20 10:32:20.714619,390.2,717853.0,706094.0
2025-06-20 10:32:21.234476,390.2,717899.0,704779.0
2025-06-20 10:32:21.694223,390.2,717899.0,704779.0
2025-06-20 10:32:22.234623,390.25,716620.0,705274.0
2025-06-20 10:32:22.709376,390.15,716620.0,705274.0
2025-06-20 10:32:23.235473,390.15,715845.0,705523.0
2025-06-20 10:32:23.697715,390.15,715845.0,705523.0
2025-06-20 10:32:24.239271,390.15,715849.0,706506.0
2025-06-20 10:32:25.237235,390.15,715911.0,706506.0
2025-06-20 10:32:26.137069,390.15,715911.0,706685.0
2025-06-20 10:32:26.691909,390.2,715911.0,706685.0
2025-06-20 10:32:27.137711,390.2,715732.0,706950.0
2025-06-20 10:32:28.174926,390.2,715947.0,706949.0
2025-06-20 10:32:28.695384,390.2,715947.0,706949.0
2025-06-20 10:32:29.168185,390.2,718888.0,699436.0
2025-06-20 10:32:29.900171,390.2,718888.0,699436.0
2025-06-20 10:32:30.142568,390.3,718907.0,699936.0
2025-06-20 10:32:30.740033,390.3,718907.0,699936.0
2025-06-20 10:32:31.045343,390.3,721858.0,694999.0
2025-06-20 10:32:31.699018,390.3,721858.0,694999.0
2025-06-20 10:32:32.043400,390.3,718602.0,697963.0
2025-06-20 10:32:32.726385,390.25,718602.0,697963.0
2025-06-20 10:32:33.041624,390.25,719825.0,698091.0
2025-06-20 10:32:34.042563,390.4,720515.0,697134.0
2025-06-20 10:32:34.691500,390.4,720515.0,697134.0
2025-06-20 10:32:34.958582,390.4,723273.0,696887.0
2025-06-20 10:32:35.845826,390.4,723629.0,697099.0
2025-06-20 10:32:36.729901,390.3,723629.0,697099.0
2025-06-20 10:32:36.752859,390.3,722688.0,697099.0
2025-06-20 10:32:37.648151,390.3,722148.0,697021.0
2025-06-20 10:32:38.732928,390.3,721629.0,697593.0
2025-06-20 10:32:39.645083,390.4,724066.0,694866.0
2025-06-20 10:32:39.733513,390.4,724066.0,694866.0
2025-06-20 10:32:40.645495,390.4,724074.0,695749.0
2025-06-20 10:32:40.739769,390.4,724074.0,695749.0
2025-06-20 10:32:41.645581,390.5,724625.0,695474.0
2025-06-20 10:32:41.728532,390.5,724625.0,695474.0
2025-06-20 10:32:42.545804,390.5,722945.0,695466.0
2025-06-20 10:32:43.462762,390.5,724075.0,695829.0
2025-06-20 10:32:44.461434,390.5,725216.0,695355.0
2025-06-20 10:32:45.348767,390.5,725418.0,694504.0
2025-06-20 10:32:46.248908,390.4,723120.0,692792.0
2025-06-20 10:32:46.732890,390.5,723120.0,692792.0
2025-06-20 10:32:47.151544,390.5,723622.0,692837.0
2025-06-20 10:32:48.150089,390.6,732059.0,683531.0
2025-06-20 10:32:48.711690,390.55,732059.0,683531.0
2025-06-20 10:32:49.152673,390.55,729637.0,682369.0
2025-06-20 10:32:50.050894,390.55,728747.0,681077.0
2025-06-20 10:32:51.056023,390.55,729972.0,680889.0
2025-06-20 10:32:51.872475,390.75,729972.0,680889.0
2025-06-20 10:32:52.051622,390.75,730310.0,681068.0
2025-06-20 10:32:53.056187,390.75,730940.0,682145.0
2025-06-20 10:32:53.742121,390.75,730940.0,682145.0
2025-06-20 10:32:53.857271,390.7,729831.0,679140.0
2025-06-20 10:32:54.698018,390.8,729831.0,679140.0
2025-06-20 10:32:54.757294,390.8,732020.0,673002.0
2025-06-20 10:32:55.663156,390.8,734419.0,673729.0
2025-06-20 10:32:56.656210,390.9,733740.0,673012.0
2025-06-20 10:32:56.752208,390.9,733740.0,673012.0
2025-06-20 10:32:57.655396,390.9,734871.0,673256.0
2025-06-20 10:32:57.691232,390.9,734871.0,673256.0
2025-06-20 10:32:58.662636,390.9,734907.0,673180.0
2025-06-20 10:32:58.695014,390.9,734907.0,673180.0
2025-06-20 10:32:59.672509,390.8,733177.0,671360.0
2025-06-20 10:32:59.704295,390.8,733177.0,671360.0
2025-06-20 10:33:01.715071,390.9,733177.0,671360.0
2025-06-20 10:33:04.715823,390.8,733177.0,671360.0
2025-06-20 10:33:06.061545,390.8,729271.0,674265.0
2025-06-20 10:33:07.742727,390.95,729271.0,674265.0
2025-06-20 10:33:09.715692,390.95,729271.0,674265.0
2025-06-20 10:33:11.666237,390.9,730118.0,677546.0
2025-06-20 10:33:11.736033,390.9,730118.0,677546.0
2025-06-20 10:33:13.757362,390.75,730118.0,677546.0
2025-06-20 10:33:15.695475,390.9,730118.0,677546.0
2025-06-20 10:33:17.569998,390.8,729613.0,679780.0
2025-06-20 10:33:17.703243,390.8,729613.0,679780.0
2025-06-20 10:33:19.728604,390.9,729613.0,679780.0
2025-06-20 10:33:21.696723,390.75,729613.0,679780.0
2025-06-20 10:33:23.517240,390.9,729744.0,680240.0
2025-06-20 10:33:23.771746,390.9,729744.0,680240.0
2025-06-20 10:33:27.695493,390.85,729744.0,680240.0
2025-06-20 10:33:29.582318,390.9,730352.0,685209.0
2025-06-20 10:33:29.714081,390.9,730352.0,685209.0
2025-06-20 10:33:31.699163,390.9,730352.0,685209.0
2025-06-20 10:33:33.718256,390.9,730352.0,685209.0
2025-06-20 10:33:35.755052,390.9,732376.0,683899.0
2025-06-20 10:33:35.863471,390.9,732376.0,683899.0
2025-06-20 10:33:37.699316,390.95,732376.0,683899.0
2025-06-20 10:33:40.704534,390.8,732376.0,683899.0
2025-06-20 10:33:41.583115,390.8,731744.0,678574.0
2025-06-20 10:33:43.686075,390.8,731744.0,678574.0
2025-06-20 10:33:43.722807,390.95,731744.0,678574.0
2025-06-20 10:33:44.067114,390.95,731744.0,678574.0
2025-06-20 10:33:45.041422,390.95,731744.0,678574.0
2025-06-20 10:33:46.412828,390.95,731744.0,678574.0
2025-06-20 10:33:47.392666,391.0,735586.0,670038.0
2025-06-20 10:33:47.528052,391.0,735586.0,670038.0
2025-06-20 10:33:47.688264,391.0,735586.0,670038.0
2025-06-20 10:33:47.832614,391.0,735586.0,670038.0
2025-06-20 10:33:48.800018,391.0,735586.0,670038.0
2025-06-20 10:33:49.694417,391.0,735586.0,670038.0
2025-06-20 10:33:50.161219,391.0,735586.0,670038.0
2025-06-20 10:33:51.364356,391.0,735586.0,670038.0
2025-06-20 10:33:52.675161,391.0,735586.0,670038.0
2025-06-20 10:33:52.714643,390.95,735586.0,670038.0
2025-06-20 10:33:53.196709,391.0,732338.0,664578.0
2025-06-20 10:33:54.003932,391.0,732338.0,664578.0
2025-06-20 10:33:55.225551,391.0,732338.0,664578.0
2025-06-20 10:33:55.693062,390.95,732338.0,664578.0
2025-06-20 10:33:56.858400,390.95,732338.0,664578.0
2025-06-20 10:33:58.695811,391.0,732338.0,664578.0
2025-06-20 10:33:59.298512,391.0,730663.0,666411.0
2025-06-20 10:34:04.700555,391.0,730663.0,666411.0
2025-06-20 10:34:04.719430,391.0,731522.0,666301.0
2025-06-20 10:34:08.693706,391.35,731522.0,666301.0
2025-06-20 10:34:10.808639,391.35,732361.0,665293.0
2025-06-20 10:34:11.717066,391.35,732361.0,665293.0
2025-06-20 10:34:13.697021,391.35,732361.0,665293.0
2025-06-20 10:34:16.747325,391.15,732361.0,665293.0
2025-06-20 10:34:16.752086,391.15,728462.0,671755.0
2025-06-20 10:34:19.694273,391.35,728462.0,671755.0
2025-06-20 10:34:22.315016,391.15,722148.0,681480.0
2025-06-20 10:34:23.739880,391.05,722148.0,681480.0
2025-06-20 10:34:25.726583,391.25,722148.0,681480.0
2025-06-20 10:34:27.811681,391.2,722653.0,680641.0
2025-06-20 10:34:28.720768,391.2,722653.0,680641.0
2025-06-20 10:34:32.693499,391.1,722653.0,680641.0
2025-06-20 10:34:33.513700,391.05,722923.0,683365.0
2025-06-20 10:34:34.705110,390.95,722923.0,683365.0
2025-06-20 10:34:37.721604,391.0,722923.0,683365.0
2025-06-20 10:34:39.224721,391.0,718496.0,697205.0
2025-06-20 10:34:40.716905,391.0,718496.0,697205.0
2025-06-20 10:34:44.079770,390.9,718496.0,697205.0
2025-06-20 10:34:45.418702,390.8,717913.0,696729.0
2025-06-20 10:34:46.725667,390.8,717913.0,696729.0
2025-06-20 10:34:49.751966,390.8,717913.0,696729.0
2025-06-20 10:34:50.654112,390.8,717847.0,695722.0
2025-06-20 10:34:53.720571,390.8,717847.0,695722.0
2025-06-20 10:34:55.752675,390.8,717847.0,695722.0
2025-06-20 10:34:56.035929,390.95,717853.0,696557.0
2025-06-20 10:34:57.737633,390.8,717853.0,696557.0
2025-06-20 10:34:59.706002,390.8,717853.0,696557.0
2025-06-20 10:35:01.242660,390.8,712606.0,700043.0
2025-06-20 10:35:01.694436,390.85,712606.0,700043.0
2025-06-20 10:35:06.839061,390.9,716924.0,697309.0
2025-06-20 10:35:07.701524,390.9,716924.0,697309.0
2025-06-20 10:35:10.700427,390.9,716924.0,697309.0
2025-06-20 10:35:12.543218,390.9,721036.0,697134.0
2025-06-20 10:35:14.699342,390.75,721036.0,697134.0
2025-06-20 10:35:17.003484,390.8,721036.0,697134.0
2025-06-20 10:35:18.466742,390.95,717614.0,699460.0
2025-06-20 10:35:20.697869,390.9,717614.0,699460.0
2025-06-20 10:35:22.805691,390.75,717614.0,699460.0
2025-06-20 10:35:24.352088,390.75,720853.0,700547.0
2025-06-20 10:35:26.703867,390.9,720853.0,700547.0
2025-06-20 10:35:28.707306,390.9,720853.0,700547.0
2025-06-20 10:35:30.156140,390.9,721629.0,699831.0
2025-06-20 10:35:30.707618,390.8,721629.0,699831.0
2025-06-20 10:35:32.704734,390.8,721629.0,699831.0
2025-06-20 10:35:34.726857,390.8,721629.0,699831.0
2025-06-20 10:35:36.162538,390.9,720700.0,700606.0
2025-06-20 10:35:36.703228,390.9,720700.0,700606.0
2025-06-20 10:35:38.707160,390.65,720700.0,700606.0
2025-06-20 10:35:40.704918,390.6,720700.0,700606.0
2025-06-20 10:35:42.062294,390.75,715202.0,706113.0
2025-06-20 10:35:42.699475,390.75,715202.0,706113.0
2025-06-20 10:35:46.695391,390.75,715202.0,706113.0
2025-06-20 10:35:47.765996,390.75,719639.0,708730.0
2025-06-20 10:35:52.753478,390.75,719639.0,708730.0
2025-06-20 10:35:53.774394,390.75,719657.0,708577.0
2025-06-20 10:35:54.707020,390.75,719657.0,708577.0
2025-06-20 10:35:58.698428,390.75,719657.0,708577.0
2025-06-20 10:35:59.484893,390.75,720004.0,709010.0
2025-06-20 10:36:00.694735,390.75,720004.0,709010.0
2025-06-20 10:36:04.703747,390.75,720004.0,709010.0
2025-06-20 10:36:05.177579,390.6,720609.0,710004.0
2025-06-20 10:36:06.719048,390.6,720609.0,710004.0
2025-06-20 10:36:09.760010,390.6,720609.0,710004.0
2025-06-20 10:36:11.275587,390.6,719764.0,712198.0
2025-06-20 10:36:13.713185,390.6,719764.0,712198.0
2025-06-20 10:36:15.701057,390.75,719764.0,712198.0
2025-06-20 10:36:17.280216,390.75,720323.0,711555.0
2025-06-20 10:36:18.713706,390.75,720323.0,711555.0
2025-06-20 10:36:23.081039,390.75,720104.0,713613.0
2025-06-20 10:36:24.720720,390.6,720104.0,713613.0
2025-06-20 10:36:29.086188,390.6,719001.0,713408.0
2025-06-20 10:36:30.726516,390.7,719001.0,713408.0
2025-06-20 10:36:34.707801,390.7,719001.0,713408.0
2025-06-20 10:36:35.194485,390.7,725029.0,715405.0
2025-06-20 10:36:39.704556,390.55,725029.0,715405.0
2025-06-20 10:36:41.295476,390.55,720020.0,722503.0
2025-06-20 10:36:42.729605,390.55,720020.0,722503.0
2025-06-20 10:36:44.147432,390.55,720020.0,722503.0
2025-06-20 10:36:45.243377,390.55,720020.0,722503.0
2025-06-20 10:36:45.706309,390.35,720020.0,722503.0
2025-06-20 10:36:45.880846,390.35,720020.0,722503.0
2025-06-20 10:36:46.288646,390.35,720020.0,722503.0
2025-06-20 10:36:46.903029,390.35,718053.0,722718.0
2025-06-20 10:36:46.953218,390.35,718053.0,722718.0
2025-06-20 10:36:47.446070,390.35,718053.0,722718.0
2025-06-20 10:36:47.699130,390.35,718053.0,722718.0
2025-06-20 10:36:48.224111,390.35,718053.0,722718.0
2025-06-20 10:36:48.399408,390.35,718053.0,722718.0
2025-06-20 10:36:49.352325,390.35,718053.0,722718.0
2025-06-20 10:36:49.712720,390.35,718053.0,722718.0
2025-06-20 10:36:50.694926,390.35,718053.0,722718.0
2025-06-20 10:36:51.680671,390.35,718053.0,722718.0
2025-06-20 10:36:51.711095,390.35,718053.0,722718.0
2025-06-20 10:36:52.711928,390.35,717998.0,723544.0
2025-06-20 10:36:53.229899,390.35,717998.0,723544.0
2025-06-20 10:36:53.709280,390.35,717998.0,723544.0
2025-06-20 10:36:54.529586,390.35,717998.0,723544.0
2025-06-20 10:36:55.707844,390.5,717998.0,723544.0
2025-06-20 10:36:55.767086,390.5,717998.0,723544.0
2025-06-20 10:36:57.384524,390.5,717998.0,723544.0
2025-06-20 10:36:57.708171,390.35,717998.0,723544.0
2025-06-20 10:36:58.203847,390.35,717185.0,725403.0
2025-06-20 10:36:59.714329,390.5,717185.0,725403.0
2025-06-20 10:37:01.707675,390.5,717185.0,725403.0
2025-06-20 10:37:03.711168,390.35,717185.0,725403.0
2025-06-20 10:37:04.036055,390.35,715341.0,721448.0
2025-06-20 10:37:05.705772,390.5,715341.0,721448.0
2025-06-20 10:37:09.709687,390.35,715341.0,721448.0
2025-06-20 10:37:10.108286,390.35,713795.0,720257.0
2025-06-20 10:37:11.720388,390.5,713795.0,720257.0
2025-06-20 10:37:13.706831,390.4,713795.0,720257.0
2025-06-20 10:37:15.710881,390.4,713795.0,720257.0
2025-06-20 10:37:15.815754,390.4,714735.0,724706.0
2025-06-20 10:37:17.705846,390.4,714735.0,724706.0
2025-06-20 10:37:20.737447,390.5,714735.0,724706.0
2025-06-20 10:37:21.417097,390.5,716484.0,721993.0
2025-06-20 10:37:23.712864,390.5,716484.0,721993.0
2025-06-20 10:37:26.709549,390.4,716484.0,721993.0
2025-06-20 10:37:27.123261,390.4,715018.0,723835.0
2025-06-20 10:37:29.719842,390.4,715018.0,723835.0
2025-06-20 10:37:32.627142,390.2,704733.0,734132.0
2025-06-20 10:37:32.710609,390.2,704733.0,734132.0
2025-06-20 10:37:35.712900,390.3,704733.0,734132.0
2025-06-20 10:37:38.130844,390.2,705059.0,733222.0
2025-06-20 10:37:38.709621,390.2,705059.0,733222.0
2025-06-20 10:37:41.714343,390.3,705059.0,733222.0
2025-06-20 10:37:43.950514,390.1,702652.0,732547.0
2025-06-20 10:37:44.712928,390.1,702652.0,732547.0
2025-06-20 10:37:47.711616,390.2,702652.0,732547.0
2025-06-20 10:37:49.576445,390.2,708265.0,744553.0
2025-06-20 10:37:50.712261,390.2,708265.0,744553.0
2025-06-20 10:37:53.713955,390.3,708265.0,744553.0
2025-06-20 10:37:55.045691,390.2,709571.0,745335.0
2025-06-20 10:37:56.714842,390.2,709571.0,745335.0
2025-06-20 10:37:59.714974,390.2,709571.0,745335.0
2025-06-20 10:38:00.749226,390.3,709220.0,747795.0
2025-06-20 10:38:02.714792,390.3,709220.0,747795.0
2025-06-20 10:38:05.712469,390.2,709220.0,747795.0
2025-06-20 10:38:06.460118,390.2,708958.0,751997.0
2025-06-20 10:38:08.708568,390.2,708958.0,751997.0
2025-06-20 10:38:09.722730,390.2,708958.0,751997.0
2025-06-20 10:38:12.055210,390.1,706793.0,752426.0
2025-06-20 10:38:12.710372,390.1,706793.0,752426.0
2025-06-20 10:38:14.714065,390.2,706793.0,752426.0
2025-06-20 10:38:16.712933,390.2,706793.0,752426.0
2025-06-20 10:38:17.661132,390.2,708383.0,750270.0
2025-06-20 10:38:18.712671,390.1,708383.0,750270.0
2025-06-20 10:38:20.714704,390.1,708383.0,750270.0
2025-06-20 10:38:22.714711,390.1,708383.0,750270.0
2025-06-20 10:38:23.264562,390.1,708911.0,748835.0
2025-06-20 10:38:24.706183,390.1,708911.0,748835.0
2025-06-20 10:38:26.711640,390.2,708911.0,748835.0
2025-06-20 10:38:28.673385,390.1,707732.0,750944.0
2025-06-20 10:38:28.712034,390.1,707732.0,750944.0
2025-06-20 10:38:32.710352,390.2,707732.0,750944.0
2025-06-20 10:38:34.277941,390.25,709652.0,750421.0
2025-06-20 10:38:34.711716,390.1,709652.0,750421.0
2025-06-20 10:38:38.710281,390.1,709652.0,750421.0
2025-06-20 10:38:39.881377,390.1,705065.0,754753.0
2025-06-20 10:38:40.774877,390.1,705065.0,754753.0
2025-06-20 10:38:42.711992,390.15,705065.0,754753.0
2025-06-20 10:38:45.684789,390.15,705998.0,754086.0
2025-06-20 10:38:48.709166,390.1,705998.0,754086.0
2025-06-20 10:38:50.722342,390.15,705998.0,754086.0
2025-06-20 10:38:51.185739,390.15,706185.0,751621.0
2025-06-20 10:38:52.709696,390.3,706185.0,751621.0
2025-06-20 10:38:54.764344,390.2,706185.0,751621.0
2025-06-20 10:38:56.591396,390.15,710945.0,743957.0
2025-06-20 10:38:56.787952,390.15,710945.0,743957.0
2025-06-20 10:38:58.713419,390.35,710945.0,743957.0
2025-06-20 10:39:00.709357,390.05,710945.0,743957.0
2025-06-20 10:39:02.095020,390.3,712043.0,748640.0
2025-06-20 10:39:02.734521,390.3,712043.0,748640.0
2025-06-20 10:39:04.714842,390.2,712043.0,748640.0
2025-06-20 10:39:06.720817,390.1,712043.0,748640.0
2025-06-20 10:39:08.010498,390.25,709278.0,752089.0
2025-06-20 10:39:08.715517,390.25,709278.0,752089.0
2025-06-20 10:39:10.715932,390.05,709278.0,752089.0
2025-06-20 10:39:12.718640,390.1,709278.0,752089.0
2025-06-20 10:39:13.611409,390.1,707447.0,751078.0
2025-06-20 10:39:14.725884,390.15,707447.0,751078.0
2025-06-20 10:39:16.717911,390.1,707447.0,751078.0
2025-06-20 10:39:18.712178,390.0,707447.0,751078.0
2025-06-20 10:39:19.039288,390.0,705958.0,753034.0
2025-06-20 10:39:20.717251,390.15,705958.0,753034.0
2025-06-20 10:39:22.712172,390.1,705958.0,753034.0
2025-06-20 10:39:24.615697,390.1,707111.0,757004.0
2025-06-20 10:39:24.713612,390.1,707111.0,757004.0
2025-06-20 10:39:26.712124,389.9,707111.0,757004.0
2025-06-20 10:39:28.768061,389.8,707111.0,757004.0
2025-06-20 10:39:30.331695,389.8,692664.0,763191.0
2025-06-20 10:39:30.717333,390.0,692664.0,763191.0
2025-06-20 10:39:32.712672,389.85,692664.0,763191.0
2025-06-20 10:39:34.711967,390.0,692664.0,763191.0
2025-06-20 10:39:36.625962,390.0,694861.0,749519.0
2025-06-20 10:39:40.718845,390.1,694861.0,749519.0
2025-06-20 10:39:42.744217,390.1,694861.0,749519.0
2025-06-20 10:39:42.753861,390.1,700240.0,750589.0
2025-06-20 10:39:44.649482,390.1,700240.0,750589.0
2025-06-20 10:39:44.715481,390.1,700240.0,750589.0
2025-06-20 10:39:45.042259,390.1,700240.0,750589.0
2025-06-20 10:39:46.065194,390.1,700240.0,750589.0
2025-06-20 10:39:46.797079,389.95,700240.0,750589.0
2025-06-20 10:39:46.950922,389.95,700240.0,750589.0
2025-06-20 10:39:47.458106,389.95,700240.0,750589.0
2025-06-20 10:39:48.457281,389.95,700240.0,750589.0
2025-06-20 10:39:48.765716,389.95,700240.0,750589.0
2025-06-20 10:39:48.841293,389.95,701786.0,752001.0
2025-06-20 10:39:48.866762,389.95,701786.0,752001.0
2025-06-20 10:39:49.830058,389.95,701786.0,752001.0
2025-06-20 10:39:50.797188,390.1,701786.0,752001.0
2025-06-20 10:39:51.260463,390.1,701786.0,752001.0
2025-06-20 10:39:52.159676,390.1,701786.0,752001.0
2025-06-20 10:39:53.836782,390.1,701786.0,752001.0
2025-06-20 10:39:54.638063,390.1,702760.0,755248.0
2025-06-20 10:39:54.730832,390.1,702760.0,755248.0
2025-06-20 10:39:55.047192,390.1,702760.0,755248.0
2025-06-20 10:39:56.266466,390.1,702760.0,755248.0
2025-06-20 10:39:56.715773,389.95,702760.0,755248.0
2025-06-20 10:39:57.888381,389.95,702760.0,755248.0
2025-06-20 10:40:00.549045,389.95,699906.0,758448.0
2025-06-20 10:40:00.716579,389.95,699906.0,758448.0
2025-06-20 10:40:02.728280,390.1,699906.0,758448.0
2025-06-20 10:40:04.767165,390.1,699906.0,758448.0
2025-06-20 10:40:06.547987,389.95,700398.0,756818.0
2025-06-20 10:40:06.753255,389.95,700398.0,756818.0
2025-06-20 10:40:08.732543,390.15,700398.0,756818.0
2025-06-20 10:40:10.722851,390.1,700398.0,756818.0
2025-06-20 10:40:12.453639,390.0,701920.0,750002.0
2025-06-20 10:40:12.730956,390.0,701920.0,750002.0
2025-06-20 10:40:15.735689,390.1,701920.0,750002.0
2025-06-20 10:40:18.571141,390.1,703622.0,749729.0
2025-06-20 10:40:18.737289,390.1,703622.0,749729.0
2025-06-20 10:40:21.730934,390.15,703622.0,749729.0
2025-06-20 10:40:24.371913,390.15,703467.0,750597.0
2025-06-20 10:40:24.752143,390.15,703467.0,750597.0
2025-06-20 10:40:27.755672,390.15,703467.0,750597.0
2025-06-20 10:40:29.745806,390.25,703467.0,750597.0
2025-06-20 10:40:30.168219,390.25,704192.0,748820.0
2025-06-20 10:40:31.738127,390.25,704192.0,748820.0
2025-06-20 10:40:33.750125,390.25,704192.0,748820.0
2025-06-20 10:40:35.586934,390.25,704211.0,749415.0
2025-06-20 10:40:37.725692,390.1,704211.0,749415.0
2025-06-20 10:40:39.738637,390.1,704211.0,749415.0
2025-06-20 10:40:41.182554,390.1,703557.0,750331.0
2025-06-20 10:40:41.731616,390.1,703557.0,750331.0
2025-06-20 10:40:43.728973,390.3,703557.0,750331.0
2025-06-20 10:40:46.786940,390.3,706252.0,748988.0
2025-06-20 10:40:47.741135,390.3,706252.0,748988.0
2025-06-20 10:40:49.727139,390.15,706252.0,748988.0
2025-06-20 10:40:51.722988,390.3,706252.0,748988.0
2025-06-20 10:40:52.585165,390.3,707726.0,740562.0
2025-06-20 10:40:55.735155,390.4,707726.0,740562.0
2025-06-20 10:40:58.290310,390.4,708985.0,738882.0
2025-06-20 10:40:58.738180,390.4,708985.0,738882.0
2025-06-20 10:41:00.733365,390.4,708985.0,738882.0
2025-06-20 10:41:04.191646,390.5,712571.0,729920.0
2025-06-20 10:41:04.729218,390.5,712571.0,729920.0
2025-06-20 10:41:08.727646,390.5,712571.0,729920.0
2025-06-20 10:41:10.604301,390.6,712901.0,733466.0
2025-06-20 10:41:10.742956,390.6,712901.0,733466.0
2025-06-20 10:41:13.732720,390.5,712901.0,733466.0
2025-06-20 10:41:16.702060,390.55,713367.0,734717.0
2025-06-20 10:41:16.735497,390.55,713367.0,734717.0
2025-06-20 10:41:19.754165,390.55,713367.0,734717.0
2025-06-20 10:41:22.305573,390.6,713293.0,729678.0
2025-06-20 10:41:22.730684,390.6,713293.0,729678.0
2025-06-20 10:41:25.730720,390.55,713293.0,729678.0
2025-06-20 10:41:28.248403,390.6,713092.0,732888.0
2025-06-20 10:41:28.746827,390.6,713092.0,732888.0
2025-06-20 10:41:32.739478,390.6,713092.0,732888.0
2025-06-20 10:41:34.525352,390.6,717975.0,731373.0
2025-06-20 10:41:36.734127,390.6,717975.0,731373.0
2025-06-20 10:41:39.749750,390.6,717975.0,731373.0
2025-06-20 10:41:40.830601,390.55,718391.0,734050.0
2025-06-20 10:41:42.754672,390.6,718391.0,734050.0
2025-06-20 10:41:45.740836,390.6,718391.0,734050.0
2025-06-20 10:41:47.038420,390.6,718171.0,734019.0
2025-06-20 10:41:49.790653,390.55,718171.0,734019.0
2025-06-20 10:41:51.761304,390.55,718171.0,734019.0
2025-06-20 10:41:52.327667,390.6,719989.0,731834.0
2025-06-20 10:41:53.736886,390.6,719989.0,731834.0
2025-06-20 10:41:55.732808,390.6,719989.0,731834.0
2025-06-20 10:41:57.725474,390.6,724066.0,730560.0
2025-06-20 10:41:59.737935,390.75,724066.0,730560.0
2025-06-20 10:42:02.764405,390.85,729333.0,726152.0
2025-06-20 10:42:03.802001,390.65,729333.0,726152.0
2025-06-20 10:42:05.737903,390.8,729333.0,726152.0
2025-06-20 10:42:07.748285,390.8,729333.0,726152.0
2025-06-20 10:42:08.234834,390.8,725163.0,726314.0
2025-06-20 10:42:11.746220,390.65,725163.0,726314.0
2025-06-20 10:42:13.745306,390.8,725163.0,726314.0
2025-06-20 10:42:13.757814,390.8,724779.0,730726.0
2025-06-20 10:42:15.735190,390.6,724779.0,730726.0
2025-06-20 10:42:17.745864,390.75,724779.0,730726.0
2025-06-20 10:42:19.477382,390.75,724460.0,736234.0
2025-06-20 10:42:19.750165,390.75,724460.0,736234.0
2025-06-20 10:42:21.733974,390.5,724460.0,736234.0
2025-06-20 10:42:23.730973,390.65,724460.0,736234.0
2025-06-20 10:42:25.310930,390.65,721772.0,737841.0
2025-06-20 10:42:27.747880,390.6,721772.0,737841.0
2025-06-20 10:42:29.742870,390.6,721772.0,737841.0
2025-06-20 10:42:31.054197,390.75,726257.0,734363.0
2025-06-20 10:42:31.791995,390.75,726257.0,734363.0
2025-06-20 10:42:33.778315,390.65,726257.0,734363.0
2025-06-20 10:42:36.956033,390.65,724166.0,735217.0
2025-06-20 10:42:37.780800,390.65,724166.0,735217.0
2025-06-20 10:42:41.987983,390.65,724166.0,735217.0
2025-06-20 10:42:42.654289,390.65,719064.0,740559.0
2025-06-20 10:42:44.807090,390.6,719064.0,740559.0
2025-06-20 10:42:45.065233,390.6,719064.0,740559.0
2025-06-20 10:42:46.164922,390.6,719064.0,740559.0
2025-06-20 10:42:47.478180,390.6,719064.0,740559.0
2025-06-20 10:42:47.800463,390.65,719064.0,740559.0
2025-06-20 10:42:48.101280,390.65,719064.0,740559.0
2025-06-20 10:42:48.566671,390.65,720120.0,739885.0
2025-06-20 10:42:49.117865,390.65,720120.0,739885.0
2025-06-20 10:42:50.552903,390.65,720120.0,739885.0
2025-06-20 10:42:50.812325,390.65,720120.0,739885.0
2025-06-20 10:42:51.864760,390.65,720120.0,739885.0
2025-06-20 10:42:52.800417,390.5,720120.0,739885.0
2025-06-20 10:42:52.871489,390.5,720120.0,739885.0
2025-06-20 10:42:54.389900,390.5,720120.0,739885.0
2025-06-20 10:42:54.462845,390.5,693294.0,741988.0
2025-06-20 10:42:54.741257,390.5,693294.0,741988.0
2025-06-20 10:42:55.670028,390.5,693294.0,741988.0
2025-06-20 10:42:56.735018,390.5,693294.0,741988.0
2025-06-20 10:42:56.901971,390.5,693294.0,741988.0
2025-06-20 10:42:58.590925,390.5,693294.0,741988.0
2025-06-20 10:42:58.741321,390.55,693294.0,741988.0
2025-06-20 10:43:01.219388,390.5,693552.0,744869.0
2025-06-20 10:43:01.249278,390.55,693552.0,744869.0
2025-06-20 10:43:02.752298,390.55,693552.0,744869.0
2025-06-20 10:43:04.734255,390.6,693552.0,744869.0
2025-06-20 10:43:05.265483,390.6,695459.0,742620.0
2025-06-20 10:43:06.744568,390.65,695459.0,742620.0
2025-06-20 10:43:08.739650,390.6,695459.0,742620.0
2025-06-20 10:43:10.574034,390.6,694207.0,743134.0
2025-06-20 10:43:10.741362,390.6,694207.0,743134.0
2025-06-20 10:43:12.746427,390.55,694207.0,743134.0
2025-06-20 10:43:14.757436,390.55,694207.0,743134.0
2025-06-20 10:43:15.969917,390.6,694495.0,743529.0
2025-06-20 10:43:16.745429,390.55,694495.0,743529.0
2025-06-20 10:43:20.745037,390.55,694495.0,743529.0
2025-06-20 10:43:21.788290,390.55,693873.0,742471.0
2025-06-20 10:43:22.740778,390.55,693873.0,742471.0
2025-06-20 10:43:24.738876,390.55,693873.0,742471.0
2025-06-20 10:43:26.734266,390.6,693873.0,742471.0
2025-06-20 10:43:27.380713,390.6,694250.0,742336.0
2025-06-20 10:43:28.766370,390.6,694250.0,742336.0
2025-06-20 10:43:30.742919,390.6,694250.0,742336.0
2025-06-20 10:43:32.989898,390.6,694394.0,745293.0
2025-06-20 10:43:34.739998,390.5,694394.0,745293.0
2025-06-20 10:43:36.738616,390.5,694394.0,745293.0
2025-06-20 10:43:38.687690,390.65,693752.0,743988.0
2025-06-20 10:43:38.746242,390.65,693752.0,743988.0
2025-06-20 10:43:40.738523,390.6,693752.0,743988.0
2025-06-20 10:43:43.902561,390.6,693842.0,747649.0
2025-06-20 10:43:48.762218,390.5,693842.0,747649.0
2025-06-20 10:43:49.293453,390.5,690633.0,756045.0
2025-06-20 10:43:50.752630,390.4,690633.0,756045.0
2025-06-20 10:43:52.740219,390.45,690633.0,756045.0
2025-06-20 10:43:54.750700,390.55,690633.0,756045.0
2025-06-20 10:43:55.100473,390.55,690956.0,754207.0
2025-06-20 10:43:56.753595,390.4,690956.0,754207.0
2025-06-20 10:43:58.745102,390.4,690956.0,754207.0
2025-06-20 10:44:00.601102,390.5,691239.0,750603.0
2025-06-20 10:44:00.975136,390.5,691239.0,750603.0
2025-06-20 10:44:04.769153,390.4,691239.0,750603.0
2025-06-20 10:44:06.254874,390.5,694027.0,750844.0
2025-06-20 10:44:06.750397,390.5,694027.0,750844.0
2025-06-20 10:44:08.745972,390.5,694027.0,750844.0
2025-06-20 10:44:10.791893,390.4,694027.0,750844.0
2025-06-20 10:44:11.540283,390.4,693048.0,756660.0
2025-06-20 10:44:14.745590,390.5,693048.0,756660.0
2025-06-20 10:44:16.771953,390.4,693048.0,756660.0
2025-06-20 10:44:17.316476,390.35,693102.0,758158.0
2025-06-20 10:44:18.758445,390.5,693102.0,758158.0
2025-06-20 10:44:20.783396,390.45,693102.0,758158.0
2025-06-20 10:44:23.045891,390.45,693877.0,759707.0
2025-06-20 10:44:24.748280,390.45,693877.0,759707.0
2025-06-20 10:44:26.757912,390.45,693877.0,759707.0
2025-06-20 10:44:28.621900,390.45,694739.0,758642.0
2025-06-20 10:44:30.764476,390.5,694739.0,758642.0
2025-06-20 10:44:32.762446,390.55,694739.0,758642.0
2025-06-20 10:44:34.125399,390.55,694026.0,758463.0
2025-06-20 10:44:36.761983,390.35,694026.0,758463.0
2025-06-20 10:44:38.788978,390.35,694026.0,758463.0
2025-06-20 10:44:39.629272,390.35,694012.0,757190.0
2025-06-20 10:44:40.758660,390.45,694012.0,757190.0
2025-06-20 10:44:42.748324,390.5,694012.0,757190.0
2025-06-20 10:44:44.747134,390.45,694012.0,757190.0
2025-06-20 10:44:45.045684,390.45,695491.0,757740.0
2025-06-20 10:44:46.766651,390.55,695491.0,757740.0
2025-06-20 10:44:48.758848,390.55,695491.0,757740.0
2025-06-20 10:44:50.443405,390.35,693865.0,759899.0
2025-06-20 10:44:50.756308,390.35,693865.0,759899.0
2025-06-20 10:44:54.745027,390.55,693865.0,759899.0
2025-06-20 10:44:55.572964,390.55,694335.0,758892.0
2025-06-20 10:44:58.750052,390.55,694335.0,758892.0
2025-06-20 10:45:00.640918,390.35,694134.0,759489.0
2025-06-20 10:45:00.743119,390.35,694134.0,759489.0
2025-06-20 10:45:02.759958,390.55,694134.0,759489.0
2025-06-20 10:45:05.774280,390.55,694134.0,759489.0
2025-06-20 10:45:06.347433,390.55,694069.0,758323.0
2025-06-20 10:45:08.750043,390.55,694069.0,758323.0
2025-06-20 10:45:11.650646,390.55,695557.0,755952.0
2025-06-20 10:45:11.754119,390.55,695557.0,755952.0
2025-06-20 10:45:14.777431,390.55,695557.0,755952.0
2025-06-20 10:45:17.072095,390.45,694079.0,756959.0
2025-06-20 10:45:17.768968,390.45,694079.0,756959.0
2025-06-20 10:45:20.763778,390.55,694079.0,756959.0
2025-06-20 10:45:22.959849,390.55,694330.0,757006.0
2025-06-20 10:45:26.763276,390.55,694330.0,757006.0
2025-06-20 10:45:28.265119,390.55,693951.0,758811.0
2025-06-20 10:45:28.761216,390.55,693951.0,758811.0
2025-06-20 10:45:30.754476,390.45,693951.0,758811.0
2025-06-20 10:45:32.794804,390.45,693951.0,758811.0
2025-06-20 10:45:33.365376,390.5,693655.0,759234.0
2025-06-20 10:45:34.752480,390.45,693655.0,759234.0
2025-06-20 10:45:36.758869,390.5,693655.0,759234.0
2025-06-20 10:45:38.581242,390.45,694143.0,758581.0
2025-06-20 10:45:38.758227,390.45,694143.0,758581.0
2025-06-20 10:45:40.755062,390.55,694143.0,758581.0
2025-06-20 10:45:42.759954,390.5,694143.0,758581.0
2025-06-20 10:45:44.278041,390.5,695951.0,757157.0
2025-06-20 10:45:45.475780,390.5,695951.0,757157.0
2025-06-20 10:45:46.207068,390.5,695951.0,757157.0
2025-06-20 10:45:47.184510,390.5,695951.0,757157.0
2025-06-20 10:45:48.276414,390.5,695951.0,757157.0
2025-06-20 10:45:49.314658,390.5,695951.0,757157.0
2025-06-20 10:45:49.592870,390.55,696437.0,756185.0
2025-06-20 10:45:49.717993,390.55,696437.0,756185.0
2025-06-20 10:45:50.716206,390.55,696437.0,756185.0
2025-06-20 10:45:50.751670,390.5,696437.0,756185.0
2025-06-20 10:45:52.157453,390.5,696437.0,756185.0
2025-06-20 10:45:52.748526,390.5,696437.0,756185.0
2025-06-20 10:45:53.109176,390.5,696437.0,756185.0
2025-06-20 10:45:53.752393,390.5,696437.0,756185.0
2025-06-20 10:45:54.664436,390.5,696437.0,756185.0
2025-06-20 10:45:55.194428,390.55,695533.0,756054.0
2025-06-20 10:45:55.880645,390.55,695533.0,756054.0
2025-06-20 10:45:56.752180,390.5,695533.0,756054.0
2025-06-20 10:45:57.232104,390.5,695533.0,756054.0
2025-06-20 10:45:58.855602,390.5,695533.0,756054.0
2025-06-20 10:46:00.691970,390.9,704012.0,704316.0
2025-06-20 10:46:00.743226,390.9,704012.0,704316.0
2025-06-20 10:46:02.808052,390.85,704012.0,704316.0
2025-06-20 10:46:04.747813,390.95,704012.0,704316.0
2025-06-20 10:46:05.890442,390.95,705952.0,706225.0
2025-06-20 10:46:06.750387,390.9,705952.0,706225.0
2025-06-20 10:46:08.759826,390.7,705952.0,706225.0
2025-06-20 10:46:10.752937,390.7,705952.0,706225.0
2025-06-20 10:46:11.392635,390.7,700233.0,728348.0
2025-06-20 10:46:14.752320,390.85,700233.0,728348.0
2025-06-20 10:46:16.750186,390.7,700233.0,728348.0
2025-06-20 10:46:16.802730,390.7,703434.0,729501.0
2025-06-20 10:46:17.753029,390.8,703434.0,729501.0
2025-06-20 10:46:20.754968,390.85,703434.0,729501.0
2025-06-20 10:46:22.301128,390.75,701636.0,730264.0
2025-06-20 10:46:22.753537,390.75,701636.0,730264.0
2025-06-20 10:46:25.803946,390.7,701636.0,730264.0
2025-06-20 10:46:28.412219,390.6,702096.0,731447.0
2025-06-20 10:46:28.761926,390.6,702096.0,731447.0
2025-06-20 10:46:31.760884,390.6,702096.0,731447.0
2025-06-20 10:46:33.937949,390.8,702485.0,729686.0
2025-06-20 10:46:34.783512,390.8,702485.0,729686.0
2025-06-20 10:46:37.749084,390.7,702485.0,729686.0
2025-06-20 10:46:39.115143,390.7,702895.0,730078.0
2025-06-20 10:46:41.753737,390.7,702895.0,730078.0
2025-06-20 10:46:43.756612,390.7,702895.0,730078.0
2025-06-20 10:46:44.319363,390.7,701424.0,731562.0
2025-06-20 10:46:47.816589,390.7,701424.0,731562.0
2025-06-20 10:46:49.934925,390.6,703945.0,729270.0
2025-06-20 10:46:51.760996,390.7,703945.0,729270.0
2025-06-20 10:46:53.761047,390.6,703945.0,729270.0
2025-06-20 10:46:55.231057,390.6,701567.0,729489.0
2025-06-20 10:46:55.768809,390.6,701567.0,729489.0
2025-06-20 10:47:00.538367,390.6,702648.0,730414.0
2025-06-20 10:47:01.760191,390.6,702648.0,730414.0
2025-06-20 10:47:03.761051,390.7,702648.0,730414.0
2025-06-20 10:47:05.763998,390.6,702648.0,730414.0
2025-06-20 10:47:05.830103,390.6,703590.0,730030.0
2025-06-20 10:47:07.754985,390.7,703590.0,730030.0
2025-06-20 10:47:09.766975,390.65,703590.0,730030.0
2025-06-20 10:47:11.068826,390.7,705147.0,729034.0
2025-06-20 10:47:11.777188,390.7,705147.0,729034.0
2025-06-20 10:47:13.775612,390.7,705147.0,729034.0
2025-06-20 10:47:15.783466,390.65,705147.0,729034.0
2025-06-20 10:47:16.549623,390.65,703473.0,729457.0
2025-06-20 10:47:17.758643,390.65,703473.0,729457.0
2025-06-20 10:47:19.775177,390.55,703473.0,729457.0
2025-06-20 10:47:21.762993,390.5,703473.0,729457.0
2025-06-20 10:47:22.141556,390.5,702175.0,733611.0
2025-06-20 10:47:24.760925,390.5,702175.0,733611.0
2025-06-20 10:47:28.453850,390.7,703452.0,728990.0
2025-06-20 10:47:30.784313,390.55,703452.0,728990.0
2025-06-20 10:47:33.777692,390.55,703452.0,728990.0
2025-06-20 10:47:34.150216,390.55,704410.0,728620.0
2025-06-20 10:47:36.803173,390.55,704410.0,728620.0
2025-06-20 10:47:39.459515,390.55,704805.0,730329.0
2025-06-20 10:47:39.756977,390.55,704805.0,730329.0
2025-06-20 10:47:41.770496,390.65,704805.0,730329.0
2025-06-20 10:47:43.756285,390.6,704805.0,730329.0
2025-06-20 10:47:44.860177,390.6,705117.0,728194.0
2025-06-20 10:47:45.763345,390.6,705117.0,728194.0
2025-06-20 10:47:49.755658,390.65,705117.0,728194.0
2025-06-20 10:47:50.264903,390.65,706738.0,729719.0
2025-06-20 10:47:51.773033,390.85,706738.0,729719.0
2025-06-20 10:47:53.767877,390.85,706738.0,729719.0
2025-06-20 10:47:55.758941,390.7,706738.0,729719.0
2025-06-20 10:47:56.074654,390.7,707934.0,726994.0
2025-06-20 10:48:01.760075,390.85,707934.0,726994.0
2025-06-20 10:48:01.789383,390.85,708698.0,726658.0
2025-06-20 10:48:05.805829,390.7,708698.0,726658.0
2025-06-20 10:48:07.494763,390.85,709141.0,726897.0
2025-06-20 10:48:07.780822,390.85,709141.0,726897.0
2025-06-20 10:48:09.768019,390.85,709141.0,726897.0
2025-06-20 10:48:11.763872,390.7,709141.0,726897.0
2025-06-20 10:48:12.977935,390.7,709145.0,729178.0
2025-06-20 10:48:13.775597,390.7,709145.0,729178.0
2025-06-20 10:48:15.781342,390.8,709145.0,729178.0
2025-06-20 10:48:17.758747,390.85,709145.0,729178.0
2025-06-20 10:48:18.279920,390.75,709212.0,730222.0
2025-06-20 10:48:19.769269,390.75,709212.0,730222.0
2025-06-20 10:48:21.784609,390.75,709212.0,730222.0
2025-06-20 10:48:23.767622,390.85,709212.0,730222.0
2025-06-20 10:48:23.823690,390.85,709186.0,728767.0
2025-06-20 10:48:25.763522,390.8,709186.0,728767.0
2025-06-20 10:48:27.883139,390.75,709186.0,728767.0
2025-06-20 10:48:29.718491,390.75,709746.0,729567.0
2025-06-20 10:48:31.771153,390.75,709746.0,729567.0
2025-06-20 10:48:32.812822,390.8,709746.0,729567.0
2025-06-20 10:48:34.886543,390.75,710054.0,729728.0
2025-06-20 10:48:35.786186,390.75,710054.0,729728.0
2025-06-20 10:48:37.827138,390.8,710054.0,729728.0
2025-06-20 10:48:39.769400,390.75,710054.0,729728.0
2025-06-20 10:48:40.299671,390.75,711388.0,730128.0
2025-06-20 10:48:41.766694,390.75,711388.0,730128.0
2025-06-20 10:48:43.766765,390.75,711388.0,730128.0
2025-06-20 10:48:45.769509,390.75,711388.0,730128.0
2025-06-20 10:48:46.017212,390.75,711388.0,730128.0
2025-06-20 10:48:46.026874,390.75,711192.0,729648.0
2025-06-20 10:48:46.360654,390.75,711192.0,729648.0
2025-06-20 10:48:47.111001,390.75,711192.0,729648.0
2025-06-20 10:48:47.764154,390.75,711192.0,729648.0
2025-06-20 10:48:48.114123,390.75,711192.0,729648.0
2025-06-20 10:48:49.334376,390.75,711192.0,729648.0
2025-06-20 10:48:49.764501,390.75,711192.0,729648.0
2025-06-20 10:48:49.889221,390.75,711192.0,729648.0
2025-06-20 10:48:50.321715,390.75,711192.0,729648.0
2025-06-20 10:48:51.285801,390.75,711192.0,729648.0
2025-06-20 10:48:51.541727,390.75,710822.0,729344.0
2025-06-20 10:48:52.688761,390.75,710822.0,729344.0
2025-06-20 10:48:53.632757,390.75,710822.0,729344.0
2025-06-20 10:48:53.781559,390.75,710822.0,729344.0
2025-06-20 10:48:55.173552,390.75,710822.0,729344.0
2025-06-20 10:48:56.526545,390.75,710822.0,729344.0
2025-06-20 10:48:56.905630,390.75,710768.0,730555.0
2025-06-20 10:48:57.718886,390.75,710768.0,730555.0
2025-06-20 10:48:59.341517,390.75,710768.0,730555.0
2025-06-20 10:48:59.772169,390.75,710768.0,730555.0
2025-06-20 10:49:02.308997,390.75,711802.0,731034.0
2025-06-20 10:49:02.770813,390.75,711802.0,731034.0
2025-06-20 10:49:05.766841,390.85,711802.0,731034.0
2025-06-20 10:49:08.210796,390.75,711363.0,729030.0
2025-06-20 10:49:08.770929,390.75,711363.0,729030.0
2025-06-20 10:49:11.774082,390.7,711363.0,729030.0
2025-06-20 10:49:13.822403,390.7,711469.0,729194.0
2025-06-20 10:49:14.792294,390.85,711469.0,729194.0
2025-06-20 10:49:19.322103,390.85,712589.0,729154.0
2025-06-20 10:49:20.764294,390.85,712589.0,729154.0
2025-06-20 10:49:22.773036,390.7,712589.0,729154.0
2025-06-20 10:49:24.722742,390.7,712926.0,729506.0
2025-06-20 10:49:26.779720,390.85,712926.0,729506.0
2025-06-20 10:49:28.769136,390.85,712926.0,729506.0
2025-06-20 10:49:30.537663,390.9,713745.0,723791.0
2025-06-20 10:49:30.766923,390.8,713745.0,723791.0
2025-06-20 10:49:32.786044,390.8,713745.0,723791.0
2025-06-20 10:49:34.771122,390.9,713745.0,723791.0
2025-06-20 10:49:36.048139,390.85,711764.0,724122.0
2025-06-20 10:49:36.767019,390.85,711764.0,724122.0
2025-06-20 10:49:40.777777,390.85,711764.0,724122.0
2025-06-20 10:49:41.334246,390.85,712737.0,724706.0
2025-06-20 10:49:42.771039,390.9,712737.0,724706.0
2025-06-20 10:49:43.789914,390.85,712737.0,724706.0
2025-06-20 10:49:46.740898,390.9,712988.0,725601.0
2025-06-20 10:49:46.791578,390.9,712988.0,725601.0
2025-06-20 10:49:48.816938,390.85,712988.0,725601.0
2025-06-20 10:49:50.781049,390.85,712988.0,725601.0
2025-06-20 10:49:52.055289,390.85,712101.0,725060.0
2025-06-20 10:49:52.767462,390.85,712101.0,725060.0
2025-06-20 10:49:54.806181,390.85,712101.0,725060.0
2025-06-20 10:49:57.346914,390.85,712752.0,724308.0
2025-06-20 10:50:00.826924,390.85,712752.0,724308.0
2025-06-20 10:50:02.453801,390.85,712892.0,724386.0
2025-06-20 10:50:07.961440,390.85,713034.0,724644.0
2025-06-20 10:50:13.082932,390.85,714457.0,724193.0
2025-06-20 10:50:16.979008,390.85,714457.0,724193.0
2025-06-20 10:50:18.810868,390.85,714457.0,724193.0
2025-06-20 10:50:18.977762,390.85,713520.0,723794.0
2025-06-20 10:50:20.836538,390.85,713520.0,723794.0
2025-06-20 10:50:22.799836,390.85,713520.0,723794.0
2025-06-20 10:50:24.372539,390.85,713494.0,724278.0
2025-06-20 10:50:25.008636,390.85,713494.0,724278.0
2025-06-20 10:50:26.847590,390.95,713494.0,724278.0
2025-06-20 10:50:29.012030,390.9,713494.0,724278.0
2025-06-20 10:50:29.604573,390.9,716746.0,716024.0
2025-06-20 10:50:32.813207,390.95,716746.0,716024.0
2025-06-20 10:50:34.793034,391.2,716746.0,716024.0
2025-06-20 10:50:35.083701,391.2,721474.0,707130.0
2025-06-20 10:50:36.815840,391.1,721474.0,707130.0
2025-06-20 10:50:40.025169,391.2,721474.0,707130.0
2025-06-20 10:50:40.681719,391.05,721322.0,706616.0
2025-06-20 10:50:42.779152,391.05,721322.0,706616.0
2025-06-20 10:50:45.775587,391.3,721322.0,706616.0
2025-06-20 10:50:46.288353,391.25,721144.0,706324.0
2025-06-20 10:50:48.788816,391.3,721144.0,706324.0
2025-06-20 10:50:51.687956,391.3,720992.0,707135.0
2025-06-20 10:50:52.815093,391.1,720992.0,707135.0
2025-06-20 10:50:53.789020,391.2,720992.0,707135.0
2025-06-20 10:50:56.780910,391.3,720992.0,707135.0
2025-06-20 10:50:57.097222,391.3,721092.0,708081.0
2025-06-20 10:50:58.773716,391.3,721092.0,708081.0
2025-06-20 10:51:00.775094,391.3,721092.0,708081.0
2025-06-20 10:51:02.498881,391.3,721776.0,707907.0
2025-06-20 10:51:03.794990,391.3,721776.0,707907.0
2025-06-20 10:51:06.787918,391.3,721776.0,707907.0
2025-06-20 10:51:08.006669,391.3,721696.0,708278.0
2025-06-20 10:51:10.781190,391.2,721696.0,708278.0
2025-06-20 10:51:13.509310,391.2,750168.0,708881.0
2025-06-20 10:51:14.830480,391.3,750168.0,708881.0
2025-06-20 10:51:16.792651,391.2,750168.0,708881.0
2025-06-20 10:51:18.800708,391.3,750168.0,708881.0
2025-06-20 10:51:18.824624,391.3,750697.0,708557.0
2025-06-20 10:51:20.807810,391.3,750697.0,708557.0
2025-06-20 10:51:22.817696,391.3,750697.0,708557.0
2025-06-20 10:51:24.437150,391.3,751436.0,708091.0
2025-06-20 10:51:24.796730,391.3,751436.0,708091.0
2025-06-20 10:51:28.833793,391.1,751436.0,708091.0
2025-06-20 10:51:29.944774,391.1,743723.0,719568.0
2025-06-20 10:51:32.792338,390.95,743723.0,719568.0
2025-06-20 10:51:35.431835,390.9,741534.0,726644.0
2025-06-20 10:51:36.787510,391.05,741534.0,726644.0
2025-06-20 10:51:37.799830,391.1,741534.0,726644.0
2025-06-20 10:51:40.798358,391.15,741534.0,726644.0
2025-06-20 10:51:41.026787,391.15,743484.0,720876.0
2025-06-20 10:51:44.818459,391.3,743484.0,720876.0
2025-06-20 10:51:46.481315,391.3,743484.0,720876.0
2025-06-20 10:51:46.540366,391.1,742179.0,713716.0
2025-06-20 10:51:46.797355,391.1,742179.0,713716.0
2025-06-20 10:51:46.860880,391.1,742179.0,713716.0
2025-06-20 10:51:47.191306,391.1,742179.0,713716.0
2025-06-20 10:51:48.219132,391.1,742179.0,713716.0
2025-06-20 10:51:49.292769,391.1,742179.0,713716.0
2025-06-20 10:51:50.339424,391.1,742179.0,713716.0
2025-06-20 10:51:51.819762,391.1,742179.0,713716.0
2025-06-20 10:51:52.443299,391.1,743789.0,714271.0
2025-06-20 10:51:53.320268,391.1,743789.0,714271.0
2025-06-20 10:51:54.090467,391.1,743789.0,714271.0
2025-06-20 10:51:55.627125,391.1,743789.0,714271.0
2025-06-20 10:51:56.873879,391.1,743789.0,714271.0
2025-06-20 10:51:58.122257,391.1,743789.0,714271.0
2025-06-20 10:51:58.134443,391.1,744424.0,713374.0
2025-06-20 10:51:58.796904,391.3,744424.0,713374.0
2025-06-20 10:51:59.783003,391.3,744424.0,713374.0
2025-06-20 10:52:00.790288,391.15,744424.0,713374.0
2025-06-20 10:52:04.134656,391.1,745631.0,713457.0
2025-06-20 10:52:04.791357,391.1,745631.0,713457.0
2025-06-20 10:52:06.800887,391.1,745631.0,713457.0
2025-06-20 10:52:09.568763,391.15,744240.0,714018.0
2025-06-20 10:52:10.798246,391.15,744240.0,714018.0
2025-06-20 10:52:14.798805,391.3,744240.0,714018.0
2025-06-20 10:52:15.244770,391.3,746113.0,714396.0
2025-06-20 10:52:16.784157,391.3,746113.0,714396.0
2025-06-20 10:52:18.799655,391.2,746113.0,714396.0
2025-06-20 10:52:20.790642,391.2,746113.0,714396.0
2025-06-20 10:52:20.847466,391.2,745360.0,715673.0
2025-06-20 10:52:24.782944,391.2,745360.0,715673.0
2025-06-20 10:52:26.155051,391.2,746487.0,714405.0
2025-06-20 10:52:28.788096,391.2,746487.0,714405.0
2025-06-20 10:52:30.796924,391.25,746487.0,714405.0
2025-06-20 10:52:31.466861,391.25,749836.0,710627.0
2025-06-20 10:52:34.836658,391.5,749836.0,710627.0
2025-06-20 10:52:36.786762,391.4,749836.0,710627.0
2025-06-20 10:52:37.067067,391.4,747519.0,704892.0
2025-06-20 10:52:38.790219,391.5,747519.0,704892.0
2025-06-20 10:52:40.784941,391.5,747519.0,704892.0
2025-06-20 10:52:42.610398,391.5,742659.0,704889.0
2025-06-20 10:52:44.786333,391.25,742659.0,704889.0
2025-06-20 10:52:46.798092,391.25,742659.0,704889.0
2025-06-20 10:52:47.870021,391.25,744020.0,712533.0
2025-06-20 10:52:48.798473,391.2,744020.0,712533.0
2025-06-20 10:52:52.798709,391.35,744020.0,712533.0
2025-06-20 10:52:53.272724,391.35,742967.0,719192.0
2025-06-20 10:52:54.894487,391.35,742967.0,719192.0
2025-06-20 10:52:56.792055,391.35,742967.0,719192.0
2025-06-20 10:52:58.676372,391.2,742637.0,718819.0
2025-06-20 10:52:58.798197,391.2,742637.0,718819.0
2025-06-20 10:53:00.791373,391.2,742637.0,718819.0
2025-06-20 10:53:03.801552,391.3,742637.0,718819.0
2025-06-20 10:53:04.278462,391.1,721451.0,738735.0
2025-06-20 10:53:06.785669,390.95,721451.0,738735.0
2025-06-20 10:53:10.482060,390.7,735775.0,737241.0
2025-06-20 10:53:10.791722,390.7,735775.0,737241.0
2025-06-20 10:53:14.791061,391.1,735775.0,737241.0
2025-06-20 10:53:16.385085,390.9,737362.0,731231.0
2025-06-20 10:53:16.791235,390.9,737362.0,731231.0
2025-06-20 10:53:18.784309,390.9,737362.0,731231.0
2025-06-20 10:53:20.805927,390.9,737362.0,731231.0
2025-06-20 10:53:21.890963,390.9,737418.0,731883.0
2025-06-20 10:53:22.810073,390.9,737418.0,731883.0
2025-06-20 10:53:24.787178,391.0,737418.0,731883.0
2025-06-20 10:53:26.787207,391.0,737418.0,731883.0
2025-06-20 10:53:27.392434,391.0,739615.0,729504.0
2025-06-20 10:53:32.788509,390.95,739615.0,729504.0
2025-06-20 10:53:32.894452,390.95,738178.0,730982.0
2025-06-20 10:53:34.789050,390.9,738178.0,730982.0
2025-06-20 10:53:36.792413,391.0,738178.0,730982.0
2025-06-20 10:53:38.401425,391.0,738818.0,730784.0
2025-06-20 10:53:40.788750,390.95,738818.0,730784.0
2025-06-20 10:53:42.869060,391.0,738818.0,730784.0
2025-06-20 10:53:44.008614,391.05,742400.0,724515.0
2025-06-20 10:53:44.788948,391.05,742400.0,724515.0
2025-06-20 10:53:49.419291,391.05,740788.0,726775.0
2025-06-20 10:53:50.838641,391.15,740788.0,726775.0
2025-06-20 10:53:52.803241,391.15,740788.0,726775.0
2025-06-20 10:53:54.808780,391.05,740788.0,726775.0
2025-06-20 10:53:54.939205,391.05,741607.0,726816.0
2025-06-20 10:53:56.803963,391.15,741607.0,726816.0
2025-06-20 10:53:58.800879,391.05,741607.0,726816.0
2025-06-20 10:54:00.513606,391.05,740099.0,729533.0
2025-06-20 10:54:00.791696,391.05,740099.0,729533.0
2025-06-20 10:54:01.429313,391.05,740137.0,728807.0
2025-06-20 10:54:01.803762,391.05,740137.0,728807.0
2025-06-20 10:54:02.430246,391.05,740245.0,728807.0
2025-06-20 10:54:02.802345,391.05,740245.0,728807.0
2025-06-20 10:54:03.449898,391.05,740335.0,729057.0
2025-06-20 10:54:03.835493,391.05,740335.0,729057.0
2025-06-20 10:54:04.613935,391.05,740412.0,728958.0
2025-06-20 10:54:05.718420,391.05,740173.0,729589.0
2025-06-20 10:54:05.802826,391.05,740173.0,729589.0
2025-06-20 10:54:06.823328,391.05,740433.0,729443.0
2025-06-20 10:54:07.717870,391.15,741251.0,728287.0
2025-06-20 10:54:07.809061,391.15,741251.0,728287.0
2025-06-20 10:54:08.820874,391.15,741419.0,728287.0
2025-06-20 10:54:09.791694,391.05,741419.0,728287.0
2025-06-20 10:54:09.927441,391.05,741212.0,727870.0
2025-06-20 10:54:10.932187,391.05,741258.0,728148.0
2025-06-20 10:54:12.015350,391.05,741214.0,728071.0
2025-06-20 10:54:12.965326,391.05,741296.0,728081.0
2025-06-20 10:54:13.835338,391.05,741296.0,728081.0
2025-06-20 10:54:14.117587,391.05,741832.0,728250.0
2025-06-20 10:54:14.790338,391.15,741832.0,728250.0
2025-06-20 10:54:15.219777,391.15,741603.0,728309.0
2025-06-20 10:54:16.319819,391.15,741664.0,728229.0
2025-06-20 10:54:16.801046,391.05,741664.0,728229.0
2025-06-20 10:54:17.432209,391.05,741582.0,728270.0
2025-06-20 10:54:17.793220,391.05,741582.0,728270.0
2025-06-20 10:54:18.321235,391.05,741643.0,728423.0
2025-06-20 10:54:19.432226,391.05,741672.0,728757.0
2025-06-20 10:54:19.798413,391.05,741672.0,728757.0
2025-06-20 10:54:20.525854,391.15,741348.0,728812.0
2025-06-20 10:54:20.790702,391.15,741348.0,728812.0
2025-06-20 10:54:21.626446,391.15,741517.0,728622.0
2025-06-20 10:54:22.626291,391.15,741777.0,728358.0
2025-06-20 10:54:22.805505,391.15,741777.0,728358.0
2025-06-20 10:54:23.626744,391.1,741614.0,728248.0
2025-06-20 10:54:23.791336,391.1,741614.0,728248.0
2025-06-20 10:54:24.724260,391.1,741681.0,728338.0
2025-06-20 10:54:25.793711,391.05,741681.0,728338.0
2025-06-20 10:54:25.827021,391.05,741956.0,728129.0
2025-06-20 10:54:26.799090,391.05,741956.0,728129.0
2025-06-20 10:54:26.938359,391.05,742011.0,728360.0
2025-06-20 10:54:28.028527,391.05,742011.0,728191.0
2025-06-20 10:54:28.805804,391.05,742011.0,728191.0
2025-06-20 10:54:29.031370,391.0,740908.0,729638.0
2025-06-20 10:54:29.799881,391.0,740908.0,729638.0
2025-06-20 10:54:30.131989,391.0,740498.0,729779.0
2025-06-20 10:54:30.800314,391.0,740498.0,729779.0
2025-06-20 10:54:31.232557,391.0,740371.0,729851.0
2025-06-20 10:54:32.334846,391.0,740333.0,729624.0
2025-06-20 10:54:32.800451,391.0,740333.0,729624.0
2025-06-20 10:54:33.439755,391.0,740366.0,729783.0
2025-06-20 10:54:33.802602,391.0,740366.0,729783.0
2025-06-20 10:54:34.342321,391.0,740366.0,730038.0
2025-06-20 10:54:35.337350,391.0,740344.0,730124.0
2025-06-20 10:54:36.444735,391.1,740085.0,729678.0
2025-06-20 10:54:36.792671,391.1,740085.0,729678.0
2025-06-20 10:54:37.633655,391.1,740213.0,729657.0
2025-06-20 10:54:37.793698,391.1,740213.0,729657.0
2025-06-20 10:54:38.638845,391.1,740485.0,729724.0
2025-06-20 10:54:39.640676,391.0,740802.0,729658.0
2025-06-20 10:54:39.790435,391.0,740802.0,729658.0
2025-06-20 10:54:40.639605,391.0,740940.0,730246.0
2025-06-20 10:54:40.812214,391.0,740940.0,730246.0
2025-06-20 10:54:41.742239,391.0,741518.0,729832.0
2025-06-20 10:54:42.795214,391.0,741518.0,729832.0
2025-06-20 10:54:42.843765,391.0,741147.0,730651.0
2025-06-20 10:54:43.793341,391.0,741147.0,730651.0
2025-06-20 10:54:43.953834,391.0,741139.0,730592.0
2025-06-20 10:54:44.951164,391.0,741179.0,730438.0
2025-06-20 10:54:45.802934,391.1,741179.0,730438.0
2025-06-20 10:54:45.942510,391.1,741337.0,730131.0
2025-06-20 10:54:46.945225,391.1,741337.0,729923.0
2025-06-20 10:54:47.404439,391.1,741337.0,729923.0
2025-06-20 10:54:47.950308,391.1,741337.0,730109.0
2025-06-20 10:54:48.246046,391.1,741337.0,730109.0
2025-06-20 10:54:48.954312,391.15,745350.0,713600.0
2025-06-20 10:54:49.286569,391.15,745350.0,713600.0
2025-06-20 10:54:49.799038,391.1,745350.0,713600.0
2025-06-20 10:54:49.958380,391.1,745350.0,713600.0
2025-06-20 10:54:49.958561,391.15,747124.0,716911.0
2025-06-20 10:54:50.623302,391.15,747124.0,716911.0
2025-06-20 10:54:50.800931,391.15,747124.0,716911.0
2025-06-20 10:54:50.845680,391.15,743864.0,718477.0
2025-06-20 10:54:51.175953,391.15,743864.0,718477.0
2025-06-20 10:54:51.846845,391.15,743700.0,718536.0
2025-06-20 10:54:52.542536,391.15,743700.0,718536.0
2025-06-20 10:54:52.797059,391.15,743700.0,718536.0
2025-06-20 10:54:52.848129,391.15,743604.0,718725.0
2025-06-20 10:54:53.880167,391.15,744632.0,717966.0
2025-06-20 10:54:53.900298,391.15,744632.0,717966.0
2025-06-20 10:54:54.849051,391.15,746239.0,715025.0
2025-06-20 10:54:54.870646,391.15,746239.0,715025.0
2025-06-20 10:54:55.830000,391.35,746239.0,715025.0
2025-06-20 10:54:55.850712,391.35,746108.0,715317.0
2025-06-20 10:54:56.447142,391.35,746108.0,715317.0
2025-06-20 10:54:56.797184,391.2,746108.0,715317.0
2025-06-20 10:54:56.852832,391.2,745310.0,715334.0
2025-06-20 10:54:57.693567,391.2,745310.0,715334.0
2025-06-20 10:54:57.792872,391.2,745310.0,715334.0
2025-06-20 10:54:57.850047,391.2,745250.0,715337.0
2025-06-20 10:54:58.806061,391.2,745250.0,715337.0
2025-06-20 10:54:58.850127,391.2,744895.0,715547.0
2025-06-20 10:54:58.998600,391.2,744895.0,715547.0
2025-06-20 10:54:59.800751,391.35,744895.0,715547.0
2025-06-20 10:54:59.952267,391.35,744712.0,715704.0
2025-06-20 10:55:00.659026,391.35,744712.0,715704.0
2025-06-20 10:55:05.460605,391.35,745601.0,715931.0
2025-06-20 10:55:08.800697,391.2,745601.0,715931.0
2025-06-20 10:55:10.801371,391.25,745601.0,715931.0
2025-06-20 10:55:11.080566,391.35,745134.0,713318.0
2025-06-20 10:55:12.798654,391.25,745134.0,713318.0
2025-06-20 10:55:14.807998,391.25,745134.0,713318.0
2025-06-20 10:55:16.819185,391.25,745134.0,713318.0
2025-06-20 10:55:16.863448,391.25,744365.0,713383.0
2025-06-20 10:55:18.821141,391.35,744365.0,713383.0
2025-06-20 10:55:20.801008,391.45,744365.0,713383.0
2025-06-20 10:55:22.374252,391.45,748212.0,713809.0
2025-06-20 10:55:22.813967,391.45,748212.0,713809.0
2025-06-20 10:55:24.806355,391.25,748212.0,713809.0
2025-06-20 10:55:26.797053,391.4,748212.0,713809.0
2025-06-20 10:55:28.104855,391.4,749076.0,712487.0
2025-06-20 10:55:30.799271,391.4,749076.0,712487.0
2025-06-20 10:55:32.798122,391.4,749076.0,712487.0
2025-06-20 10:55:33.880935,391.55,745767.0,708406.0
2025-06-20 10:55:34.806520,391.55,745767.0,708406.0
2025-06-20 10:55:36.796824,391.4,745767.0,708406.0
2025-06-20 10:55:39.283323,391.55,744933.0,708643.0
2025-06-20 10:55:40.807560,391.6,744933.0,708643.0
2025-06-20 10:55:42.805010,391.5,744933.0,708643.0
2025-06-20 10:55:44.503280,391.4,752965.0,708229.0
2025-06-20 10:55:44.807067,391.4,752965.0,708229.0
2025-06-20 10:55:46.797067,391.6,752965.0,708229.0
2025-06-20 10:55:48.808564,391.65,752965.0,708229.0
2025-06-20 10:55:49.692175,391.65,754436.0,704820.0
2025-06-20 10:55:50.800879,391.6,754436.0,704820.0
2025-06-20 10:55:52.441616,391.6,754436.0,704820.0
2025-06-20 10:55:54.800646,391.55,754436.0,704820.0
2025-06-20 10:55:54.805164,391.55,753855.0,705813.0
2025-06-20 10:55:56.805634,391.75,753855.0,705813.0
2025-06-20 10:55:58.796188,391.6,753855.0,705813.0
2025-06-20 10:55:59.806843,391.6,753855.0,705813.0
2025-06-20 10:55:59.807558,391.6,746840.0,719974.0
2025-06-20 10:56:02.818034,391.05,746840.0,719974.0
2025-06-20 10:56:04.903296,391.05,733644.0,731651.0
2025-06-20 10:56:06.821069,391.35,733644.0,731651.0
2025-06-20 10:56:10.114357,391.4,738084.0,726833.0
2025-06-20 10:56:10.815007,391.15,738084.0,726833.0
2025-06-20 10:56:14.817070,391.15,738084.0,726833.0
2025-06-20 10:56:15.206601,391.15,735880.0,729540.0
2025-06-20 10:56:16.803486,391.3,735880.0,729540.0
2025-06-20 10:56:18.818851,391.15,735880.0,729540.0
2025-06-20 10:56:20.512544,391.15,735537.0,731134.0
2025-06-20 10:56:20.800561,391.15,735537.0,731134.0
2025-06-20 11:07:08.563449,390.0,696291.0,795925.0
2025-06-20 11:07:08.675625,390.0,695050.0,794959.0
2025-06-20 11:07:08.856220,390.0,695050.0,794959.0
2025-06-20 11:07:09.851937,389.95,695050.0,794959.0
2025-06-20 12:03:29.505658,388.05,623092.0,939788.0
2025-06-20 12:03:29.671152,388.05,622890.0,939748.0
2025-06-20 12:03:30.075328,388.1,622890.0,939748.0
2025-06-20 12:03:30.767990,388.1,623086.0,941333.0
2025-06-20 12:03:31.083458,388.05,623086.0,941333.0
2025-06-20 12:03:31.672103,388.1,622785.0,939911.0
2025-06-20 12:03:32.074767,388.05,622785.0,939911.0
2025-06-20 12:03:32.770773,388.05,621290.0,942799.0
2025-06-20 12:03:33.079183,388.0,621290.0,942799.0
2025-06-20 12:03:33.772045,388.0,621479.0,937986.0
2025-06-20 12:03:34.870579,388.0,619412.0,938386.0
2025-06-20 12:03:35.123450,388.0,619412.0,938386.0
2025-06-20 12:03:35.870622,388.0,620593.0,939513.0
2025-06-20 12:03:36.071008,388.0,620593.0,939513.0
2025-06-20 12:03:36.776612,388.0,620243.0,940694.0
2025-06-20 12:03:37.086448,388.0,620243.0,940694.0
2025-06-20 12:03:37.773861,388.0,619776.0,941213.0
2025-06-20 12:03:38.881682,388.0,618029.0,942166.0
2025-06-20 12:03:40.008902,388.0,618029.0,942207.0
2025-06-20 12:03:41.200638,388.0,618029.0,942207.0
2025-06-20 12:03:41.234858,388.0,618899.0,943155.0
2025-06-20 12:03:42.092859,387.9,618899.0,943155.0
2025-06-20 12:03:42.100404,387.9,620093.0,942718.0
2025-06-20 12:03:43.111099,388.0,620093.0,942718.0
2025-06-20 12:03:43.175408,388.0,619453.0,944713.0
2025-06-20 12:03:44.074856,387.95,619453.0,944713.0
2025-06-20 12:03:44.085132,387.95,618610.0,944123.0
2025-06-20 12:03:45.077089,388.0,618610.0,944123.0
2025-06-20 12:03:45.175946,388.0,618898.0,938787.0
2025-06-20 12:03:46.078200,388.0,618898.0,938787.0
2025-06-20 12:03:46.090380,388.0,618768.0,939968.0
2025-06-20 12:03:47.076195,387.9,618768.0,939968.0
2025-06-20 12:03:47.097401,387.9,618323.0,939348.0
2025-06-20 12:03:48.122275,387.9,618323.0,939348.0
2025-06-20 12:03:48.127396,387.9,616799.0,937755.0
2025-06-20 12:03:49.083813,387.9,616799.0,937755.0
2025-06-20 12:03:49.110865,387.9,617270.0,937751.0
2025-06-20 12:03:50.086541,387.9,617070.0,938571.0
2025-06-20 12:03:51.080964,387.9,617070.0,938571.0
2025-06-20 12:03:51.108615,387.9,617253.0,937414.0
2025-06-20 12:03:52.005881,387.9,615902.0,937414.0
2025-06-20 12:03:52.083512,387.9,615902.0,937414.0
2025-06-20 12:03:53.018069,388.0,615502.0,937215.0
2025-06-20 12:03:53.087861,388.0,615502.0,937215.0
2025-06-20 12:03:54.096202,388.0,615901.0,937608.0
2025-06-20 12:03:55.102874,388.0,615369.0,937608.0
2025-06-20 12:03:56.085153,387.9,615369.0,937608.0
