timestamp,ltp,bid_qty,ask_qty
2025-06-20 10:10:48.254170,6472.5,28313.0,29872.0
2025-06-20 10:10:50.590807,6472.0,28313.0,29872.0
2025-06-20 10:10:53.867081,6472.0,28117.0,29667.0
2025-06-20 10:10:56.593916,6472.5,28117.0,29667.0
2025-06-20 10:10:58.611248,6472.5,28117.0,29667.0
2025-06-20 10:10:59.368904,6471.0,27938.0,30223.0
2025-06-20 10:11:00.643862,6470.5,27938.0,30223.0
2025-06-20 10:11:02.599559,6471.0,27938.0,30223.0
2025-06-20 10:11:06.634825,6473.5,27938.0,30223.0
2025-06-20 10:11:11.175667,6473.5,28630.0,29500.0
2025-06-20 10:11:12.903193,6474.5,28630.0,29500.0
2025-06-20 10:11:16.659774,6474.0,28630.0,29500.0
2025-06-20 10:11:16.779323,6474.0,28501.0,29504.0
2025-06-20 10:11:19.262234,6473.5,28501.0,29504.0
2025-06-20 10:11:26.885141,6471.5,28501.0,29504.0
2025-06-20 10:11:27.289753,6471.5,28578.0,29497.0
2025-06-20 10:11:28.874395,6473.0,28578.0,29497.0
2025-06-20 10:11:30.864189,6472.0,28578.0,29497.0
2025-06-20 10:11:32.603819,6476.0,28578.0,29497.0
2025-06-20 10:11:33.126734,6476.0,28600.0,29271.0
2025-06-20 10:11:36.861175,6474.5,28600.0,29271.0
2025-06-20 10:11:38.595722,6474.5,28600.0,29271.0
2025-06-20 10:11:38.627247,6474.5,28571.0,29380.0
2025-06-20 10:11:40.596446,6474.5,28571.0,29380.0
2025-06-20 10:11:42.595629,6474.5,28571.0,29380.0
2025-06-20 10:11:44.614592,6474.5,28446.0,29194.0
2025-06-20 10:11:50.505717,6474.5,28668.0,29255.0
2025-06-20 10:11:56.432461,6474.5,28665.0,29170.0
2025-06-20 10:12:01.107399,6478.5,28666.0,28362.0
2025-06-20 10:12:01.601264,6478.5,28666.0,28362.0
2025-06-20 10:12:02.209080,6481.0,28198.0,28371.0
2025-06-20 10:12:02.595477,6481.0,28198.0,28371.0
2025-06-20 10:12:03.597043,6481.0,28198.0,28371.0
2025-06-20 10:12:03.922304,6481.0,28626.0,28486.0
2025-06-20 10:12:04.601882,6480.0,28626.0,28486.0
2025-06-20 10:12:05.008807,6480.0,28801.0,28420.0
2025-06-20 10:12:05.597945,6478.5,28801.0,28420.0
2025-06-20 10:12:06.110655,6480.0,29092.0,28223.0
2025-06-20 10:12:06.596928,6480.0,29092.0,28223.0
2025-06-20 10:12:07.109210,6480.0,29154.0,28237.0
2025-06-20 10:12:07.593535,6481.0,29154.0,28237.0
2025-06-20 10:12:08.209032,6481.0,29203.0,28053.0
2025-06-20 10:12:09.210760,6484.0,29238.0,28105.0
2025-06-20 10:12:09.597073,6484.0,29238.0,28105.0
2025-06-20 10:12:10.210855,6484.0,29226.0,28101.0
2025-06-20 10:12:10.599031,6482.5,29226.0,28101.0
2025-06-20 10:12:11.211999,6482.5,29055.0,28246.0
2025-06-20 10:12:12.212154,6482.5,29069.0,28219.0
2025-06-20 10:12:12.596514,6483.5,29069.0,28219.0
2025-06-20 10:12:13.217807,6476.5,29069.0,28332.0
2025-06-20 10:12:13.593867,6476.5,29069.0,28332.0
2025-06-20 10:12:14.327823,6476.5,29133.0,28355.0
2025-06-20 10:12:15.435956,6483.0,28832.0,28133.0
2025-06-20 10:12:15.592231,6483.0,28832.0,28133.0
2025-06-20 10:12:16.516658,6483.0,29360.0,28139.0
2025-06-20 10:12:17.605008,6483.5,29360.0,28139.0
2025-06-20 10:12:17.629800,6483.5,29340.0,28133.0
2025-06-20 10:12:18.628351,6483.5,29196.0,28107.0
2025-06-20 10:12:19.591373,6483.5,29196.0,28107.0
2025-06-20 10:12:19.626912,6483.5,29219.0,28116.0
2025-06-20 10:12:20.597536,6483.5,29219.0,28116.0
2025-06-20 10:12:20.727964,6483.5,29275.0,28146.0
2025-06-20 10:12:21.733091,6483.5,29308.0,28090.0
2025-06-20 10:12:22.595298,6483.5,29308.0,28090.0
2025-06-20 10:12:22.737178,6483.5,29233.0,28168.0
2025-06-20 10:12:23.733850,6483.5,29239.0,28175.0
2025-06-20 10:12:24.723021,6483.5,29453.0,27934.0
2025-06-20 10:12:25.601761,6483.0,29453.0,27934.0
2025-06-20 10:12:25.834561,6483.0,29472.0,28058.0
2025-06-20 10:12:27.056465,6483.0,29479.0,28065.0
2025-06-20 10:12:27.595325,6483.0,29479.0,28065.0
2025-06-20 10:12:27.939457,6483.0,29621.0,28014.0
2025-06-20 10:12:28.942093,6483.0,29695.0,28018.0
2025-06-20 10:12:30.030042,6483.0,29656.0,28023.0
2025-06-20 10:12:30.599169,6483.5,29656.0,28023.0
2025-06-20 10:12:31.127559,6483.5,29567.0,28077.0
2025-06-20 10:12:31.597626,6486.0,29567.0,28077.0
2025-06-20 10:12:32.135817,6486.0,29126.0,27486.0
2025-06-20 10:12:32.606355,6489.0,29126.0,27486.0
2025-06-20 10:12:33.231484,6489.0,29834.0,27589.0
2025-06-20 10:12:33.594773,6489.0,29834.0,27589.0
2025-06-20 10:12:34.362480,6489.0,28902.0,27571.0
2025-06-20 10:12:35.442367,6490.0,30139.0,27167.0
2025-06-20 10:12:35.597604,6490.0,30139.0,27167.0
2025-06-20 10:12:36.531548,6490.0,29980.0,27399.0
2025-06-20 10:12:37.644301,6490.0,30186.0,27205.0
2025-06-20 10:12:38.594825,6493.0,30186.0,27205.0
2025-06-20 10:12:38.641587,6493.0,30239.0,27079.0
2025-06-20 10:12:39.595519,6492.5,30239.0,27079.0
2025-06-20 10:12:39.739537,6492.5,30413.0,27145.0
2025-06-20 10:12:40.519927,6492.5,30413.0,27145.0
2025-06-20 10:12:40.596703,6492.5,30413.0,27145.0
2025-06-20 10:12:40.862582,6492.5,30407.0,27023.0
2025-06-20 10:12:40.920844,6492.5,30407.0,27023.0
2025-06-20 10:12:41.135548,6492.5,30407.0,27023.0
2025-06-20 10:12:41.938135,6492.5,30516.0,27042.0
2025-06-20 10:12:42.287576,6492.5,30516.0,27042.0
2025-06-20 10:12:42.594964,6493.0,30516.0,27042.0
2025-06-20 10:12:42.949325,6493.0,30516.0,27042.0
2025-06-20 10:12:43.037676,6493.0,30611.0,27020.0
2025-06-20 10:12:43.429334,6493.0,30611.0,27020.0
2025-06-20 10:12:43.946359,6493.0,30607.0,27021.0
2025-06-20 10:12:44.621303,6493.0,30607.0,27021.0
2025-06-20 10:12:45.035602,6493.0,30571.0,27030.0
2025-06-20 10:12:45.362349,6493.0,30571.0,27030.0
2025-06-20 10:12:46.136614,6493.0,30531.0,27037.0
2025-06-20 10:12:46.665153,6493.0,30531.0,27037.0
2025-06-20 10:12:47.236478,6493.0,30506.0,27074.0
2025-06-20 10:12:47.603157,6492.5,30506.0,27074.0
2025-06-20 10:12:47.621202,6492.5,30506.0,27074.0
2025-06-20 10:12:48.350271,6492.5,30443.0,27133.0
2025-06-20 10:12:49.153377,6492.5,30443.0,27133.0
2025-06-20 10:12:49.447252,6492.5,30357.0,27075.0
2025-06-20 10:12:50.472854,6492.5,30357.0,27075.0
2025-06-20 10:12:50.540423,6492.5,30368.0,27080.0
2025-06-20 10:12:51.608202,6492.5,30368.0,27080.0
2025-06-20 10:12:51.708183,6492.5,30368.0,27080.0
2025-06-20 10:12:51.715362,6492.5,30365.0,27076.0
2025-06-20 10:12:52.599970,6492.5,30365.0,27076.0
2025-06-20 10:12:52.741552,6492.5,30358.0,27076.0
2025-06-20 10:12:53.257390,6492.5,30358.0,27076.0
2025-06-20 10:12:53.869042,6492.5,30398.0,27065.0
2025-06-20 10:12:54.942994,6492.5,30398.0,27048.0
2025-06-20 10:12:55.598142,6492.0,30398.0,27048.0
2025-06-20 10:12:55.942430,6492.0,30334.0,27060.0
2025-06-20 10:12:57.043238,6492.0,30382.0,26873.0
2025-06-20 10:12:57.635569,6492.0,30382.0,26873.0
2025-06-20 10:12:58.143398,6492.0,30356.0,26974.0
2025-06-20 10:12:59.243542,6492.0,30354.0,26961.0
2025-06-20 10:13:00.374891,6492.5,30479.0,26881.0
2025-06-20 10:13:00.621280,6492.5,30479.0,26881.0
2025-06-20 10:13:01.658014,6492.5,30480.0,26963.0
2025-06-20 10:13:02.602571,6492.5,30480.0,26963.0
2025-06-20 10:13:02.656367,6492.5,30469.0,26939.0
2025-06-20 10:13:03.751087,6492.5,30427.0,26929.0
2025-06-20 10:13:04.949075,6493.0,30433.0,26869.0
2025-06-20 10:13:05.608341,6493.0,30433.0,26869.0
2025-06-20 10:13:06.050768,6493.0,30344.0,27136.0
2025-06-20 10:13:07.148988,6493.0,29838.0,27142.0
2025-06-20 10:13:07.602413,6493.0,29838.0,27142.0
2025-06-20 10:13:08.153342,6493.0,30427.0,27027.0
2025-06-20 10:13:09.389496,6493.0,30460.0,26992.0
2025-06-20 10:13:09.643016,6492.0,30460.0,26992.0
2025-06-20 10:13:10.460083,6492.0,30168.0,27666.0
2025-06-20 10:13:11.455414,6491.5,30261.0,27389.0
2025-06-20 10:13:11.597858,6491.5,30261.0,27389.0
2025-06-20 10:13:12.465662,6491.5,30413.0,27353.0
2025-06-20 10:13:12.603019,6491.5,30413.0,27353.0
2025-06-20 10:13:13.657553,6491.5,29739.0,27543.0
2025-06-20 10:13:14.763517,6491.5,30106.0,27688.0
2025-06-20 10:13:15.605753,6489.0,30106.0,27688.0
2025-06-20 10:13:15.768389,6489.0,30289.0,27636.0
2025-06-20 10:13:16.958100,6489.0,30266.0,27643.0
2025-06-20 10:13:17.602791,6490.0,30266.0,27643.0
2025-06-20 10:13:18.064246,6490.0,30258.0,27446.0
2025-06-20 10:13:19.064982,6490.0,30301.0,27374.0
2025-06-20 10:13:20.066278,6490.0,30295.0,27382.0
2025-06-20 10:13:20.604960,6490.0,30295.0,27382.0
2025-06-20 10:13:21.064503,6490.0,30247.0,27354.0
2025-06-20 10:13:22.162861,6489.0,30418.0,27189.0
2025-06-20 10:13:22.610054,6493.0,30418.0,27189.0
2025-06-20 10:13:23.163583,6493.0,30547.0,27190.0
2025-06-20 10:13:24.164210,6493.0,30421.0,27330.0
2025-06-20 10:13:25.067789,6493.0,30213.0,27432.0
2025-06-20 10:13:25.602008,6492.5,30213.0,27432.0
2025-06-20 10:13:26.165713,6492.5,30436.0,27179.0
2025-06-20 10:13:27.164233,6492.5,30573.0,27300.0
2025-06-20 10:13:28.166049,6492.5,30019.0,27327.0
2025-06-20 10:13:29.167687,6492.5,29949.0,27324.0
2025-06-20 10:13:30.271328,6492.5,30267.0,27290.0
2025-06-20 10:13:30.602466,6492.5,30267.0,27290.0
2025-06-20 10:13:31.270653,6492.5,30250.0,27287.0
2025-06-20 10:13:32.383546,6492.5,30317.0,27212.0
2025-06-20 10:13:32.611134,6492.5,30317.0,27212.0
2025-06-20 10:13:33.474583,6492.5,30467.0,27198.0
2025-06-20 10:13:34.572448,6492.5,30475.0,27244.0
2025-06-20 10:13:35.672281,6492.5,30519.0,27245.0
2025-06-20 10:13:36.772501,6492.5,30519.0,27239.0
2025-06-20 10:13:37.771472,6492.5,30523.0,27227.0
2025-06-20 10:13:38.888803,6492.5,30528.0,27246.0
2025-06-20 10:13:39.973750,6492.5,30531.0,27253.0
2025-06-20 10:13:41.076391,6492.5,30530.0,27378.0
2025-06-20 10:13:42.176502,6492.5,30475.0,27381.0
2025-06-20 10:13:43.174963,6492.5,30415.0,27397.0
2025-06-20 10:13:44.176215,6492.5,30438.0,27408.0
2025-06-20 10:13:44.609994,6491.0,30438.0,27408.0
2025-06-20 10:13:45.277753,6491.0,30646.0,27007.0
2025-06-20 10:13:45.607379,6493.0,30646.0,27007.0
2025-06-20 10:13:46.386758,6493.0,30615.0,26998.0
2025-06-20 10:13:47.479629,6493.0,30712.0,26991.0
2025-06-20 10:13:47.635819,6493.0,30712.0,26991.0
2025-06-20 10:13:48.583798,6493.0,30729.0,26988.0
2025-06-20 10:13:49.680736,6493.0,30729.0,26995.0
2025-06-20 10:13:50.780414,6493.0,30722.0,26991.0
2025-06-20 10:13:51.893232,6493.0,30615.0,27193.0
2025-06-20 10:13:52.613095,6493.0,30615.0,27193.0
2025-06-20 10:13:52.985193,6493.0,30082.0,27285.0
2025-06-20 10:13:54.083855,6493.0,30604.0,27258.0
2025-06-20 10:13:55.184349,6493.0,30615.0,27119.0
2025-06-20 10:13:56.185417,6493.0,30758.0,27006.0
2025-06-20 10:13:57.288847,6493.0,30675.0,27158.0
2025-06-20 10:13:58.487509,6493.0,30693.0,27066.0
2025-06-20 10:13:59.487690,6493.0,30506.0,27152.0
2025-06-20 10:14:01.989951,6492.5,30334.0,27223.0
2025-06-20 10:14:02.660794,6492.5,30334.0,27223.0
2025-06-20 10:14:06.623299,6492.5,30334.0,27223.0
2025-06-20 10:14:10.612534,6491.5,30334.0,27223.0
2025-06-20 10:14:13.502684,6491.5,30676.0,27412.0
2025-06-20 10:14:14.615633,6491.5,30676.0,27412.0
2025-06-20 10:14:18.606895,6492.0,30676.0,27412.0
2025-06-20 10:14:19.305887,6492.0,30579.0,27527.0
2025-06-20 10:14:22.613993,6492.0,30579.0,27527.0
2025-06-20 10:14:25.313479,6492.0,30622.0,27577.0
2025-06-20 10:14:31.210779,6492.0,30606.0,27610.0
2025-06-20 10:14:32.610994,6493.0,30606.0,27610.0
2025-06-20 10:14:36.822315,6493.0,30637.0,27524.0
2025-06-20 10:14:38.615289,6493.0,30637.0,27524.0
2025-06-20 10:14:40.610509,6493.0,30637.0,27524.0
2025-06-20 10:14:42.435292,6493.0,30509.0,27625.0
2025-06-20 10:14:42.614989,6493.0,30509.0,27625.0
2025-06-20 10:14:44.624560,6493.0,30509.0,27625.0
2025-06-20 10:14:48.120096,6493.0,30541.0,27519.0
2025-06-20 10:14:50.610696,6493.0,30541.0,27519.0
2025-06-20 10:14:52.611531,6492.5,30541.0,27519.0
2025-06-20 10:14:53.932962,6492.5,30561.0,27688.0
2025-06-20 10:15:00.351006,6491.5,30581.0,27563.0
2025-06-20 10:15:00.614092,6491.5,30581.0,27563.0
2025-06-20 10:15:02.612510,6493.0,30581.0,27563.0
2025-06-20 10:15:06.532722,6493.0,30451.0,27565.0
2025-06-20 10:15:08.612978,6493.0,30451.0,27565.0
2025-06-20 10:15:13.036701,6493.0,30319.0,27931.0
2025-06-20 10:15:16.648476,6492.5,30319.0,27931.0
2025-06-20 10:15:18.612953,6492.5,30319.0,27931.0
2025-06-20 10:15:19.244889,6492.5,30345.0,27765.0
2025-06-20 10:15:20.617568,6492.5,30345.0,27765.0
2025-06-20 10:15:22.630872,6493.0,30345.0,27765.0
2025-06-20 10:15:28.608675,6491.5,30345.0,27765.0
2025-06-20 10:15:31.949811,6492.5,30297.0,27825.0
2025-06-20 10:15:32.615433,6493.0,30297.0,27825.0
2025-06-20 10:15:36.622133,6493.0,30297.0,27825.0
2025-06-20 10:15:37.965724,6493.0,30368.0,27686.0
2025-06-20 10:15:38.612246,6493.0,30368.0,27686.0
2025-06-20 10:15:40.628008,6492.5,30368.0,27686.0
2025-06-20 10:15:40.963354,6492.5,30368.0,27686.0
2025-06-20 10:15:41.336102,6492.5,30368.0,27686.0
2025-06-20 10:15:42.165826,6492.5,30368.0,27686.0
2025-06-20 10:15:42.626006,6492.5,30368.0,27686.0
2025-06-20 10:15:42.757920,6492.5,30368.0,27686.0
2025-06-20 10:15:43.438619,6492.5,30368.0,27686.0
2025-06-20 10:15:43.962311,6492.5,30571.0,27628.0
2025-06-20 10:15:44.455588,6492.5,30571.0,27628.0
2025-06-20 10:15:45.765959,6492.5,30571.0,27628.0
2025-06-20 10:15:47.107077,6492.5,30571.0,27628.0
2025-06-20 10:15:48.075335,6492.5,30571.0,27628.0
2025-06-20 10:15:48.612928,6493.5,30571.0,27628.0
2025-06-20 10:15:49.648402,6493.5,30571.0,27628.0
2025-06-20 10:15:49.921974,6493.5,30815.0,27505.0
2025-06-20 10:15:50.879586,6493.5,30815.0,27505.0
2025-06-20 10:15:51.620500,6493.5,30815.0,27505.0
2025-06-20 10:15:52.104061,6493.5,30815.0,27505.0
2025-06-20 10:15:53.691952,6493.5,30815.0,27505.0
2025-06-20 10:15:54.615124,6494.5,30815.0,27505.0
2025-06-20 10:15:56.373295,6494.5,31082.0,27547.0
2025-06-20 10:15:57.684198,6494.5,31082.0,27547.0
2025-06-20 10:16:00.615531,6495.5,31082.0,27547.0
2025-06-20 10:16:02.473593,6495.5,31023.0,27412.0
2025-06-20 10:16:04.625320,6495.5,31023.0,27412.0
2025-06-20 10:16:08.572313,6495.5,30914.0,27617.0
2025-06-20 10:16:08.613207,6495.5,30914.0,27617.0
2025-06-20 10:16:12.618434,6494.5,30914.0,27617.0
2025-06-20 10:16:14.589080,6492.0,29895.0,28382.0
2025-06-20 10:16:16.616729,6490.0,29895.0,28382.0
2025-06-20 10:16:19.618360,6490.0,29895.0,28382.0
2025-06-20 10:16:21.179226,6490.0,30437.0,28197.0
2025-06-20 10:16:25.624025,6490.5,30437.0,28197.0
2025-06-20 10:16:27.585264,6490.0,29906.0,28765.0
2025-06-20 10:16:28.615967,6490.0,29906.0,28765.0
2025-06-20 10:16:31.649353,6489.0,29906.0,28765.0
2025-06-20 10:16:33.986382,6489.0,29940.0,28473.0
2025-06-20 10:16:35.618724,6486.5,29940.0,28473.0
2025-06-20 10:16:37.625116,6486.5,29940.0,28473.0
2025-06-20 10:16:40.306941,6487.5,29978.0,28150.0
2025-06-20 10:16:40.619088,6491.5,29978.0,28150.0
2025-06-20 10:16:43.616838,6491.5,29978.0,28150.0
2025-06-20 10:16:46.596713,6491.5,29614.0,28222.0
2025-06-20 10:16:46.620059,6491.5,29614.0,28222.0
2025-06-20 10:16:49.625062,6487.5,29614.0,28222.0
2025-06-20 10:16:52.799816,6487.5,29821.0,28145.0
2025-06-20 10:16:54.684265,6489.0,29821.0,28145.0
2025-06-20 10:16:59.014251,6489.0,29753.0,28380.0
2025-06-20 10:17:02.626011,6488.5,29753.0,28380.0
2025-06-20 10:17:04.920652,6488.5,29584.0,28595.0
2025-06-20 10:17:10.921590,6488.5,29793.0,28351.0
2025-06-20 10:17:12.632829,6489.0,29793.0,28351.0
2025-06-20 10:17:16.619505,6489.0,29793.0,28351.0
2025-06-20 10:17:17.018273,6489.0,29762.0,28388.0
2025-06-20 10:17:18.624542,6488.0,29762.0,28388.0
2025-06-20 10:17:23.022558,6488.0,29799.0,28463.0
2025-06-20 10:17:28.931875,6488.0,29767.0,28389.0
2025-06-20 10:17:32.624745,6487.5,29767.0,28389.0
2025-06-20 10:17:35.032982,6489.0,29722.0,28345.0
2025-06-20 10:17:35.624221,6489.0,29722.0,28345.0
2025-06-20 10:17:38.656349,6488.5,29722.0,28345.0
2025-06-20 10:17:41.031465,6488.5,29737.0,28333.0
2025-06-20 10:17:44.624434,6488.5,29737.0,28333.0
2025-06-20 10:17:46.936691,6488.5,29803.0,28321.0
2025-06-20 10:17:47.620808,6489.0,29803.0,28321.0
2025-06-20 10:17:50.629184,6489.0,29803.0,28321.0
2025-06-20 10:17:52.940682,6487.5,29789.0,28293.0
2025-06-20 10:17:53.628039,6487.5,29789.0,28293.0
2025-06-20 10:17:56.630893,6489.0,29789.0,28293.0
2025-06-20 10:17:59.352955,6489.0,29917.0,27944.0
2025-06-20 10:18:02.630464,6490.5,29917.0,27944.0
2025-06-20 10:18:05.627450,6491.5,29917.0,27944.0
2025-06-20 10:18:05.660444,6491.5,29982.0,28090.0
2025-06-20 10:18:08.627967,6489.0,29982.0,28090.0
2025-06-20 10:18:11.628050,6491.5,29982.0,28090.0
2025-06-20 10:18:11.749621,6491.5,29912.0,28113.0
2025-06-20 10:18:14.681799,6491.0,29912.0,28113.0
2025-06-20 10:18:17.459324,6491.0,30011.0,28126.0
2025-06-20 10:18:17.630403,6491.5,30011.0,28126.0
2025-06-20 10:18:23.665281,6491.5,29966.0,28270.0
2025-06-20 10:18:26.662033,6492.0,29966.0,28270.0
2025-06-20 10:18:29.657323,6492.0,29966.0,28270.0
2025-06-20 10:18:30.673572,6492.0,30208.0,27875.0
2025-06-20 10:18:32.634439,6494.5,30208.0,27875.0
2025-06-20 10:18:36.874553,6494.5,30297.0,27722.0
2025-06-20 10:18:41.577743,6494.5,30297.0,27722.0
2025-06-20 10:18:41.630157,6494.5,30297.0,27722.0
2025-06-20 10:18:41.679057,6494.5,30297.0,27722.0
2025-06-20 10:18:42.136370,6494.5,30297.0,27722.0
2025-06-20 10:18:42.719583,6494.5,30254.0,28162.0
2025-06-20 10:18:42.777717,6494.5,30254.0,28162.0
2025-06-20 10:18:43.309717,6494.5,30254.0,28162.0
2025-06-20 10:18:44.435616,6494.5,30254.0,28162.0
2025-06-20 10:18:45.430714,6494.5,30254.0,28162.0
2025-06-20 10:18:46.347376,6494.5,30254.0,28162.0
2025-06-20 10:18:47.632096,6493.5,30254.0,28162.0
2025-06-20 10:18:47.706284,6493.5,30254.0,28162.0
2025-06-20 10:18:48.388898,6493.5,30249.0,28345.0
2025-06-20 10:18:48.682929,6493.5,30249.0,28345.0
2025-06-20 10:18:50.203677,6493.5,30249.0,28345.0
2025-06-20 10:18:50.634883,6494.0,30249.0,28345.0
2025-06-20 10:18:51.448819,6494.0,30249.0,28345.0
2025-06-20 10:18:52.715002,6494.0,30249.0,28345.0
2025-06-20 10:18:54.280738,6494.0,30311.0,28200.0
2025-06-20 10:18:54.405877,6494.0,30311.0,28200.0
2025-06-20 10:18:56.633688,6494.5,30311.0,28200.0
2025-06-20 10:18:59.677734,6494.5,30311.0,28200.0
2025-06-20 10:19:00.587815,6494.5,30174.0,28326.0
2025-06-20 10:19:02.648285,6494.0,30174.0,28326.0
2025-06-20 10:19:06.887804,6494.0,30250.0,28196.0
2025-06-20 10:19:13.080467,6494.0,30222.0,28274.0
2025-06-20 10:19:17.679590,6493.0,30222.0,28274.0
2025-06-20 10:19:19.097974,6493.0,30337.0,28182.0
2025-06-20 10:19:25.092644,6493.0,30334.0,28070.0
2025-06-20 10:19:31.299440,6493.0,30338.0,28194.0
2025-06-20 10:19:35.660938,6493.5,30338.0,28194.0
2025-06-20 10:19:37.506191,6494.5,30327.0,28097.0
2025-06-20 10:19:38.647758,6494.5,30327.0,28097.0
2025-06-20 10:19:43.506801,6493.5,30143.0,28212.0
2025-06-20 10:19:44.638215,6493.5,30143.0,28212.0
2025-06-20 10:19:47.649676,6494.0,30143.0,28212.0
2025-06-20 10:19:49.117600,6494.0,30086.0,28274.0
2025-06-20 10:19:50.644417,6493.5,30086.0,28274.0
2025-06-20 10:19:53.638247,6493.5,30086.0,28274.0
2025-06-20 10:19:54.821705,6493.5,30061.0,28334.0
2025-06-20 10:19:59.644150,6492.5,30061.0,28334.0
2025-06-20 10:20:00.757482,6492.5,30102.0,28207.0
2025-06-20 10:20:01.685821,6493.0,30102.0,28207.0
2025-06-20 10:20:07.444806,6493.0,30158.0,27990.0
2025-06-20 10:20:07.686098,6494.5,30158.0,27990.0
2025-06-20 10:20:10.675582,6493.5,30158.0,27990.0
2025-06-20 10:20:14.102153,6493.5,30145.0,28171.0
2025-06-20 10:20:16.684427,6494.5,30145.0,28171.0
2025-06-20 10:20:19.649010,6494.0,30145.0,28171.0
2025-06-20 10:20:20.247870,6494.0,30182.0,28013.0
2025-06-20 10:20:22.675615,6494.5,30182.0,28013.0
2025-06-20 10:20:25.652933,6494.5,30182.0,28013.0
2025-06-20 10:20:26.151067,6494.5,30243.0,28219.0
2025-06-20 10:20:28.685386,6494.5,30243.0,28219.0
2025-06-20 10:20:32.257368,6494.5,30260.0,28008.0
2025-06-20 10:20:34.672589,6494.5,30260.0,28008.0
2025-06-20 10:20:37.657335,6494.5,30260.0,28008.0
2025-06-20 10:20:38.403859,6494.5,30233.0,28107.0
2025-06-20 10:20:44.567864,6494.5,30187.0,28247.0
2025-06-20 10:20:46.650903,6493.5,30187.0,28247.0
2025-06-20 10:20:49.706108,6493.0,30187.0,28247.0
2025-06-20 10:20:50.503223,6493.0,30045.0,28567.0
2025-06-20 10:20:52.651227,6492.5,30045.0,28567.0
2025-06-20 10:20:55.660100,6492.0,30045.0,28567.0
2025-06-20 10:20:56.676990,6492.0,30037.0,28757.0
2025-06-20 10:20:58.682894,6489.5,30037.0,28757.0
2025-06-20 10:21:02.657718,6492.0,30037.0,28757.0
2025-06-20 10:21:02.972228,6492.0,30048.0,28399.0
2025-06-20 10:21:07.678326,6490.5,30048.0,28399.0
2025-06-20 10:21:09.285560,6490.5,29891.0,28462.0
2025-06-20 10:21:15.583356,6488.5,30078.0,28575.0
2025-06-20 10:21:16.660424,6490.5,30078.0,28575.0
2025-06-20 10:21:19.674575,6490.5,30078.0,28575.0
2025-06-20 10:21:21.618460,6490.5,29934.0,28736.0
2025-06-20 10:21:22.655327,6489.5,29934.0,28736.0
2025-06-20 10:21:25.660537,6489.5,29934.0,28736.0
2025-06-20 10:21:27.495786,6489.5,30094.0,28547.0
2025-06-20 10:21:32.200479,6488.5,30094.0,28547.0
2025-06-20 10:21:33.574805,6488.5,29937.0,28581.0
2025-06-20 10:21:37.700872,6491.5,29937.0,28581.0
2025-06-20 10:21:39.495398,6491.5,29921.0,28504.0
2025-06-20 10:21:40.652731,6491.5,29921.0,28504.0
2025-06-20 10:21:41.837176,6491.5,29921.0,28504.0
2025-06-20 10:21:42.174554,6491.5,29921.0,28504.0
2025-06-20 10:21:43.092212,6491.5,29921.0,28504.0
2025-06-20 10:21:43.658576,6490.0,29921.0,28504.0
2025-06-20 10:21:43.722227,6490.0,29921.0,28504.0
2025-06-20 10:21:44.428362,6490.0,29921.0,28504.0
2025-06-20 10:21:45.482122,6490.0,30133.0,28285.0
2025-06-20 10:21:45.482461,6490.0,30133.0,28285.0
2025-06-20 10:21:46.733877,6493.5,30133.0,28285.0
2025-06-20 10:21:46.817464,6493.5,30133.0,28285.0
2025-06-20 10:21:48.138477,6493.5,30133.0,28285.0
2025-06-20 10:21:49.144421,6493.5,30133.0,28285.0
2025-06-20 10:21:49.700181,6493.5,30133.0,28285.0
2025-06-20 10:21:50.705495,6493.5,30133.0,28285.0
2025-06-20 10:21:51.104985,6492.0,30167.0,28349.0
2025-06-20 10:21:51.950727,6492.0,30167.0,28349.0
2025-06-20 10:21:52.715533,6492.0,30167.0,28349.0
2025-06-20 10:21:53.179141,6492.0,30167.0,28349.0
2025-06-20 10:21:54.825981,6492.0,30167.0,28349.0
2025-06-20 10:21:55.683293,6492.0,30167.0,28349.0
2025-06-20 10:21:56.710108,6492.0,30055.0,28386.0
2025-06-20 10:21:58.649806,6492.0,30055.0,28386.0
2025-06-20 10:22:02.315847,6492.0,30157.0,28211.0
2025-06-20 10:22:07.998749,6493.5,30157.0,28211.0
2025-06-20 10:22:08.373164,6493.5,30111.0,28291.0
2025-06-20 10:22:11.296844,6492.0,30111.0,28291.0
2025-06-20 10:22:14.327354,6492.5,30117.0,28258.0
2025-06-20 10:22:14.710257,6492.5,30117.0,28258.0
2025-06-20 10:22:16.667724,6493.0,30117.0,28258.0
2025-06-20 10:22:20.431120,6493.0,30015.0,28451.0
2025-06-20 10:22:22.685742,6492.0,30015.0,28451.0
2025-06-20 10:22:25.658760,6491.5,30015.0,28451.0
2025-06-20 10:22:26.625910,6491.5,30110.0,28416.0
2025-06-20 10:22:32.729157,6491.5,30068.0,28581.0
2025-06-20 10:22:38.444744,6491.5,30037.0,28569.0
2025-06-20 10:22:44.139998,6491.5,30069.0,28883.0
2025-06-20 10:22:47.660681,6489.0,30069.0,28883.0
2025-06-20 10:22:49.638771,6491.5,30168.0,28725.0
2025-06-20 10:22:49.683882,6491.5,30168.0,28725.0
2025-06-20 10:22:53.661268,6491.5,30168.0,28725.0
2025-06-20 10:22:55.663518,6489.0,30168.0,28725.0
2025-06-20 10:22:55.744519,6489.0,30057.0,29197.0
2025-06-20 10:22:57.659662,6486.5,30057.0,29197.0
2025-06-20 10:23:01.846269,6486.5,29471.0,29725.0
2025-06-20 10:23:03.728237,6485.0,29471.0,29725.0
2025-06-20 10:23:07.849048,6485.0,29654.0,29582.0
2025-06-20 10:23:09.711680,6485.5,29654.0,29582.0
2025-06-20 10:23:11.737357,6485.5,29654.0,29582.0
2025-06-20 10:23:13.460338,6485.5,29717.0,29513.0
2025-06-20 10:23:13.659657,6485.5,29717.0,29513.0
2025-06-20 10:23:15.667109,6488.0,29717.0,29513.0
2025-06-20 10:23:17.657548,6488.0,29717.0,29513.0
2025-06-20 10:23:19.191388,6488.0,29211.0,29575.0
2025-06-20 10:23:19.668641,6488.0,29211.0,29575.0
2025-06-20 10:23:21.666868,6489.5,29211.0,29575.0
2025-06-20 10:23:25.063965,6489.5,29837.0,29142.0
2025-06-20 10:23:25.664285,6491.0,29837.0,29142.0
2025-06-20 10:23:27.658357,6491.0,29837.0,29142.0
2025-06-20 10:23:31.100939,6491.0,28749.0,28617.0
2025-06-20 10:23:31.700186,6494.0,28749.0,28617.0
2025-06-20 10:23:33.663492,6493.5,28749.0,28617.0
2025-06-20 10:23:36.470510,6493.5,29635.0,28703.0
2025-06-20 10:23:37.662191,6492.0,29635.0,28703.0
2025-06-20 10:23:41.663223,6492.0,29635.0,28703.0
2025-06-20 10:23:42.572049,6492.0,29691.0,28688.0
2025-06-20 10:23:43.667596,6492.0,29691.0,28688.0
2025-06-20 10:23:45.687150,6492.0,29691.0,28688.0
2025-06-20 10:23:47.666992,6491.0,29691.0,28688.0
2025-06-20 10:23:48.714032,6491.0,29666.0,28744.0
2025-06-20 10:23:51.702736,6491.0,29666.0,28744.0
2025-06-20 10:23:53.663565,6489.5,29666.0,28744.0
2025-06-20 10:23:54.293847,6489.5,29625.0,29148.0
2025-06-20 10:23:55.670897,6491.0,29625.0,29148.0
2025-06-20 10:23:59.988371,6491.0,29642.0,29161.0
2025-06-20 10:24:03.667300,6491.0,29642.0,29161.0
2025-06-20 10:24:05.435072,6489.0,29633.0,29065.0
2025-06-20 10:24:05.668573,6489.0,29633.0,29065.0
2025-06-20 10:24:07.728098,6491.5,29633.0,29065.0
2025-06-20 10:24:09.772801,6490.0,29633.0,29065.0
2025-06-20 10:24:11.046723,6489.0,29603.0,29523.0
2025-06-20 10:24:11.705638,6489.0,29603.0,29523.0
2025-06-20 10:24:14.128112,6490.0,29603.0,29523.0
2025-06-20 10:24:15.700732,6489.0,29603.0,29523.0
2025-06-20 10:24:16.993989,6490.0,29531.0,29230.0
2025-06-20 10:24:17.708896,6491.5,29531.0,29230.0
2025-06-20 10:24:21.695539,6491.5,29531.0,29230.0
2025-06-20 10:24:22.502576,6491.5,33813.0,29332.0
2025-06-20 10:24:23.700623,6490.0,33813.0,29332.0
2025-06-20 10:24:27.700748,6490.0,33813.0,29332.0
2025-06-20 10:24:28.109350,6490.0,33983.0,29133.0
2025-06-20 10:24:31.661261,6490.5,33983.0,29133.0
2025-06-20 10:24:33.666709,6491.5,33983.0,29133.0
2025-06-20 10:24:33.806197,6491.5,34025.0,29167.0
2025-06-20 10:24:39.664070,6492.0,34025.0,29167.0
2025-06-20 10:24:39.709873,6492.0,34132.0,29294.0
2025-06-20 10:24:41.667998,6492.0,34132.0,29294.0
2025-06-20 10:24:42.293228,6492.0,34132.0,29294.0
2025-06-20 10:24:43.530989,6492.0,34132.0,29294.0
2025-06-20 10:24:43.668733,6492.0,34132.0,29294.0
2025-06-20 10:24:43.782788,6492.0,34132.0,29294.0
2025-06-20 10:24:44.035785,6492.0,34132.0,29294.0
2025-06-20 10:24:45.062493,6492.0,34132.0,29294.0
2025-06-20 10:24:45.516697,6492.0,34332.0,29129.0
2025-06-20 10:24:46.070382,6492.0,34332.0,29129.0
2025-06-20 10:24:47.683847,6492.0,34332.0,29129.0
2025-06-20 10:24:47.704865,6491.5,34332.0,29129.0
2025-06-20 10:24:48.784959,6491.5,34332.0,29129.0
2025-06-20 10:24:49.692210,6494.0,34332.0,29129.0
2025-06-20 10:24:49.789986,6494.0,34332.0,29129.0
2025-06-20 10:24:51.293126,6494.0,34332.0,29129.0
2025-06-20 10:24:51.328337,6494.0,33882.0,29072.0
2025-06-20 10:24:52.569717,6494.0,33882.0,29072.0
2025-06-20 10:24:53.671461,6493.0,33882.0,29072.0
2025-06-20 10:24:53.818270,6493.0,33882.0,29072.0
2025-06-20 10:24:55.452505,6493.0,33882.0,29072.0
2025-06-20 10:24:57.017544,6493.0,34002.0,28911.0
2025-06-20 10:24:59.666048,6494.5,34002.0,28911.0
2025-06-20 10:25:01.666603,6494.5,34002.0,28911.0
2025-06-20 10:25:02.821377,6494.5,33993.0,28855.0
2025-06-20 10:25:05.662445,6492.0,33993.0,28855.0
2025-06-20 10:25:15.240643,6492.0,33837.0,29009.0
2025-06-20 10:25:18.667543,6493.5,33837.0,29009.0
2025-06-20 10:25:21.234543,6493.5,34080.0,28853.0
2025-06-20 10:25:27.509260,6494.5,34864.0,28794.0
2025-06-20 10:25:27.716324,6494.5,34864.0,28794.0
2025-06-20 10:25:33.457885,6494.5,34834.0,28698.0
2025-06-20 10:25:39.844003,6494.5,34768.0,28854.0
2025-06-20 10:25:42.715069,6495.0,34768.0,28854.0
2025-06-20 10:25:45.666415,6494.5,34768.0,28854.0
2025-06-20 10:25:46.051245,6493.0,33810.0,28969.0
2025-06-20 10:25:48.680220,6493.0,33810.0,28969.0
2025-06-20 10:25:51.679789,6495.0,33810.0,28969.0
2025-06-20 10:25:52.159367,6495.0,33987.0,28894.0
2025-06-20 10:25:54.674464,6495.0,33987.0,28894.0
2025-06-20 10:25:58.059834,6495.0,34073.0,28677.0
2025-06-20 10:26:00.663097,6490.0,34073.0,28677.0
2025-06-20 10:26:03.674302,6491.0,34073.0,28677.0
2025-06-20 10:26:03.861080,6491.0,33926.0,29405.0
2025-06-20 10:26:06.669098,6490.5,33926.0,29405.0
2025-06-20 10:26:09.673459,6491.0,33926.0,29405.0
2025-06-20 10:26:10.168404,6491.0,33951.0,29138.0
2025-06-20 10:26:12.667368,6490.5,33951.0,29138.0
2025-06-20 10:26:15.670529,6490.5,33951.0,29138.0
2025-06-20 10:26:16.500187,6495.5,34057.0,28547.0
2025-06-20 10:26:18.676032,6495.5,34057.0,28547.0
2025-06-20 10:26:21.670867,6495.0,34057.0,28547.0
2025-06-20 10:26:22.700297,6495.0,34258.0,28560.0
2025-06-20 10:26:27.686967,6494.5,34258.0,28560.0
2025-06-20 10:26:28.980516,6494.5,34035.0,28728.0
2025-06-20 10:26:30.695939,6494.0,34035.0,28728.0
2025-06-20 10:26:33.672097,6494.0,34035.0,28728.0
2025-06-20 10:26:34.986490,6494.0,34085.0,28801.0
2025-06-20 10:26:36.678174,6493.5,34085.0,28801.0
2025-06-20 10:26:39.682050,6494.5,34085.0,28801.0
2025-06-20 10:26:41.635936,6494.5,33894.0,28932.0
2025-06-20 10:26:42.719814,6494.0,33894.0,28932.0
2025-06-20 10:26:45.677048,6494.0,33894.0,28932.0
2025-06-20 10:26:47.814609,6494.0,33893.0,28809.0
2025-06-20 10:26:53.957056,6494.0,33929.0,28579.0
2025-06-20 10:27:00.211094,6494.5,34008.0,28606.0
2025-06-20 10:27:00.679462,6494.5,34008.0,28606.0
2025-06-20 10:27:01.307986,6494.5,34072.0,28449.0
2025-06-20 10:27:02.448544,6494.5,34081.0,28430.0
2025-06-20 10:27:02.768456,6495.0,34081.0,28430.0
2025-06-20 10:27:03.511833,6495.0,34072.0,28458.0
2025-06-20 10:27:04.611594,6495.0,33994.0,28483.0
2025-06-20 10:27:05.718687,6495.0,33925.0,28559.0
2025-06-20 10:27:06.744755,6495.0,33952.0,28576.0
2025-06-20 10:27:07.741950,6495.0,34014.0,28576.0
2025-06-20 10:27:08.724823,6495.0,34001.0,28665.0
2025-06-20 10:27:09.837152,6495.0,34053.0,28419.0
2025-06-20 10:27:10.752110,6495.0,33824.0,28436.0
2025-06-20 10:27:12.022770,6495.0,33735.0,28767.0
2025-06-20 10:27:13.017643,6495.0,33737.0,28819.0
2025-06-20 10:27:14.154679,6495.0,33752.0,28748.0
2025-06-20 10:27:15.224727,6495.0,33814.0,28708.0
2025-06-20 10:27:16.315449,6495.0,33834.0,28423.0
2025-06-20 10:27:17.318676,6495.0,33875.0,28466.0
2025-06-20 10:27:18.319644,6495.0,33893.0,28534.0
2025-06-20 10:27:19.459165,6495.0,33835.0,28465.0
2025-06-20 10:27:20.526762,6495.0,33871.0,28454.0
2025-06-20 10:27:21.622798,6495.0,33871.0,28574.0
2025-06-20 10:27:23.322006,6495.0,33896.0,28469.0
2025-06-20 10:27:24.452916,6495.0,33872.0,28495.0
2025-06-20 10:27:25.346875,6495.0,33872.0,28495.0
2025-06-20 10:27:25.526456,6495.0,34153.0,28353.0
2025-06-20 10:27:26.625430,6495.0,34131.0,28367.0
2025-06-20 10:27:27.672480,6495.0,34131.0,28367.0
2025-06-20 10:27:27.736175,6495.0,34107.0,28326.0
2025-06-20 10:27:28.752416,6495.0,34066.0,28373.0
2025-06-20 10:27:29.892332,6495.0,34059.0,28367.0
2025-06-20 10:27:31.346161,6496.0,34059.0,28367.0
2025-06-20 10:27:31.348334,6496.0,34145.0,28329.0
2025-06-20 10:27:31.832000,6496.0,34241.0,28332.0
2025-06-20 10:27:32.716762,6495.5,34241.0,28332.0
2025-06-20 10:27:32.831328,6495.5,34232.0,28438.0
2025-06-20 10:27:33.941477,6495.5,34215.0,28429.0
2025-06-20 10:27:35.033589,6495.5,34033.0,28456.0
2025-06-20 10:27:36.133464,6495.5,34146.0,28456.0
2025-06-20 10:27:37.169031,6495.5,34061.0,28456.0
2025-06-20 10:27:38.138285,6495.5,34049.0,28452.0
2025-06-20 10:27:39.241790,6495.5,33942.0,28404.0
2025-06-20 10:27:40.339921,6495.5,34011.0,28416.0
2025-06-20 10:27:41.451813,6495.5,34028.0,28419.0
2025-06-20 10:27:42.556189,6495.0,34047.0,28545.0
2025-06-20 10:27:42.667144,6495.0,34047.0,28545.0
2025-06-20 10:27:42.707910,6495.0,34047.0,28545.0
2025-06-20 10:27:43.034991,6495.0,34047.0,28545.0
2025-06-20 10:27:43.641140,6495.0,34043.0,28550.0
2025-06-20 10:27:43.686597,6495.0,34043.0,28550.0
2025-06-20 10:27:44.232089,6495.0,34043.0,28550.0
2025-06-20 10:27:44.641488,6495.0,34139.0,28412.0
2025-06-20 10:27:45.269633,6495.0,34139.0,28412.0
2025-06-20 10:27:45.680428,6496.0,34139.0,28412.0
2025-06-20 10:27:45.739618,6496.0,34139.0,28412.0
2025-06-20 10:27:45.783011,6496.0,34221.0,28392.0
2025-06-20 10:27:46.290552,6496.0,34221.0,28392.0
2025-06-20 10:27:46.676272,6495.5,34221.0,28392.0
2025-06-20 10:27:46.738176,6495.5,34221.0,28392.0
2025-06-20 10:27:46.850756,6495.5,33983.0,28610.0
2025-06-20 10:27:47.688319,6495.5,33983.0,28610.0
2025-06-20 10:27:47.722001,6496.0,33983.0,28610.0
2025-06-20 10:27:47.957324,6496.0,34016.0,28540.0
2025-06-20 10:27:48.677182,6495.5,34016.0,28540.0
2025-06-20 10:27:49.044279,6495.5,34016.0,28540.0
2025-06-20 10:27:49.047741,6495.5,33933.0,28531.0
2025-06-20 10:27:50.015822,6495.5,33933.0,28531.0
2025-06-20 10:27:50.146204,6495.5,33953.0,28531.0
2025-06-20 10:27:50.678627,6496.0,33953.0,28531.0
2025-06-20 10:27:51.147335,6496.0,33985.0,28530.0
2025-06-20 10:27:51.508148,6496.0,33985.0,28530.0
2025-06-20 10:27:52.147959,6496.0,34017.0,28500.0
2025-06-20 10:27:52.677448,6496.0,34017.0,28500.0
2025-06-20 10:27:52.815797,6496.0,34017.0,28500.0
2025-06-20 10:27:53.250552,6496.0,34027.0,28489.0
2025-06-20 10:27:54.033126,6496.0,34027.0,28489.0
2025-06-20 10:27:54.350804,6496.0,34020.0,28483.0
2025-06-20 10:27:55.485304,6496.0,34037.0,28487.0
2025-06-20 10:27:55.621493,6496.0,34037.0,28487.0
2025-06-20 10:27:55.718811,6496.0,34037.0,28487.0
2025-06-20 10:27:56.555943,6496.0,34037.0,28489.0
2025-06-20 10:27:57.554943,6496.0,34041.0,28492.0
2025-06-20 10:27:57.678957,6496.0,34041.0,28492.0
2025-06-20 10:27:58.567101,6496.0,33967.0,28658.0
2025-06-20 10:27:59.554327,6496.0,33967.0,28679.0
2025-06-20 10:28:04.678248,6496.0,33967.0,28679.0
2025-06-20 10:28:04.965771,6496.0,34008.0,28561.0
2025-06-20 10:28:08.676630,6496.0,34008.0,28561.0
2025-06-20 10:28:10.974652,6496.0,34017.0,28561.0
2025-06-20 10:28:12.680565,6496.0,34017.0,28561.0
2025-06-20 10:28:17.068737,6496.0,33951.0,28135.0
2025-06-20 10:28:18.676389,6496.0,33951.0,28135.0
2025-06-20 10:28:20.679979,6496.0,33951.0,28135.0
2025-06-20 10:28:23.071920,6495.5,34073.0,28197.0
2025-06-20 10:28:23.699341,6495.5,34073.0,28197.0
2025-06-20 10:28:26.680510,6496.0,34073.0,28197.0
2025-06-20 10:28:29.077288,6496.0,34140.0,28072.0
2025-06-20 10:28:29.673053,6496.0,34140.0,28072.0
2025-06-20 10:28:33.753577,6496.0,34140.0,28072.0
2025-06-20 10:28:38.687530,6496.0,34140.0,28072.0
2025-06-20 10:28:41.290524,6495.5,34088.0,28185.0
2025-06-20 10:28:41.687735,6495.5,34088.0,28185.0
2025-06-20 10:28:44.681035,6497.0,34088.0,28185.0
2025-06-20 10:28:47.495682,6498.0,34468.0,27403.0
2025-06-20 10:28:47.681309,6499.5,34468.0,27403.0
2025-06-20 10:28:50.740827,6500.0,34468.0,27403.0
2025-06-20 10:28:53.896741,6500.0,34421.0,26727.0
2025-06-20 10:28:56.682006,6500.5,34421.0,26727.0
2025-06-20 10:28:59.679526,6502.5,34421.0,26727.0
2025-06-20 10:28:59.795508,6502.5,34334.0,27083.0
2025-06-20 10:29:01.682875,6502.5,34334.0,27083.0
2025-06-20 10:29:03.675067,6502.5,34334.0,27083.0
2025-06-20 10:29:05.684547,6502.5,34334.0,27083.0
2025-06-20 10:29:05.703567,6502.5,34361.0,27087.0
2025-06-20 10:29:07.679566,6503.5,34361.0,27087.0
2025-06-20 10:29:09.683892,6501.0,34361.0,27087.0
2025-06-20 10:29:11.695800,6501.0,34361.0,27087.0
2025-06-20 10:29:11.912299,6501.0,33953.0,27582.0
2025-06-20 10:29:17.737687,6501.0,33953.0,27582.0
2025-06-20 10:29:18.107549,6501.0,33898.0,27930.0
2025-06-20 10:29:21.683572,6500.0,33898.0,27930.0
2025-06-20 10:29:23.686994,6501.0,33898.0,27930.0
2025-06-20 10:29:23.921870,6501.0,33974.0,27955.0
2025-06-20 10:29:25.682378,6499.5,33974.0,27955.0
2025-06-20 10:29:27.689366,6499.5,33974.0,27955.0
2025-06-20 10:29:29.519226,6499.5,34062.0,27861.0
2025-06-20 10:29:29.682871,6499.5,34062.0,27861.0
2025-06-20 10:29:31.696233,6499.5,34062.0,27861.0
2025-06-20 10:29:33.687657,6499.5,34062.0,27861.0
2025-06-20 10:29:35.123340,6499.5,33996.0,27867.0
2025-06-20 10:29:35.685085,6499.5,33996.0,27867.0
2025-06-20 10:29:38.684878,6499.5,33996.0,27867.0
2025-06-20 10:29:41.037319,6499.5,34160.0,27736.0
2025-06-20 10:29:44.828501,6499.5,34160.0,27736.0
2025-06-20 10:29:47.165308,6499.5,33110.0,27826.0
2025-06-20 10:29:47.716759,6499.5,33110.0,27826.0
2025-06-20 10:29:50.720498,6499.0,33110.0,27826.0
2025-06-20 10:29:58.539310,6499.0,34047.0,27965.0
2025-06-20 10:30:01.679299,6498.5,34047.0,27965.0
2025-06-20 10:30:01.748644,6498.5,34236.0,27867.0
2025-06-20 10:30:02.682349,6499.0,34236.0,27867.0
2025-06-20 10:30:02.757436,6499.0,34353.0,27874.0
2025-06-20 10:30:03.681452,6500.0,34353.0,27874.0
2025-06-20 10:30:03.741394,6500.0,34338.0,27816.0
2025-06-20 10:30:04.674852,6500.0,34338.0,27816.0
2025-06-20 10:30:04.745204,6500.0,34058.0,27910.0
2025-06-20 10:30:05.700347,6499.5,34058.0,27910.0
2025-06-20 10:30:05.975086,6499.5,34046.0,27990.0
2025-06-20 10:30:07.044225,6499.5,34164.0,27905.0
2025-06-20 10:30:07.687503,6499.5,34164.0,27905.0
2025-06-20 10:30:07.954600,6499.5,34048.0,27913.0
2025-06-20 10:30:09.045338,6499.5,33665.0,27917.0
2025-06-20 10:30:10.046574,6499.5,34095.0,27913.0
2025-06-20 10:30:11.048213,6499.5,34004.0,27937.0
2025-06-20 10:30:12.046244,6499.0,33970.0,27985.0
2025-06-20 10:30:12.717787,6500.0,33970.0,27985.0
2025-06-20 10:30:13.047854,6500.0,34069.0,28083.0
2025-06-20 10:30:13.986373,6500.0,34155.0,28083.0
2025-06-20 10:30:14.848088,6500.0,34161.0,28071.0
2025-06-20 10:30:15.699405,6500.0,34161.0,28071.0
2025-06-20 10:30:15.961847,6500.0,34131.0,27973.0
2025-06-20 10:30:17.058076,6497.0,33702.0,28719.0
2025-06-20 10:30:17.691418,6498.0,33702.0,28719.0
2025-06-20 10:30:18.153353,6498.0,33840.0,28602.0
2025-06-20 10:30:18.790089,6498.0,33840.0,28602.0
2025-06-20 10:30:19.251397,6498.0,33940.0,28277.0
2025-06-20 10:30:20.194386,6498.0,33970.0,28360.0
2025-06-20 10:30:20.682372,6497.5,33970.0,28360.0
2025-06-20 10:30:21.253320,6497.5,33904.0,28387.0
2025-06-20 10:30:22.357825,6497.5,33904.0,28387.0
2025-06-20 10:30:22.679465,6497.5,33904.0,28387.0
2025-06-20 10:30:23.552815,6497.5,33904.0,28344.0
2025-06-20 10:30:23.721196,6497.5,33904.0,28344.0
2025-06-20 10:30:24.557401,6497.5,33959.0,28284.0
2025-06-20 10:30:25.558660,6497.5,33921.0,28270.0
2025-06-20 10:30:26.754451,6497.5,33918.0,28262.0
2025-06-20 10:30:27.702175,6497.5,33918.0,28262.0
2025-06-20 10:30:27.756024,6497.5,33913.0,28293.0
2025-06-20 10:30:28.857820,6497.5,33925.0,28274.0
2025-06-20 10:30:29.968547,6497.5,33921.0,28270.0
2025-06-20 10:30:31.330556,6497.5,33921.0,28270.0
2025-06-20 10:30:31.365001,6497.5,34034.0,28276.0
2025-06-20 10:30:32.064312,6497.5,34032.0,28281.0
2025-06-20 10:30:32.709847,6498.5,34032.0,28281.0
2025-06-20 10:30:33.176004,6499.0,33949.0,28239.0
2025-06-20 10:30:33.682256,6498.0,33949.0,28239.0
2025-06-20 10:30:34.263765,6498.0,33949.0,28310.0
2025-06-20 10:30:35.365450,6498.0,34015.0,28334.0
2025-06-20 10:30:35.687253,6498.5,34015.0,28334.0
2025-06-20 10:30:36.477069,6498.5,34023.0,28375.0
2025-06-20 10:30:36.679211,6498.5,34023.0,28375.0
2025-06-20 10:30:37.477747,6498.5,33943.0,28431.0
2025-06-20 10:30:37.681567,6498.5,33943.0,28431.0
2025-06-20 10:30:38.567347,6498.5,34019.0,28487.0
2025-06-20 10:30:39.673644,6498.5,34001.0,28487.0
2025-06-20 10:30:40.689876,6497.5,34001.0,28487.0
2025-06-20 10:30:40.772943,6497.5,33997.0,28505.0
2025-06-20 10:30:41.868005,6497.5,34006.0,28473.0
2025-06-20 10:30:42.870316,6497.5,34001.0,28468.0
2025-06-20 10:30:43.181666,6497.5,34001.0,28468.0
2025-06-20 10:30:43.981909,6497.5,33999.0,28455.0
2025-06-20 10:30:44.214513,6497.5,33999.0,28455.0
2025-06-20 10:30:45.072143,6497.5,33999.0,28456.0
2025-06-20 10:30:45.308056,6497.5,33999.0,28456.0
2025-06-20 10:30:45.689363,6497.0,33999.0,28456.0
2025-06-20 10:30:45.973431,6497.0,33999.0,28456.0
2025-06-20 10:30:46.216521,6497.0,33970.0,28817.0
2025-06-20 10:30:46.478876,6497.0,33970.0,28817.0
2025-06-20 10:30:47.275992,6497.0,33979.0,28623.0
2025-06-20 10:30:47.666754,6497.0,33979.0,28623.0
2025-06-20 10:30:47.702872,6496.5,33979.0,28623.0
2025-06-20 10:30:48.382807,6496.5,33979.0,28623.0
2025-06-20 10:30:48.418376,6496.5,34008.0,28648.0
2025-06-20 10:30:49.485326,6496.5,34024.0,28594.0
2025-06-20 10:30:49.734953,6496.5,34024.0,28594.0
2025-06-20 10:30:50.586209,6496.5,34019.0,28587.0
2025-06-20 10:30:50.686571,6496.5,34019.0,28587.0
2025-06-20 10:30:50.756644,6496.5,34019.0,28587.0
2025-06-20 10:30:51.687978,6496.5,34020.0,28579.0
2025-06-20 10:30:52.256912,6496.5,34020.0,28579.0
2025-06-20 10:30:52.694555,6496.5,34020.0,28579.0
2025-06-20 10:30:52.785515,6496.5,33944.0,28559.0
2025-06-20 10:30:53.534514,6496.5,33944.0,28559.0
2025-06-20 10:30:53.876961,6496.5,33973.0,28424.0
2025-06-20 10:30:54.800608,6496.5,33973.0,28424.0
2025-06-20 10:30:55.012124,6496.5,33978.0,28490.0
2025-06-20 10:30:56.079673,6496.5,33971.0,28452.0
2025-06-20 10:30:56.506306,6496.5,33971.0,28452.0
2025-06-20 10:30:56.691884,6497.5,33971.0,28452.0
2025-06-20 10:30:57.217896,6497.5,34015.0,28313.0
2025-06-20 10:30:57.716604,6498.0,34015.0,28313.0
2025-06-20 10:30:58.277743,6498.0,33524.0,28128.0
2025-06-20 10:30:59.378097,6498.0,34020.0,28467.0
2025-06-20 10:31:00.690556,6498.0,34020.0,28467.0
2025-06-20 10:31:02.382634,6498.0,34025.0,28424.0
2025-06-20 10:31:03.694727,6497.0,34025.0,28424.0
2025-06-20 10:31:08.732428,6497.0,34102.0,28278.0
2025-06-20 10:31:09.952231,6499.0,34102.0,28278.0
2025-06-20 10:31:14.798238,6498.5,34270.0,27870.0
2025-06-20 10:31:15.698217,6500.0,34270.0,27870.0
2025-06-20 10:31:18.744924,6500.0,34270.0,27870.0
2025-06-20 10:31:20.809565,6500.0,34171.0,27877.0
2025-06-20 10:31:24.745487,6500.0,34171.0,27877.0
2025-06-20 10:31:26.707330,6500.0,34140.0,27843.0
2025-06-20 10:31:27.736574,6500.0,34140.0,27843.0
2025-06-20 10:31:32.308264,6500.0,34778.0,27592.0
2025-06-20 10:31:34.742186,6501.5,34778.0,27592.0
2025-06-20 10:31:38.655716,6503.5,34631.0,27662.0
2025-06-20 10:31:39.760083,6503.0,34631.0,27662.0
2025-06-20 10:31:42.740920,6502.0,34631.0,27662.0
2025-06-20 10:31:46.704854,6501.5,34631.0,27662.0
2025-06-20 10:31:50.454438,6501.5,34610.0,27743.0
2025-06-20 10:31:54.738238,6498.5,34610.0,27743.0
2025-06-20 10:31:56.359300,6499.5,34498.0,28245.0
2025-06-20 10:31:57.739260,6499.5,34498.0,28245.0
2025-06-20 10:32:00.741647,6498.5,34498.0,28245.0
2025-06-20 10:32:02.035070,6498.5,34631.0,28210.0
2025-06-20 10:32:04.755872,6499.0,34631.0,28210.0
2025-06-20 10:32:08.347825,6498.0,34355.0,28629.0
2025-06-20 10:32:08.699370,6498.0,34355.0,28629.0
2025-06-20 10:32:12.694259,6495.0,34355.0,28629.0
2025-06-20 10:32:14.635488,6495.0,34384.0,28502.0
2025-06-20 10:32:16.698492,6495.0,34384.0,28502.0
2025-06-20 10:32:20.715036,6497.5,34384.0,28502.0
2025-06-20 10:32:20.967622,6497.5,34463.0,28243.0
2025-06-20 10:32:24.697091,6497.5,34463.0,28243.0
2025-06-20 10:32:27.246188,6496.0,34290.0,28488.0
2025-06-20 10:32:28.696595,6496.0,34290.0,28488.0
2025-06-20 10:32:33.345902,6495.5,34532.0,28312.0
2025-06-20 10:32:33.692647,6495.5,34532.0,28312.0
2025-06-20 10:32:36.735143,6494.5,34532.0,28312.0
2025-06-20 10:32:39.647925,6495.5,34199.0,28387.0
2025-06-20 10:32:39.735853,6495.5,34199.0,28387.0
2025-06-20 10:32:42.728511,6495.5,34199.0,28387.0
2025-06-20 10:32:45.679498,6495.5,34285.0,28268.0
2025-06-20 10:32:49.690785,6496.5,34285.0,28268.0
2025-06-20 10:32:51.813431,6495.5,34348.0,28085.0
2025-06-20 10:32:52.731226,6496.5,34348.0,28085.0
2025-06-20 10:32:57.702883,6496.0,34348.0,28085.0
2025-06-20 10:32:57.858850,6496.0,34357.0,28251.0
2025-06-20 10:33:03.660664,6497.5,34418.0,28202.0
2025-06-20 10:33:03.788513,6497.5,34418.0,28202.0
2025-06-20 10:33:09.151189,6497.5,34418.0,28202.0
2025-06-20 10:33:09.262929,6497.5,34335.0,28290.0
2025-06-20 10:33:15.168450,6497.5,34474.0,28519.0
2025-06-20 10:33:18.707061,6498.0,34474.0,28519.0
2025-06-20 10:33:20.983753,6498.0,34479.0,28360.0
2025-06-20 10:33:22.750151,6497.0,34479.0,28360.0
2025-06-20 10:33:24.692697,6498.0,34479.0,28360.0
2025-06-20 10:33:27.079963,6498.0,33553.0,28388.0
2025-06-20 10:33:28.759007,6498.0,33553.0,28388.0
2025-06-20 10:33:32.835389,6498.0,33553.0,28388.0
2025-06-20 10:33:33.180309,6498.0,34575.0,28371.0
2025-06-20 10:33:34.706597,6498.0,34575.0,28371.0
2025-06-20 10:33:39.183452,6497.5,34547.0,28053.0
2025-06-20 10:33:39.703995,6497.5,34547.0,28053.0
2025-06-20 10:33:42.692638,6497.5,34547.0,28053.0
2025-06-20 10:33:43.651649,6497.5,34547.0,28053.0
2025-06-20 10:33:44.047746,6497.5,34547.0,28053.0
2025-06-20 10:33:45.056261,6497.5,34547.0,28053.0
2025-06-20 10:33:45.083199,6497.5,34520.0,28019.0
2025-06-20 10:33:45.303541,6497.5,34520.0,28019.0
2025-06-20 10:33:45.696684,6498.0,34520.0,28019.0
2025-06-20 10:33:45.742576,6498.0,34520.0,28019.0
2025-06-20 10:33:46.379610,6498.0,34520.0,28019.0
2025-06-20 10:33:47.505062,6498.0,34520.0,28019.0
2025-06-20 10:33:48.789284,6498.0,34520.0,28019.0
2025-06-20 10:33:50.140640,6498.0,34520.0,28019.0
2025-06-20 10:33:50.890462,6498.0,34594.0,28192.0
2025-06-20 10:33:51.353026,6498.0,34594.0,28192.0
2025-06-20 10:33:51.697430,6498.0,34594.0,28192.0
2025-06-20 10:33:52.664921,6498.0,34594.0,28192.0
2025-06-20 10:33:53.992597,6498.0,34594.0,28192.0
2025-06-20 10:33:54.740586,6498.0,34594.0,28192.0
2025-06-20 10:33:55.200572,6498.0,34594.0,28192.0
2025-06-20 10:33:56.798424,6498.0,34538.0,28173.0
2025-06-20 10:33:56.859339,6498.0,34538.0,28173.0
2025-06-20 10:33:57.697382,6498.0,34538.0,28173.0
2025-06-20 10:34:02.500636,6498.0,34609.0,28049.0
2025-06-20 10:34:03.699074,6498.0,34609.0,28049.0
2025-06-20 10:34:07.693307,6496.5,34609.0,28049.0
2025-06-20 10:34:08.204925,6496.5,34616.0,28030.0
2025-06-20 10:34:10.739664,6498.0,34616.0,28030.0
2025-06-20 10:34:12.700453,6498.0,34616.0,28030.0
2025-06-20 10:34:14.309085,6498.0,34655.0,27812.0
2025-06-20 10:34:20.011614,6498.0,34467.0,28032.0
2025-06-20 10:34:25.547428,6496.0,34556.0,28057.0
2025-06-20 10:34:27.749047,6497.0,34556.0,28057.0
2025-06-20 10:34:30.709429,6496.0,34556.0,28057.0
2025-06-20 10:34:31.218408,6496.0,34559.0,28036.0
2025-06-20 10:34:33.733526,6497.0,34559.0,28036.0
2025-06-20 10:34:36.972688,6497.0,34536.0,27919.0
2025-06-20 10:34:39.733278,6499.5,34536.0,27919.0
2025-06-20 10:34:42.743077,6499.5,34536.0,27919.0
2025-06-20 10:34:42.747930,6499.5,34665.0,27827.0
2025-06-20 10:34:45.751818,6499.5,34665.0,27827.0
2025-06-20 10:34:48.229283,6499.5,34595.0,27895.0
2025-06-20 10:34:48.704550,6499.5,34595.0,27895.0
2025-06-20 10:34:52.422143,6498.0,34595.0,27895.0
2025-06-20 10:34:53.831109,6498.0,34587.0,27938.0
2025-06-20 10:34:54.739727,6497.5,34587.0,27938.0
2025-06-20 10:34:56.764537,6498.0,34587.0,27938.0
2025-06-20 10:34:59.238298,6498.0,34624.0,28055.0
2025-06-20 10:35:02.711811,6498.5,34624.0,28055.0
2025-06-20 10:35:04.552879,6500.5,34719.0,27898.0
2025-06-20 10:35:04.698442,6500.5,34719.0,27898.0
2025-06-20 10:35:06.702427,6500.0,34719.0,27898.0
2025-06-20 10:35:09.702634,6498.5,34719.0,27898.0
2025-06-20 10:35:10.143468,6498.5,34689.0,28095.0
2025-06-20 10:35:12.735450,6499.5,34689.0,28095.0
2025-06-20 10:35:15.702540,6501.0,34689.0,28095.0
2025-06-20 10:35:15.981908,6501.0,34558.0,27951.0
2025-06-20 10:35:18.730723,6500.5,34558.0,27951.0
2025-06-20 10:35:21.699780,6500.0,34558.0,27951.0
2025-06-20 10:35:22.000295,6500.0,34543.0,28093.0
2025-06-20 10:35:23.727390,6500.0,34543.0,28093.0
2025-06-20 10:35:25.705768,6499.5,34543.0,28093.0
2025-06-20 10:35:27.761860,6499.5,34681.0,28283.0
2025-06-20 10:35:31.708041,6501.0,34681.0,28283.0
2025-06-20 10:35:33.704385,6501.0,34681.0,28283.0
2025-06-20 10:35:33.758470,6501.0,34774.0,28296.0
2025-06-20 10:35:35.702693,6501.0,34774.0,28296.0
2025-06-20 10:35:37.701907,6501.5,34774.0,28296.0
2025-06-20 10:35:39.743522,6501.0,34774.0,28296.0
2025-06-20 10:35:43.736187,6499.5,34774.0,28296.0
2025-06-20 10:35:45.703117,6501.5,34774.0,28296.0
2025-06-20 10:35:51.266954,6501.5,34690.0,27431.0
2025-06-20 10:35:53.713988,6500.5,34690.0,27431.0
2025-06-20 10:35:57.071421,6500.5,34722.0,27440.0
2025-06-20 10:35:57.715185,6501.5,34722.0,27440.0
2025-06-20 10:36:01.724820,6501.5,34722.0,27440.0
2025-06-20 10:36:02.773084,6501.5,34690.0,27776.0
2025-06-20 10:36:03.712970,6501.5,34690.0,27776.0
2025-06-20 10:36:05.703410,6501.0,34690.0,27776.0
2025-06-20 10:36:08.725038,6501.0,34670.0,27648.0
2025-06-20 10:36:08.735816,6501.0,34670.0,27648.0
2025-06-20 10:36:11.713668,6500.5,34670.0,27648.0
2025-06-20 10:36:14.728207,6500.5,34670.0,27648.0
2025-06-20 10:36:14.874556,6500.5,34519.0,27810.0
2025-06-20 10:36:17.749888,6500.0,34519.0,27810.0
2025-06-20 10:36:20.683865,6500.0,34477.0,27790.0
2025-06-20 10:36:23.714375,6500.0,34477.0,27790.0
2025-06-20 10:36:26.582960,6500.0,34677.0,27690.0
2025-06-20 10:36:29.726631,6502.0,34677.0,27690.0
2025-06-20 10:36:32.690306,6501.0,34749.0,27745.0
2025-06-20 10:36:32.706562,6501.0,34749.0,27745.0
2025-06-20 10:36:35.717978,6502.0,34749.0,27745.0
2025-06-20 10:36:38.703865,6499.5,34749.0,27745.0
2025-06-20 10:36:38.793783,6499.5,34211.0,28474.0
2025-06-20 10:36:41.717742,6497.5,34211.0,28474.0
2025-06-20 10:36:44.173398,6497.5,34211.0,28474.0
2025-06-20 10:36:44.507615,6498.0,34332.0,27977.0
2025-06-20 10:36:44.523496,6498.0,34332.0,27977.0
2025-06-20 10:36:44.716638,6498.0,34332.0,27977.0
2025-06-20 10:36:44.841742,6498.0,34332.0,27977.0
2025-06-20 10:36:45.235050,6498.0,34332.0,27977.0
2025-06-20 10:36:46.282293,6498.0,34332.0,27977.0
2025-06-20 10:36:46.708971,6498.0,34332.0,27977.0
2025-06-20 10:36:46.947374,6498.0,34332.0,27977.0
2025-06-20 10:36:47.413052,6498.0,34332.0,27977.0
2025-06-20 10:36:48.391052,6498.0,34332.0,27977.0
2025-06-20 10:36:49.346655,6498.0,34332.0,27977.0
2025-06-20 10:36:50.300713,6498.0,34577.0,27382.0
2025-06-20 10:36:50.687491,6498.0,34577.0,27382.0
2025-06-20 10:36:50.726486,6501.0,34577.0,27382.0
2025-06-20 10:36:51.674759,6501.0,34577.0,27382.0
2025-06-20 10:36:52.706458,6501.0,34577.0,27382.0
2025-06-20 10:36:53.225551,6501.0,34577.0,27382.0
2025-06-20 10:36:54.511000,6501.0,34577.0,27382.0
2025-06-20 10:36:55.756003,6501.0,34577.0,27382.0
2025-06-20 10:36:55.905067,6501.0,34490.0,27302.0
2025-06-20 10:36:57.370492,6501.0,34490.0,27302.0
2025-06-20 10:36:58.709337,6503.5,34490.0,27302.0
2025-06-20 10:37:01.514157,6503.5,34460.0,27222.0
2025-06-20 10:37:04.711629,6502.5,34460.0,27222.0
2025-06-20 10:37:07.612376,6502.5,34411.0,27057.0
2025-06-20 10:37:10.716436,6504.5,34411.0,27057.0
2025-06-20 10:37:13.519268,6504.5,34511.0,27046.0
2025-06-20 10:37:16.715112,6503.5,34511.0,27046.0
2025-06-20 10:37:19.125556,6505.0,34711.0,26900.0
2025-06-20 10:37:19.716584,6505.0,34711.0,26900.0
2025-06-20 10:37:22.726496,6502.5,34711.0,26900.0
2025-06-20 10:37:24.821160,6504.0,34470.0,27218.0
2025-06-20 10:37:25.708640,6504.0,34470.0,27218.0
2025-06-20 10:37:28.762394,6503.5,34470.0,27218.0
2025-06-20 10:37:30.327280,6503.5,34275.0,27457.0
2025-06-20 10:37:34.718146,6502.5,34275.0,27457.0
2025-06-20 10:37:35.945651,6502.5,34367.0,27598.0
2025-06-20 10:37:37.733318,6502.0,34367.0,27598.0
2025-06-20 10:37:40.716645,6502.0,34367.0,27598.0
2025-06-20 10:37:41.537965,6502.0,34364.0,27854.0
2025-06-20 10:37:43.745392,6502.0,34364.0,27854.0
2025-06-20 10:37:46.717511,6501.5,34364.0,27854.0
2025-06-20 10:37:47.240903,6501.5,34378.0,27813.0
2025-06-20 10:37:49.750118,6501.0,34378.0,27813.0
2025-06-20 10:37:52.758369,6501.0,34378.0,27813.0
2025-06-20 10:37:52.841093,6501.0,34330.0,28121.0
2025-06-20 10:37:55.710999,6499.5,34330.0,28121.0
2025-06-20 10:37:58.544092,6499.0,34340.0,27875.0
2025-06-20 10:37:58.714699,6499.0,34340.0,27875.0
2025-06-20 10:38:01.712649,6498.0,34340.0,27875.0
2025-06-20 10:38:04.132498,6498.5,34451.0,27819.0
2025-06-20 10:38:04.739364,6498.5,34451.0,27819.0
2025-06-20 10:38:07.715911,6499.0,34451.0,27819.0
2025-06-20 10:38:09.855770,6499.0,34432.0,27721.0
2025-06-20 10:38:11.762973,6500.5,34432.0,27721.0
2025-06-20 10:38:13.714384,6500.5,34432.0,27721.0
2025-06-20 10:38:15.360016,6500.5,34522.0,27923.0
2025-06-20 10:38:15.728679,6501.0,34522.0,27923.0
2025-06-20 10:38:17.712748,6500.5,34522.0,27923.0
2025-06-20 10:38:20.981183,6500.5,34316.0,28241.0
2025-06-20 10:38:23.721863,6500.0,34316.0,28241.0
2025-06-20 10:38:25.713669,6500.0,34316.0,28241.0
2025-06-20 10:38:26.483341,6500.0,34425.0,28179.0
2025-06-20 10:38:32.002073,6500.0,34383.0,28167.0
2025-06-20 10:38:33.736665,6499.5,34383.0,28167.0
2025-06-20 10:38:37.514222,6499.5,34478.0,27933.0
2025-06-20 10:38:39.728757,6500.0,34478.0,27933.0
2025-06-20 10:38:41.721909,6499.5,34478.0,27933.0
2025-06-20 10:38:43.284116,6499.5,34389.0,28267.0
2025-06-20 10:38:45.717697,6498.0,34389.0,28267.0
2025-06-20 10:38:47.735317,6496.5,34389.0,28267.0
2025-06-20 10:38:49.093480,6496.5,34230.0,28433.0
2025-06-20 10:38:51.715804,6495.0,34230.0,28433.0
2025-06-20 10:38:53.717973,6496.5,34230.0,28433.0
2025-06-20 10:38:54.393799,6496.5,34191.0,28546.0
2025-06-20 10:38:57.761354,6496.0,34191.0,28546.0
2025-06-20 10:38:59.792557,6496.0,34300.0,28487.0
2025-06-20 10:39:01.754620,6497.5,34300.0,28487.0
2025-06-20 10:39:05.609032,6497.5,34400.0,27800.0
2025-06-20 10:39:07.746562,6499.5,34400.0,27800.0
2025-06-20 10:39:11.416458,6499.5,34363.0,27980.0
2025-06-20 10:39:11.726983,6499.5,34363.0,27980.0
2025-06-20 10:39:13.744615,6499.5,34363.0,27980.0
2025-06-20 10:39:15.714925,6499.0,34363.0,27980.0
2025-06-20 10:39:16.822463,6499.0,34327.0,28343.0
2025-06-20 10:39:22.322802,6499.0,34333.0,28300.0
2025-06-20 10:39:28.027544,6499.0,34289.0,28592.0
2025-06-20 10:39:29.719451,6498.5,34289.0,28592.0
2025-06-20 10:39:33.722013,6496.5,34289.0,28592.0
2025-06-20 10:39:34.122622,6496.5,34173.0,29108.0
2025-06-20 10:39:35.723535,6496.0,34173.0,29108.0
2025-06-20 10:39:37.721918,6496.5,34173.0,29108.0
2025-06-20 10:39:40.228006,6496.5,34147.0,28802.0
2025-06-20 10:39:41.724769,6496.0,34147.0,28802.0
2025-06-20 10:39:43.728186,6496.0,34147.0,28802.0
2025-06-20 10:39:44.641898,6496.0,34147.0,28802.0
2025-06-20 10:39:45.031895,6496.0,34147.0,28802.0
2025-06-20 10:39:46.078962,6496.0,34147.0,28802.0
2025-06-20 10:39:46.393306,6496.0,34272.0,28763.0
2025-06-20 10:39:46.942638,6496.0,34272.0,28763.0
2025-06-20 10:39:47.426892,6496.0,34272.0,28763.0
2025-06-20 10:39:48.450808,6496.0,34272.0,28763.0
2025-06-20 10:39:49.820856,6496.0,34272.0,28763.0
2025-06-20 10:39:51.248669,6496.0,34272.0,28763.0
2025-06-20 10:39:52.151013,6496.0,34272.0,28763.0
2025-06-20 10:39:52.237451,6495.0,34160.0,28741.0
2025-06-20 10:39:53.830267,6495.0,34160.0,28741.0
2025-06-20 10:39:53.844900,6495.5,34160.0,28741.0
2025-06-20 10:39:55.041838,6495.5,34160.0,28741.0
2025-06-20 10:39:56.238578,6495.5,34160.0,28741.0
2025-06-20 10:39:57.880300,6495.5,34160.0,28741.0
2025-06-20 10:39:58.144207,6495.5,34129.0,28715.0
2025-06-20 10:40:01.775027,6497.0,34129.0,28715.0
2025-06-20 10:40:03.731786,6497.0,34129.0,28715.0
2025-06-20 10:40:04.049592,6497.0,34320.0,28387.0
2025-06-20 10:40:05.725662,6498.0,34320.0,28387.0
2025-06-20 10:40:07.732049,6498.0,34320.0,28387.0
2025-06-20 10:40:10.130088,6498.0,34196.0,28721.0
2025-06-20 10:40:11.730405,6497.0,34196.0,28721.0
2025-06-20 10:40:14.779888,6497.0,34196.0,28721.0
2025-06-20 10:40:16.157565,6497.0,34246.0,28861.0
2025-06-20 10:40:17.726864,6497.0,34246.0,28861.0
2025-06-20 10:40:20.747442,6497.0,34246.0,28861.0
2025-06-20 10:40:21.974519,6497.0,34222.0,28904.0
2025-06-20 10:40:27.780088,6497.0,34229.0,29091.0
2025-06-20 10:40:30.759521,6497.5,34229.0,29091.0
2025-06-20 10:40:33.709392,6497.5,34350.0,29123.0
2025-06-20 10:40:34.775066,6497.0,34350.0,29123.0
2025-06-20 10:40:38.758803,6497.0,34350.0,29123.0
2025-06-20 10:40:38.873556,6497.0,34164.0,29196.0
2025-06-20 10:40:40.741875,6496.5,34164.0,29196.0
2025-06-20 10:40:42.728196,6496.5,34164.0,29196.0
2025-06-20 10:40:44.531097,6496.5,34243.0,29039.0
2025-06-20 10:40:48.751893,6496.5,34243.0,29039.0
2025-06-20 10:40:50.183383,6496.0,34245.0,28964.0
2025-06-20 10:40:50.734468,6496.0,34245.0,28964.0
2025-06-20 10:40:54.733247,6496.5,34245.0,28964.0
2025-06-20 10:40:56.040824,6496.5,34251.0,28966.0
2025-06-20 10:41:01.503874,6496.5,34298.0,28887.0
2025-06-20 10:41:02.699216,6496.5,34297.0,28787.0
2025-06-20 10:41:03.529716,6496.5,34317.0,28833.0
2025-06-20 10:41:03.729755,6496.5,34317.0,28833.0
2025-06-20 10:41:04.522149,6496.5,34306.0,28792.0
2025-06-20 10:41:05.420853,6496.5,34360.0,28759.0
2025-06-20 10:41:05.731206,6498.0,34360.0,28759.0
2025-06-20 10:41:06.394557,6498.0,34377.0,28767.0
2025-06-20 10:41:06.722576,6498.0,34377.0,28767.0
2025-06-20 10:41:07.400423,6498.0,34313.0,28789.0
2025-06-20 10:41:07.728266,6498.0,34313.0,28789.0
2025-06-20 10:41:08.404074,6496.5,34309.0,28791.0
2025-06-20 10:41:08.724127,6496.5,34309.0,28791.0
2025-06-20 10:41:09.436174,6496.5,34283.0,28799.0
2025-06-20 10:41:10.399828,6496.5,34273.0,28783.0
2025-06-20 10:41:11.298053,6496.5,34272.0,28796.0
2025-06-20 10:41:12.203967,6496.5,34271.0,28787.0
2025-06-20 10:41:13.231026,6496.5,34265.0,28922.0
2025-06-20 10:41:14.200064,6496.5,34259.0,28920.0
2025-06-20 10:41:15.101369,6496.5,34266.0,28922.0
2025-06-20 10:41:16.100846,6496.5,34275.0,28836.0
2025-06-20 10:41:17.101400,6496.5,34264.0,28937.0
2025-06-20 10:41:18.029671,6496.5,34259.0,28956.0
2025-06-20 10:41:18.742177,6498.0,34259.0,28956.0
2025-06-20 10:41:19.030661,6498.0,34324.0,28828.0
2025-06-20 10:41:20.015358,6498.0,34335.0,28781.0
2025-06-20 10:41:20.731156,6497.5,34335.0,28781.0
2025-06-20 10:41:20.917053,6497.5,33839.0,28756.0
2025-06-20 10:41:21.917786,6497.5,33854.0,28768.0
2025-06-20 10:41:22.726921,6497.5,33854.0,28768.0
2025-06-20 10:41:22.911337,6497.5,33633.0,28694.0
2025-06-20 10:41:23.726526,6498.0,33633.0,28694.0
2025-06-20 10:41:23.802893,6498.0,34439.0,28762.0
2025-06-20 10:41:24.823003,6498.0,34395.0,28762.0
2025-06-20 10:41:25.817954,6498.0,34330.0,28854.0
2025-06-20 10:41:26.808874,6498.0,34330.0,28871.0
2025-06-20 10:41:27.728153,6498.0,34330.0,28871.0
2025-06-20 10:41:27.816436,6498.0,34478.0,28882.0
2025-06-20 10:41:28.710635,6498.0,34457.0,29045.0
2025-06-20 10:41:29.631365,6498.0,34363.0,29052.0
2025-06-20 10:41:30.621508,6498.0,34331.0,28991.0
2025-06-20 10:41:31.647245,6498.0,34298.0,29196.0
2025-06-20 10:41:32.551828,6498.0,34200.0,29090.0
2025-06-20 10:41:33.547420,6498.0,34408.0,28731.0
2025-06-20 10:41:33.739825,6498.0,34408.0,28731.0
2025-06-20 10:41:34.444116,6498.0,33417.0,28775.0
2025-06-20 10:41:35.429874,6497.5,34430.0,28836.0
2025-06-20 10:41:35.761918,6497.5,34430.0,28836.0
2025-06-20 10:41:36.316168,6497.5,34422.0,28835.0
2025-06-20 10:41:37.318348,6497.5,34429.0,28952.0
2025-06-20 10:41:37.735259,6497.5,34429.0,28952.0
2025-06-20 10:41:38.222780,6497.5,33922.0,29089.0
2025-06-20 10:41:39.118303,6497.5,34214.0,29089.0
2025-06-20 10:41:40.080116,6497.5,34415.0,29103.0
2025-06-20 10:41:40.747697,6497.5,34415.0,29103.0
2025-06-20 10:41:41.103370,6497.5,34305.0,29097.0
2025-06-20 10:41:42.044059,6497.5,34405.0,29122.0
2025-06-20 10:41:42.944617,6497.5,34211.0,29126.0
2025-06-20 10:41:43.945872,6497.5,34210.0,29106.0
2025-06-20 10:41:44.823289,6497.5,34423.0,29006.0
2025-06-20 10:41:45.821909,6497.5,34232.0,29012.0
2025-06-20 10:41:46.819983,6497.5,34158.0,28999.0
2025-06-20 10:41:47.820376,6497.5,34161.0,28901.0
2025-06-20 10:41:49.028256,6497.5,34156.0,28911.0
2025-06-20 10:41:49.761300,6497.0,34156.0,28911.0
2025-06-20 10:41:50.036721,6497.0,34158.0,28909.0
2025-06-20 10:41:50.734889,6497.5,34158.0,28909.0
2025-06-20 10:41:51.036702,6497.5,34145.0,28931.0
2025-06-20 10:41:52.036145,6497.5,34146.0,29032.0
2025-06-20 10:41:52.759776,6498.0,34146.0,29032.0
2025-06-20 10:41:53.126032,6498.0,34434.0,28930.0
2025-06-20 10:41:54.065711,6498.0,34234.0,28930.0
2025-06-20 10:41:55.124599,6498.0,34244.0,29085.0
2025-06-20 10:41:56.222786,6498.0,34450.0,28985.0
2025-06-20 10:41:57.328403,6498.0,34467.0,28987.0
2025-06-20 10:41:58.454971,6498.0,34267.0,28990.0
2025-06-20 10:41:59.438995,6498.0,34266.0,28975.0
2025-06-20 10:42:00.542150,6498.0,34256.0,28992.0
2025-06-20 10:42:01.748843,6497.0,34256.0,28992.0
2025-06-20 10:42:01.771531,6497.0,34377.0,29069.0
2025-06-20 10:42:02.742815,6497.0,34377.0,29069.0
2025-06-20 10:42:02.762878,6497.0,34361.0,29134.0
2025-06-20 10:42:03.754676,6496.5,34361.0,29134.0
2025-06-20 10:42:03.828495,6496.5,34311.0,29240.0
2025-06-20 10:42:04.731652,6496.5,34311.0,29240.0
2025-06-20 10:42:04.960470,6496.5,34200.0,29155.0
2025-06-20 10:42:05.727037,6497.0,34200.0,29155.0
2025-06-20 10:42:06.065419,6497.0,34272.0,29174.0
2025-06-20 10:42:07.134822,6497.0,34299.0,29158.0
2025-06-20 10:42:07.729473,6497.0,34299.0,29158.0
2025-06-20 10:42:08.133983,6497.0,33744.0,29064.0
2025-06-20 10:42:09.236194,6497.0,34073.0,29190.0
2025-06-20 10:42:10.337123,6497.0,34195.0,29160.0
2025-06-20 10:42:10.765494,6496.5,34195.0,29160.0
2025-06-20 10:42:11.451370,6496.5,34188.0,29147.0
2025-06-20 10:42:12.567564,6496.5,34284.0,29164.0
2025-06-20 10:42:13.640618,6496.5,34309.0,29136.0
2025-06-20 10:42:14.741457,6496.5,34309.0,29136.0
2025-06-20 10:42:14.786111,6496.5,34311.0,29164.0
2025-06-20 10:42:15.841292,6496.5,34313.0,29150.0
2025-06-20 10:42:16.945849,6496.5,34310.0,29145.0
2025-06-20 10:42:17.728072,6496.5,34310.0,29145.0
2025-06-20 10:42:18.050170,6496.5,34210.0,29137.0
2025-06-20 10:42:19.153453,6496.5,34134.0,29160.0
2025-06-20 10:42:20.245656,6496.5,34129.0,29165.0
2025-06-20 10:42:21.246612,6496.5,34127.0,29176.0
2025-06-20 10:42:22.429890,6496.5,34224.0,29064.0
2025-06-20 10:42:22.729507,6496.5,34224.0,29064.0
2025-06-20 10:42:23.348217,6496.5,34230.0,29064.0
2025-06-20 10:42:24.350664,6496.5,34230.0,29064.0
2025-06-20 10:42:25.459479,6496.5,34230.0,29068.0
2025-06-20 10:42:26.553727,6496.5,34230.0,29072.0
2025-06-20 10:42:26.735519,6496.5,34230.0,29072.0
2025-06-20 10:42:27.740977,6496.5,34230.0,29072.0
2025-06-20 10:42:28.149058,6496.5,34228.0,29073.0
2025-06-20 10:42:28.731649,6497.5,34228.0,29073.0
2025-06-20 10:42:29.249582,6497.5,34348.0,29129.0
2025-06-20 10:42:30.352154,6497.5,34353.0,29114.0
2025-06-20 10:42:30.992089,6497.0,34353.0,29114.0
2025-06-20 10:42:31.567298,6497.0,34330.0,29116.0
2025-06-20 10:42:32.353138,6497.0,34338.0,29116.0
2025-06-20 10:42:32.737971,6497.0,34338.0,29116.0
2025-06-20 10:42:33.352483,6497.0,34352.0,29112.0
2025-06-20 10:42:33.772626,6497.0,34352.0,29112.0
2025-06-20 10:42:34.460681,6497.0,34330.0,29168.0
2025-06-20 10:42:35.553709,6498.0,34353.0,28884.0
2025-06-20 10:42:35.769337,6498.0,34353.0,28884.0
2025-06-20 10:42:36.555358,6498.0,34263.0,29052.0
2025-06-20 10:42:36.739578,6498.0,34263.0,29052.0
2025-06-20 10:42:37.655418,6497.5,34268.0,28980.0
2025-06-20 10:42:37.765244,6497.5,34268.0,28980.0
2025-06-20 10:42:38.655657,6497.5,34320.0,28980.0
2025-06-20 10:42:39.653602,6497.5,34328.0,28995.0
2025-06-20 10:42:40.783705,6497.5,34297.0,29176.0
2025-06-20 10:42:41.979402,6497.0,34297.0,29176.0
2025-06-20 10:42:42.034688,6497.0,34273.0,29204.0
2025-06-20 10:42:42.781462,6497.5,34273.0,29204.0
2025-06-20 10:42:42.853677,6497.5,34275.0,29195.0
2025-06-20 10:42:43.856473,6497.5,34280.0,29106.0
2025-06-20 10:42:44.802796,6496.5,34280.0,29106.0
2025-06-20 10:42:44.853553,6496.5,34293.0,29165.0
2025-06-20 10:42:45.033187,6496.5,34293.0,29165.0
2025-06-20 10:42:45.756215,6496.5,34293.0,29165.0
2025-06-20 10:42:45.956286,6496.5,34286.0,29171.0
2025-06-20 10:42:46.130526,6496.5,34286.0,29171.0
2025-06-20 10:42:47.062981,6496.5,34291.0,29171.0
2025-06-20 10:42:47.392352,6496.5,34291.0,29171.0
2025-06-20 10:42:47.792992,6496.5,34291.0,29171.0
2025-06-20 10:42:48.063738,6496.5,34291.0,29171.0
2025-06-20 10:42:48.155034,6496.5,34228.0,29144.0
2025-06-20 10:42:48.553374,6496.5,34228.0,29144.0
2025-06-20 10:42:49.086593,6496.5,34228.0,29144.0
2025-06-20 10:42:49.256539,6496.5,34254.0,29145.0
2025-06-20 10:42:49.544429,6496.5,34254.0,29145.0
2025-06-20 10:42:50.160851,6496.5,34264.0,29133.0
2025-06-20 10:42:50.481165,6496.5,34264.0,29133.0
2025-06-20 10:42:51.268431,6496.5,33936.0,29321.0
2025-06-20 10:42:51.837643,6496.5,33936.0,29321.0
2025-06-20 10:42:52.364206,6496.5,33916.0,29289.0
2025-06-20 10:42:52.869460,6496.5,33916.0,29289.0
2025-06-20 10:42:53.958535,6496.5,33831.0,29376.0
2025-06-20 10:42:54.398685,6496.5,33831.0,29376.0
2025-06-20 10:42:54.732540,6495.0,33831.0,29376.0
2025-06-20 10:42:55.059858,6495.0,33951.0,29382.0
2025-06-20 10:42:55.637616,6495.0,33951.0,29382.0
2025-06-20 10:42:56.062571,6495.0,33962.0,29422.0
2025-06-20 10:42:56.891873,6495.0,33962.0,29422.0
2025-06-20 10:42:57.159573,6495.0,33940.0,29419.0
2025-06-20 10:42:57.740907,6495.5,33940.0,29419.0
2025-06-20 10:42:58.261136,6495.5,33980.0,29407.0
2025-06-20 10:42:58.580800,6495.5,33980.0,29407.0
2025-06-20 10:43:01.101429,6495.5,33949.0,29402.0
2025-06-20 10:43:01.359332,6495.5,33961.0,29350.0
2025-06-20 10:43:02.362528,6495.5,33961.0,29351.0
2025-06-20 10:43:03.471615,6495.5,33944.0,29298.0
2025-06-20 10:43:03.737946,6495.5,33944.0,29298.0
2025-06-20 10:43:04.563039,6495.5,33937.0,29409.0
2025-06-20 10:43:06.661860,6496.0,33967.0,29396.0
2025-06-20 10:43:06.734819,6496.0,33967.0,29396.0
2025-06-20 10:43:07.743213,6496.0,33967.0,29396.0
2025-06-20 10:43:07.794033,6496.0,33925.0,29107.0
2025-06-20 10:43:08.780684,6496.0,33927.0,29107.0
2025-06-20 10:43:09.869156,6496.0,34013.0,29107.0
2025-06-20 10:43:10.735883,6498.0,34013.0,29107.0
2025-06-20 10:43:10.964044,6498.0,34033.0,29050.0
2025-06-20 10:43:11.865050,6498.0,34033.0,29050.0
2025-06-20 10:43:12.734859,6497.0,34033.0,29050.0
2025-06-20 10:43:12.867220,6497.0,33994.0,29033.0
2025-06-20 10:43:13.969244,6497.0,33939.0,29033.0
2025-06-20 10:43:14.972736,6497.0,33940.0,29033.0
2025-06-20 10:43:16.070053,6497.0,33917.0,29007.0
2025-06-20 10:43:17.272971,6497.0,33917.0,29099.0
2025-06-20 10:43:17.778370,6497.0,33917.0,29099.0
2025-06-20 10:43:18.480782,6497.0,33917.0,29098.0
2025-06-20 10:43:19.582590,6497.0,33917.0,29098.0
2025-06-20 10:43:20.681956,6497.0,33913.0,28998.0
2025-06-20 10:43:21.737117,6496.5,33913.0,28998.0
2025-06-20 10:43:21.786776,6496.5,34055.0,29115.0
2025-06-20 10:43:22.875546,6496.5,34053.0,29114.0
2025-06-20 10:43:23.981383,6496.5,34063.0,29078.0
2025-06-20 10:43:24.977950,6496.5,34051.0,29078.0
2025-06-20 10:43:26.080145,6496.5,34063.0,29212.0
2025-06-20 10:43:27.279291,6496.5,34079.0,29217.0
2025-06-20 10:43:28.380243,6496.5,34079.0,29217.0
2025-06-20 10:43:28.736263,6496.5,34079.0,29217.0
2025-06-20 10:43:29.280940,6496.0,33809.0,29407.0
2025-06-20 10:43:29.742052,6496.0,33809.0,29407.0
2025-06-20 10:43:30.380989,6495.0,33706.0,29547.0
2025-06-20 10:43:30.740330,6495.0,33706.0,29547.0
2025-06-20 10:43:31.385028,6495.0,33703.0,29419.0
2025-06-20 10:43:32.496479,6495.0,33758.0,29599.0
2025-06-20 10:43:32.746878,6495.0,33758.0,29599.0
2025-06-20 10:43:33.583395,6495.0,33748.0,29490.0
2025-06-20 10:43:33.733671,6495.0,33748.0,29490.0
2025-06-20 10:43:34.494974,6495.0,33742.0,29502.0
2025-06-20 10:43:35.519202,6495.0,33757.0,29670.0
2025-06-20 10:43:35.746257,6495.0,33757.0,29670.0
2025-06-20 10:43:36.587021,6495.0,33717.0,29477.0
2025-06-20 10:43:37.687192,6495.0,33750.0,29674.0
2025-06-20 10:43:37.738487,6495.0,33750.0,29674.0
2025-06-20 10:43:38.744318,6494.0,33750.0,29674.0
2025-06-20 10:43:38.795624,6494.0,33688.0,29487.0
2025-06-20 10:43:39.891090,6494.0,33710.0,29358.0
2025-06-20 10:43:41.085979,6494.0,33645.0,29514.0
2025-06-20 10:43:42.187846,6490.5,33380.0,29642.0
2025-06-20 10:43:42.746992,6493.0,33380.0,29642.0
2025-06-20 10:43:43.287623,6493.0,33548.0,29619.0
2025-06-20 10:43:44.295089,6493.0,33545.0,29638.0
2025-06-20 10:43:45.390486,6493.0,33546.0,29649.0
2025-06-20 10:43:45.738354,6493.5,33546.0,29649.0
2025-06-20 10:43:46.521455,6493.5,33550.0,29532.0
2025-06-20 10:43:47.591577,6492.5,33522.0,29651.0
2025-06-20 10:43:47.790988,6492.5,33522.0,29651.0
2025-06-20 10:43:48.693149,6490.5,33496.0,29473.0
2025-06-20 10:43:48.750094,6490.5,33496.0,29473.0
2025-06-20 10:43:49.766854,6492.5,33496.0,29473.0
2025-06-20 10:43:49.792927,6492.5,33596.0,29449.0
2025-06-20 10:43:50.750711,6492.0,33596.0,29449.0
2025-06-20 10:43:51.004860,6492.0,33549.0,29442.0
2025-06-20 10:43:52.093666,6492.0,33634.0,29453.0
2025-06-20 10:43:52.738436,6492.0,33634.0,29453.0
2025-06-20 10:43:53.035088,6492.0,33541.0,29371.0
2025-06-20 10:43:54.094973,6492.0,33561.0,29462.0
2025-06-20 10:43:55.099751,6490.5,33534.0,29553.0
2025-06-20 10:43:55.767530,6492.5,33534.0,29553.0
2025-06-20 10:43:56.202108,6492.5,33497.0,29616.0
2025-06-20 10:43:57.201377,6492.5,33522.0,29862.0
2025-06-20 10:43:57.740876,6492.5,33522.0,29862.0
2025-06-20 10:43:58.304693,6492.5,33544.0,29810.0
2025-06-20 10:43:59.411524,6492.5,33561.0,29830.0
2025-06-20 10:44:01.207471,6492.5,33558.0,29814.0
2025-06-20 10:44:01.743554,6492.5,33558.0,29814.0
2025-06-20 10:44:02.304152,6492.5,33575.0,29840.0
2025-06-20 10:44:02.751674,6492.5,33575.0,29840.0
2025-06-20 10:44:03.415157,6492.5,33482.0,29726.0
2025-06-20 10:44:03.741100,6492.5,33482.0,29726.0
2025-06-20 10:44:04.518111,6492.5,33469.0,29712.0
2025-06-20 10:44:05.416654,6492.5,33572.0,29685.0
2025-06-20 10:44:06.522304,6494.0,33700.0,29571.0
2025-06-20 10:44:06.742106,6494.0,33700.0,29571.0
2025-06-20 10:44:07.645837,6494.0,33729.0,29596.0
2025-06-20 10:44:07.750460,6495.0,33729.0,29596.0
2025-06-20 10:44:08.520001,6495.0,33787.0,29580.0
2025-06-20 10:44:09.607462,6494.5,33791.0,29585.0
2025-06-20 10:44:09.750609,6494.5,33791.0,29585.0
2025-06-20 10:44:10.710539,6495.0,33802.0,29587.0
2025-06-20 10:44:10.787170,6495.0,33802.0,29587.0
2025-06-20 10:44:11.809072,6495.0,33788.0,29599.0
2025-06-20 10:44:12.760710,6495.0,33788.0,29599.0
2025-06-20 10:44:12.810051,6495.0,33774.0,29604.0
2025-06-20 10:44:13.811681,6495.0,33764.0,29574.0
2025-06-20 10:44:15.039580,6495.0,33758.0,29570.0
2025-06-20 10:44:15.928550,6495.0,33758.0,29606.0
2025-06-20 10:44:16.954849,6495.0,33754.0,29606.0
2025-06-20 10:44:17.784611,6494.5,33754.0,29606.0
2025-06-20 10:44:17.959259,6494.5,33759.0,29606.0
2025-06-20 10:44:19.251549,6494.5,33759.0,29583.0
2025-06-20 10:44:20.114317,6494.5,33763.0,29591.0
2025-06-20 10:44:21.215726,6494.5,33740.0,29582.0
2025-06-20 10:44:22.337334,6494.5,33661.0,29599.0
2025-06-20 10:44:22.751090,6495.0,33661.0,29599.0
2025-06-20 10:44:23.440843,6495.0,33735.0,29585.0
2025-06-20 10:44:24.558731,6493.0,33720.0,29503.0
2025-06-20 10:44:24.747077,6493.0,33720.0,29503.0
2025-06-20 10:44:25.530238,6495.0,33711.0,29377.0
2025-06-20 10:44:25.742501,6495.0,33711.0,29377.0
2025-06-20 10:44:26.617873,6493.5,33653.0,29245.0
2025-06-20 10:44:26.748293,6493.5,33653.0,29245.0
2025-06-20 10:44:27.719499,6495.0,33676.0,29292.0
2025-06-20 10:44:27.740424,6495.0,33676.0,29292.0
2025-06-20 10:44:28.819347,6495.0,33653.0,29410.0
2025-06-20 10:44:29.820626,6495.0,33659.0,29433.0
2025-06-20 10:44:30.822157,6495.0,33665.0,29434.0
2025-06-20 10:44:31.934375,6495.0,33662.0,29426.0
2025-06-20 10:44:33.122130,6495.0,33678.0,29406.0
2025-06-20 10:44:33.744702,6494.5,33678.0,29406.0
2025-06-20 10:44:34.124205,6494.5,33696.0,29502.0
2025-06-20 10:44:35.225212,6494.5,33711.0,29504.0
2025-06-20 10:44:35.750170,6495.0,33711.0,29504.0
2025-06-20 10:44:36.223232,6495.0,33694.0,29467.0
2025-06-20 10:44:36.755378,6495.0,33694.0,29467.0
2025-06-20 10:44:37.325054,6495.0,33696.0,29485.0
2025-06-20 10:44:37.765555,6495.0,33696.0,29485.0
2025-06-20 10:44:38.436939,6495.0,33705.0,29437.0
2025-06-20 10:44:39.439751,6495.0,33716.0,29452.0
2025-06-20 10:44:40.541599,6495.0,33713.0,29484.0
2025-06-20 10:44:41.440508,6495.0,33704.0,29494.0
2025-06-20 10:44:42.543130,6495.0,33832.0,29449.0
2025-06-20 10:44:43.630607,6495.0,33805.0,29460.0
2025-06-20 10:44:44.731852,6494.5,33767.0,29414.0
2025-06-20 10:44:44.744559,6494.5,33767.0,29414.0
2025-06-20 10:44:45.799770,6494.5,33767.0,29414.0
2025-06-20 10:44:45.835021,6494.5,33814.0,29511.0
2025-06-20 10:44:46.831462,6494.5,33814.0,29511.0
2025-06-20 10:44:47.782275,6494.5,33814.0,29511.0
2025-06-20 10:44:48.331974,6494.5,33786.0,29519.0
2025-06-20 10:44:48.744771,6494.5,33786.0,29519.0
2025-06-20 10:44:49.332446,6494.5,33786.0,29506.0
2025-06-20 10:44:50.334042,6494.5,33799.0,29507.0
2025-06-20 10:44:51.440250,6494.5,33799.0,29509.0
2025-06-20 10:44:52.336673,6494.5,33799.0,29521.0
2025-06-20 10:44:52.742352,6494.0,33799.0,29521.0
2025-06-20 10:44:53.334921,6494.0,33799.0,29527.0
2025-06-20 10:44:54.441354,6493.5,33777.0,29508.0
2025-06-20 10:44:54.744580,6493.5,33777.0,29508.0
2025-06-20 10:44:55.570970,6493.5,33768.0,29514.0
2025-06-20 10:44:56.571519,6493.5,33758.0,29510.0
2025-06-20 10:44:57.449999,6493.5,33693.0,29510.0
2025-06-20 10:44:57.758476,6494.0,33693.0,29510.0
2025-06-20 10:44:58.573581,6494.0,33722.0,29290.0
2025-06-20 10:44:59.578026,6494.0,33712.0,29372.0
2025-06-20 10:45:01.769382,6494.0,33712.0,29372.0
2025-06-20 10:45:04.082916,6497.5,33805.0,28755.0
2025-06-20 10:45:04.757124,6497.5,33805.0,28755.0
2025-06-20 10:45:07.775624,6497.5,33805.0,28755.0
2025-06-20 10:45:09.582216,6497.5,33915.0,28807.0
2025-06-20 10:45:13.755743,6500.0,33915.0,28807.0
2025-06-20 10:45:14.850629,6500.0,33978.0,28715.0
2025-06-20 10:45:16.784386,6500.0,33978.0,28715.0
2025-06-20 10:45:19.767414,6500.0,33978.0,28715.0
2025-06-20 10:45:20.576497,6500.0,34112.0,28508.0
2025-06-20 10:45:22.764448,6499.0,34112.0,28508.0
2025-06-20 10:45:25.768703,6499.0,34112.0,28508.0
2025-06-20 10:45:26.304222,6497.5,34049.0,28502.0
2025-06-20 10:45:27.795682,6498.5,34049.0,28502.0
2025-06-20 10:45:29.762461,6497.5,34049.0,28502.0
2025-06-20 10:45:31.366086,6497.5,34097.0,28426.0
2025-06-20 10:45:33.789174,6498.5,34097.0,28426.0
2025-06-20 10:45:35.766137,6500.0,34097.0,28426.0
2025-06-20 10:45:36.471104,6502.5,34344.0,28119.0
2025-06-20 10:45:37.769813,6503.0,34344.0,28119.0
2025-06-20 10:45:41.761155,6501.5,34344.0,28119.0
2025-06-20 10:45:42.074217,6501.5,34214.0,28202.0
2025-06-20 10:45:43.757848,6501.5,34214.0,28202.0
2025-06-20 10:45:45.449962,6501.5,34214.0,28202.0
2025-06-20 10:45:46.174809,6501.5,34214.0,28202.0
2025-06-20 10:45:47.175342,6501.5,34214.0,28202.0
2025-06-20 10:45:47.380082,6501.5,34264.0,28238.0
2025-06-20 10:45:47.591735,6501.5,34264.0,28238.0
2025-06-20 10:45:48.248407,6501.5,34264.0,28238.0
2025-06-20 10:45:49.301601,6501.5,34264.0,28238.0
2025-06-20 10:45:50.684434,6501.5,34264.0,28238.0
2025-06-20 10:45:52.149677,6501.5,34264.0,28238.0
2025-06-20 10:45:52.883105,6501.5,34245.0,28402.0
2025-06-20 10:45:53.081243,6501.5,34245.0,28402.0
2025-06-20 10:45:54.636322,6501.5,34245.0,28402.0
2025-06-20 10:45:55.752579,6500.0,34245.0,28402.0
2025-06-20 10:45:55.922018,6500.0,34245.0,28402.0
2025-06-20 10:45:57.208771,6500.0,34245.0,28402.0
2025-06-20 10:45:58.600889,6500.0,34342.0,28263.0
2025-06-20 10:45:58.823040,6500.0,34342.0,28263.0
2025-06-20 10:45:59.752425,6499.5,34342.0,28263.0
2025-06-20 10:46:01.286574,6499.5,34428.0,28194.0
2025-06-20 10:46:02.100406,6499.5,34420.0,28195.0
2025-06-20 10:46:02.784369,6500.0,34420.0,28195.0
2025-06-20 10:46:03.190928,6500.0,34455.0,28189.0
2025-06-20 10:46:03.744717,6502.5,34455.0,28189.0
2025-06-20 10:46:04.288939,6502.5,34378.0,28142.0
2025-06-20 10:46:05.390099,6502.5,34381.0,28137.0
2025-06-20 10:46:05.750002,6503.0,34381.0,28137.0
2025-06-20 10:46:06.490049,6500.5,34464.0,28183.0
2025-06-20 10:46:06.742617,6500.5,34464.0,28183.0
2025-06-20 10:46:07.597562,6502.0,34451.0,28208.0
2025-06-20 10:46:07.743239,6502.0,34451.0,28208.0
2025-06-20 10:46:08.595562,6502.0,34217.0,28190.0
2025-06-20 10:46:09.692425,6502.0,34117.0,28190.0
2025-06-20 10:46:10.693578,6503.0,34121.0,28209.0
2025-06-20 10:46:10.745231,6503.0,34121.0,28209.0
2025-06-20 10:46:11.803118,6503.0,34355.0,28336.0
2025-06-20 10:46:12.750724,6502.5,34355.0,28336.0
2025-06-20 10:46:12.892507,6502.5,34358.0,28330.0
2025-06-20 10:46:14.020257,6502.5,34309.0,28332.0
2025-06-20 10:46:15.094113,6502.5,34213.0,28337.0
2025-06-20 10:46:16.208797,6502.5,34303.0,28337.0
2025-06-20 10:46:17.197792,6502.5,34403.0,28337.0
2025-06-20 10:46:18.098083,6502.5,34298.0,28333.0
2025-06-20 10:46:19.208706,6502.5,34443.0,28323.0
2025-06-20 10:46:20.297588,6502.5,34443.0,28328.0
2025-06-20 10:46:21.299140,6502.5,34354.0,28098.0
2025-06-20 10:46:22.299821,6502.5,34310.0,28152.0
2025-06-20 10:46:23.300550,6502.5,34421.0,28229.0
2025-06-20 10:46:24.214585,6502.5,34254.0,28156.0
2025-06-20 10:46:25.211527,6502.5,34367.0,28155.0
2025-06-20 10:46:26.212777,6502.5,34376.0,28260.0
2025-06-20 10:46:27.212140,6502.5,34372.0,28281.0
2025-06-20 10:46:28.214138,6502.5,34367.0,28277.0
2025-06-20 10:46:29.209187,6502.5,34360.0,28283.0
2025-06-20 10:46:30.108946,6502.5,34286.0,28302.0
2025-06-20 10:46:30.748964,6501.0,34286.0,28302.0
2025-06-20 10:46:31.107634,6501.0,34402.0,28133.0
2025-06-20 10:46:32.210661,6501.0,34388.0,28257.0
2025-06-20 10:46:32.753552,6501.5,34388.0,28257.0
2025-06-20 10:46:33.307625,6501.5,34392.0,28298.0
2025-06-20 10:46:33.746665,6502.5,34392.0,28298.0
2025-06-20 10:46:34.419197,6502.5,34463.0,28069.0
2025-06-20 10:46:35.543565,6503.0,34446.0,28165.0
2025-06-20 10:46:35.757900,6503.0,34446.0,28165.0
2025-06-20 10:46:36.613699,6502.5,34347.0,28224.0
2025-06-20 10:46:36.746602,6502.5,34347.0,28224.0
2025-06-20 10:46:37.613480,6503.0,34346.0,28147.0
2025-06-20 10:46:37.746084,6503.0,34346.0,28147.0
2025-06-20 10:46:38.629154,6503.0,34354.0,28143.0
2025-06-20 10:46:39.614178,6503.0,34480.0,28239.0
2025-06-20 10:46:40.548327,6503.0,34480.0,28238.0
2025-06-20 10:46:40.754912,6503.0,34480.0,28238.0
2025-06-20 10:46:41.548039,6503.0,34473.0,28238.0
2025-06-20 10:46:42.530157,6503.0,34461.0,28139.0
2025-06-20 10:46:42.745735,6502.5,34461.0,28139.0
2025-06-20 10:46:43.615828,6502.5,34462.0,28139.0
2025-06-20 10:46:44.618334,6502.0,34462.0,28123.0
2025-06-20 10:46:44.749126,6502.0,34462.0,28123.0
2025-06-20 10:46:45.626146,6502.5,34436.0,28109.0
2025-06-20 10:46:45.764076,6502.5,34436.0,28109.0
2025-06-20 10:46:46.619746,6502.5,34489.0,28115.0
2025-06-20 10:46:46.747452,6503.0,34489.0,28115.0
2025-06-20 10:46:47.621001,6503.0,34431.0,28213.0
2025-06-20 10:46:48.619256,6503.0,34465.0,28197.0
2025-06-20 10:46:49.621253,6503.0,34461.0,28175.0
2025-06-20 10:46:50.619781,6503.0,34456.0,28192.0
2025-06-20 10:46:51.549734,6503.0,34456.0,28192.0
2025-06-20 10:46:52.756238,6503.0,34456.0,28192.0
2025-06-20 10:46:53.035063,6503.0,34436.0,28208.0
2025-06-20 10:46:54.036176,6503.0,34438.0,28208.0
2025-06-20 10:46:55.121277,6503.0,34388.0,28304.0
2025-06-20 10:46:56.060816,6503.0,34396.0,28337.0
2025-06-20 10:46:56.760500,6502.5,34396.0,28337.0
2025-06-20 10:46:56.935442,6502.5,34391.0,28337.0
2025-06-20 10:46:57.756692,6503.0,34391.0,28337.0
2025-06-20 10:46:57.935758,6503.0,34406.0,28336.0
2025-06-20 10:46:58.938573,6503.0,34427.0,28336.0
2025-06-20 10:46:59.755513,6503.0,34427.0,28336.0
2025-06-20 10:46:59.927927,6503.0,34427.0,28291.0
2025-06-20 10:47:00.756776,6503.0,34427.0,28291.0
2025-06-20 10:47:02.762496,6503.0,34427.0,28291.0
2025-06-20 10:47:03.638901,6503.0,34472.0,28206.0
2025-06-20 10:47:04.771280,6503.0,34472.0,28206.0
2025-06-20 10:47:06.761218,6503.0,34472.0,28206.0
2025-06-20 10:47:08.756708,6503.0,34472.0,28206.0
2025-06-20 10:47:08.942106,6503.0,34502.0,28202.0
2025-06-20 10:47:10.754528,6503.0,34502.0,28202.0
2025-06-20 10:47:12.763046,6503.0,34502.0,28202.0
2025-06-20 10:47:14.243446,6503.0,34487.0,28133.0
2025-06-20 10:47:18.795609,6504.5,34487.0,28133.0
2025-06-20 10:47:19.738351,6504.5,34873.0,27731.0
2025-06-20 10:47:20.779299,6505.0,34873.0,27731.0
2025-06-20 10:47:23.762433,6505.0,34873.0,27731.0
2025-06-20 10:47:26.756522,6506.0,34873.0,27731.0
2025-06-20 10:47:31.849018,6504.0,33911.0,27870.0
2025-06-20 10:47:32.768283,6503.5,33911.0,27870.0
2025-06-20 10:47:35.759919,6506.0,33911.0,27870.0
2025-06-20 10:47:37.356811,6506.0,35293.0,27586.0
2025-06-20 10:47:38.756606,6506.0,35293.0,27586.0
2025-06-20 10:47:40.760641,6506.0,35293.0,27586.0
2025-06-20 10:47:42.660676,6506.0,35193.0,27744.0
2025-06-20 10:47:42.769770,6506.0,35193.0,27744.0
2025-06-20 10:47:46.763699,6504.0,35193.0,27744.0
2025-06-20 10:47:48.160263,6506.0,35114.0,27655.0
2025-06-20 10:47:48.779302,6506.0,35114.0,27655.0
2025-06-20 10:47:50.759052,6506.0,35114.0,27655.0
2025-06-20 10:47:52.761039,6505.0,35114.0,27655.0
2025-06-20 10:47:53.666833,6505.0,35128.0,27761.0
2025-06-20 10:47:56.801288,6505.0,35128.0,27761.0
2025-06-20 10:47:58.757622,6505.0,35128.0,27761.0
2025-06-20 10:47:59.583196,6505.0,35207.0,27717.0
2025-06-20 10:48:02.767485,6506.0,35207.0,27717.0
2025-06-20 10:48:04.768105,6505.5,35207.0,27717.0
2025-06-20 10:48:05.172775,6505.5,35225.0,27683.0
2025-06-20 10:48:06.769736,6506.0,35225.0,27683.0
2025-06-20 10:48:08.821150,6505.0,35225.0,27683.0
2025-06-20 10:48:10.675949,6505.0,35055.0,27613.0
2025-06-20 10:48:12.807456,6505.0,35055.0,27613.0
2025-06-20 10:48:14.774743,6505.0,35055.0,27613.0
2025-06-20 10:48:15.977659,6505.0,35150.0,27539.0
2025-06-20 10:48:18.762231,6504.5,35150.0,27539.0
2025-06-20 10:48:20.768275,6504.5,35150.0,27539.0
2025-06-20 10:48:21.712263,6504.5,35216.0,27531.0
2025-06-20 10:48:27.085947,6504.5,35232.0,27535.0
2025-06-20 10:48:32.688802,6504.5,35075.0,27707.0
2025-06-20 10:48:34.787316,6505.0,35075.0,27707.0
2025-06-20 10:48:36.773029,6505.0,35075.0,27707.0
2025-06-20 10:48:37.989743,6505.0,35156.0,27655.0
2025-06-20 10:48:40.807350,6505.0,35156.0,27655.0
2025-06-20 10:48:42.818124,6504.5,35156.0,27655.0
2025-06-20 10:48:43.692823,6504.5,35198.0,27719.0
2025-06-20 10:48:44.767930,6504.0,35198.0,27719.0
2025-06-20 10:48:45.973778,6504.0,35198.0,27719.0
2025-06-20 10:48:46.353709,6504.0,35198.0,27719.0
2025-06-20 10:48:47.102280,6504.0,35198.0,27719.0
2025-06-20 10:48:48.106896,6504.0,35198.0,27719.0
2025-06-20 10:48:48.768431,6503.5,35198.0,27719.0
2025-06-20 10:48:48.849480,6503.5,35198.0,27719.0
2025-06-20 10:48:49.303718,6503.5,34964.0,28326.0
2025-06-20 10:48:49.323346,6503.5,34964.0,28326.0
2025-06-20 10:48:50.313834,6503.5,34964.0,28326.0
2025-06-20 10:48:50.772334,6503.0,34964.0,28326.0
2025-06-20 10:48:51.280386,6503.0,34964.0,28326.0
2025-06-20 10:48:52.632357,6503.0,34964.0,28326.0
2025-06-20 10:48:52.792746,6501.0,34964.0,28326.0
2025-06-20 10:48:53.620260,6501.0,34964.0,28326.0
2025-06-20 10:48:54.604426,6501.0,35018.0,28175.0
2025-06-20 10:48:55.167464,6501.0,35018.0,28175.0
2025-06-20 10:48:55.787295,6502.0,35018.0,28175.0
2025-06-20 10:48:56.504084,6502.0,35018.0,28175.0
2025-06-20 10:48:57.712095,6502.0,35018.0,28175.0
2025-06-20 10:48:58.768044,6502.0,35018.0,28175.0
2025-06-20 10:48:59.327610,6502.0,35018.0,28175.0
2025-06-20 10:49:00.113551,6502.0,35095.0,28073.0
2025-06-20 10:49:01.422931,6502.0,35089.0,28135.0
2025-06-20 10:49:01.822502,6502.0,35089.0,28135.0
2025-06-20 10:49:02.511959,6502.0,35016.0,28328.0
2025-06-20 10:49:02.764563,6501.0,35016.0,28328.0
2025-06-20 10:49:03.620722,6502.5,34950.0,28211.0
2025-06-20 10:49:03.760082,6502.5,34950.0,28211.0
2025-06-20 10:49:04.612486,6502.5,35045.0,28220.0
2025-06-20 10:49:05.613394,6502.5,35054.0,28214.0
2025-06-20 10:49:05.760344,6502.5,35054.0,28214.0
2025-06-20 10:49:06.714698,6502.5,35053.0,28166.0
2025-06-20 10:49:07.759846,6502.5,35053.0,28166.0
2025-06-20 10:49:07.817742,6502.5,35078.0,28192.0
2025-06-20 10:49:08.924499,6502.5,35060.0,28227.0
2025-06-20 10:49:10.029464,6502.5,35003.0,28227.0
2025-06-20 10:49:11.028852,6502.5,34999.0,28182.0
2025-06-20 10:49:12.112602,6502.5,34443.0,28298.0
2025-06-20 10:49:12.758020,6501.5,34443.0,28298.0
2025-06-20 10:49:13.213654,6501.5,34934.0,28272.0
2025-06-20 10:49:13.763590,6501.5,34934.0,28272.0
2025-06-20 10:49:14.216802,6501.5,34938.0,28292.0
2025-06-20 10:49:15.124275,6501.5,34933.0,28287.0
2025-06-20 10:49:16.115276,6501.5,34941.0,28319.0
2025-06-20 10:49:17.216407,6501.5,34946.0,28307.0
2025-06-20 10:49:17.771452,6502.0,34946.0,28307.0
2025-06-20 10:49:18.321732,6502.0,34973.0,28274.0
2025-06-20 10:49:19.318856,6502.0,34964.0,28239.0
2025-06-20 10:49:20.435262,6502.0,34946.0,28253.0
2025-06-20 10:49:21.322769,6502.0,34952.0,28300.0
2025-06-20 10:49:22.440642,6502.0,34395.0,28528.0
2025-06-20 10:49:23.625953,6500.0,34552.0,28613.0
2025-06-20 10:49:23.796732,6500.0,34552.0,28613.0
2025-06-20 10:49:24.643469,6500.0,34838.0,28266.0
2025-06-20 10:49:24.763481,6500.0,34838.0,28266.0
2025-06-20 10:49:25.770387,6501.5,34838.0,28266.0
2025-06-20 10:49:25.828344,6501.5,34909.0,28334.0
2025-06-20 10:49:26.723145,6501.5,34895.0,28264.0
2025-06-20 10:49:27.770870,6502.0,34895.0,28264.0
2025-06-20 10:49:27.837849,6502.0,34811.0,28254.0
2025-06-20 10:49:28.933772,6502.0,34814.0,28272.0
2025-06-20 10:49:30.058624,6502.0,34706.0,28332.0
2025-06-20 10:49:30.765303,6500.5,34706.0,28332.0
2025-06-20 10:49:31.126679,6500.5,34713.0,28300.0
2025-06-20 10:49:32.038707,6500.5,34729.0,28289.0
2025-06-20 10:49:32.784874,6500.5,34729.0,28289.0
2025-06-20 10:49:33.126743,6500.5,34738.0,28293.0
2025-06-20 10:49:33.768906,6500.5,34738.0,28293.0
2025-06-20 10:49:34.237080,6500.5,34757.0,28316.0
2025-06-20 10:49:35.330850,6500.5,34716.0,28268.0
2025-06-20 10:49:36.441525,6502.0,34850.0,28130.0
2025-06-20 10:49:36.764869,6502.0,34850.0,28130.0
2025-06-20 10:49:37.445220,6502.0,34905.0,28160.0
2025-06-20 10:49:37.781752,6501.0,34905.0,28160.0
2025-06-20 10:49:38.560472,6501.0,34907.0,28142.0
2025-06-20 10:49:39.652583,6501.0,34903.0,28167.0
2025-06-20 10:49:40.731817,6502.0,34750.0,28172.0
2025-06-20 10:49:40.768844,6502.0,34750.0,28172.0
2025-06-20 10:49:41.831756,6502.0,34917.0,28135.0
2025-06-20 10:49:42.763186,6502.0,34917.0,28135.0
2025-06-20 10:49:42.838009,6502.0,34968.0,27853.0
2025-06-20 10:49:43.833809,6502.0,34893.0,27951.0
2025-06-20 10:49:44.945844,6502.0,34894.0,28021.0
2025-06-20 10:49:45.776472,6501.5,34894.0,28021.0
2025-06-20 10:49:46.116244,6505.0,34945.0,27750.0
2025-06-20 10:49:46.789384,6505.0,34945.0,27750.0
2025-06-20 10:49:47.140138,6505.0,35073.0,27780.0
2025-06-20 10:49:47.777918,6505.0,35073.0,27780.0
2025-06-20 10:49:48.055478,6505.0,34941.0,27714.0
2025-06-20 10:49:49.239128,6505.0,34937.0,27753.0
2025-06-20 10:49:50.444948,6505.0,34939.0,27817.0
2025-06-20 10:49:50.779949,6505.0,34939.0,27817.0
2025-06-20 10:49:51.577159,6505.0,34888.0,27799.0
2025-06-20 10:49:52.640053,6503.5,34897.0,27842.0
2025-06-20 10:49:52.764206,6503.5,34897.0,27842.0
2025-06-20 10:49:53.642988,6503.5,34890.0,27849.0
2025-06-20 10:49:54.644141,6503.5,34904.0,27841.0
2025-06-20 10:49:55.743656,6503.5,34901.0,27837.0
2025-06-20 10:49:56.845124,6503.5,34900.0,27841.0
2025-06-20 10:49:57.950652,6503.5,34887.0,27848.0
2025-06-20 10:49:58.812324,6502.0,34887.0,27848.0
2025-06-20 10:49:58.954684,6502.0,34795.0,27930.0
2025-06-20 10:50:00.062838,6502.0,34792.0,27967.0
2025-06-20 10:50:01.249628,6502.0,34800.0,27968.0
2025-06-20 10:50:02.252248,6502.0,34805.0,27963.0
2025-06-20 10:50:03.253813,6502.0,34811.0,27952.0
2025-06-20 10:50:03.792620,6502.0,34811.0,27952.0
2025-06-20 10:50:04.254209,6502.0,34846.0,27922.0
2025-06-20 10:50:05.353675,6502.0,34852.0,27929.0
2025-06-20 10:50:05.822947,6502.0,34852.0,27929.0
2025-06-20 10:50:06.454890,6502.0,34859.0,27933.0
2025-06-20 10:50:07.594293,6502.0,34863.0,27934.0
2025-06-20 10:50:07.829553,6502.0,34863.0,27934.0
2025-06-20 10:50:08.658616,6502.0,34875.0,27923.0
2025-06-20 10:50:09.659687,6502.0,34875.0,27918.0
2025-06-20 10:50:10.761547,6502.0,34881.0,27917.0
2025-06-20 10:50:12.047594,6502.0,34887.0,27917.0
2025-06-20 10:50:12.859853,6502.0,34887.0,27918.0
2025-06-20 10:50:13.860780,6502.0,34978.0,27911.0
2025-06-20 10:50:15.224398,6502.0,34897.0,27918.0
2025-06-20 10:50:15.861912,6502.0,34897.0,27918.0
2025-06-20 10:50:16.981901,6502.0,34897.0,27909.0
2025-06-20 10:50:17.862122,6502.0,34897.0,27914.0
2025-06-20 10:50:18.810102,6502.5,34897.0,27914.0
2025-06-20 10:50:18.864881,6502.5,35009.0,27846.0
2025-06-20 10:50:19.863780,6502.5,34998.0,27810.0
2025-06-20 10:50:20.817631,6502.0,34998.0,27810.0
2025-06-20 10:50:20.863534,6502.0,35001.0,27834.0
2025-06-20 10:50:21.865947,6502.0,35146.0,27703.0
2025-06-20 10:50:22.790538,6505.0,35146.0,27703.0
2025-06-20 10:50:22.865566,6505.0,35164.0,27737.0
2025-06-20 10:50:24.126109,6505.0,35212.0,27773.0
2025-06-20 10:50:25.169427,6505.0,35237.0,27773.0
2025-06-20 10:50:25.792473,6505.0,35237.0,27773.0
2025-06-20 10:50:26.170092,6505.0,35237.0,27796.0
2025-06-20 10:50:27.169279,6505.0,35185.0,27796.0
2025-06-20 10:50:27.820587,6504.0,35185.0,27796.0
2025-06-20 10:50:28.270534,6504.0,35217.0,27732.0
2025-06-20 10:50:29.373827,6504.0,35213.0,27701.0
2025-06-20 10:50:30.470716,6504.0,35200.0,27677.0
2025-06-20 10:50:31.372501,6504.0,35206.0,27677.0
2025-06-20 10:50:32.273760,6504.0,35127.0,27695.0
2025-06-20 10:50:33.374410,6505.0,35130.0,27644.0
2025-06-20 10:50:33.805813,6505.0,35130.0,27644.0
2025-06-20 10:50:34.477202,6505.0,35115.0,27657.0
2025-06-20 10:50:35.478433,6505.0,34976.0,27702.0
2025-06-20 10:50:36.601734,6505.0,34982.0,27707.0
2025-06-20 10:50:37.676861,6505.0,35021.0,27677.0
2025-06-20 10:50:37.979952,6505.0,35021.0,27677.0
2025-06-20 10:50:38.791898,6505.0,35090.0,27639.0
2025-06-20 10:50:40.026541,6505.0,35119.0,27654.0
2025-06-20 10:50:41.003512,6505.0,35116.0,27697.0
2025-06-20 10:50:42.591860,6504.5,35216.0,27682.0
2025-06-20 10:50:42.775528,6504.5,35216.0,27682.0
2025-06-20 10:50:43.682635,6504.5,35212.0,27740.0
2025-06-20 10:50:44.681835,6504.0,35054.0,27751.0
2025-06-20 10:50:44.833074,6504.0,35054.0,27751.0
2025-06-20 10:50:45.684189,6504.5,35033.0,27757.0
2025-06-20 10:50:45.772694,6504.5,35033.0,27757.0
2025-06-20 10:50:47.012100,6504.5,35038.0,27757.0
2025-06-20 10:50:47.808617,6504.0,35038.0,27757.0
2025-06-20 10:50:48.029339,6504.0,35035.0,27751.0
2025-06-20 10:50:48.986305,6504.0,34553.0,27758.0
2025-06-20 10:50:49.989658,6504.0,35158.0,27767.0
2025-06-20 10:50:50.984965,6504.0,35082.0,27799.0
2025-06-20 10:50:51.984316,6504.0,35082.0,27804.0
2025-06-20 10:50:52.788392,6503.5,35082.0,27804.0
2025-06-20 10:50:52.987931,6503.5,35075.0,27799.0
2025-06-20 10:50:54.288430,6503.5,35059.0,27804.0
2025-06-20 10:50:55.389364,6503.5,35074.0,27810.0
2025-06-20 10:50:56.491305,6503.5,35080.0,27799.0
2025-06-20 10:50:57.492053,6503.5,35080.0,27804.0
2025-06-20 10:50:58.395695,6503.5,35075.0,27799.0
2025-06-20 10:50:59.396242,6503.5,35079.0,27809.0
2025-06-20 10:51:01.791052,6504.5,35079.0,27809.0
2025-06-20 10:51:03.781708,6504.5,35079.0,27809.0
2025-06-20 10:51:05.789714,6503.0,35079.0,27809.0
2025-06-20 10:51:05.814024,6503.0,35042.0,27815.0
2025-06-20 10:51:07.804546,6503.0,35042.0,27815.0
2025-06-20 10:51:11.413925,6502.5,35041.0,27805.0
2025-06-20 10:51:11.784204,6502.5,35041.0,27805.0
2025-06-20 10:51:13.837578,6502.5,35041.0,27805.0
2025-06-20 10:51:15.797204,6502.0,35041.0,27805.0
2025-06-20 10:51:16.619226,6502.0,35056.0,27855.0
2025-06-20 10:51:17.816613,6502.0,35056.0,27855.0
2025-06-20 10:51:21.799754,6502.0,35056.0,27855.0
2025-06-20 10:51:22.112013,6502.0,35027.0,27842.0
2025-06-20 10:51:27.717392,6502.0,34949.0,27954.0
2025-06-20 10:51:33.116587,6502.0,34962.0,27952.0
2025-06-20 10:51:33.804523,6503.0,34962.0,27952.0
2025-06-20 10:51:35.800713,6500.5,34962.0,27952.0
2025-06-20 10:51:38.825131,6500.5,34880.0,28389.0
2025-06-20 10:51:41.786957,6500.5,34880.0,28389.0
2025-06-20 10:51:43.801081,6500.5,34880.0,28389.0
2025-06-20 10:51:44.124876,6500.5,34916.0,28301.0
2025-06-20 10:51:46.473316,6500.5,34916.0,28301.0
2025-06-20 10:51:47.187169,6500.5,34916.0,28301.0
2025-06-20 10:51:47.797209,6499.0,34916.0,28301.0
2025-06-20 10:51:47.921731,6499.0,34916.0,28301.0
2025-06-20 10:51:48.212424,6499.0,34916.0,28301.0
2025-06-20 10:51:49.280520,6499.0,34916.0,28301.0
2025-06-20 10:51:50.132676,6499.0,34564.0,28450.0
2025-06-20 10:51:50.314866,6499.0,34564.0,28450.0
2025-06-20 10:51:51.792121,6499.0,34564.0,28450.0
2025-06-20 10:51:53.278948,6499.0,34564.0,28450.0
2025-06-20 10:51:53.782329,6498.5,34564.0,28450.0
2025-06-20 10:51:54.084200,6498.5,34564.0,28450.0
2025-06-20 10:51:55.621821,6498.5,34564.0,28450.0
2025-06-20 10:51:55.788931,6498.0,34564.0,28450.0
2025-06-20 10:51:55.835599,6498.0,34657.0,28486.0
2025-06-20 10:51:56.854475,6498.0,34657.0,28486.0
2025-06-20 10:51:57.808995,6498.5,34657.0,28486.0
2025-06-20 10:51:58.117394,6498.5,34657.0,28486.0
2025-06-20 10:51:59.763574,6498.5,34657.0,28486.0
2025-06-20 10:51:59.804527,6498.5,34657.0,28486.0
2025-06-20 10:52:00.789016,6498.5,34657.0,28486.0
2025-06-20 10:52:01.445514,6498.5,34570.0,28460.0
2025-06-20 10:52:02.567369,6498.5,34656.0,28466.0
2025-06-20 10:52:02.799300,6498.5,34656.0,28466.0
2025-06-20 10:52:03.447639,6498.5,34727.0,28357.0
2025-06-20 10:52:03.791068,6498.5,34727.0,28357.0
2025-06-20 10:52:04.549679,6498.5,34688.0,28412.0
2025-06-20 10:52:05.551260,6498.5,34693.0,28398.0
2025-06-20 10:52:06.636019,6500.5,34717.0,28329.0
2025-06-20 10:52:06.797349,6500.5,34717.0,28329.0
2025-06-20 10:52:07.640598,6501.0,34721.0,28381.0
2025-06-20 10:52:07.792233,6501.0,34721.0,28381.0
2025-06-20 10:52:08.636466,6501.0,34867.0,28366.0
2025-06-20 10:52:09.637465,6501.0,34939.0,28294.0
2025-06-20 10:52:10.737755,6502.0,34661.0,28409.0
2025-06-20 10:52:10.796523,6502.0,34661.0,28409.0
2025-06-20 10:52:11.637873,6502.0,34664.0,28389.0
2025-06-20 10:52:12.640837,6502.0,34663.0,28391.0
2025-06-20 10:52:13.741535,6501.5,34611.0,28171.0
2025-06-20 10:52:13.803295,6501.5,34611.0,28171.0
2025-06-20 10:52:14.840040,6501.5,34826.0,28166.0
2025-06-20 10:52:15.952207,6501.5,34797.0,28166.0
2025-06-20 10:52:17.075159,6501.5,34822.0,28145.0
2025-06-20 10:52:17.820636,6502.5,34822.0,28145.0
2025-06-20 10:52:18.074156,6502.5,34689.0,28189.0
2025-06-20 10:52:19.243211,6502.5,34684.0,28190.0
2025-06-20 10:52:20.246535,6502.5,34640.0,28247.0
2025-06-20 10:52:21.350041,6502.5,34651.0,28237.0
2025-06-20 10:52:22.248275,6502.5,34441.0,28243.0
2025-06-20 10:52:23.351835,6502.5,34786.0,28068.0
2025-06-20 10:52:24.449741,6502.5,34819.0,28133.0
2025-06-20 10:52:26.154071,6500.5,34913.0,27744.0
2025-06-20 10:52:26.799724,6500.5,34913.0,27744.0
2025-06-20 10:52:27.164430,6500.5,34925.0,27708.0
2025-06-20 10:52:28.251719,6500.5,34891.0,27812.0
2025-06-20 10:52:29.255470,6500.5,34803.0,27841.0
2025-06-20 10:52:30.791417,6504.5,34803.0,27841.0
2025-06-20 10:52:30.956419,6504.5,34701.0,27888.0
2025-06-20 10:52:32.066703,6504.5,34703.0,27885.0
2025-06-20 10:52:32.951872,6504.5,34723.0,27851.0
2025-06-20 10:52:33.786020,6504.5,34723.0,27851.0
2025-06-20 10:52:33.956922,6504.5,34661.0,27751.0
2025-06-20 10:52:35.156474,6504.5,34650.0,27784.0
2025-06-20 10:52:36.253006,6504.5,34650.0,27792.0
2025-06-20 10:52:37.255048,6504.5,34650.0,27792.0
2025-06-20 10:52:37.788338,6504.5,34650.0,27792.0
2025-06-20 10:52:38.258192,6504.5,34740.0,27784.0
2025-06-20 10:52:39.363289,6504.5,34648.0,27757.0
2025-06-20 10:52:40.460781,6503.5,34786.0,27761.0
2025-06-20 10:52:40.783836,6503.5,34786.0,27761.0
2025-06-20 10:52:41.573945,6503.5,34788.0,27761.0
2025-06-20 10:52:42.658850,6503.5,34788.0,27823.0
2025-06-20 10:52:43.761364,6502.0,34677.0,27828.0
2025-06-20 10:52:43.780331,6502.0,34677.0,27828.0
2025-06-20 10:52:44.766744,6502.0,34984.0,27553.0
2025-06-20 10:52:45.866618,6502.0,34784.0,27704.0
2025-06-20 10:52:46.866327,6502.0,34803.0,27699.0
2025-06-20 10:52:47.801425,6502.5,34803.0,27699.0
2025-06-20 10:52:47.869139,6502.5,34811.0,27709.0
2025-06-20 10:52:48.867248,6502.5,34833.0,27684.0
2025-06-20 10:52:49.768360,6502.5,34895.0,27731.0
2025-06-20 10:52:50.869081,6502.5,34900.0,27727.0
2025-06-20 10:52:51.868877,6502.5,34906.0,27716.0
2025-06-20 10:52:52.870824,6502.5,34920.0,27709.0
2025-06-20 10:52:53.871879,6502.5,34919.0,27710.0
2025-06-20 10:52:54.892941,6501.5,34918.0,27721.0
2025-06-20 10:52:54.894211,6501.5,34918.0,27721.0
2025-06-20 10:52:56.371506,6501.5,34937.0,27726.0
2025-06-20 10:52:56.790742,6502.0,34937.0,27726.0
2025-06-20 10:52:57.476432,6502.0,35139.0,27649.0
2025-06-20 10:52:57.791229,6505.0,35139.0,27649.0
2025-06-20 10:52:58.590468,6505.0,35157.0,27520.0
2025-06-20 10:52:59.591227,6505.0,35210.0,27328.0
2025-06-20 10:53:01.777730,6505.0,35258.0,27349.0
2025-06-20 10:53:03.790699,6504.0,35258.0,27349.0
2025-06-20 10:53:07.981120,6505.0,35211.0,27488.0
2025-06-20 10:53:09.800849,6505.0,35211.0,27488.0
2025-06-20 10:53:11.820595,6505.0,35211.0,27488.0
2025-06-20 10:53:13.788930,6505.0,35211.0,27488.0
2025-06-20 10:53:13.982112,6505.0,35062.0,27471.0
2025-06-20 10:53:17.810887,6504.5,35062.0,27471.0
2025-06-20 10:53:19.596947,6504.5,35487.0,27361.0
2025-06-20 10:53:21.788660,6505.0,35487.0,27361.0
2025-06-20 10:53:23.787678,6505.0,35487.0,27361.0
2025-06-20 10:53:25.103927,6505.0,35675.0,27178.0
2025-06-20 10:53:25.797076,6505.0,35675.0,27178.0
2025-06-20 10:53:27.801034,6505.0,35675.0,27178.0
2025-06-20 10:53:29.792714,6505.0,35675.0,27178.0
2025-06-20 10:53:30.602243,6505.0,35677.0,27095.0
2025-06-20 10:53:31.791149,6505.0,35677.0,27095.0
2025-06-20 10:53:33.799214,6505.0,35677.0,27095.0
2025-06-20 10:53:35.796005,6505.0,35677.0,27095.0
2025-06-20 10:53:36.003099,6505.0,35548.0,27186.0
2025-06-20 10:53:37.848996,6504.5,35548.0,27186.0
2025-06-20 10:53:39.897179,6504.5,35548.0,27186.0
2025-06-20 10:53:41.705673,6505.0,35508.0,27124.0
2025-06-20 10:53:41.807557,6505.0,35508.0,27124.0
2025-06-20 10:53:43.816025,6505.0,35508.0,27124.0
2025-06-20 10:53:45.794225,6505.0,35508.0,27124.0
2025-06-20 10:53:47.103569,6505.0,35544.0,27125.0
2025-06-20 10:53:47.796782,6505.0,35544.0,27125.0
2025-06-20 10:53:49.796444,6506.0,35544.0,27125.0
2025-06-20 10:53:51.797729,6505.5,35544.0,27125.0
2025-06-20 10:53:52.613124,6505.5,35748.0,26947.0
2025-06-20 10:53:53.815561,6506.0,35748.0,26947.0
2025-06-20 10:53:55.801032,6506.0,35748.0,26947.0
2025-06-20 10:53:57.806034,6506.0,35748.0,26947.0
2025-06-20 10:53:58.237734,6506.0,35793.0,26932.0
2025-06-20 10:53:59.799720,6505.0,35793.0,26932.0
2025-06-20 10:54:01.805449,6506.0,35793.0,26932.0
2025-06-20 10:54:03.836770,6506.0,35793.0,26932.0
2025-06-20 10:54:03.853255,6506.0,35878.0,26858.0
2025-06-20 10:54:05.812418,6506.0,35878.0,26858.0
2025-06-20 10:54:07.811185,6506.0,35878.0,26858.0
2025-06-20 10:54:09.431595,6506.0,35864.0,26866.0
2025-06-20 10:54:09.798890,6506.0,35864.0,26866.0
2025-06-20 10:54:11.793302,6506.0,35864.0,26866.0
2025-06-20 10:54:13.836684,6506.0,35864.0,26866.0
2025-06-20 10:54:14.718128,6506.0,35640.0,26780.0
2025-06-20 10:54:15.801546,6506.0,35640.0,26780.0
2025-06-20 10:54:20.125839,6506.0,35874.0,26779.0
2025-06-20 10:54:21.796951,6506.5,35874.0,26779.0
2025-06-20 10:54:23.795860,6506.0,35874.0,26779.0
2025-06-20 10:54:25.330049,6506.0,35863.0,27100.0
2025-06-20 10:54:25.804295,6507.0,35863.0,27100.0
2025-06-20 10:54:27.802313,6507.0,35863.0,27100.0
2025-06-20 10:54:29.810074,6505.5,35863.0,27100.0
2025-06-20 10:54:30.634530,6505.5,35762.0,27148.0
2025-06-20 10:54:33.831435,6506.5,35762.0,27148.0
2025-06-20 10:54:35.796968,6507.0,35762.0,27148.0
2025-06-20 10:54:36.138268,6507.0,35900.0,27120.0
2025-06-20 10:54:37.800725,6507.0,35900.0,27120.0
2025-06-20 10:54:41.552096,6506.0,35906.0,26908.0
2025-06-20 10:54:41.812947,6506.0,35906.0,26908.0
2025-06-20 10:54:45.804197,6505.5,35906.0,26908.0
2025-06-20 10:54:46.947711,6505.5,35940.0,26867.0
2025-06-20 10:54:47.375793,6505.5,35940.0,26867.0
2025-06-20 10:54:47.825505,6507.0,35940.0,26867.0
2025-06-20 10:54:47.832234,6507.0,35940.0,26867.0
2025-06-20 10:54:48.238118,6507.0,35940.0,26867.0
2025-06-20 10:54:49.279367,6507.0,35940.0,26867.0
2025-06-20 10:54:50.627386,6507.0,35940.0,26867.0
