timestamp,ltp,bid_qty,ask_qty
2025-06-20 10:10:48.251557,1325.0,125503.0,152906.0
2025-06-20 10:10:48.594093,1324.8,125503.0,152906.0
2025-06-20 10:10:53.764565,1324.8,125370.0,152995.0
2025-06-20 10:10:59.368053,1324.8,125319.0,152666.0
2025-06-20 10:11:02.599142,1325.0,125319.0,152666.0
2025-06-20 10:11:04.973040,1325.0,125053.0,152539.0
2025-06-20 10:11:06.634507,1325.0,125053.0,152539.0
2025-06-20 10:11:08.857312,1325.0,125053.0,152539.0
2025-06-20 10:11:10.648748,1325.0,125053.0,152539.0
2025-06-20 10:11:11.076241,1325.0,125784.0,151964.0
2025-06-20 10:11:12.902615,1325.0,125784.0,151964.0
2025-06-20 10:11:14.682064,1325.0,125784.0,151964.0
2025-06-20 10:11:16.659559,1325.0,125784.0,151964.0
2025-06-20 10:11:16.684530,1325.0,124782.0,152032.0
2025-06-20 10:11:19.262068,1325.0,124782.0,152032.0
2025-06-20 10:11:21.910642,1325.0,125004.0,152672.0
2025-06-20 10:11:24.660986,1325.0,125004.0,152672.0
2025-06-20 10:11:27.189427,1325.0,125063.0,152481.0
2025-06-20 10:11:32.797065,1325.0,124943.0,152508.0
2025-06-20 10:11:34.618241,1325.0,124943.0,152508.0
2025-06-20 10:11:36.605521,1325.0,124943.0,152508.0
2025-06-20 10:11:38.529774,1325.0,126127.0,152101.0
2025-06-20 10:11:38.594943,1325.0,126127.0,152101.0
2025-06-20 10:11:40.596108,1325.0,126127.0,152101.0
2025-06-20 10:11:42.595337,1325.0,126127.0,152101.0
2025-06-20 10:11:44.507358,1324.8,125730.0,151880.0
2025-06-20 10:11:44.597236,1324.8,125730.0,151880.0
2025-06-20 10:11:50.430591,1324.8,125824.0,151914.0
2025-06-20 10:11:56.430459,1324.8,126111.0,151824.0
2025-06-20 10:11:58.602101,1326.6,126111.0,151824.0
2025-06-20 10:12:02.512182,1327.2,131657.0,139911.0
2025-06-20 10:12:02.602860,1327.9,131657.0,139911.0
2025-06-20 10:12:06.600816,1327.9,131657.0,139911.0
2025-06-20 10:12:08.602947,1328.7,131657.0,139911.0
2025-06-20 10:12:09.213872,1328.4,135241.0,136574.0
2025-06-20 10:12:11.612417,1328.4,135241.0,136574.0
2025-06-20 10:12:14.644346,1328.7,135241.0,136574.0
2025-06-20 10:12:15.631226,1328.7,134303.0,141421.0
2025-06-20 10:12:20.629953,1328.7,134303.0,141421.0
2025-06-20 10:12:21.958003,1329.0,136043.0,137566.0
2025-06-20 10:12:23.601680,1328.7,136043.0,137566.0
2025-06-20 10:12:26.628418,1328.7,136043.0,137566.0
2025-06-20 10:12:28.027705,1328.7,134413.0,137622.0
2025-06-20 10:12:30.611186,1328.0,134413.0,137622.0
2025-06-20 10:12:32.617494,1328.1,134413.0,137622.0
2025-06-20 10:12:34.229343,1328.7,133783.0,137853.0
2025-06-20 10:12:34.609994,1328.7,133783.0,137853.0
2025-06-20 10:12:36.616572,1328.1,133783.0,137853.0
2025-06-20 10:12:40.133303,1328.6,134162.0,135905.0
2025-06-20 10:12:40.519427,1328.6,134162.0,135905.0
2025-06-20 10:12:40.603390,1328.6,134162.0,135905.0
2025-06-20 10:12:40.920659,1328.6,134162.0,135905.0
2025-06-20 10:12:41.135053,1328.6,134162.0,135905.0
2025-06-20 10:12:42.287119,1328.6,134162.0,135905.0
2025-06-20 10:12:42.601078,1329.0,134162.0,135905.0
2025-06-20 10:12:42.948825,1329.0,134162.0,135905.0
2025-06-20 10:12:43.429178,1329.0,134162.0,135905.0
2025-06-20 10:12:44.620774,1329.0,134162.0,135905.0
2025-06-20 10:12:44.684814,1330.0,134162.0,135905.0
2025-06-20 10:12:45.361774,1330.0,134162.0,135905.0
2025-06-20 10:12:46.036627,1329.6,136175.0,132228.0
2025-06-20 10:12:46.611775,1329.6,136175.0,132228.0
2025-06-20 10:12:46.664995,1329.6,136175.0,132228.0
2025-06-20 10:12:47.621028,1329.6,136175.0,132228.0
2025-06-20 10:12:48.604541,1330.0,136175.0,132228.0
2025-06-20 10:12:49.153111,1330.0,136175.0,132228.0
2025-06-20 10:12:50.472687,1330.0,136175.0,132228.0
2025-06-20 10:12:50.602494,1330.0,136175.0,132228.0
2025-06-20 10:12:51.703279,1330.0,136175.0,132228.0
2025-06-20 10:12:51.864650,1330.2,138858.0,132093.0
2025-06-20 10:12:52.613098,1330.2,138858.0,132093.0
2025-06-20 10:12:53.256635,1330.2,138858.0,132093.0
2025-06-20 10:12:54.613694,1330.7,138858.0,132093.0
2025-06-20 10:12:56.610413,1330.2,138858.0,132093.0
2025-06-20 10:12:57.750869,1330.2,138601.0,131887.0
2025-06-20 10:13:01.044100,1330.2,139876.0,131711.0
2025-06-20 10:13:02.048852,1330.8,139230.0,130877.0
2025-06-20 10:13:02.600807,1330.8,139230.0,130877.0
2025-06-20 10:13:03.149347,1330.8,140208.0,131142.0
2025-06-20 10:13:03.603359,1331.3,140208.0,131142.0
2025-06-20 10:13:04.249449,1331.3,140699.0,131393.0
2025-06-20 10:13:05.363493,1331.3,140662.0,131318.0
2025-06-20 10:13:06.454304,1331.2,139682.0,134175.0
2025-06-20 10:13:06.602641,1331.2,139682.0,134175.0
2025-06-20 10:13:07.550710,1330.1,140761.0,135455.0
2025-06-20 10:13:07.597250,1330.1,140761.0,135455.0
2025-06-20 10:13:08.603103,1330.9,140761.0,135455.0
2025-06-20 10:13:08.655835,1330.9,140280.0,134959.0
2025-06-20 10:13:09.752910,1330.9,140338.0,135019.0
2025-06-20 10:13:10.601046,1330.9,140338.0,135019.0
2025-06-20 10:13:10.868025,1330.9,138404.0,135394.0
2025-06-20 10:13:11.867413,1330.9,138980.0,135320.0
2025-06-20 10:13:12.602001,1330.6,138980.0,135320.0
2025-06-20 10:13:12.959116,1330.6,139008.0,135695.0
2025-06-20 10:13:14.061703,1330.6,138609.0,135705.0
2025-06-20 10:13:15.159220,1330.6,138677.0,136391.0
2025-06-20 10:13:16.259871,1330.6,138653.0,136614.0
2025-06-20 10:13:17.374917,1330.6,139124.0,136205.0
2025-06-20 10:13:18.464441,1330.6,138955.0,136393.0
2025-06-20 10:13:19.461142,1330.6,138815.0,136473.0
2025-06-20 10:13:20.464113,1330.6,138619.0,136451.0
2025-06-20 10:13:21.461527,1330.6,138667.0,136612.0
2025-06-20 10:13:22.562343,1330.1,138462.0,137120.0
2025-06-20 10:13:22.607475,1330.1,138462.0,137120.0
2025-06-20 10:13:23.470532,1330.1,138202.0,137084.0
2025-06-20 10:13:24.569169,1330.5,138331.0,136557.0
2025-06-20 10:13:24.608030,1330.5,138331.0,136557.0
2025-06-20 10:13:25.565632,1329.9,138330.0,136686.0
2025-06-20 10:13:25.600618,1329.9,138330.0,136686.0
2025-06-20 10:13:26.567175,1331.0,137637.0,136387.0
2025-06-20 10:13:26.608358,1331.0,137637.0,136387.0
2025-06-20 10:13:27.565879,1330.1,138054.0,136831.0
2025-06-20 10:13:27.600788,1330.1,138054.0,136831.0
2025-06-20 10:13:28.567159,1330.1,138013.0,136852.0
2025-06-20 10:13:29.666972,1330.1,138563.0,137083.0
2025-06-20 10:13:30.601728,1330.1,138563.0,137083.0
2025-06-20 10:13:30.670619,1330.1,138058.0,136799.0
2025-06-20 10:13:31.771725,1330.1,138075.0,136945.0
2025-06-20 10:13:32.610732,1329.9,138075.0,136945.0
2025-06-20 10:13:32.882102,1329.9,138110.0,137094.0
2025-06-20 10:13:33.969638,1329.9,136972.0,134956.0
2025-06-20 10:13:35.075713,1329.9,136972.0,134807.0
2025-06-20 10:13:36.175015,1329.9,136970.0,134769.0
2025-06-20 10:13:36.606329,1329.3,136970.0,134769.0
2025-06-20 10:13:37.072329,1329.3,136343.0,134810.0
2025-06-20 10:13:38.271641,1329.3,136954.0,135151.0
2025-06-20 10:13:39.386854,1329.3,137049.0,135170.0
2025-06-20 10:13:40.476166,1329.3,136878.0,135262.0
2025-06-20 10:13:40.605168,1329.3,136878.0,135262.0
2025-06-20 10:13:41.576202,1329.3,136895.0,135119.0
2025-06-20 10:13:42.601634,1329.3,136895.0,135119.0
2025-06-20 10:13:42.675564,1329.3,136858.0,135474.0
2025-06-20 10:13:43.577153,1329.3,136828.0,135504.0
2025-06-20 10:13:44.675697,1329.3,137507.0,135471.0
2025-06-20 10:13:45.605540,1330.0,137507.0,135471.0
2025-06-20 10:13:45.778433,1330.0,137661.0,135509.0
2025-06-20 10:13:46.888145,1330.0,138032.0,135072.0
2025-06-20 10:13:47.977853,1330.0,138042.0,135092.0
2025-06-20 10:13:48.979512,1330.0,138042.0,135157.0
2025-06-20 10:13:50.083749,1329.9,137725.0,135383.0
2025-06-20 10:13:50.605690,1329.9,137725.0,135383.0
2025-06-20 10:13:51.185097,1329.5,137839.0,135641.0
2025-06-20 10:13:51.598457,1329.5,137839.0,135641.0
2025-06-20 10:13:52.395136,1329.5,137891.0,135758.0
2025-06-20 10:13:52.611775,1329.5,137891.0,135758.0
2025-06-20 10:13:53.411407,1329.5,137300.0,135562.0
2025-06-20 10:13:54.582478,1329.5,138702.0,136284.0
2025-06-20 10:13:54.598293,1329.5,138702.0,136284.0
2025-06-20 10:13:55.583567,1329.5,138896.0,136412.0
2025-06-20 10:13:56.589740,1329.5,139016.0,136773.0
2025-06-20 10:13:57.785550,1329.5,138976.0,136270.0
2025-06-20 10:13:58.787613,1329.5,138995.0,136134.0
2025-06-20 10:13:59.986556,1329.5,138976.0,136193.0
2025-06-20 10:14:01.924018,1329.5,139013.0,136229.0
2025-06-20 10:14:02.660015,1329.2,139013.0,136229.0
2025-06-20 10:14:04.633468,1329.5,139013.0,136229.0
2025-06-20 10:14:07.594091,1329.2,138395.0,136647.0
2025-06-20 10:14:08.618402,1329.2,138395.0,136647.0
2025-06-20 10:14:12.630486,1329.3,138395.0,136647.0
2025-06-20 10:14:13.501970,1329.3,138410.0,136629.0
2025-06-20 10:14:14.615209,1329.5,138410.0,136629.0
2025-06-20 10:14:18.606767,1329.5,138410.0,136629.0
2025-06-20 10:14:19.204416,1329.5,137772.0,135407.0
2025-06-20 10:14:22.613638,1329.3,137772.0,135407.0
2025-06-20 10:14:24.631106,1329.8,137772.0,135407.0
2025-06-20 10:14:25.205619,1329.8,136285.0,136651.0
2025-06-20 10:14:28.606454,1329.8,136285.0,136651.0
2025-06-20 10:14:32.610297,1329.3,136285.0,136651.0
2025-06-20 10:14:34.662982,1329.0,136285.0,136651.0
2025-06-20 10:14:36.642627,1329.1,136285.0,136651.0
2025-06-20 10:14:36.709713,1329.1,134904.0,138447.0
2025-06-20 10:14:38.615080,1328.0,134904.0,138447.0
2025-06-20 10:14:40.609965,1328.9,134904.0,138447.0
2025-06-20 10:14:42.347099,1328.3,134336.0,138595.0
2025-06-20 10:14:42.614826,1328.3,134336.0,138595.0
2025-06-20 10:14:48.042292,1329.2,135322.0,137109.0
2025-06-20 10:14:48.615410,1329.2,135322.0,137109.0
2025-06-20 10:14:52.611032,1328.7,135322.0,137109.0
2025-06-20 10:14:53.925328,1328.7,134786.0,137791.0
2025-06-20 10:15:00.225264,1329.3,134947.0,138386.0
2025-06-20 10:15:00.613553,1329.4,134947.0,138386.0
2025-06-20 10:15:02.612089,1328.6,134947.0,138386.0
2025-06-20 10:15:04.611511,1328.6,134947.0,138386.0
2025-06-20 10:15:06.443692,1328.6,135084.0,138912.0
2025-06-20 10:15:12.610640,1328.7,135084.0,138912.0
2025-06-20 10:15:12.937077,1328.7,136111.0,139231.0
2025-06-20 10:15:16.616977,1329.0,136111.0,139231.0
2025-06-20 10:15:18.612744,1329.0,136111.0,139231.0
2025-06-20 10:15:19.243248,1329.0,137258.0,137125.0
2025-06-20 10:15:22.630386,1329.0,137258.0,137125.0
2025-06-20 10:15:25.655773,1329.0,137344.0,136077.0
2025-06-20 10:15:26.613154,1329.5,137344.0,136077.0
2025-06-20 10:15:32.615038,1329.3,137344.0,136077.0
2025-06-20 10:15:34.613152,1329.3,137344.0,136077.0
2025-06-20 10:15:36.619652,1329.9,137344.0,136077.0
2025-06-20 10:15:38.612162,1329.9,137344.0,136077.0
2025-06-20 10:15:40.962815,1329.9,137344.0,136077.0
2025-06-20 10:15:41.335741,1329.9,137344.0,136077.0
2025-06-20 10:15:42.165246,1329.9,137344.0,136077.0
2025-06-20 10:15:42.624945,1329.5,137344.0,136077.0
2025-06-20 10:15:42.757574,1329.5,137344.0,136077.0
2025-06-20 10:15:43.437723,1329.5,137344.0,136077.0
2025-06-20 10:15:43.864284,1329.5,138293.0,136015.0
2025-06-20 10:15:44.455091,1329.5,138293.0,136015.0
2025-06-20 10:15:44.615553,1330.0,138293.0,136015.0
2025-06-20 10:15:44.815219,1330.0,138293.0,136015.0
2025-06-20 10:15:45.765637,1330.0,138293.0,136015.0
2025-06-20 10:15:47.106503,1330.0,138293.0,136015.0
2025-06-20 10:15:48.075137,1330.0,138293.0,136015.0
2025-06-20 10:15:48.612751,1330.0,138293.0,136015.0
2025-06-20 10:15:49.647681,1330.0,138293.0,136015.0
2025-06-20 10:15:49.759624,1330.0,139693.0,134736.0
2025-06-20 10:15:50.879344,1330.0,139693.0,134736.0
2025-06-20 10:15:51.619562,1330.0,139693.0,134736.0
2025-06-20 10:15:52.103451,1330.0,139693.0,134736.0
2025-06-20 10:15:53.691812,1330.0,139693.0,134736.0
2025-06-20 10:15:54.614859,1329.6,139693.0,134736.0
2025-06-20 10:15:56.266230,1330.0,139208.0,135443.0
2025-06-20 10:15:57.683639,1330.3,139208.0,135443.0
2025-06-20 10:16:00.614817,1330.3,139208.0,135443.0
2025-06-20 10:16:02.471768,1330.0,139298.0,135045.0
2025-06-20 10:16:04.624445,1330.0,139298.0,135045.0
2025-06-20 10:16:08.473421,1330.5,140903.0,134007.0
2025-06-20 10:16:08.612996,1330.5,140903.0,134007.0
2025-06-20 10:16:12.617637,1328.7,140903.0,134007.0
2025-06-20 10:16:14.587757,1328.9,135957.0,139521.0
2025-06-20 10:16:16.616262,1328.9,135957.0,139521.0
2025-06-20 10:16:21.078715,1328.9,137344.0,137494.0
2025-06-20 10:16:22.620396,1328.8,137344.0,137494.0
2025-06-20 10:16:25.623166,1328.9,137344.0,137494.0
2025-06-20 10:16:27.484940,1328.9,136291.0,138105.0
2025-06-20 10:16:33.984824,1328.8,136475.0,139121.0
2025-06-20 10:16:35.618320,1328.8,136475.0,139121.0
2025-06-20 10:16:40.306436,1329.2,136434.0,140132.0
2025-06-20 10:16:40.618191,1329.2,136434.0,140132.0
2025-06-20 10:16:43.616661,1328.8,136434.0,140132.0
2025-06-20 10:16:46.515820,1328.8,135980.0,139573.0
2025-06-20 10:16:52.623620,1328.8,135980.0,139573.0
2025-06-20 10:16:52.799520,1328.8,135891.0,140055.0
2025-06-20 10:16:58.618701,1329.2,135891.0,140055.0
2025-06-20 10:16:58.920156,1329.2,137067.0,139154.0
2025-06-20 10:17:02.625646,1328.8,137067.0,139154.0
2025-06-20 10:17:04.624815,1328.9,137067.0,139154.0
2025-06-20 10:17:04.813743,1328.9,136757.0,139259.0
2025-06-20 10:17:10.819993,1328.9,136698.0,139484.0
2025-06-20 10:17:12.632395,1329.0,136698.0,139484.0
2025-06-20 10:17:17.016342,1329.0,136963.0,139713.0
2025-06-20 10:17:20.625337,1329.6,136963.0,139713.0
2025-06-20 10:17:22.624025,1329.0,136963.0,139713.0
2025-06-20 10:17:22.929238,1329.0,137034.0,139729.0
2025-06-20 10:17:26.640778,1329.0,137034.0,139729.0
2025-06-20 10:17:28.861210,1329.0,136081.0,140897.0
2025-06-20 10:17:29.624934,1328.8,136081.0,140897.0
2025-06-20 10:17:32.624173,1328.8,136081.0,140897.0
2025-06-20 10:17:35.031610,1328.8,135990.0,139856.0
2025-06-20 10:17:35.623783,1328.8,135990.0,139856.0
2025-06-20 10:17:40.938688,1329.0,135808.0,139855.0
2025-06-20 10:17:41.628890,1329.0,135808.0,139855.0
2025-06-20 10:17:44.623793,1328.8,135808.0,139855.0
2025-06-20 10:17:46.734966,1328.8,136117.0,140312.0
2025-06-20 10:17:47.619942,1328.1,136117.0,140312.0
2025-06-20 10:17:52.937349,1328.5,136414.0,139773.0
2025-06-20 10:17:53.627794,1328.5,136414.0,139773.0
2025-06-20 10:17:59.240039,1329.0,138125.0,139731.0
2025-06-20 10:17:59.624889,1329.0,138125.0,139731.0
2025-06-20 10:18:02.630078,1328.8,138125.0,139731.0
2025-06-20 10:18:05.549735,1328.8,138581.0,139553.0
2025-06-20 10:18:08.626808,1329.0,138581.0,139553.0
2025-06-20 10:18:11.656713,1329.0,137768.0,138265.0
2025-06-20 10:18:14.681044,1329.3,137768.0,138265.0
2025-06-20 10:18:17.365556,1330.5,139937.0,134282.0
2025-06-20 10:18:17.629719,1330.5,139937.0,134282.0
2025-06-20 10:18:23.627374,1330.2,139937.0,134282.0
2025-06-20 10:18:23.665042,1330.2,140571.0,135029.0
2025-06-20 10:18:26.660859,1330.4,140571.0,135029.0
2025-06-20 10:18:29.656891,1330.5,140571.0,135029.0
2025-06-20 10:18:30.572732,1330.5,139896.0,135482.0
2025-06-20 10:18:32.633433,1329.9,139896.0,135482.0
2025-06-20 10:18:35.632113,1330.0,139896.0,135482.0
2025-06-20 10:18:36.872410,1330.0,140300.0,134757.0
2025-06-20 10:18:38.634372,1330.0,140300.0,134757.0
2025-06-20 10:18:41.577377,1330.0,140300.0,134757.0
2025-06-20 10:18:42.136176,1330.0,140300.0,134757.0
2025-06-20 10:18:42.637068,1330.0,139912.0,134437.0
2025-06-20 10:18:42.777356,1330.0,139912.0,134437.0
2025-06-20 10:18:43.309429,1330.0,139912.0,134437.0
2025-06-20 10:18:44.435264,1330.0,139912.0,134437.0
2025-06-20 10:18:44.702374,1330.0,139912.0,134437.0
2025-06-20 10:18:45.009966,1330.0,139912.0,134437.0
2025-06-20 10:18:45.429962,1330.0,139912.0,134437.0
2025-06-20 10:18:46.346852,1330.0,139912.0,134437.0
2025-06-20 10:18:47.631202,1330.0,139912.0,134437.0
2025-06-20 10:18:47.704860,1330.0,139912.0,134437.0
2025-06-20 10:18:48.387029,1330.0,139181.0,135365.0
2025-06-20 10:18:48.682835,1330.0,139181.0,135365.0
2025-06-20 10:18:50.203251,1330.0,139181.0,135365.0
2025-06-20 10:18:50.634482,1330.4,139181.0,135365.0
2025-06-20 10:18:51.448459,1330.4,139181.0,135365.0
2025-06-20 10:18:52.714371,1330.4,139181.0,135365.0
2025-06-20 10:18:53.640756,1330.5,139181.0,135365.0
2025-06-20 10:18:54.175919,1330.5,139446.0,134540.0
2025-06-20 10:18:54.396755,1330.5,139446.0,134540.0
2025-06-20 10:18:56.632867,1330.0,139446.0,134540.0
2025-06-20 10:18:59.675451,1330.5,139446.0,134540.0
2025-06-20 10:19:00.477947,1330.0,140193.0,135552.0
2025-06-20 10:19:02.647962,1329.8,140193.0,135552.0
2025-06-20 10:19:05.652320,1329.7,140193.0,135552.0
2025-06-20 10:19:06.886595,1329.7,139064.0,134966.0
2025-06-20 10:19:12.984428,1329.8,139693.0,135054.0
2025-06-20 10:19:14.651401,1331.0,139693.0,135054.0
2025-06-20 10:19:17.678860,1330.8,139693.0,135054.0
2025-06-20 10:19:19.097007,1330.8,142234.0,131472.0
2025-06-20 10:19:20.676241,1330.8,142234.0,131472.0
2025-06-20 10:19:23.654468,1330.8,142234.0,131472.0
2025-06-20 10:19:24.993520,1330.8,143224.0,132777.0
2025-06-20 10:19:26.677169,1331.0,143224.0,132777.0
2025-06-20 10:19:31.298205,1331.0,140613.0,133518.0
2025-06-20 10:19:32.658238,1330.7,140613.0,133518.0
2025-06-20 10:19:35.659837,1330.5,140613.0,133518.0
2025-06-20 10:19:37.372597,1330.5,139953.0,134733.0
2025-06-20 10:19:41.680878,1330.2,139953.0,134733.0
2025-06-20 10:19:43.415515,1329.7,139137.0,135661.0
2025-06-20 10:19:44.637394,1330.3,139137.0,135661.0
2025-06-20 10:19:47.649291,1330.3,139137.0,135661.0
2025-06-20 10:19:49.117005,1330.3,138578.0,135479.0
2025-06-20 10:19:53.638058,1330.2,138578.0,135479.0
2025-06-20 10:19:54.721063,1330.2,139724.0,135331.0
2025-06-20 10:19:59.643640,1330.5,139724.0,135331.0
2025-06-20 10:20:00.755998,1330.5,139081.0,135385.0
2025-06-20 10:20:01.684860,1330.5,139081.0,135385.0
2025-06-20 10:20:04.678262,1330.2,139081.0,135385.0
2025-06-20 10:20:07.343206,1330.2,138911.0,134890.0
2025-06-20 10:20:10.673811,1330.5,138911.0,134890.0
2025-06-20 10:20:13.682685,1330.2,138911.0,134890.0
2025-06-20 10:20:14.099892,1330.2,138209.0,137320.0
2025-06-20 10:20:16.684015,1330.4,138209.0,137320.0
2025-06-20 10:20:20.245663,1330.4,138234.0,137119.0
2025-06-20 10:20:22.675072,1330.0,138234.0,137119.0
2025-06-20 10:20:25.651558,1330.0,138234.0,137119.0
2025-06-20 10:20:26.051067,1330.0,137361.0,138969.0
2025-06-20 10:20:28.684651,1329.2,137361.0,138969.0
2025-06-20 10:20:31.653011,1329.9,137361.0,138969.0
2025-06-20 10:20:32.167446,1329.3,136245.0,137420.0
2025-06-20 10:20:34.671853,1329.3,136245.0,137420.0
2025-06-20 10:20:38.402576,1329.2,134243.0,138969.0
2025-06-20 10:20:40.651630,1329.2,134243.0,138969.0
2025-06-20 10:20:43.679332,1329.3,134243.0,138969.0
2025-06-20 10:20:44.466592,1329.3,137147.0,139002.0
2025-06-20 10:20:46.650071,1329.3,137147.0,139002.0
2025-06-20 10:20:49.704981,1329.3,137147.0,139002.0
2025-06-20 10:20:50.380947,1329.3,136541.0,139430.0
2025-06-20 10:20:52.650561,1329.2,136541.0,139430.0
2025-06-20 10:20:55.658893,1329.5,136541.0,139430.0
2025-06-20 10:20:56.675127,1329.5,137367.0,139347.0
2025-06-20 10:20:58.648476,1329.5,137367.0,139347.0
2025-06-20 10:21:02.657414,1329.4,137367.0,139347.0
2025-06-20 10:21:02.970991,1329.4,137469.0,138107.0
2025-06-20 10:21:07.677901,1329.8,137469.0,138107.0
2025-06-20 10:21:09.285095,1329.9,137324.0,138671.0
2025-06-20 10:21:10.679289,1329.9,137324.0,138671.0
2025-06-20 10:21:13.663606,1329.8,137324.0,138671.0
2025-06-20 10:21:15.481372,1329.8,137141.0,138515.0
2025-06-20 10:21:19.673763,1329.3,137141.0,138515.0
2025-06-20 10:21:21.616489,1329.3,137259.0,138592.0
2025-06-20 10:21:22.654925,1329.7,137259.0,138592.0
2025-06-20 10:21:25.660084,1329.7,137259.0,138592.0
2025-06-20 10:21:27.495242,1329.7,137297.0,138288.0
2025-06-20 10:21:28.658154,1329.7,137297.0,138288.0
2025-06-20 10:21:33.573312,1329.4,137271.0,138927.0
2025-06-20 10:21:34.651659,1329.4,137271.0,138927.0
2025-06-20 10:21:39.418030,1329.4,137296.0,139233.0
2025-06-20 10:21:40.652427,1329.7,137296.0,139233.0
2025-06-20 10:21:41.836608,1329.7,137296.0,139233.0
2025-06-20 10:21:42.174147,1329.7,137296.0,139233.0
2025-06-20 10:21:43.091851,1329.7,137296.0,139233.0
2025-06-20 10:21:43.658404,1329.3,137296.0,139233.0
2025-06-20 10:21:43.722093,1329.3,137296.0,139233.0
2025-06-20 10:21:44.427840,1329.3,137296.0,139233.0
2025-06-20 10:21:45.316482,1329.3,137326.0,139252.0
2025-06-20 10:21:45.482303,1329.3,137326.0,139252.0
2025-06-20 10:21:46.733282,1329.7,137326.0,139252.0
2025-06-20 10:21:46.815807,1329.7,137326.0,139252.0
2025-06-20 10:21:48.137886,1329.7,137326.0,139252.0
2025-06-20 10:21:49.144265,1329.7,137326.0,139252.0
2025-06-20 10:21:49.699667,1329.7,137326.0,139252.0
2025-06-20 10:21:50.705193,1329.7,137326.0,139252.0
2025-06-20 10:21:51.008099,1329.4,137260.0,139450.0
2025-06-20 10:21:51.950282,1329.4,137260.0,139450.0
2025-06-20 10:21:52.715354,1329.4,137260.0,139450.0
2025-06-20 10:21:53.177539,1329.4,137260.0,139450.0
2025-06-20 10:21:54.825795,1329.4,137260.0,139450.0
2025-06-20 10:21:55.682088,1329.6,137260.0,139450.0
2025-06-20 10:21:56.607932,1329.6,136651.0,139419.0
2025-06-20 10:21:58.649456,1329.4,136651.0,139419.0
2025-06-20 10:22:02.314590,1329.4,137357.0,139391.0
2025-06-20 10:22:02.692449,1329.4,137357.0,139391.0
2025-06-20 10:22:04.655353,1329.6,137357.0,139391.0
2025-06-20 10:22:08.266447,1329.6,137407.0,139188.0
2025-06-20 10:22:11.296103,1329.6,137407.0,139188.0
2025-06-20 10:22:13.705430,1329.6,137407.0,139188.0
2025-06-20 10:22:14.220242,1329.6,137523.0,139264.0
2025-06-20 10:22:16.666594,1329.4,137523.0,139264.0
2025-06-20 10:22:19.657527,1329.6,137523.0,139264.0
2025-06-20 10:22:20.428914,1329.6,137507.0,139407.0
2025-06-20 10:22:22.684579,1329.4,137507.0,139407.0
2025-06-20 10:22:25.657287,1329.4,137507.0,139407.0
2025-06-20 10:22:26.623832,1329.4,138004.0,139679.0
2025-06-20 10:22:28.682143,1329.4,138004.0,139679.0
2025-06-20 10:22:31.698610,1329.4,138004.0,139679.0
2025-06-20 10:22:32.727686,1329.2,138062.0,139671.0
2025-06-20 10:22:34.725931,1329.2,138062.0,139671.0
2025-06-20 10:22:37.661073,1329.4,138062.0,139671.0
2025-06-20 10:22:38.442363,1329.4,136656.0,140148.0
2025-06-20 10:22:39.661194,1329.4,136656.0,140148.0
2025-06-20 10:22:41.704663,1329.2,136656.0,140148.0
2025-06-20 10:22:43.713329,1329.4,136656.0,140148.0
2025-06-20 10:22:44.040249,1329.4,136621.0,140413.0
2025-06-20 10:22:49.636070,1329.4,136728.0,140269.0
2025-06-20 10:22:53.660418,1329.2,136728.0,140269.0
2025-06-20 10:22:55.644753,1329.2,136149.0,141030.0
2025-06-20 10:22:57.658708,1328.5,136149.0,141030.0
2025-06-20 10:22:59.657791,1328.9,136149.0,141030.0
2025-06-20 10:23:01.844779,1328.9,133984.0,143392.0
2025-06-20 10:23:03.727359,1328.1,133984.0,143392.0
2025-06-20 10:23:07.662664,1328.5,133984.0,143392.0
2025-06-20 10:23:07.752578,1328.5,133311.0,144164.0
2025-06-20 10:23:09.711077,1328.5,133311.0,144164.0
2025-06-20 10:23:13.357847,1327.8,133737.0,144009.0
2025-06-20 10:23:13.659095,1327.8,133737.0,144009.0
2025-06-20 10:23:19.105298,1327.8,133671.0,144192.0
2025-06-20 10:23:21.665797,1327.8,133671.0,144192.0
2025-06-20 10:23:23.660907,1327.7,133671.0,144192.0
2025-06-20 10:23:25.062278,1327.7,133930.0,144138.0
2025-06-20 10:23:29.660100,1328.3,133930.0,144138.0
2025-06-20 10:23:30.767727,1328.3,134148.0,143527.0
2025-06-20 10:23:33.662358,1327.9,134148.0,143527.0
2025-06-20 10:23:36.469057,1327.8,134127.0,144193.0
2025-06-20 10:23:37.661650,1327.8,134127.0,144193.0
2025-06-20 10:23:39.663091,1327.7,134127.0,144193.0
2025-06-20 10:23:41.662371,1328.8,134127.0,144193.0
2025-06-20 10:23:42.474679,1328.8,137387.0,139842.0
2025-06-20 10:23:43.666869,1328.8,137387.0,139842.0
2025-06-20 10:23:45.686390,1329.3,137387.0,139842.0
2025-06-20 10:23:47.666490,1328.8,137387.0,139842.0
2025-06-20 10:23:48.579755,1328.8,136085.0,140160.0
2025-06-20 10:23:51.701913,1329.3,136085.0,140160.0
2025-06-20 10:23:53.663023,1328.4,136085.0,140160.0
2025-06-20 10:23:54.177556,1328.4,134374.0,141841.0
2025-06-20 10:23:59.664804,1328.8,134374.0,141841.0
2025-06-20 10:23:59.933841,1328.8,134489.0,141859.0
2025-06-20 10:24:01.706781,1328.4,134489.0,141859.0
2025-06-20 10:24:03.666008,1328.2,134489.0,141859.0
2025-06-20 10:24:05.433961,1328.2,135706.0,142597.0
2025-06-20 10:24:11.046424,1328.2,134986.0,142881.0
2025-06-20 10:24:11.705049,1328.3,134986.0,142881.0
2025-06-20 10:24:14.100097,1328.3,134986.0,142881.0
2025-06-20 10:24:16.920224,1328.3,135132.0,143022.0
2025-06-20 10:24:17.708199,1328.3,135132.0,143022.0
2025-06-20 10:24:22.347656,1328.3,142219.0,143044.0
2025-06-20 10:24:23.699167,1328.3,142219.0,143044.0
2025-06-20 10:24:25.670448,1328.3,142219.0,143044.0
2025-06-20 10:24:27.659195,1328.3,142219.0,143044.0
2025-06-20 10:24:28.005078,1328.3,142288.0,143238.0
2025-06-20 10:24:33.666239,1328.3,142288.0,143238.0
2025-06-20 10:24:33.707317,1328.3,142280.0,143154.0
2025-06-20 10:24:35.665219,1328.3,142280.0,143154.0
2025-06-20 10:24:37.661882,1328.3,142280.0,143154.0
2025-06-20 10:24:39.708282,1328.3,142154.0,142837.0
2025-06-20 10:24:42.292912,1328.3,142154.0,142837.0
2025-06-20 10:24:43.530123,1328.3,142154.0,142837.0
2025-06-20 10:24:43.668484,1328.3,142154.0,142837.0
2025-06-20 10:24:43.782643,1328.3,142154.0,142837.0
2025-06-20 10:24:44.035408,1328.3,142154.0,142837.0
2025-06-20 10:24:45.062220,1328.3,142154.0,142837.0
2025-06-20 10:24:45.514417,1328.3,142118.0,142893.0
2025-06-20 10:24:46.069707,1328.3,142118.0,142893.0
2025-06-20 10:24:47.648468,1328.3,142118.0,142893.0
2025-06-20 10:24:48.784497,1328.3,142118.0,142893.0
2025-06-20 10:24:49.679231,1328.3,142118.0,142893.0
2025-06-20 10:24:49.789834,1328.3,142118.0,142893.0
2025-06-20 10:24:51.215858,1328.3,142082.0,143222.0
2025-06-20 10:24:51.292873,1328.3,142082.0,143222.0
2025-06-20 10:24:52.569235,1328.3,142082.0,143222.0
2025-06-20 10:24:53.670516,1328.3,142082.0,143222.0
2025-06-20 10:24:53.817908,1328.3,142082.0,143222.0
2025-06-20 10:24:55.452185,1328.3,142082.0,143222.0
2025-06-20 10:24:56.931789,1328.3,143143.0,143173.0
2025-06-20 10:25:02.820236,1328.3,143097.0,143321.0
2025-06-20 10:25:03.671647,1328.3,143097.0,143321.0
2025-06-20 10:25:07.669939,1328.3,143097.0,143321.0
2025-06-20 10:25:09.016819,1328.3,143357.0,143270.0
2025-06-20 10:25:12.671855,1328.2,143357.0,143270.0
2025-06-20 10:25:15.239249,1328.2,144108.0,143497.0
2025-06-20 10:25:21.232574,1328.5,144035.0,143462.0
2025-06-20 10:25:21.659528,1328.5,144035.0,143462.0
2025-06-20 10:25:24.672420,1328.2,144035.0,143462.0
2025-06-20 10:25:27.499505,1328.6,144001.0,142245.0
2025-06-20 10:25:27.714468,1328.6,144001.0,142245.0
2025-06-20 10:25:30.669589,1328.3,144001.0,142245.0
2025-06-20 10:25:33.455672,1328.3,144078.0,143215.0
2025-06-20 10:25:33.669020,1328.3,144078.0,143215.0
2025-06-20 10:25:36.668011,1328.3,144078.0,143215.0
2025-06-20 10:25:39.842327,1328.3,142731.0,144248.0
2025-06-20 10:25:42.714391,1328.3,142731.0,144248.0
2025-06-20 10:25:45.665533,1328.3,142731.0,144248.0
2025-06-20 10:25:45.956498,1328.3,142489.0,144161.0
2025-06-20 10:25:51.678743,1328.6,142489.0,144161.0
2025-06-20 10:25:52.060638,1328.6,142203.0,143981.0
2025-06-20 10:25:54.673615,1328.3,142203.0,143981.0
2025-06-20 10:25:58.058624,1328.3,142321.0,143930.0
2025-06-20 10:26:03.673703,1328.3,142321.0,143930.0
2025-06-20 10:26:03.764320,1328.3,142250.0,143901.0
2025-06-20 10:26:09.672717,1328.3,142250.0,143901.0
2025-06-20 10:26:10.068086,1328.3,143175.0,141733.0
2025-06-20 10:26:12.666918,1328.4,143175.0,141733.0
2025-06-20 10:26:15.669976,1328.8,143175.0,141733.0
2025-06-20 10:26:16.499537,1328.8,143087.0,140277.0
2025-06-20 10:26:18.675461,1329.0,143087.0,140277.0
2025-06-20 10:26:21.670485,1329.3,143087.0,140277.0
2025-06-20 10:26:22.699079,1328.9,143243.0,140809.0
2025-06-20 10:26:24.671359,1328.9,143243.0,140809.0
2025-06-20 10:26:28.887361,1329.0,142663.0,140682.0
2025-06-20 10:26:30.695265,1329.0,142663.0,140682.0
2025-06-20 10:26:33.671417,1329.0,142663.0,140682.0
2025-06-20 10:26:34.893412,1329.0,142146.0,140730.0
2025-06-20 10:26:39.681577,1329.0,142146.0,140730.0
2025-06-20 10:26:41.492077,1329.0,142819.0,140722.0
2025-06-20 10:26:42.719083,1329.0,142819.0,140722.0
2025-06-20 10:26:47.721654,1329.0,142842.0,141123.0
2025-06-20 10:26:53.808547,1329.0,142974.0,140958.0
2025-06-20 10:26:54.707388,1329.0,142974.0,140958.0
2025-06-20 10:27:00.106074,1329.2,143374.0,141577.0
2025-06-20 10:27:00.678830,1329.2,143374.0,141577.0
2025-06-20 10:27:03.695963,1329.2,143374.0,141577.0
2025-06-20 10:27:06.447382,1329.2,142810.0,141063.0
2025-06-20 10:27:12.709272,1329.2,142810.0,141063.0
2025-06-20 10:27:13.116333,1329.2,144984.0,139872.0
2025-06-20 10:27:15.671878,1329.3,144984.0,139872.0
2025-06-20 10:27:18.679721,1330.5,144984.0,139872.0
2025-06-20 10:27:19.764355,1330.5,145728.0,135778.0
2025-06-20 10:27:21.708493,1330.5,145728.0,135778.0
2025-06-20 10:27:25.352046,1330.2,145728.0,135778.0
2025-06-20 10:27:26.231615,1330.2,144775.0,136236.0
2025-06-20 10:27:28.746542,1330.1,144775.0,136236.0
2025-06-20 10:27:32.719452,1330.3,144775.0,136236.0
2025-06-20 10:27:33.032417,1330.3,146324.0,135591.0
2025-06-20 10:27:34.700783,1330.0,146324.0,135591.0
2025-06-20 10:27:37.688397,1330.1,146324.0,135591.0
2025-06-20 10:27:39.552899,1330.1,142258.0,138693.0
2025-06-20 10:27:41.669994,1329.7,142258.0,138693.0
2025-06-20 10:27:42.666673,1329.7,142258.0,138693.0
2025-06-20 10:27:43.034800,1329.7,142258.0,138693.0
2025-06-20 10:27:44.231735,1329.7,142258.0,138693.0
2025-06-20 10:27:45.269133,1329.7,142258.0,138693.0
2025-06-20 10:27:45.681883,1328.8,142258.0,138693.0
2025-06-20 10:27:45.739235,1328.8,142258.0,138693.0
2025-06-20 10:27:45.958694,1328.8,140661.0,142773.0
2025-06-20 10:27:46.290085,1328.8,140661.0,142773.0
2025-06-20 10:27:47.687813,1328.8,140661.0,142773.0
2025-06-20 10:27:49.044175,1328.8,140661.0,142773.0
2025-06-20 10:27:49.680644,1328.0,140661.0,142773.0
2025-06-20 10:27:50.015315,1328.0,140661.0,142773.0
2025-06-20 10:27:51.507580,1328.0,140661.0,142773.0
2025-06-20 10:27:51.683733,1328.0,140661.0,142773.0
2025-06-20 10:27:52.249063,1328.0,139309.0,144600.0
2025-06-20 10:27:52.815039,1328.0,139309.0,144600.0
2025-06-20 10:27:54.033041,1328.0,139309.0,144600.0
2025-06-20 10:27:54.685541,1328.0,139309.0,144600.0
2025-06-20 10:27:55.621248,1328.0,139309.0,144600.0
2025-06-20 10:27:57.684124,1327.4,139309.0,144600.0
2025-06-20 10:27:58.755935,1327.2,139081.0,146110.0
2025-06-20 10:28:00.670274,1327.0,139081.0,146110.0
2025-06-20 10:28:01.366985,1326.8,138483.0,146559.0
2025-06-20 10:28:01.742597,1326.8,138483.0,146559.0
2025-06-20 10:28:02.360006,1326.8,139174.0,146647.0
2025-06-20 10:28:02.673917,1327.0,139174.0,146647.0
2025-06-20 10:28:03.261528,1327.0,139119.0,146640.0
2025-06-20 10:28:03.686699,1327.0,139119.0,146640.0
2025-06-20 10:28:04.364801,1327.0,137651.0,146676.0
2025-06-20 10:28:04.674346,1327.0,137651.0,146676.0
2025-06-20 10:28:05.472681,1327.0,137614.0,146763.0
2025-06-20 10:28:05.675497,1327.0,137614.0,146763.0
2025-06-20 10:28:06.562549,1327.0,137862.0,146770.0
2025-06-20 10:28:06.675969,1327.0,137862.0,146770.0
2025-06-20 10:28:07.664666,1327.1,139799.0,144688.0
2025-06-20 10:28:07.676930,1327.1,139799.0,144688.0
2025-06-20 10:28:08.762552,1327.1,139361.0,146056.0
2025-06-20 10:28:09.866992,1327.1,138873.0,146189.0
2025-06-20 10:28:10.973282,1327.1,139005.0,146210.0
2025-06-20 10:28:12.063913,1327.1,138363.0,146175.0
2025-06-20 10:28:12.676610,1327.0,138363.0,146175.0
2025-06-20 10:28:13.164883,1327.0,138771.0,146145.0
2025-06-20 10:28:14.267006,1327.0,138162.0,146193.0
2025-06-20 10:28:14.673791,1327.0,138162.0,146193.0
2025-06-20 10:28:15.367033,1327.0,136763.0,146274.0
2025-06-20 10:28:16.474743,1327.0,137087.0,146349.0
2025-06-20 10:28:16.673231,1327.0,137087.0,146349.0
2025-06-20 10:28:17.567962,1327.0,137303.0,146337.0
2025-06-20 10:28:18.675933,1327.0,137303.0,146337.0
2025-06-20 10:28:18.679748,1327.0,137606.0,148249.0
2025-06-20 10:28:19.773785,1327.0,137569.0,147542.0
2025-06-20 10:28:20.882887,1327.0,137543.0,147673.0
2025-06-20 10:28:21.883513,1327.0,135632.0,147883.0
2025-06-20 10:28:22.718185,1326.1,135632.0,147883.0
2025-06-20 10:28:23.561843,1326.0,135472.0,147965.0
2025-06-20 10:28:23.695125,1326.0,135472.0,147965.0
2025-06-20 10:28:24.572943,1326.5,136084.0,148027.0
2025-06-20 10:28:24.678706,1326.5,136084.0,148027.0
2025-06-20 10:28:25.682918,1326.5,136251.0,148091.0
2025-06-20 10:28:26.774203,1326.5,136383.0,147970.0
2025-06-20 10:28:27.888680,1326.5,136383.0,147970.0
2025-06-20 10:28:28.980284,1326.5,136383.0,147970.0
2025-06-20 10:28:29.671431,1326.1,136383.0,147970.0
2025-06-20 10:28:30.079245,1326.1,135729.0,147461.0
2025-06-20 10:28:31.178889,1326.1,135714.0,147546.0
2025-06-20 10:28:32.279708,1326.1,135731.0,147978.0
2025-06-20 10:28:32.676439,1326.2,135731.0,147978.0
2025-06-20 10:28:33.181134,1326.2,135709.0,148023.0
2025-06-20 10:28:34.281969,1326.2,135682.0,147579.0
2025-06-20 10:28:34.674312,1326.2,135682.0,147579.0
2025-06-20 10:28:35.283307,1326.2,134226.0,148230.0
2025-06-20 10:28:36.504061,1326.2,134849.0,148223.0
2025-06-20 10:28:36.687864,1326.2,134849.0,148223.0
2025-06-20 10:28:37.495335,1326.2,134975.0,148283.0
2025-06-20 10:28:38.585436,1326.0,136015.0,148620.0
2025-06-20 10:28:38.680044,1326.0,136015.0,148620.0
2025-06-20 10:28:39.584665,1326.0,134454.0,148610.0
2025-06-20 10:28:39.695556,1326.0,134454.0,148610.0
2025-06-20 10:28:40.698959,1326.0,134452.0,148568.0
2025-06-20 10:28:41.700272,1326.0,134452.0,148594.0
2025-06-20 10:28:42.676643,1326.0,134452.0,148594.0
2025-06-20 10:28:42.785460,1326.0,134941.0,148985.0
2025-06-20 10:28:43.677371,1326.0,134941.0,148985.0
2025-06-20 10:28:43.785517,1326.0,133721.0,149181.0
2025-06-20 10:28:45.127569,1326.0,134296.0,149262.0
2025-06-20 10:28:45.785600,1326.0,135018.0,148678.0
2025-06-20 10:28:46.926430,1326.0,135307.0,148038.0
2025-06-20 10:28:47.987918,1326.0,135307.0,148051.0
2025-06-20 10:28:49.085735,1326.0,135156.0,148023.0
2025-06-20 10:28:50.270925,1326.0,135133.0,148043.0
2025-06-20 10:28:51.289304,1326.6,135281.0,147886.0
2025-06-20 10:28:51.681528,1326.6,135281.0,147886.0
2025-06-20 10:28:52.291489,1326.0,135238.0,148249.0
2025-06-20 10:28:52.673400,1326.0,135238.0,148249.0
2025-06-20 10:28:53.395247,1326.0,135388.0,148266.0
2025-06-20 10:28:53.674705,1326.0,135388.0,148266.0
2025-06-20 10:28:54.490894,1326.0,135232.0,148376.0
2025-06-20 10:28:55.591753,1326.5,135387.0,148453.0
2025-06-20 10:28:55.675084,1326.5,135387.0,148453.0
2025-06-20 10:28:56.678172,1326.0,135387.0,148453.0
2025-06-20 10:28:56.713709,1326.0,135215.0,148504.0
2025-06-20 10:28:57.689323,1326.0,135215.0,148504.0
2025-06-20 10:28:57.997352,1326.0,135347.0,148530.0
2025-06-20 10:28:58.681317,1326.0,135347.0,148530.0
2025-06-20 10:28:58.904943,1326.0,135102.0,148880.0
2025-06-20 10:28:59.994522,1326.0,135749.0,148692.0
2025-06-20 10:29:01.682363,1326.1,135749.0,148692.0
2025-06-20 10:29:03.674352,1326.1,135749.0,148692.0
2025-06-20 10:29:05.684010,1326.1,135749.0,148692.0
2025-06-20 10:29:05.703372,1326.1,135778.0,148357.0
2025-06-20 10:29:07.679064,1326.1,135778.0,148357.0
2025-06-20 10:29:09.683277,1326.1,135778.0,148357.0
2025-06-20 10:29:11.695300,1326.1,135778.0,148357.0
2025-06-20 10:29:11.911469,1326.1,135536.0,148577.0
2025-06-20 10:29:13.680485,1326.1,135536.0,148577.0
2025-06-20 10:29:15.685312,1326.1,135536.0,148577.0
2025-06-20 10:29:17.736908,1326.1,135536.0,148577.0
2025-06-20 10:29:18.010121,1326.1,134933.0,148596.0
2025-06-20 10:29:19.698382,1326.1,134933.0,148596.0
2025-06-20 10:29:21.682834,1326.1,134933.0,148596.0
2025-06-20 10:29:23.686682,1326.1,134933.0,148596.0
2025-06-20 10:29:23.811917,1326.1,134765.0,148552.0
2025-06-20 10:29:25.682149,1326.5,134765.0,148552.0
2025-06-20 10:29:29.434050,1326.7,137493.0,146879.0
2025-06-20 10:29:29.681636,1326.5,137493.0,146879.0
2025-06-20 10:29:31.696041,1327.0,137493.0,146879.0
2025-06-20 10:29:33.686527,1326.4,137493.0,146879.0
2025-06-20 10:29:35.122509,1326.4,134683.0,147710.0
2025-06-20 10:29:35.684468,1326.4,134683.0,147710.0
2025-06-20 10:29:38.684344,1326.1,134683.0,147710.0
2025-06-20 10:29:41.036416,1326.7,136404.0,147303.0
2025-06-20 10:29:41.714743,1326.7,136404.0,147303.0
2025-06-20 10:29:44.827821,1327.0,136404.0,147303.0
2025-06-20 10:29:47.164817,1326.7,134818.0,149631.0
2025-06-20 10:29:47.716508,1326.2,134818.0,149631.0
2025-06-20 10:29:50.720008,1326.2,134818.0,149631.0
2025-06-20 10:29:53.010034,1326.2,134632.0,149170.0
2025-06-20 10:29:53.718381,1326.2,134632.0,149170.0
2025-06-20 10:29:58.538758,1326.2,134609.0,148896.0
2025-06-20 10:29:59.691573,1326.4,134609.0,148896.0
2025-06-20 10:30:01.712011,1326.2,134609.0,148896.0
2025-06-20 10:30:04.047486,1326.2,135164.0,149476.0
2025-06-20 10:30:04.686446,1326.2,135164.0,149476.0
2025-06-20 10:30:07.697278,1326.2,135164.0,149476.0
2025-06-20 10:30:09.784774,1326.2,135164.0,149476.0
2025-06-20 10:30:10.050270,1326.2,135181.0,149071.0
2025-06-20 10:30:11.707178,1326.7,135181.0,149071.0
2025-06-20 10:30:13.733181,1326.2,135181.0,149071.0
2025-06-20 10:30:15.730563,1326.2,135181.0,149071.0
2025-06-20 10:30:16.151755,1326.2,135134.0,148547.0
2025-06-20 10:30:19.727235,1326.2,135134.0,148547.0
2025-06-20 10:30:21.970399,1326.2,135001.0,149784.0
2025-06-20 10:30:23.727413,1326.3,135001.0,149784.0
2025-06-20 10:30:25.718040,1326.3,135001.0,149784.0
2025-06-20 10:30:27.659965,1326.3,134963.0,149994.0
2025-06-20 10:30:31.336583,1326.3,134963.0,149994.0
2025-06-20 10:30:33.364778,1326.2,134873.0,148535.0
2025-06-20 10:30:33.689732,1326.2,134873.0,148535.0
2025-06-20 10:30:36.686754,1326.2,134873.0,148535.0
2025-06-20 10:30:39.187425,1326.2,134571.0,148927.0
2025-06-20 10:30:39.697775,1326.2,134571.0,148927.0
2025-06-20 10:30:42.689308,1326.2,134571.0,148927.0
2025-06-20 10:30:43.181168,1326.2,134571.0,148927.0
2025-06-20 10:30:44.214336,1326.2,134571.0,148927.0
2025-06-20 10:30:45.010020,1326.2,134540.0,148945.0
2025-06-20 10:30:45.307598,1326.2,134540.0,148945.0
2025-06-20 10:30:45.705408,1326.2,134540.0,148945.0
2025-06-20 10:30:45.972999,1326.2,134540.0,148945.0
2025-06-20 10:30:46.478343,1326.2,134540.0,148945.0
2025-06-20 10:30:47.666493,1326.2,134540.0,148945.0
2025-06-20 10:30:48.382329,1326.2,134540.0,148945.0
2025-06-20 10:30:48.683567,1326.2,134540.0,148945.0
2025-06-20 10:30:49.734821,1326.2,134540.0,148945.0
2025-06-20 10:30:50.505326,1326.2,134969.0,148514.0
2025-06-20 10:30:50.745916,1326.2,134969.0,148514.0
2025-06-20 10:30:51.690242,1326.4,134969.0,148514.0
2025-06-20 10:30:52.256268,1326.4,134969.0,148514.0
2025-06-20 10:30:53.534421,1326.4,134969.0,148514.0
2025-06-20 10:30:54.691127,1327.0,134969.0,148514.0
2025-06-20 10:30:54.800466,1327.0,134969.0,148514.0
2025-06-20 10:30:56.081159,1327.0,137700.0,146745.0
2025-06-20 10:30:56.505916,1327.0,137700.0,146745.0
2025-06-20 10:31:00.689862,1327.0,137700.0,146745.0
2025-06-20 10:31:02.304272,1326.6,135687.0,147148.0
2025-06-20 10:31:03.694261,1326.9,135687.0,147148.0
2025-06-20 10:31:06.723270,1327.0,135687.0,147148.0
2025-06-20 10:31:08.591899,1327.0,136686.0,145333.0
2025-06-20 10:31:09.951807,1327.0,136686.0,145333.0
2025-06-20 10:31:12.709943,1326.5,136686.0,145333.0
2025-06-20 10:31:14.796972,1327.3,136418.0,146059.0
2025-06-20 10:31:15.698057,1326.7,136418.0,146059.0
2025-06-20 10:31:18.744565,1327.3,136418.0,146059.0
2025-06-20 10:31:20.807947,1326.8,137525.0,145527.0
2025-06-20 10:31:21.710693,1326.7,137525.0,145527.0
2025-06-20 10:31:24.744404,1326.5,137525.0,145527.0
2025-06-20 10:31:26.704362,1326.7,137650.0,146804.0
2025-06-20 10:31:27.736405,1326.7,137650.0,146804.0
2025-06-20 10:31:30.760604,1327.0,137650.0,146804.0
2025-06-20 10:31:32.206206,1327.0,138524.0,146553.0
2025-06-20 10:31:33.741320,1327.0,138524.0,146553.0
2025-06-20 10:31:36.717377,1327.2,138524.0,146553.0
2025-06-20 10:31:38.653543,1327.4,139637.0,144625.0
2025-06-20 10:31:39.759729,1327.4,139637.0,144625.0
2025-06-20 10:31:42.740457,1327.4,139637.0,144625.0
2025-06-20 10:31:44.515349,1327.4,137652.0,144283.0
2025-06-20 10:31:46.704038,1327.1,137652.0,144283.0
2025-06-20 10:31:48.710386,1327.3,137652.0,144283.0
2025-06-20 10:31:50.352760,1327.9,137991.0,144155.0
2025-06-20 10:31:51.702135,1327.3,137991.0,144155.0
2025-06-20 10:31:54.728624,1327.3,137991.0,144155.0
2025-06-20 10:31:56.227400,1327.6,138074.0,145482.0
2025-06-20 10:31:57.738951,1326.9,138074.0,145482.0
2025-06-20 10:32:00.739983,1326.6,138074.0,145482.0
2025-06-20 10:32:01.544613,1326.6,135732.0,147708.0
2025-06-20 10:32:02.523730,1326.6,135558.0,146830.0
2025-06-20 10:32:02.706556,1326.6,135558.0,146830.0
2025-06-20 10:32:03.651665,1326.6,128195.0,147705.0
2025-06-20 10:32:03.699681,1326.6,128195.0,147705.0
2025-06-20 10:32:04.451549,1326.9,134739.0,147226.0
2025-06-20 10:32:04.741597,1326.9,134739.0,147226.0
2025-06-20 10:32:05.553627,1326.5,133818.0,148008.0
2025-06-20 10:32:05.699633,1326.5,133818.0,148008.0
2025-06-20 10:32:06.558203,1326.5,134026.0,148278.0
2025-06-20 10:32:06.941270,1326.5,134026.0,148278.0
2025-06-20 10:32:07.648144,1326.7,134092.0,147975.0
2025-06-20 10:32:07.729187,1326.5,134092.0,147975.0
2025-06-20 10:32:08.651832,1326.5,133997.0,147994.0
2025-06-20 10:32:08.696522,1326.5,133997.0,147994.0
2025-06-20 10:32:09.463608,1326.5,130749.0,148469.0
2025-06-20 10:32:09.706520,1326.0,130749.0,148469.0
2025-06-20 10:32:10.526796,1326.0,134479.0,148274.0
2025-06-20 10:32:10.703570,1326.1,134479.0,148274.0
2025-06-20 10:32:11.654527,1326.1,134493.0,148611.0
2025-06-20 10:32:11.706314,1326.1,134493.0,148611.0
2025-06-20 10:32:12.442416,1326.1,134269.0,148356.0
2025-06-20 10:32:12.691599,1326.1,134269.0,148356.0
2025-06-20 10:32:13.344057,1326.0,134179.0,148543.0
2025-06-20 10:32:13.692425,1326.0,134179.0,148543.0
2025-06-20 10:32:14.232097,1326.0,134193.0,148618.0
2025-06-20 10:32:14.687804,1326.0,134193.0,148618.0
2025-06-20 10:32:15.233851,1326.0,134195.0,148695.0
2025-06-20 10:32:15.709216,1326.0,134195.0,148695.0
2025-06-20 10:32:16.235934,1326.0,134377.0,148978.0
2025-06-20 10:32:16.697479,1326.0,134377.0,148978.0
2025-06-20 10:32:17.235222,1326.0,134356.0,148564.0
2025-06-20 10:32:17.692400,1325.9,134356.0,148564.0
2025-06-20 10:32:18.236200,1325.9,134609.0,148673.0
2025-06-20 10:32:18.687127,1325.9,134609.0,148673.0
2025-06-20 10:32:19.236655,1326.7,134774.0,148065.0
2025-06-20 10:32:19.693875,1326.7,134774.0,148065.0
2025-06-20 10:32:20.138445,1326.7,135630.0,148115.0
2025-06-20 10:32:21.137946,1326.1,135976.0,148398.0
2025-06-20 10:32:21.693675,1326.2,135976.0,148398.0
2025-06-20 10:32:22.197730,1326.2,135319.0,148507.0
2025-06-20 10:32:22.708600,1326.1,135319.0,148507.0
2025-06-20 10:32:23.138090,1326.1,135855.0,148642.0
2025-06-20 10:32:24.138591,1326.1,135206.0,148525.0
2025-06-20 10:32:24.695949,1326.2,135206.0,148525.0
2025-06-20 10:32:25.137284,1326.2,135495.0,148354.0
2025-06-20 10:32:25.737731,1326.2,135495.0,148354.0
2025-06-20 10:32:26.040702,1326.1,135340.0,149203.0
2025-06-20 10:32:26.691387,1326.1,135340.0,149203.0
2025-06-20 10:32:27.043658,1326.8,135121.0,148602.0
2025-06-20 10:32:27.691140,1326.8,135121.0,148602.0
2025-06-20 10:32:28.173611,1326.8,135121.0,148481.0
2025-06-20 10:32:29.167885,1326.8,135316.0,147398.0
2025-06-20 10:32:30.043286,1326.4,136172.0,147555.0
2025-06-20 10:32:30.739375,1326.4,136172.0,147555.0
2025-06-20 10:32:31.043932,1326.9,136195.0,147500.0
2025-06-20 10:32:31.698328,1326.9,136195.0,147500.0
2025-06-20 10:32:31.979386,1326.9,136110.0,144254.0
2025-06-20 10:32:32.725318,1326.9,136110.0,144254.0
2025-06-20 10:32:32.996340,1326.9,135068.0,144549.0
2025-06-20 10:32:33.969904,1326.9,134918.0,144631.0
2025-06-20 10:32:34.850516,1326.9,134814.0,144778.0
2025-06-20 10:32:35.731734,1326.5,134814.0,144778.0
2025-06-20 10:32:35.750766,1326.5,134334.0,145928.0
2025-06-20 10:32:36.646862,1326.6,134395.0,145849.0
2025-06-20 10:32:36.729281,1326.6,134395.0,145849.0
2025-06-20 10:32:37.646172,1326.6,134435.0,145857.0
2025-06-20 10:32:38.546066,1326.6,135060.0,145937.0
2025-06-20 10:32:39.548442,1326.6,135249.0,146127.0
2025-06-20 10:32:40.552239,1326.6,136339.0,146336.0
2025-06-20 10:32:41.548070,1326.6,136938.0,146265.0
2025-06-20 10:32:42.462105,1326.7,137051.0,146322.0
2025-06-20 10:32:42.688119,1326.7,137051.0,146322.0
2025-06-20 10:32:43.351977,1326.7,137095.0,146347.0
2025-06-20 10:32:44.348038,1326.7,137095.0,146290.0
2025-06-20 10:32:45.252594,1326.7,137112.0,146311.0
2025-06-20 10:32:46.150578,1326.7,137066.0,146240.0
2025-06-20 10:32:47.053321,1326.9,135917.0,145731.0
2025-06-20 10:32:47.728260,1326.9,135917.0,145731.0
2025-06-20 10:32:48.059676,1326.9,134660.0,140635.0
2025-06-20 10:32:49.051568,1326.9,137274.0,143314.0
2025-06-20 10:32:49.689618,1327.4,137274.0,143314.0
2025-06-20 10:32:49.986689,1327.4,136132.0,144076.0
2025-06-20 10:32:50.692769,1327.3,136132.0,144076.0
2025-06-20 10:32:51.053172,1327.3,135767.0,143345.0
2025-06-20 10:32:51.871865,1328.1,135767.0,143345.0
2025-06-20 10:32:51.984475,1328.1,136557.0,141589.0
2025-06-20 10:32:52.728808,1327.3,136557.0,141589.0
2025-06-20 10:32:52.854626,1327.3,135785.0,143068.0
2025-06-20 10:32:53.741067,1327.8,135785.0,143068.0
2025-06-20 10:32:53.766930,1327.8,136584.0,141721.0
2025-06-20 10:32:54.657888,1327.8,136766.0,142084.0
2025-06-20 10:32:55.558871,1328.4,135863.0,142342.0
2025-06-20 10:32:55.692216,1328.4,135863.0,142342.0
2025-06-20 10:32:56.558162,1328.4,137253.0,143020.0
2025-06-20 10:32:57.559360,1328.4,136300.0,143029.0
2025-06-20 10:32:58.560071,1328.4,136300.0,143765.0
2025-06-20 10:32:59.561705,1328.4,136396.0,143183.0
2025-06-20 10:33:01.060829,1328.4,138208.0,142470.0
2025-06-20 10:33:02.060929,1328.4,137510.0,143095.0
2025-06-20 10:33:02.692421,1327.9,137510.0,143095.0
2025-06-20 10:33:03.159060,1327.9,137178.0,143107.0
2025-06-20 10:33:03.771292,1327.9,137178.0,143107.0
2025-06-20 10:33:04.259960,1327.9,137164.0,143090.0
2025-06-20 10:33:05.362036,1327.9,137051.0,143372.0
2025-06-20 10:33:06.502388,1327.9,137031.0,143569.0
2025-06-20 10:33:06.703351,1327.9,137031.0,143569.0
2025-06-20 10:33:07.375816,1327.9,137031.0,143594.0
2025-06-20 10:33:09.112396,1327.9,137031.0,143539.0
2025-06-20 10:33:09.664134,1327.9,137031.0,143636.0
2025-06-20 10:33:10.846189,1327.9,137789.0,143461.0
2025-06-20 10:33:11.868283,1327.9,138547.0,143672.0
2025-06-20 10:33:12.690997,1327.8,138547.0,143672.0
2025-06-20 10:33:12.994218,1327.8,139892.0,143042.0
2025-06-20 10:33:13.992732,1327.8,139915.0,143667.0
2025-06-20 10:33:15.066145,1327.8,139313.0,143723.0
2025-06-20 10:33:16.182414,1327.8,139313.0,143681.0
2025-06-20 10:33:17.168826,1328.2,139313.0,143773.0
2025-06-20 10:33:17.696819,1328.2,139313.0,143773.0
2025-06-20 10:33:18.268713,1328.2,139292.0,143704.0
2025-06-20 10:33:19.271697,1328.2,139442.0,143703.0
2025-06-20 10:33:20.272670,1328.2,139530.0,143428.0
2025-06-20 10:33:21.273610,1328.2,139630.0,143383.0
2025-06-20 10:33:22.374183,1327.9,138975.0,143456.0
2025-06-20 10:33:22.741290,1328.1,138975.0,143456.0
2025-06-20 10:33:23.374812,1328.1,138915.0,143361.0
2025-06-20 10:33:24.373587,1328.1,138826.0,143368.0
2025-06-20 10:33:25.274804,1328.1,138826.0,143389.0
2025-06-20 10:33:25.696522,1328.2,138826.0,143389.0
2025-06-20 10:33:26.275398,1328.2,140315.0,142433.0
2025-06-20 10:33:27.377370,1328.2,138659.0,142905.0
2025-06-20 10:33:27.687939,1328.2,138659.0,142905.0
2025-06-20 10:33:28.385093,1328.2,138043.0,143046.0
2025-06-20 10:33:29.491106,1328.4,139664.0,142353.0
2025-06-20 10:33:29.702651,1328.4,139664.0,142353.0
2025-06-20 10:33:30.577922,1328.4,138971.0,142499.0
2025-06-20 10:33:31.578655,1328.4,138913.0,142550.0
2025-06-20 10:33:32.795948,1328.2,139479.0,142120.0
2025-06-20 10:33:32.826495,1328.2,139479.0,142120.0
2025-06-20 10:33:33.579775,1328.2,139364.0,141811.0
2025-06-20 10:33:34.579300,1328.2,139682.0,140422.0
2025-06-20 10:33:35.656986,1328.7,140234.0,140601.0
2025-06-20 10:33:35.772997,1328.7,140234.0,140601.0
2025-06-20 10:33:36.680285,1328.6,139500.0,140693.0
2025-06-20 10:33:36.697114,1328.6,139500.0,140693.0
2025-06-20 10:33:37.585495,1328.6,139458.0,140693.0
2025-06-20 10:33:38.692515,1328.6,139418.0,141067.0
2025-06-20 10:33:39.787073,1328.6,139259.0,141110.0
2025-06-20 10:33:40.883261,1328.6,139306.0,140931.0
2025-06-20 10:33:41.988512,1328.6,136181.0,140635.0
2025-06-20 10:33:42.685914,1328.6,136181.0,140635.0
2025-06-20 10:33:43.002055,1328.6,136158.0,140656.0
2025-06-20 10:33:43.650073,1328.6,136158.0,140656.0
2025-06-20 10:33:43.997733,1328.6,139283.0,140561.0
2025-06-20 10:33:44.047176,1328.6,139283.0,140561.0
2025-06-20 10:33:45.042442,1328.6,139283.0,140561.0
2025-06-20 10:33:45.082625,1328.6,138730.0,140755.0
2025-06-20 10:33:45.303086,1328.6,138730.0,140755.0
2025-06-20 10:33:45.691508,1328.6,138730.0,140755.0
2025-06-20 10:33:45.742424,1328.6,138730.0,140755.0
2025-06-20 10:33:46.185057,1328.6,138796.0,140893.0
2025-06-20 10:33:46.379041,1328.6,138796.0,140893.0
2025-06-20 10:33:47.285469,1328.6,139459.0,140703.0
2025-06-20 10:33:47.504118,1328.6,139459.0,140703.0
2025-06-20 10:33:48.384775,1328.6,139513.0,140856.0
2025-06-20 10:33:48.698951,1328.7,139513.0,140856.0
2025-06-20 10:33:48.788914,1328.7,139513.0,140856.0
2025-06-20 10:33:49.285938,1328.7,139583.0,140798.0
2025-06-20 10:33:50.139484,1328.7,139583.0,140798.0
2025-06-20 10:33:50.387583,1328.7,139516.0,140842.0
2025-06-20 10:33:51.352132,1328.7,139516.0,140842.0
2025-06-20 10:33:51.501493,1328.7,139589.0,140975.0
2025-06-20 10:33:52.601787,1328.7,139694.0,140846.0
2025-06-20 10:33:52.664336,1328.7,139694.0,140846.0
2025-06-20 10:33:52.712097,1328.7,139694.0,140846.0
2025-06-20 10:33:53.702342,1328.7,139699.0,140872.0
2025-06-20 10:33:53.992229,1328.7,139699.0,140872.0
2025-06-20 10:33:54.618482,1328.7,139735.0,141175.0
2025-06-20 10:33:55.200104,1328.7,139735.0,141175.0
2025-06-20 10:33:55.614115,1328.7,140149.0,141368.0
2025-06-20 10:33:55.684610,1328.7,140149.0,141368.0
2025-06-20 10:33:56.706249,1328.7,139528.0,141413.0
2025-06-20 10:33:56.859214,1328.7,139528.0,141413.0
2025-06-20 10:33:57.792342,1328.7,139577.0,141336.0
2025-06-20 10:33:58.907900,1328.7,140234.0,141427.0
2025-06-20 10:33:59.684929,1328.3,140234.0,141427.0
2025-06-20 10:34:00.002752,1328.3,139269.0,140766.0
2025-06-20 10:34:00.696052,1328.6,139269.0,140766.0
2025-06-20 10:34:03.697948,1328.6,139269.0,140766.0
2025-06-20 10:34:06.699988,1328.6,139269.0,140766.0
2025-06-20 10:34:08.203609,1329.2,142280.0,138032.0
2025-06-20 10:34:09.699046,1329.2,142280.0,138032.0
2025-06-20 10:34:12.699159,1329.5,142280.0,138032.0
2025-06-20 10:34:14.205948,1329.5,141920.0,138351.0
2025-06-20 10:34:18.696448,1329.0,141920.0,138351.0
2025-06-20 10:34:19.956613,1329.0,139773.0,140867.0
2025-06-20 10:34:24.738697,1328.7,139773.0,140867.0
2025-06-20 10:34:25.546264,1328.7,140491.0,141400.0
2025-06-20 10:34:31.118116,1328.7,140474.0,141019.0
2025-06-20 10:34:33.722821,1328.4,140474.0,141019.0
2025-06-20 10:34:36.740483,1328.5,140474.0,141019.0
2025-06-20 10:34:36.971419,1328.5,140495.0,141463.0
2025-06-20 10:34:39.708803,1328.9,140495.0,141463.0
2025-06-20 10:34:42.624188,1328.5,140434.0,141616.0
2025-06-20 10:34:42.742606,1328.5,140434.0,141616.0
2025-06-20 10:34:45.750229,1328.3,140434.0,141616.0
2025-06-20 10:34:48.129122,1328.5,141206.0,141685.0
2025-06-20 10:34:48.704044,1328.9,141206.0,141685.0
2025-06-20 10:34:53.761346,1328.3,141092.0,141514.0
2025-06-20 10:34:54.739233,1328.3,141092.0,141514.0
2025-06-20 10:34:56.764185,1328.6,141092.0,141514.0
2025-06-20 10:34:58.701049,1328.0,141092.0,141514.0
2025-06-20 10:34:59.138851,1328.0,140658.0,142998.0
2025-06-20 10:35:01.629204,1328.0,141301.0,142506.0
2025-06-20 10:35:02.537460,1328.4,140188.0,142904.0
2025-06-20 10:35:02.708422,1328.4,140188.0,142904.0
2025-06-20 10:35:03.543504,1328.4,141275.0,143010.0
2025-06-20 10:35:04.640264,1328.4,141311.0,142988.0
2025-06-20 10:35:05.703815,1328.9,141311.0,142988.0
2025-06-20 10:35:05.768641,1328.9,140961.0,143134.0
2025-06-20 10:35:06.837578,1328.9,141099.0,143083.0
2025-06-20 10:35:07.698581,1328.6,141099.0,143083.0
2025-06-20 10:35:07.841538,1328.6,140932.0,143227.0
2025-06-20 10:35:08.698430,1328.5,140932.0,143227.0
2025-06-20 10:35:08.961879,1328.5,140781.0,143184.0
2025-06-20 10:35:09.841808,1328.5,140815.0,143200.0
2025-06-20 10:35:10.698825,1328.9,140815.0,143200.0
2025-06-20 10:35:10.841007,1328.9,140883.0,143204.0
2025-06-20 10:35:11.843150,1328.9,141751.0,143519.0
2025-06-20 10:35:12.699019,1328.0,141751.0,143519.0
2025-06-20 10:35:12.785285,1328.0,140724.0,142807.0
2025-06-20 10:35:13.757594,1328.0,141367.0,142742.0
2025-06-20 10:35:14.775994,1328.0,141334.0,142575.0
2025-06-20 10:35:15.775477,1328.0,141334.0,142569.0
2025-06-20 10:35:17.006473,1328.0,141334.0,142538.0
2025-06-20 10:35:17.757537,1328.0,140051.0,142661.0
2025-06-20 10:35:18.699192,1328.4,140051.0,142661.0
2025-06-20 10:35:19.381395,1328.4,140091.0,142675.0
2025-06-20 10:35:19.773892,1328.4,140713.0,142684.0
2025-06-20 10:35:20.653896,1328.4,140712.0,142669.0
2025-06-20 10:35:21.550633,1328.4,140712.0,142688.0
2025-06-20 10:35:22.477971,1328.4,140679.0,142672.0
2025-06-20 10:35:22.805357,1328.4,140679.0,142672.0
2025-06-20 10:35:23.463566,1328.4,141308.0,142551.0
2025-06-20 10:35:24.468233,1328.4,141680.0,142884.0
2025-06-20 10:35:25.662722,1328.6,141067.0,142849.0
2025-06-20 10:35:25.703391,1328.6,141067.0,142849.0
2025-06-20 10:35:26.484823,1328.6,141067.0,142891.0
2025-06-20 10:35:27.475153,1328.6,141774.0,143097.0
2025-06-20 10:35:28.484705,1328.3,141279.0,142946.0
2025-06-20 10:35:28.705196,1328.3,141279.0,142946.0
2025-06-20 10:35:29.489411,1328.9,141883.0,142565.0
2025-06-20 10:35:29.699848,1328.9,141883.0,142565.0
2025-06-20 10:35:30.354989,1328.9,142037.0,142041.0
2025-06-20 10:35:31.355370,1328.9,141503.0,142054.0
2025-06-20 10:35:31.705117,1328.9,141503.0,142054.0
2025-06-20 10:35:32.356608,1328.7,142119.0,141809.0
2025-06-20 10:35:32.700425,1328.7,142119.0,141809.0
2025-06-20 10:35:33.256952,1328.7,142188.0,142274.0
2025-06-20 10:35:34.259642,1328.7,142141.0,142272.0
2025-06-20 10:35:35.157528,1328.7,142228.0,142536.0
2025-06-20 10:35:36.160289,1328.7,142228.0,142531.0
2025-06-20 10:35:37.159436,1328.9,142198.0,142490.0
2025-06-20 10:35:37.696263,1328.9,142198.0,142490.0
2025-06-20 10:35:38.163203,1328.9,142160.0,142306.0
2025-06-20 10:35:38.706561,1328.9,142160.0,142306.0
2025-06-20 10:35:39.159460,1328.9,142145.0,142356.0
2025-06-20 10:35:40.160999,1328.9,142145.0,142297.0
2025-06-20 10:35:41.162374,1328.9,142011.0,142646.0
2025-06-20 10:35:41.696276,1328.4,142011.0,142646.0
2025-06-20 10:35:42.162773,1328.4,143313.0,142662.0
2025-06-20 10:35:42.696094,1328.4,143313.0,142662.0
2025-06-20 10:35:43.168821,1328.8,143306.0,142527.0
2025-06-20 10:35:43.712616,1328.8,143306.0,142527.0
2025-06-20 10:35:44.163821,1328.8,142679.0,142393.0
2025-06-20 10:35:44.709233,1328.6,142679.0,142393.0
2025-06-20 10:35:45.163212,1328.6,141718.0,142425.0
2025-06-20 10:35:46.282622,1328.6,140959.0,142512.0
2025-06-20 10:35:47.163545,1328.6,140500.0,142766.0
2025-06-20 10:35:47.698671,1328.5,140500.0,142766.0
2025-06-20 10:35:48.169074,1328.5,141077.0,142580.0
2025-06-20 10:35:49.067748,1328.5,141077.0,142574.0
2025-06-20 10:35:50.194194,1328.5,141115.0,142532.0
2025-06-20 10:35:51.200119,1328.5,140958.0,142532.0
2025-06-20 10:35:52.265918,1328.5,140480.0,142264.0
2025-06-20 10:35:52.751561,1328.5,140480.0,142264.0
2025-06-20 10:35:53.265514,1328.5,139988.0,142522.0
2025-06-20 10:35:54.266253,1328.5,139310.0,142510.0
2025-06-20 10:35:54.703878,1328.5,139310.0,142510.0
2025-06-20 10:35:55.168041,1328.5,139935.0,142960.0
2025-06-20 10:35:56.169176,1328.5,140120.0,143005.0
2025-06-20 10:35:57.268770,1328.5,141290.0,141904.0
2025-06-20 10:35:58.369866,1328.5,142573.0,142355.0
2025-06-20 10:35:59.371323,1328.9,142729.0,142203.0
2025-06-20 10:35:59.709051,1328.9,142729.0,142203.0
2025-06-20 10:36:01.717278,1328.9,142729.0,142203.0
2025-06-20 10:36:02.674833,1328.9,142658.0,141217.0
2025-06-20 10:36:03.712621,1328.9,142658.0,141217.0
2025-06-20 10:36:08.579386,1328.6,140845.0,142027.0
2025-06-20 10:36:08.735200,1328.6,140845.0,142027.0
2025-06-20 10:36:11.712988,1328.9,140845.0,142027.0
2025-06-20 10:36:14.727852,1328.6,140845.0,142027.0
2025-06-20 10:36:14.779309,1328.6,140653.0,142806.0
2025-06-20 10:36:20.582854,1328.6,140279.0,142596.0
2025-06-20 10:36:23.714195,1328.6,140279.0,142596.0
2025-06-20 10:36:26.512388,1328.2,139348.0,143253.0
2025-06-20 10:36:26.726682,1328.2,139348.0,143253.0
2025-06-20 10:36:32.590707,1328.1,139029.0,142483.0
2025-06-20 10:36:32.705616,1328.1,139029.0,142483.0
2025-06-20 10:36:35.717145,1328.1,139029.0,142483.0
2025-06-20 10:36:38.703143,1328.6,139029.0,142483.0
2025-06-20 10:36:38.793172,1328.6,138093.0,143470.0
2025-06-20 10:36:44.147799,1328.6,138093.0,143470.0
2025-06-20 10:36:44.403732,1328.2,138624.0,142919.0
2025-06-20 10:36:44.523297,1328.2,138624.0,142919.0
2025-06-20 10:36:44.716151,1328.2,138624.0,142919.0
2025-06-20 10:36:44.841477,1328.2,138624.0,142919.0
2025-06-20 10:36:45.234771,1328.2,138624.0,142919.0
2025-06-20 10:36:46.282027,1328.2,138624.0,142919.0
2025-06-20 10:36:47.412122,1328.2,138624.0,142919.0
2025-06-20 10:36:48.390516,1328.2,138624.0,142919.0
2025-06-20 10:36:49.343779,1328.2,138624.0,142919.0
2025-06-20 10:36:50.202654,1328.2,139147.0,142923.0
2025-06-20 10:36:50.687236,1328.2,139147.0,142923.0
2025-06-20 10:36:51.674505,1328.2,139147.0,142923.0
2025-06-20 10:36:52.706090,1328.1,139147.0,142923.0
2025-06-20 10:36:53.225329,1328.1,139147.0,142923.0
2025-06-20 10:36:54.510619,1328.1,139147.0,142923.0
2025-06-20 10:36:54.707362,1328.2,139147.0,142923.0
2025-06-20 10:36:55.755808,1328.2,139147.0,142923.0
2025-06-20 10:36:55.804026,1328.2,139083.0,142963.0
2025-06-20 10:36:57.370010,1328.2,139083.0,142963.0
2025-06-20 10:37:00.703887,1328.1,139083.0,142963.0
2025-06-20 10:37:01.414745,1328.1,139223.0,142516.0
2025-06-20 10:37:02.704869,1328.1,139223.0,142516.0
2025-06-20 10:37:04.710440,1328.6,139223.0,142516.0
2025-06-20 10:37:07.609672,1328.6,140566.0,141602.0
2025-06-20 10:37:12.715278,1328.4,140566.0,141602.0
2025-06-20 10:37:13.518177,1328.4,139159.0,141513.0
2025-06-20 10:37:16.714302,1328.6,139159.0,141513.0
2025-06-20 10:37:19.123959,1328.6,139221.0,141748.0
2025-06-20 10:37:19.715086,1328.6,139221.0,141748.0
2025-06-20 10:37:22.714163,1328.5,139221.0,141748.0
2025-06-20 10:37:24.735319,1328.5,139769.0,141935.0
2025-06-20 10:37:30.326083,1328.5,139984.0,142012.0
2025-06-20 10:37:31.709279,1328.5,139984.0,142012.0
2025-06-20 10:37:34.717510,1328.5,139984.0,142012.0
2025-06-20 10:37:35.827868,1328.6,140192.0,141808.0
2025-06-20 10:37:37.731171,1328.6,140192.0,141808.0
2025-06-20 10:37:40.715685,1328.9,140192.0,141808.0
2025-06-20 10:37:41.445467,1328.9,139163.0,141448.0
2025-06-20 10:37:43.744423,1328.5,139163.0,141448.0
2025-06-20 10:37:46.716821,1328.9,139163.0,141448.0
2025-06-20 10:37:47.140327,1328.9,138731.0,141429.0
2025-06-20 10:37:49.749426,1328.9,138731.0,141429.0
2025-06-20 10:37:52.757723,1328.6,138731.0,141429.0
2025-06-20 10:37:52.761267,1328.6,138878.0,141954.0
2025-06-20 10:37:58.454866,1328.6,138918.0,141894.0
2025-06-20 10:38:01.454786,1328.6,140036.0,140093.0
2025-06-20 10:38:02.461226,1328.6,139203.0,140691.0
2025-06-20 10:38:02.709536,1328.6,139203.0,140691.0
2025-06-20 10:38:03.458140,1328.6,139204.0,140885.0
2025-06-20 10:38:04.558277,1328.9,139204.0,140753.0
2025-06-20 10:38:04.704173,1328.9,139204.0,140753.0
2025-06-20 10:38:05.650982,1328.6,139178.0,141072.0
2025-06-20 10:38:05.708400,1328.6,139178.0,141072.0
2025-06-20 10:38:06.707572,1328.6,139178.0,141072.0
2025-06-20 10:38:06.751110,1328.6,139153.0,141095.0
2025-06-20 10:38:08.850930,1328.6,139093.0,140846.0
2025-06-20 10:38:09.853470,1328.6,139238.0,140868.0
2025-06-20 10:38:12.469236,1328.6,139000.0,140787.0
2025-06-20 10:38:12.706221,1328.6,139000.0,140787.0
2025-06-20 10:38:13.557181,1329.3,140369.0,140331.0
2025-06-20 10:38:13.709335,1329.3,140369.0,140331.0
2025-06-20 10:38:14.558285,1328.6,139815.0,140885.0
2025-06-20 10:38:14.711946,1328.6,139815.0,140885.0
2025-06-20 10:38:15.687635,1328.6,138873.0,140947.0
2025-06-20 10:38:16.757405,1328.6,139498.0,140948.0
2025-06-20 10:38:17.757532,1328.6,139523.0,140753.0
2025-06-20 10:38:18.709807,1328.6,139523.0,140753.0
2025-06-20 10:38:18.857824,1328.6,139503.0,140717.0
2025-06-20 10:38:19.859584,1328.6,139499.0,140828.0
2025-06-20 10:38:20.711741,1329.2,139499.0,140828.0
2025-06-20 10:38:20.971849,1329.2,139541.0,140840.0
2025-06-20 10:38:22.061664,1329.2,139697.0,140192.0
2025-06-20 10:38:22.706825,1328.7,139697.0,140192.0
2025-06-20 10:38:23.176622,1328.7,138581.0,141528.0
2025-06-20 10:38:23.715414,1328.6,138581.0,141528.0
2025-06-20 10:38:24.267079,1328.6,140101.0,141515.0
2025-06-20 10:38:25.266025,1328.6,140077.0,141466.0
2025-06-20 10:38:26.267442,1328.6,139898.0,141314.0
2025-06-20 10:38:27.270927,1328.6,139974.0,141326.0
2025-06-20 10:38:28.371354,1328.6,139943.0,141048.0
2025-06-20 10:38:29.479169,1328.6,139241.0,140627.0
2025-06-20 10:38:30.506439,1328.6,139198.0,140733.0
2025-06-20 10:38:31.564241,1328.6,139289.0,140875.0
2025-06-20 10:38:32.482281,1329.1,140063.0,141118.0
2025-06-20 10:38:32.709399,1329.1,140063.0,141118.0
2025-06-20 10:38:33.502531,1329.1,140063.0,141347.0
2025-06-20 10:38:34.574410,1329.1,140041.0,141370.0
2025-06-20 10:38:35.487576,1329.1,140022.0,141131.0
2025-06-20 10:38:36.697615,1329.1,139922.0,140302.0
2025-06-20 10:38:37.574964,1329.1,139991.0,140700.0
2025-06-20 10:38:38.576854,1329.1,139915.0,140885.0
2025-06-20 10:38:40.078830,1329.1,139918.0,141204.0
2025-06-20 10:38:41.078006,1329.1,139982.0,141343.0
2025-06-20 10:38:42.079813,1329.1,139371.0,141489.0
2025-06-20 10:38:42.709526,1328.6,139371.0,141489.0
2025-06-20 10:38:43.184747,1328.6,140278.0,141469.0
2025-06-20 10:38:44.183626,1328.6,140261.0,141300.0
2025-06-20 10:38:45.183648,1328.6,140254.0,141393.0
2025-06-20 10:38:46.083648,1328.6,140254.0,141467.0
2025-06-20 10:38:47.084324,1328.6,140148.0,141578.0
2025-06-20 10:38:48.084316,1328.6,139984.0,141596.0
2025-06-20 10:38:49.149890,1328.6,139984.0,141595.0
2025-06-20 10:38:50.284506,1328.7,140017.0,141619.0
2025-06-20 10:38:50.718882,1328.7,140017.0,141619.0
2025-06-20 10:38:51.285423,1328.7,139892.0,141753.0
2025-06-20 10:38:52.285904,1328.7,139785.0,141640.0
2025-06-20 10:38:52.708082,1328.7,139785.0,141640.0
2025-06-20 10:38:53.190731,1328.7,139785.0,141980.0
2025-06-20 10:38:54.290285,1328.7,139785.0,141980.0
2025-06-20 10:38:55.390178,1328.7,139786.0,141851.0
2025-06-20 10:38:56.501696,1328.7,139754.0,141874.0
2025-06-20 10:38:56.787630,1328.7,139754.0,141874.0
2025-06-20 10:38:57.501094,1328.7,139722.0,141666.0
2025-06-20 10:38:58.516721,1328.7,139540.0,141661.0
2025-06-20 10:38:59.590975,1328.7,140146.0,141856.0
2025-06-20 10:39:01.754052,1328.7,140146.0,141856.0
2025-06-20 10:39:03.748760,1328.7,140146.0,141856.0
2025-06-20 10:39:05.539114,1329.0,139973.0,141898.0
2025-06-20 10:39:05.743553,1329.0,139973.0,141898.0
2025-06-20 10:39:07.744768,1329.0,139973.0,141898.0
2025-06-20 10:39:11.305363,1329.0,140743.0,141194.0
2025-06-20 10:39:13.743906,1328.4,140743.0,141194.0
2025-06-20 10:39:15.714325,1328.5,140743.0,141194.0
2025-06-20 10:39:16.821449,1328.5,138551.0,142800.0
2025-06-20 10:39:22.217103,1328.3,138460.0,142672.0
2025-06-20 10:39:23.716507,1328.3,138460.0,142672.0
2025-06-20 10:39:25.720523,1328.2,138460.0,142672.0
2025-06-20 10:39:27.931118,1328.2,138821.0,143094.0
2025-06-20 10:39:29.719130,1328.3,138821.0,143094.0
2025-06-20 10:39:33.721555,1327.9,138821.0,143094.0
2025-06-20 10:39:34.071033,1327.9,139813.0,143399.0
2025-06-20 10:39:35.722667,1328.4,139813.0,143399.0
2025-06-20 10:39:39.728661,1328.3,139813.0,143399.0
2025-06-20 10:39:40.129705,1328.3,138531.0,142129.0
2025-06-20 10:39:43.727268,1328.3,138531.0,142129.0
2025-06-20 10:39:44.640761,1328.3,138531.0,142129.0
2025-06-20 10:39:45.029015,1328.3,138531.0,142129.0
2025-06-20 10:39:46.078823,1328.3,138531.0,142129.0
2025-06-20 10:39:46.233670,1328.3,137996.0,142002.0
2025-06-20 10:39:46.386740,1328.3,137996.0,142002.0
2025-06-20 10:39:47.426455,1328.3,137996.0,142002.0
2025-06-20 10:39:47.723797,1328.5,137996.0,142002.0
2025-06-20 10:39:47.874517,1328.5,137996.0,142002.0
2025-06-20 10:39:48.450114,1328.5,137996.0,142002.0
2025-06-20 10:39:49.820657,1328.5,137996.0,142002.0
2025-06-20 10:39:51.248155,1328.5,137996.0,142002.0
2025-06-20 10:39:52.150475,1328.5,137996.0,142002.0
2025-06-20 10:39:52.236444,1328.5,138608.0,142214.0
2025-06-20 10:39:53.829874,1328.5,138608.0,142214.0
2025-06-20 10:39:53.844593,1328.3,138608.0,142214.0
2025-06-20 10:39:55.041512,1328.3,138608.0,142214.0
2025-06-20 10:39:56.237914,1328.3,138608.0,142214.0
2025-06-20 10:39:57.880038,1328.3,138608.0,142214.0
2025-06-20 10:39:58.141114,1328.3,138298.0,142087.0
2025-06-20 10:40:01.059060,1328.3,138031.0,141958.0
2025-06-20 10:40:02.058937,1328.3,138456.0,142165.0
2025-06-20 10:40:02.719991,1328.1,138456.0,142165.0
2025-06-20 10:40:03.048861,1328.1,138970.0,141859.0
2025-06-20 10:40:04.044518,1328.1,138980.0,141287.0
2025-06-20 10:40:05.044532,1328.1,138240.0,141971.0
2025-06-20 10:40:06.049325,1328.1,138229.0,141983.0
2025-06-20 10:40:07.047489,1328.1,138928.0,142020.0
2025-06-20 10:40:08.949497,1328.1,138303.0,142020.0
2025-06-20 10:40:09.849262,1328.1,138336.0,142062.0
2025-06-20 10:40:10.755714,1328.1,137668.0,141916.0
2025-06-20 10:40:11.653444,1328.5,138787.0,141032.0
2025-06-20 10:40:11.715795,1328.5,138787.0,141032.0
2025-06-20 10:40:12.651517,1328.4,138483.0,142132.0
2025-06-20 10:40:12.718097,1328.4,138483.0,142132.0
2025-06-20 10:40:13.654325,1328.7,138598.0,142214.0
2025-06-20 10:40:13.723958,1328.7,138598.0,142214.0
2025-06-20 10:40:14.551858,1328.7,138702.0,142281.0
2025-06-20 10:40:15.561167,1328.7,138110.0,142899.0
2025-06-20 10:40:16.469245,1328.7,138373.0,141917.0
2025-06-20 10:40:17.402703,1328.7,138856.0,142579.0
2025-06-20 10:40:18.256252,1328.7,138153.0,142737.0
2025-06-20 10:40:19.157410,1328.7,138179.0,142737.0
2025-06-20 10:40:20.159042,1328.7,137502.0,142805.0
2025-06-20 10:40:21.061482,1328.7,137481.0,142805.0
2025-06-20 10:40:21.713991,1328.4,137481.0,142805.0
2025-06-20 10:40:22.061965,1328.4,138062.0,142962.0
2025-06-20 10:40:22.720516,1328.4,138062.0,142962.0
2025-06-20 10:40:23.064852,1328.4,138099.0,143079.0
2025-06-20 10:40:25.207644,1328.4,138166.0,142845.0
2025-06-20 10:40:26.063146,1328.4,138307.0,142843.0
2025-06-20 10:40:27.063305,1328.4,138322.0,142867.0
2025-06-20 10:40:28.067244,1328.4,138299.0,142825.0
2025-06-20 10:40:29.136691,1328.4,138343.0,142805.0
2025-06-20 10:40:30.064987,1328.4,138343.0,142816.0
2025-06-20 10:40:31.064325,1328.4,138940.0,142880.0
2025-06-20 10:40:32.015817,1328.4,138886.0,142866.0
2025-06-20 10:40:32.719330,1328.4,138886.0,142866.0
2025-06-20 10:40:32.978271,1328.4,138894.0,143106.0
2025-06-20 10:40:33.994635,1328.4,138869.0,143794.0
2025-06-20 10:40:35.024846,1328.4,138848.0,143794.0
2025-06-20 10:40:35.756305,1328.4,138848.0,143794.0
2025-06-20 10:40:35.982119,1328.4,138808.0,143729.0
2025-06-20 10:40:36.876463,1328.4,138744.0,144029.0
2025-06-20 10:40:37.715560,1328.4,138744.0,144029.0
2025-06-20 10:40:37.870538,1328.4,138806.0,143723.0
2025-06-20 10:40:38.782819,1328.4,138815.0,143714.0
2025-06-20 10:40:39.778855,1328.4,138878.0,143595.0
2025-06-20 10:40:40.783371,1328.4,138761.0,143693.0
2025-06-20 10:40:41.775785,1328.4,138800.0,143798.0
2025-06-20 10:40:42.672139,1328.4,138775.0,143963.0
2025-06-20 10:40:42.716482,1328.4,138775.0,143963.0
2025-06-20 10:40:43.674010,1328.4,137162.0,146996.0
2025-06-20 10:40:43.721061,1328.4,137162.0,146996.0
2025-06-20 10:40:44.574476,1328.4,137891.0,146523.0
2025-06-20 10:40:45.486758,1328.4,137592.0,145872.0
2025-06-20 10:40:46.376374,1328.4,137452.0,145549.0
2025-06-20 10:40:46.727082,1328.2,137452.0,145549.0
2025-06-20 10:40:47.386457,1328.2,137452.0,145519.0
2025-06-20 10:40:48.379878,1327.6,137361.0,145658.0
2025-06-20 10:40:48.725267,1327.6,137361.0,145658.0
2025-06-20 10:40:49.382633,1327.6,137553.0,145748.0
2025-06-20 10:40:50.279421,1327.7,137275.0,145677.0
2025-06-20 10:40:50.716498,1327.7,137275.0,145677.0
2025-06-20 10:40:51.278546,1327.7,137275.0,145481.0
2025-06-20 10:40:52.280412,1327.7,137414.0,145462.0
2025-06-20 10:40:52.721064,1327.7,137414.0,145462.0
2025-06-20 10:40:53.183317,1327.7,137426.0,145508.0
2025-06-20 10:40:54.085036,1327.7,137448.0,145696.0
2025-06-20 10:40:55.083937,1327.7,137454.0,145719.0
2025-06-20 10:40:56.024810,1327.7,137287.0,145594.0
2025-06-20 10:40:57.087766,1327.7,137393.0,145456.0
2025-06-20 10:40:58.000734,1327.7,137545.0,145393.0
2025-06-20 10:40:58.887339,1327.7,137565.0,145306.0
2025-06-20 10:40:59.795725,1327.4,137335.0,145433.0
2025-06-20 10:41:01.504585,1327.4,137406.0,145650.0
2025-06-20 10:41:01.740314,1327.4,137406.0,145650.0
2025-06-20 10:41:02.700653,1327.6,137401.0,145609.0
2025-06-20 10:41:02.744425,1327.6,137401.0,145609.0
2025-06-20 10:41:03.530727,1327.6,137346.0,145156.0
2025-06-20 10:41:04.522282,1328.2,137346.0,145344.0
2025-06-20 10:41:04.721094,1328.2,137346.0,145344.0
2025-06-20 10:41:05.421923,1328.2,136946.0,145365.0
2025-06-20 10:41:05.731726,1327.8,136946.0,145365.0
2025-06-20 10:41:06.395491,1327.8,137497.0,145520.0
2025-06-20 10:41:07.401290,1327.8,137497.0,145540.0
2025-06-20 10:41:08.405083,1327.8,137638.0,145697.0
2025-06-20 10:41:08.724690,1327.8,137638.0,145697.0
2025-06-20 10:41:09.436887,1327.8,137973.0,145749.0
2025-06-20 10:41:10.401394,1327.8,137996.0,145746.0
2025-06-20 10:41:11.298959,1327.8,137917.0,146023.0
2025-06-20 10:41:11.736070,1327.4,137917.0,146023.0
2025-06-20 10:41:12.204850,1327.4,137045.0,146127.0
2025-06-20 10:41:12.724922,1327.3,137045.0,146127.0
2025-06-20 10:41:13.231497,1327.3,137008.0,145878.0
2025-06-20 10:41:14.200956,1327.3,137040.0,145855.0
2025-06-20 10:41:15.102428,1327.3,137075.0,145855.0
2025-06-20 10:41:16.101677,1327.3,137232.0,145981.0
2025-06-20 10:41:17.101990,1327.3,137398.0,146234.0
2025-06-20 10:41:17.723868,1327.5,137398.0,146234.0
2025-06-20 10:41:18.030459,1327.5,136900.0,146299.0
2025-06-20 10:41:19.031426,1327.5,137542.0,146285.0
2025-06-20 10:41:20.016996,1327.5,137660.0,146329.0
2025-06-20 10:41:20.917781,1327.5,138321.0,146113.0
2025-06-20 10:41:21.918539,1327.6,137274.0,146113.0
2025-06-20 10:41:22.727396,1327.3,137274.0,146113.0
2025-06-20 10:41:22.912573,1327.3,137942.0,146206.0
2025-06-20 10:41:23.803133,1327.3,138795.0,146059.0
2025-06-20 10:41:24.741597,1327.6,138795.0,146059.0
2025-06-20 10:41:24.823339,1327.6,137466.0,146311.0
2025-06-20 10:41:25.725056,1327.4,137466.0,146311.0
2025-06-20 10:41:25.818546,1327.4,137643.0,146587.0
2025-06-20 10:41:26.809934,1327.4,138481.0,146460.0
2025-06-20 10:41:27.816588,1327.4,138481.0,146510.0
2025-06-20 10:41:28.711410,1327.4,138466.0,146497.0
2025-06-20 10:41:29.631664,1327.4,137841.0,146436.0
2025-06-20 10:41:30.622617,1327.4,137644.0,146472.0
2025-06-20 10:41:31.647862,1327.4,137622.0,146521.0
2025-06-20 10:41:31.730975,1327.3,137622.0,146521.0
2025-06-20 10:41:32.552877,1327.3,137703.0,146521.0
2025-06-20 10:41:32.736451,1327.3,137703.0,146521.0
2025-06-20 10:41:33.548434,1327.2,137571.0,146976.0
2025-06-20 10:41:33.740220,1327.2,137571.0,146976.0
2025-06-20 10:41:34.445186,1327.0,136109.0,146853.0
2025-06-20 10:41:34.736801,1327.0,136109.0,146853.0
2025-06-20 10:41:35.430902,1327.0,138032.0,146847.0
2025-06-20 10:41:36.316962,1327.0,138143.0,146965.0
2025-06-20 10:41:37.319388,1327.0,138205.0,146979.0
2025-06-20 10:41:38.223583,1327.0,138268.0,146946.0
2025-06-20 10:41:39.119033,1327.0,138223.0,146980.0
2025-06-20 10:41:40.081274,1327.3,134621.0,147674.0
2025-06-20 10:41:40.748113,1327.0,134621.0,147674.0
2025-06-20 10:41:41.104162,1327.0,136058.0,147397.0
2025-06-20 10:41:42.045010,1327.0,137361.0,147306.0
2025-06-20 10:41:42.726264,1327.1,137361.0,147306.0
2025-06-20 10:41:42.945653,1327.1,137488.0,147284.0
2025-06-20 10:41:43.950996,1327.1,137794.0,147377.0
2025-06-20 10:41:44.824167,1327.1,137887.0,147401.0
2025-06-20 10:41:45.822814,1327.1,137887.0,147388.0
2025-06-20 10:41:46.820754,1327.1,137878.0,147384.0
2025-06-20 10:41:47.820953,1327.1,137878.0,147386.0
2025-06-20 10:41:49.123307,1327.1,137919.0,147397.0
2025-06-20 10:41:49.761670,1327.3,137919.0,147397.0
2025-06-20 10:41:50.037511,1327.3,136898.0,148382.0
2025-06-20 10:41:51.038150,1327.3,136862.0,148343.0
2025-06-20 10:41:52.037105,1327.3,136484.0,148301.0
2025-06-20 10:41:52.760411,1326.9,136484.0,148301.0
2025-06-20 10:41:53.126896,1326.9,136404.0,148173.0
2025-06-20 10:41:54.066704,1326.9,136351.0,148194.0
2025-06-20 10:41:55.125386,1326.9,136541.0,148048.0
2025-06-20 10:41:56.223272,1326.9,136627.0,148135.0
2025-06-20 10:41:57.329462,1326.9,136694.0,148222.0
2025-06-20 10:41:59.190349,1326.9,136832.0,148195.0
2025-06-20 10:42:00.125537,1326.9,136875.0,148193.0
2025-06-20 10:42:02.757654,1326.6,136875.0,148193.0
2025-06-20 10:42:05.831001,1327.1,135255.0,147915.0
2025-06-20 10:42:06.756900,1327.1,135255.0,147915.0
2025-06-20 10:42:10.777235,1326.9,135255.0,147915.0
2025-06-20 10:42:11.475167,1326.9,135008.0,147788.0
2025-06-20 10:42:12.757745,1326.9,135008.0,147788.0
2025-06-20 10:42:16.740637,1327.1,135008.0,147788.0
2025-06-20 10:42:16.946425,1327.1,135275.0,147689.0
2025-06-20 10:42:20.733166,1326.9,135275.0,147689.0
2025-06-20 10:42:22.737257,1326.9,135275.0,147689.0
2025-06-20 10:42:22.844654,1326.9,135289.0,148078.0
2025-06-20 10:42:28.555736,1326.9,135389.0,147811.0
2025-06-20 10:42:28.738242,1326.9,135389.0,147811.0
2025-06-20 10:42:32.781815,1326.9,135389.0,147811.0
2025-06-20 10:42:34.551854,1327.3,136663.0,146488.0
2025-06-20 10:42:34.761929,1327.3,136663.0,146488.0
2025-06-20 10:42:40.173525,1327.3,136681.0,146454.0
2025-06-20 10:42:43.776192,1327.1,136681.0,146454.0
2025-06-20 10:42:45.032654,1327.1,136681.0,146454.0
2025-06-20 10:42:46.054693,1327.1,136786.0,146722.0
2025-06-20 10:42:46.129946,1327.1,136786.0,146722.0
2025-06-20 10:42:47.391817,1327.1,136786.0,146722.0
2025-06-20 10:42:48.063207,1327.1,136786.0,146722.0
2025-06-20 10:42:49.086134,1327.1,136786.0,146722.0
2025-06-20 10:42:49.783465,1327.1,136786.0,146722.0
2025-06-20 10:42:50.480702,1327.1,136786.0,146722.0
2025-06-20 10:42:51.837296,1327.1,136786.0,146722.0
2025-06-20 10:42:51.977917,1327.1,136068.0,147355.0
2025-06-20 10:42:52.869095,1327.1,136068.0,147355.0
2025-06-20 10:42:53.786184,1326.7,136068.0,147355.0
2025-06-20 10:42:54.397924,1326.7,136068.0,147355.0
2025-06-20 10:42:55.636816,1326.7,136068.0,147355.0
2025-06-20 10:42:55.743875,1327.3,136068.0,147355.0
2025-06-20 10:42:56.891535,1327.3,136068.0,147355.0
2025-06-20 10:42:57.669385,1327.3,135334.0,147501.0
2025-06-20 10:42:58.580090,1327.3,135334.0,147501.0
2025-06-20 10:43:01.217135,1327.1,135334.0,147501.0
2025-06-20 10:43:02.961449,1327.1,136697.0,147068.0
2025-06-20 10:43:03.743516,1327.1,136697.0,147068.0
2025-06-20 10:43:08.364907,1326.7,135953.0,147449.0
2025-06-20 10:43:09.749874,1327.2,135953.0,147449.0
2025-06-20 10:43:11.770001,1327.2,135953.0,147449.0
2025-06-20 10:43:13.669945,1327.2,136679.0,147083.0
2025-06-20 10:43:13.771234,1327.2,136679.0,147083.0
2025-06-20 10:43:19.373953,1327.2,136689.0,146890.0
2025-06-20 10:43:21.740969,1326.8,136689.0,146890.0
2025-06-20 10:43:23.750040,1327.0,136689.0,146890.0
2025-06-20 10:43:25.078753,1327.0,136543.0,147199.0
2025-06-20 10:43:27.826436,1327.3,136543.0,147199.0
2025-06-20 10:43:30.690596,1327.3,136296.0,147357.0
2025-06-20 10:43:33.738892,1327.2,136296.0,147357.0
2025-06-20 10:43:35.751832,1327.6,136296.0,147357.0
2025-06-20 10:43:36.386772,1327.4,135763.0,145278.0
2025-06-20 10:43:37.745738,1327.3,135763.0,145278.0
2025-06-20 10:43:39.739930,1327.3,135763.0,145278.0
2025-06-20 10:43:41.711467,1327.3,135152.0,146567.0
2025-06-20 10:43:41.753542,1327.3,135152.0,146567.0
2025-06-20 10:43:43.774097,1327.2,135152.0,146567.0
2025-06-20 10:43:45.747557,1327.8,135152.0,146567.0
2025-06-20 10:43:47.055720,1327.8,135119.0,146367.0
2025-06-20 10:43:51.782342,1327.3,135119.0,146367.0
2025-06-20 10:43:52.597184,1327.3,135408.0,146417.0
2025-06-20 10:43:53.767607,1327.3,135408.0,146417.0
2025-06-20 10:43:55.778231,1324.1,135408.0,146417.0
2025-06-20 10:43:57.757726,1322.3,135408.0,146417.0
2025-06-20 10:43:58.410758,1320.0,112639.0,146577.0
2025-06-20 10:43:59.747806,1320.0,112639.0,146577.0
2025-06-20 10:44:00.978359,1320.0,113994.0,153297.0
2025-06-20 10:44:01.740863,1321.9,113994.0,153297.0
2025-06-20 10:44:02.037895,1321.9,114636.0,151287.0
2025-06-20 10:44:02.741382,1322.7,114636.0,151287.0
2025-06-20 10:44:03.018792,1323.1,116352.0,152307.0
2025-06-20 10:44:03.732994,1323.1,116352.0,152307.0
2025-06-20 10:44:04.107354,1322.9,117782.0,152526.0
2025-06-20 10:44:04.753563,1323.6,117782.0,152526.0
2025-06-20 10:44:05.102495,1323.6,117418.0,153345.0
2025-06-20 10:44:06.255267,1323.6,117413.0,153005.0
2025-06-20 10:44:07.304297,1323.6,117360.0,153285.0
2025-06-20 10:44:08.205913,1323.6,117264.0,153561.0
2025-06-20 10:44:09.305886,1323.6,117370.0,153719.0
2025-06-20 10:44:10.423559,1323.6,118391.0,153726.0
2025-06-20 10:44:11.539009,1322.9,117596.0,155255.0
2025-06-20 10:44:11.738933,1322.9,117596.0,155255.0
2025-06-20 10:44:12.610083,1322.9,118199.0,155380.0
2025-06-20 10:44:12.742812,1322.9,118199.0,155380.0
2025-06-20 10:44:13.609619,1322.9,118206.0,155434.0
2025-06-20 10:44:13.737767,1322.1,118206.0,155434.0
2025-06-20 10:44:14.611278,1322.1,118230.0,156239.0
2025-06-20 10:44:15.615203,1322.1,117531.0,156283.0
2025-06-20 10:44:16.612477,1322.1,118365.0,156349.0
2025-06-20 10:44:17.612668,1322.1,121032.0,156617.0
2025-06-20 10:44:18.726309,1322.7,121734.0,156408.0
2025-06-20 10:44:18.738133,1322.7,121734.0,156408.0
2025-06-20 10:44:19.812868,1322.7,121753.0,156408.0
2025-06-20 10:44:20.926038,1322.7,121751.0,156298.0
2025-06-20 10:44:22.099083,1322.7,121837.0,156298.0
2025-06-20 10:44:22.737402,1322.4,121837.0,156298.0
2025-06-20 10:44:23.114444,1322.4,123925.0,155879.0
2025-06-20 10:44:24.262240,1322.4,124517.0,156474.0
2025-06-20 10:44:24.738555,1322.7,124517.0,156474.0
2025-06-20 10:44:25.215565,1322.8,123578.0,155331.0
2025-06-20 10:44:25.735986,1322.7,123578.0,155331.0
2025-06-20 10:44:26.316909,1322.7,122075.0,155916.0
2025-06-20 10:44:26.736316,1322.7,122075.0,155916.0
2025-06-20 10:44:27.435166,1322.7,123479.0,155831.0
2025-06-20 10:44:28.531361,1322.9,123309.0,156147.0
2025-06-20 10:44:28.736157,1322.9,123309.0,156147.0
2025-06-20 10:44:29.621851,1322.9,123755.0,156286.0
2025-06-20 10:44:29.733779,1322.9,123755.0,156286.0
2025-06-20 10:44:30.535778,1322.9,125855.0,156295.0
2025-06-20 10:44:30.742607,1322.5,125855.0,156295.0
2025-06-20 10:44:31.621812,1322.9,127420.0,155539.0
2025-06-20 10:44:31.741661,1322.9,127420.0,155539.0
2025-06-20 10:44:32.721851,1322.5,126594.0,155536.0
2025-06-20 10:44:32.733800,1322.5,126594.0,155536.0
2025-06-20 10:44:33.822688,1322.5,127221.0,155678.0
2025-06-20 10:44:34.954725,1322.5,127849.0,155573.0
2025-06-20 10:44:35.740920,1322.9,127849.0,155573.0
2025-06-20 10:44:35.937370,1322.9,127224.0,155762.0
2025-06-20 10:44:36.740744,1322.5,127224.0,155762.0
2025-06-20 10:44:37.038659,1322.5,130267.0,157164.0
2025-06-20 10:44:38.125971,1322.5,131392.0,157268.0
2025-06-20 10:44:38.739457,1322.5,131392.0,157268.0
2025-06-20 10:44:39.128111,1322.5,131048.0,157109.0
2025-06-20 10:44:39.735837,1322.9,131048.0,157109.0
2025-06-20 10:44:40.228434,1322.9,131142.0,157143.0
2025-06-20 10:44:40.736984,1322.5,131142.0,157143.0
2025-06-20 10:44:41.128112,1322.5,131688.0,157279.0
2025-06-20 10:44:42.229423,1322.5,132447.0,157139.0
2025-06-20 10:44:43.330082,1322.5,132448.0,157087.0
2025-06-20 10:44:44.441639,1322.5,132921.0,157091.0
2025-06-20 10:44:45.560501,1322.5,133579.0,157876.0
2025-06-20 10:44:45.780796,1322.5,133579.0,157876.0
2025-06-20 10:44:46.545859,1322.5,133579.0,157891.0
2025-06-20 10:44:47.632000,1322.9,133226.0,157662.0
2025-06-20 10:44:47.778598,1322.9,133226.0,157662.0
2025-06-20 10:44:48.631898,1322.9,132705.0,157662.0
2025-06-20 10:44:49.630107,1322.9,133352.0,157037.0
2025-06-20 10:44:50.632501,1322.5,133558.0,157000.0
2025-06-20 10:44:50.743152,1322.5,133558.0,157000.0
2025-06-20 10:44:51.632266,1322.5,133554.0,157027.0
2025-06-20 10:44:52.634456,1322.6,133521.0,156539.0
2025-06-20 10:44:52.736462,1322.6,133521.0,156539.0
2025-06-20 10:44:53.632977,1322.6,133640.0,157095.0
2025-06-20 10:44:54.733158,1322.6,133694.0,156960.0
2025-06-20 10:44:55.742700,1322.6,133694.0,156960.0
2025-06-20 10:44:55.835737,1322.6,133665.0,157142.0
2025-06-20 10:44:56.747225,1322.6,138690.0,156992.0
2025-06-20 10:44:57.764454,1322.6,138165.0,156882.0
2025-06-20 10:44:58.736323,1322.6,138165.0,156882.0
2025-06-20 10:44:58.837905,1322.6,138308.0,156872.0
2025-06-20 10:44:59.742995,1323.4,138308.0,156872.0
2025-06-20 10:44:59.841124,1324.1,142849.0,148523.0
2025-06-20 10:45:01.053814,1324.4,144256.0,151218.0
2025-06-20 10:45:01.743247,1325.3,144256.0,151218.0
2025-06-20 10:45:02.076746,1325.3,142828.0,151745.0
2025-06-20 10:45:03.241440,1324.5,139253.0,155939.0
2025-06-20 10:45:03.741716,1323.8,139253.0,155939.0
2025-06-20 10:45:04.247505,1324.2,145505.0,151743.0
2025-06-20 10:45:04.738968,1324.2,145505.0,151743.0
2025-06-20 10:45:05.343537,1324.0,144990.0,153035.0
2025-06-20 10:45:05.745374,1324.0,144990.0,153035.0
2025-06-20 10:45:06.446566,1324.0,147430.0,153184.0
2025-06-20 10:45:07.558863,1324.0,145818.0,152981.0
2025-06-20 10:45:08.556460,1324.0,145843.0,152981.0
2025-06-20 10:45:09.646140,1325.0,147404.0,152453.0
2025-06-20 10:45:09.740356,1325.0,147404.0,152453.0
2025-06-20 10:45:10.746065,1324.4,147404.0,152453.0
2025-06-20 10:45:10.783730,1324.4,146980.0,152468.0
2025-06-20 10:45:11.746140,1324.4,146980.0,152468.0
2025-06-20 10:45:11.847144,1324.4,145566.0,152618.0
2025-06-20 10:45:12.850146,1324.4,143017.0,152779.0
2025-06-20 10:45:13.956510,1324.4,135787.0,152707.0
2025-06-20 10:45:14.749977,1324.9,135787.0,152707.0
2025-06-20 10:45:15.094348,1324.9,137741.0,152570.0
2025-06-20 10:45:15.756006,1324.6,137741.0,152570.0
2025-06-20 10:45:16.149900,1324.6,137336.0,152466.0
2025-06-20 10:45:17.252834,1324.6,134784.0,152316.0
2025-06-20 10:45:18.252749,1324.6,134732.0,152354.0
2025-06-20 10:45:19.156806,1324.6,139128.0,152516.0
2025-06-20 10:45:20.354421,1325.0,138670.0,151916.0
2025-06-20 10:45:20.750799,1324.8,138670.0,151916.0
2025-06-20 10:45:21.456919,1324.8,140685.0,152718.0
2025-06-20 10:45:22.570645,1324.8,142482.0,152733.0
2025-06-20 10:45:23.667350,1324.9,142366.0,152756.0
2025-06-20 10:45:23.751162,1324.9,142366.0,152756.0
2025-06-20 10:45:24.659169,1324.9,142464.0,152849.0
2025-06-20 10:45:25.750258,1325.0,142464.0,152849.0
2025-06-20 10:45:25.862983,1325.0,142236.0,152572.0
2025-06-20 10:45:26.747090,1325.0,142236.0,152572.0
2025-06-20 10:45:26.865875,1325.0,142758.0,151208.0
2025-06-20 10:45:27.966804,1325.0,142617.0,151158.0
2025-06-20 10:45:29.166793,1325.0,143223.0,151343.0
2025-06-20 10:45:30.262959,1324.9,143219.0,151369.0
2025-06-20 10:45:30.743908,1324.9,143219.0,151369.0
2025-06-20 10:45:31.362845,1325.4,142887.0,151396.0
2025-06-20 10:45:31.745559,1325.4,142887.0,151396.0
2025-06-20 10:45:32.464206,1325.1,142610.0,151013.0
2025-06-20 10:45:32.754829,1325.1,142610.0,151013.0
2025-06-20 10:45:33.578638,1325.1,142815.0,150993.0
2025-06-20 10:45:34.666914,1325.1,142044.0,151146.0
2025-06-20 10:45:34.743632,1325.1,142044.0,151146.0
2025-06-20 10:45:35.744355,1325.1,142044.0,151146.0
2025-06-20 10:45:35.779789,1325.1,141322.0,151263.0
2025-06-20 10:45:36.745355,1325.5,141322.0,151263.0
2025-06-20 10:45:36.867848,1325.5,141947.0,151236.0
2025-06-20 10:45:37.749878,1325.1,141947.0,151236.0
2025-06-20 10:45:37.969643,1325.1,141996.0,151208.0
2025-06-20 10:45:39.078657,1325.1,141381.0,151137.0
2025-06-20 10:45:40.070526,1325.1,141338.0,151207.0
2025-06-20 10:45:40.745652,1325.5,141338.0,151207.0
2025-06-20 10:45:41.072253,1325.5,140599.0,151368.0
2025-06-20 10:45:41.974292,1325.5,140589.0,151287.0
2025-06-20 10:45:42.747537,1325.1,140589.0,151287.0
2025-06-20 10:45:42.981519,1325.1,141101.0,151211.0
2025-06-20 10:45:43.982867,1325.1,141712.0,151270.0
2025-06-20 10:45:45.081244,1325.1,141732.0,151238.0
2025-06-20 10:45:45.449623,1325.1,141732.0,151238.0
2025-06-20 10:45:45.747883,1325.1,141732.0,151238.0
2025-06-20 10:45:45.824033,1325.1,141732.0,151238.0
2025-06-20 10:45:45.978303,1325.1,141695.0,152263.0
2025-06-20 10:45:46.174514,1325.1,141695.0,152263.0
2025-06-20 10:45:47.175032,1325.1,141695.0,152263.0
2025-06-20 10:45:47.206269,1325.1,140984.0,152183.0
2025-06-20 10:45:47.591421,1325.1,140984.0,152183.0
2025-06-20 10:45:48.248067,1325.1,140984.0,152183.0
2025-06-20 10:45:48.281383,1325.1,140997.0,152178.0
2025-06-20 10:45:48.714246,1325.1,140997.0,152178.0
2025-06-20 10:45:49.300969,1325.1,140997.0,152178.0
2025-06-20 10:45:49.381808,1325.1,140969.0,152188.0
2025-06-20 10:45:49.711471,1325.1,140969.0,152188.0
2025-06-20 10:45:50.481146,1325.1,140318.0,152984.0
2025-06-20 10:45:50.684134,1325.1,140318.0,152984.0
2025-06-20 10:45:50.748424,1325.1,140318.0,152984.0
2025-06-20 10:45:51.596814,1325.0,134468.0,155413.0
2025-06-20 10:45:51.745614,1325.0,134468.0,155413.0
2025-06-20 10:45:52.149321,1325.0,134468.0,155413.0
2025-06-20 10:45:52.690048,1325.0,135110.0,154850.0
2025-06-20 10:45:53.080950,1325.0,135110.0,154850.0
2025-06-20 10:45:53.814658,1325.0,135687.0,154315.0
2025-06-20 10:45:54.635725,1325.0,135687.0,154315.0
2025-06-20 10:45:54.740136,1324.5,135687.0,154315.0
2025-06-20 10:45:54.884460,1324.5,134396.0,154783.0
2025-06-20 10:45:55.742544,1324.5,134396.0,154783.0
2025-06-20 10:45:55.921712,1324.5,134396.0,154783.0
2025-06-20 10:45:55.986174,1324.5,134611.0,154418.0
2025-06-20 10:45:56.889373,1324.5,135103.0,154434.0
2025-06-20 10:45:57.208499,1324.5,135103.0,154434.0
2025-06-20 10:45:57.887305,1324.5,134303.0,154438.0
2025-06-20 10:45:58.822770,1324.5,134303.0,154438.0
2025-06-20 10:45:58.888508,1324.5,133678.0,154392.0
2025-06-20 10:45:59.742865,1324.9,133678.0,154392.0
2025-06-20 10:45:59.887809,1324.9,134308.0,154234.0
2025-06-20 10:46:01.288883,1324.6,134407.0,154355.0
2025-06-20 10:46:01.745093,1324.6,134407.0,154355.0
2025-06-20 10:46:02.201684,1324.7,135984.0,153500.0
2025-06-20 10:46:02.784646,1324.7,135984.0,153500.0
2025-06-20 10:46:03.192490,1325.1,133179.0,151276.0
2025-06-20 10:46:03.745361,1325.1,133179.0,151276.0
2025-06-20 10:46:04.290916,1325.1,134434.0,151241.0
2025-06-20 10:46:05.391865,1325.2,134353.0,152007.0
2025-06-20 10:46:05.750274,1325.2,134353.0,152007.0
2025-06-20 10:46:06.493985,1325.7,134490.0,151565.0
2025-06-20 10:46:06.742887,1325.7,134490.0,151565.0
2025-06-20 10:46:07.598483,1325.7,134280.0,151889.0
2025-06-20 10:46:08.690885,1325.7,134353.0,151896.0
2025-06-20 10:46:09.753698,1325.3,134353.0,151896.0
2025-06-20 10:46:09.800724,1325.3,134234.0,151940.0
2025-06-20 10:46:10.745521,1325.3,134234.0,151940.0
2025-06-20 10:46:10.798696,1325.3,134236.0,151831.0
2025-06-20 10:46:11.803710,1325.3,134395.0,150970.0
2025-06-20 10:46:12.753331,1325.6,134395.0,150970.0
2025-06-20 10:46:12.893705,1325.6,134261.0,150761.0
2025-06-20 10:46:14.021385,1325.6,134171.0,151286.0
2025-06-20 10:46:15.095515,1325.6,134218.0,151319.0
2025-06-20 10:46:15.748646,1325.6,134218.0,151319.0
2025-06-20 10:46:16.211103,1325.6,134275.0,151339.0
2025-06-20 10:46:17.199533,1325.6,134158.0,151294.0
2025-06-20 10:46:18.099593,1325.6,134160.0,151302.0
2025-06-20 10:46:18.786447,1325.6,134160.0,151302.0
2025-06-20 10:46:19.210249,1325.6,134156.0,151421.0
2025-06-20 10:46:19.755199,1325.8,134156.0,151421.0
2025-06-20 10:46:20.299210,1325.8,133601.0,151028.0
2025-06-20 10:46:20.747779,1325.6,133601.0,151028.0
2025-06-20 10:46:21.300353,1325.6,133559.0,151172.0
2025-06-20 10:46:22.300638,1325.4,131645.0,154962.0
2025-06-20 10:46:22.746680,1325.4,131645.0,154962.0
2025-06-20 10:46:23.303405,1325.4,131682.0,155784.0
2025-06-20 10:46:23.747455,1325.2,131682.0,155784.0
2025-06-20 10:46:24.216133,1325.2,133032.0,154304.0
2025-06-20 10:46:25.212373,1325.2,133058.0,154360.0
2025-06-20 10:46:25.799029,1324.7,133058.0,154360.0
2025-06-20 10:46:26.213998,1324.7,132585.0,154843.0
2025-06-20 10:46:27.213698,1324.7,132543.0,154801.0
2025-06-20 10:46:27.751409,1325.7,132543.0,154801.0
2025-06-20 10:46:28.215592,1325.7,134513.0,151845.0
2025-06-20 10:46:29.211484,1325.7,134114.0,150933.0
2025-06-20 10:46:30.110065,1325.7,134792.0,151002.0
2025-06-20 10:46:30.749542,1325.8,134792.0,151002.0
2025-06-20 10:46:31.108730,1325.8,134604.0,150988.0
2025-06-20 10:46:31.748497,1325.8,134604.0,150988.0
2025-06-20 10:46:32.211741,1325.8,134435.0,151393.0
2025-06-20 10:46:32.753867,1325.8,134435.0,151393.0
2025-06-20 10:46:33.309117,1325.8,134411.0,151410.0
2025-06-20 10:46:34.420342,1325.8,134427.0,151374.0
2025-06-20 10:46:35.544612,1325.8,134390.0,151424.0
2025-06-20 10:46:35.758253,1325.8,134390.0,151424.0
2025-06-20 10:46:36.614522,1325.8,134106.0,151349.0
2025-06-20 10:46:36.750836,1325.8,134106.0,151349.0
2025-06-20 10:46:37.615381,1325.8,134106.0,151348.0
2025-06-20 10:46:38.629736,1325.8,134106.0,151408.0
2025-06-20 10:46:39.615236,1325.8,134106.0,151255.0
2025-06-20 10:46:39.744312,1326.0,134106.0,151255.0
2025-06-20 10:46:40.549545,1326.0,132861.0,152159.0
2025-06-20 10:46:40.756038,1325.7,132861.0,152159.0
2025-06-20 10:46:41.548970,1325.7,133501.0,152290.0
2025-06-20 10:46:42.531446,1325.4,133464.0,152274.0
2025-06-20 10:46:42.745921,1325.4,133464.0,152274.0
2025-06-20 10:46:43.617207,1325.4,133517.0,152224.0
2025-06-20 10:46:44.619665,1325.4,133607.0,152224.0
2025-06-20 10:46:45.626916,1325.5,133446.0,151604.0
2025-06-20 10:46:45.764341,1325.5,133446.0,151604.0
2025-06-20 10:46:46.620809,1325.5,134175.0,151393.0
2025-06-20 10:46:47.622344,1325.5,134182.0,151358.0
2025-06-20 10:46:48.620615,1325.5,134182.0,151398.0
2025-06-20 10:46:49.622508,1325.5,134182.0,151399.0
2025-06-20 10:46:50.621192,1325.8,134239.0,151382.0
2025-06-20 10:46:50.747812,1325.8,134239.0,151382.0
2025-06-20 10:46:51.551045,1325.8,134186.0,151400.0
2025-06-20 10:46:52.534099,1326.0,132758.0,151313.0
2025-06-20 10:46:52.756630,1326.0,132758.0,151313.0
2025-06-20 10:46:53.626416,1326.0,134686.0,151852.0
2025-06-20 10:46:54.558629,1325.4,132741.0,152324.0
2025-06-20 10:46:54.745329,1325.9,132741.0,152324.0
2025-06-20 10:46:55.554593,1325.4,132732.0,152385.0
2025-06-20 10:46:55.754020,1325.4,132732.0,152385.0
2025-06-20 10:46:56.439261,1325.4,132732.0,152499.0
2025-06-20 10:46:57.461215,1325.4,132732.0,152223.0
2025-06-20 10:46:58.440635,1325.4,132785.0,152188.0
2025-06-20 10:46:59.439985,1325.4,132780.0,152282.0
2025-06-20 10:46:59.755741,1325.4,132780.0,152282.0
2025-06-20 10:47:00.756306,1325.4,132780.0,152282.0
2025-06-20 10:47:01.634278,1325.9,133502.0,152132.0
2025-06-20 10:47:01.754108,1325.9,133502.0,152132.0
2025-06-20 10:47:02.628526,1325.4,132923.0,152485.0
2025-06-20 10:47:02.755050,1325.4,132923.0,152485.0
2025-06-20 10:47:03.729646,1325.8,135827.0,151867.0
2025-06-20 10:47:03.750779,1325.8,135827.0,151867.0
2025-06-20 10:47:04.838399,1325.8,133927.0,151872.0
2025-06-20 10:47:05.761941,1325.5,133927.0,151872.0
2025-06-20 10:47:05.935763,1325.5,133849.0,151919.0
2025-06-20 10:47:06.940221,1325.5,133902.0,152105.0
2025-06-20 10:47:08.071716,1325.5,133955.0,151903.0
2025-06-20 10:47:09.073039,1326.0,134043.0,150533.0
2025-06-20 10:47:09.765777,1326.0,134043.0,150533.0
2025-06-20 10:47:10.134323,1326.0,134019.0,150914.0
2025-06-20 10:47:10.748936,1326.0,134019.0,150914.0
2025-06-20 10:47:11.133877,1326.0,133971.0,151124.0
2025-06-20 10:47:12.343719,1326.0,134343.0,150323.0
2025-06-20 10:47:12.759447,1326.0,134343.0,150323.0
2025-06-20 10:47:13.835400,1326.0,134570.0,150398.0
2025-06-20 10:47:14.767599,1326.0,134570.0,150398.0
2025-06-20 10:47:14.938914,1326.0,133217.0,149923.0
2025-06-20 10:47:15.774100,1326.0,133217.0,149923.0
2025-06-20 10:47:15.945614,1326.0,133737.0,149923.0
2025-06-20 10:47:16.944770,1326.0,133737.0,149999.0
2025-06-20 10:47:17.837413,1326.0,133737.0,150394.0
2025-06-20 10:47:18.791801,1326.0,133737.0,150394.0
2025-06-20 10:47:18.975301,1326.0,134960.0,148677.0
2025-06-20 10:47:19.754556,1326.0,134960.0,148677.0
2025-06-20 10:47:19.845398,1326.0,129736.0,149776.0
2025-06-20 10:47:20.750811,1326.0,129736.0,149776.0
2025-06-20 10:47:20.843788,1326.0,133356.0,149369.0
2025-06-20 10:47:21.838864,1326.0,134600.0,149311.0
2025-06-20 10:47:22.756965,1326.0,134600.0,149311.0
2025-06-20 10:47:22.842039,1326.0,134873.0,149342.0
2025-06-20 10:47:23.840845,1326.0,135649.0,148657.0
2025-06-20 10:47:24.841683,1326.0,135030.0,148943.0
2025-06-20 10:47:25.753277,1326.3,135030.0,148943.0
2025-06-20 10:47:25.856923,1326.3,134949.0,148934.0
2025-06-20 10:47:26.846208,1326.3,135674.0,149360.0
2025-06-20 10:47:27.760807,1326.6,135674.0,149360.0
2025-06-20 10:47:27.844027,1326.6,135860.0,149520.0
2025-06-20 10:47:28.957164,1326.6,135981.0,149211.0
2025-06-20 10:47:30.058509,1326.6,135941.0,149258.0
2025-06-20 10:47:30.772110,1326.3,135941.0,149258.0
2025-06-20 10:47:31.145821,1326.3,135955.0,149373.0
2025-06-20 10:47:31.765531,1326.3,135955.0,149373.0
2025-06-20 10:47:32.252520,1326.3,135906.0,149369.0
2025-06-20 10:47:32.753639,1326.3,135906.0,149369.0
2025-06-20 10:47:33.355726,1326.3,135282.0,149406.0
2025-06-20 10:47:34.459474,1326.3,135123.0,149800.0
2025-06-20 10:47:35.355671,1326.4,135149.0,149784.0
2025-06-20 10:47:35.756557,1326.4,135149.0,149784.0
2025-06-20 10:47:36.451277,1326.4,135164.0,149318.0
2025-06-20 10:47:37.582416,1326.4,135163.0,149726.0
2025-06-20 10:47:37.761033,1326.4,135163.0,149726.0
2025-06-20 10:47:38.652319,1326.4,135162.0,149731.0
2025-06-20 10:47:38.754441,1326.4,135162.0,149731.0
2025-06-20 10:47:39.783840,1326.4,135041.0,150119.0
2025-06-20 10:47:40.754531,1326.4,135041.0,150119.0
2025-06-20 10:47:40.768767,1326.4,134309.0,150310.0
2025-06-20 10:47:41.768881,1326.7,134309.0,150310.0
2025-06-20 10:47:41.856191,1326.7,135405.0,149635.0
2025-06-20 10:47:42.761395,1326.2,135405.0,149635.0
2025-06-20 10:47:42.957645,1326.2,136051.0,149938.0
2025-06-20 10:47:43.754086,1326.4,136051.0,149938.0
2025-06-20 10:47:44.073043,1326.4,135356.0,149494.0
2025-06-20 10:47:45.157909,1326.4,136017.0,149587.0
2025-06-20 10:47:45.753799,1326.4,136017.0,149587.0
2025-06-20 10:47:46.072511,1326.4,135348.0,149610.0
2025-06-20 10:47:47.073569,1326.4,135324.0,149575.0
2025-06-20 10:47:47.759201,1326.2,135324.0,149575.0
2025-06-20 10:47:48.158635,1326.2,135612.0,150113.0
2025-06-20 10:47:49.268535,1326.2,134914.0,150132.0
2025-06-20 10:47:50.366026,1326.1,134882.0,150141.0
2025-06-20 10:47:50.756479,1326.1,134882.0,150141.0
2025-06-20 10:47:51.474675,1326.1,135026.0,150302.0
2025-06-20 10:47:52.363945,1326.1,135026.0,150287.0
2025-06-20 10:47:52.758019,1326.1,135026.0,150287.0
2025-06-20 10:47:53.472017,1326.1,134829.0,150421.0
2025-06-20 10:47:54.472939,1326.1,134921.0,150079.0
2025-06-20 10:47:55.570817,1326.1,134892.0,150034.0
2025-06-20 10:47:55.757199,1326.1,134892.0,150034.0
2025-06-20 10:47:56.663584,1326.1,135661.0,150045.0
2025-06-20 10:47:57.667430,1326.1,136827.0,149895.0
2025-06-20 10:47:58.668633,1326.1,136818.0,150335.0
2025-06-20 10:47:59.666958,1326.1,137058.0,150340.0
2025-06-20 10:48:00.760231,1326.2,137058.0,150340.0
2025-06-20 10:48:02.167917,1326.8,137015.0,150541.0
2025-06-20 10:48:02.760187,1326.2,137015.0,150541.0
2025-06-20 10:48:03.079569,1326.2,135325.0,151007.0
2025-06-20 10:48:04.076717,1326.2,135344.0,150984.0
2025-06-20 10:48:05.076859,1326.2,135325.0,151013.0
2025-06-20 10:48:05.784083,1326.2,135325.0,151013.0
2025-06-20 10:48:06.072786,1326.7,135324.0,150994.0
2025-06-20 10:48:06.759166,1326.7,135324.0,150994.0
2025-06-20 10:48:06.982546,1326.7,135264.0,151149.0
2025-06-20 10:48:07.767152,1326.0,135264.0,151149.0
2025-06-20 10:48:07.871968,1326.0,135038.0,152301.0
2025-06-20 10:48:08.775606,1326.7,135038.0,152301.0
2025-06-20 10:48:08.824209,1326.7,135807.0,149336.0
2025-06-20 10:48:09.820518,1326.7,135701.0,149549.0
2025-06-20 10:48:10.759884,1326.5,135701.0,149549.0
2025-06-20 10:48:10.787304,1326.5,135610.0,149699.0
2025-06-20 10:48:11.792492,1326.5,136063.0,149738.0
2025-06-20 10:48:12.768238,1326.5,136063.0,149738.0
2025-06-20 10:48:12.809354,1326.5,136037.0,149693.0
2025-06-20 10:48:13.772481,1326.9,136037.0,149693.0
2025-06-20 10:48:13.789546,1326.9,136016.0,149995.0
2025-06-20 10:48:14.875430,1326.9,136596.0,149829.0
2025-06-20 10:48:15.764415,1326.1,136596.0,149829.0
2025-06-20 10:48:15.976578,1326.1,136661.0,150365.0
2025-06-20 10:48:17.079337,1326.1,136145.0,150076.0
2025-06-20 10:48:18.177985,1326.1,136838.0,150446.0
2025-06-20 10:48:19.293789,1326.8,136858.0,149809.0
2025-06-20 10:48:19.760940,1326.8,136858.0,149809.0
2025-06-20 10:48:20.280638,1326.8,136882.0,150016.0
2025-06-20 10:48:20.757001,1326.5,136882.0,150016.0
2025-06-20 10:48:21.378312,1326.5,136787.0,149875.0
2025-06-20 10:48:22.710839,1326.3,136862.0,149881.0
2025-06-20 10:48:22.790217,1326.3,136862.0,149881.0
2025-06-20 10:48:23.668808,1326.3,136718.0,149801.0
2025-06-20 10:48:24.684363,1326.9,136684.0,149782.0
2025-06-20 10:48:24.757659,1326.9,136684.0,149782.0
2025-06-20 10:48:25.758385,1326.5,136684.0,149782.0
2025-06-20 10:48:25.792187,1326.5,136640.0,149776.0
2025-06-20 10:48:26.882663,1326.5,133640.0,149777.0
2025-06-20 10:48:27.886819,1326.5,132910.0,150219.0
2025-06-20 10:48:28.983317,1326.5,132957.0,150210.0
2025-06-20 10:48:30.098007,1326.5,132489.0,150305.0
2025-06-20 10:48:30.762313,1326.5,132489.0,150305.0
2025-06-20 10:48:31.088275,1326.5,132435.0,150357.0
2025-06-20 10:48:32.183991,1326.5,132412.0,150387.0
2025-06-20 10:48:32.771578,1326.5,132412.0,150387.0
2025-06-20 10:48:33.289529,1326.5,132383.0,150674.0
2025-06-20 10:48:34.391084,1326.5,132383.0,150199.0
2025-06-20 10:48:34.784265,1326.2,132383.0,150199.0
2025-06-20 10:48:35.526104,1326.2,133660.0,152223.0
2025-06-20 10:48:36.589016,1326.2,132351.0,152633.0
2025-06-20 10:48:37.688206,1325.6,126386.0,155537.0
2025-06-20 10:48:37.815647,1325.6,126386.0,155537.0
2025-06-20 10:48:38.783975,1325.4,126386.0,155537.0
2025-06-20 10:48:38.801433,1325.4,129138.0,155778.0
2025-06-20 10:48:39.887426,1325.4,129681.0,155496.0
2025-06-20 10:48:40.798649,1325.1,129681.0,155496.0
2025-06-20 10:48:40.988905,1325.1,129794.0,155411.0
2025-06-20 10:48:41.991390,1325.1,129819.0,156017.0
2025-06-20 10:48:42.806588,1325.4,129819.0,156017.0
2025-06-20 10:48:43.107284,1325.4,129168.0,156015.0
2025-06-20 10:48:43.762493,1325.4,129168.0,156015.0
2025-06-20 10:48:44.192701,1325.4,129168.0,155992.0
2025-06-20 10:48:44.760158,1325.4,129168.0,155992.0
2025-06-20 10:48:45.297703,1325.1,129073.0,155902.0
2025-06-20 10:48:45.762934,1325.1,129073.0,155902.0
2025-06-20 10:48:45.973561,1325.1,129073.0,155902.0
2025-06-20 10:48:46.353445,1325.1,129073.0,155902.0
2025-06-20 10:48:46.396089,1325.1,129141.0,155902.0
2025-06-20 10:48:46.676779,1325.1,129141.0,155902.0
2025-06-20 10:48:47.101018,1325.1,129141.0,155902.0
2025-06-20 10:48:47.494851,1325.1,129141.0,155902.0
2025-06-20 10:48:47.690819,1325.1,129141.0,155902.0
