timestamp,ltp,bid_qty,ask_qty
2025-06-20 10:10:48.218069,5515.0,38439.0,77878.0
2025-06-20 10:10:49.589988,5515.0,38439.0,77878.0
2025-06-20 10:10:50.592718,5517.0,38439.0,77878.0
2025-06-20 10:10:55.170093,5517.0,38579.0,77834.0
2025-06-20 10:10:57.587768,5517.0,38579.0,77834.0
2025-06-20 10:11:00.582229,5517.0,36710.0,77864.0
2025-06-20 10:11:03.600679,5514.0,36710.0,77864.0
2025-06-20 10:11:07.602128,5516.5,36710.0,77864.0
2025-06-20 10:11:08.859650,5516.0,36710.0,77864.0
2025-06-20 10:11:12.479096,5516.0,38484.0,78195.0
2025-06-20 10:11:17.979801,5515.0,38440.0,78305.0
2025-06-20 10:11:19.263041,5515.5,38440.0,78305.0
2025-06-20 10:11:22.667965,5516.5,38440.0,78305.0
2025-06-20 10:11:23.081092,5516.5,38377.0,78096.0
2025-06-20 10:11:24.662716,5517.0,38377.0,78096.0
2025-06-20 10:11:28.876083,5517.0,38222.0,78566.0
2025-06-20 10:11:30.866361,5515.5,38222.0,78566.0
2025-06-20 10:11:32.607354,5515.5,38222.0,78566.0
2025-06-20 10:11:34.192458,5515.5,38186.0,78800.0
2025-06-20 10:11:36.869709,5516.0,38186.0,78800.0
2025-06-20 10:11:39.595255,5514.5,38186.0,78800.0
2025-06-20 10:11:39.998851,5514.5,38135.0,79186.0
2025-06-20 10:11:41.587865,5514.5,38135.0,79186.0
2025-06-20 10:11:44.601443,5514.5,38135.0,79186.0
2025-06-20 10:11:46.026778,5514.0,38199.0,79091.0
2025-06-20 10:11:46.635856,5514.0,38199.0,79091.0
2025-06-20 10:11:49.601735,5513.0,38199.0,79091.0
2025-06-20 10:11:50.603156,5512.5,38199.0,79091.0
2025-06-20 10:11:51.817355,5512.5,37876.0,79675.0
2025-06-20 10:11:52.624352,5512.0,37876.0,79675.0
2025-06-20 10:11:54.602373,5512.0,37876.0,79675.0
2025-06-20 10:11:57.715233,5513.5,37727.0,79107.0
2025-06-20 10:11:59.597982,5512.0,37727.0,79107.0
2025-06-20 10:12:03.600299,5515.5,37727.0,79107.0
2025-06-20 10:12:04.010069,5515.5,37356.0,78992.0
2025-06-20 10:12:06.607333,5517.5,37356.0,78992.0
2025-06-20 10:12:09.600448,5520.0,37356.0,78992.0
2025-06-20 10:12:10.723999,5520.0,38692.0,77135.0
2025-06-20 10:12:12.605537,5520.0,38692.0,77135.0
2025-06-20 10:12:15.598543,5519.0,38692.0,77135.0
2025-06-20 10:12:17.119990,5519.0,38335.0,77431.0
2025-06-20 10:12:21.601486,5519.5,38335.0,77431.0
2025-06-20 10:12:23.336799,5519.5,38546.0,76810.0
2025-06-20 10:12:24.602770,5519.5,38546.0,76810.0
2025-06-20 10:12:27.599035,5517.0,38546.0,76810.0
2025-06-20 10:12:29.530751,5517.0,38275.0,77436.0
2025-06-20 10:12:33.600162,5518.0,38275.0,77436.0
2025-06-20 10:12:35.646293,5518.0,38520.0,77224.0
2025-06-20 10:12:37.607680,5517.0,38520.0,77224.0
2025-06-20 10:12:40.521020,5517.0,38520.0,77224.0
2025-06-20 10:12:41.138702,5517.0,38520.0,77224.0
2025-06-20 10:12:41.445881,5517.0,38433.0,77147.0
2025-06-20 10:12:41.698354,5517.0,38433.0,77147.0
2025-06-20 10:12:42.289904,5517.0,38433.0,77147.0
2025-06-20 10:12:42.602602,5517.0,38433.0,77147.0
2025-06-20 10:12:42.951284,5517.0,38433.0,77147.0
2025-06-20 10:12:43.430199,5517.0,38433.0,77147.0
2025-06-20 10:12:44.617826,5517.0,38433.0,77147.0
2025-06-20 10:12:44.686076,5517.0,38433.0,77147.0
2025-06-20 10:12:45.401307,5517.0,38433.0,77147.0
2025-06-20 10:12:46.677180,5517.0,38433.0,77147.0
2025-06-20 10:12:47.448991,5516.5,38502.0,77015.0
2025-06-20 10:12:47.605952,5516.5,38502.0,77015.0
2025-06-20 10:12:47.648321,5516.5,38502.0,77015.0
2025-06-20 10:12:49.161453,5516.5,38502.0,77015.0
2025-06-20 10:12:50.473816,5516.5,38502.0,77015.0
2025-06-20 10:12:51.611818,5516.5,38502.0,77015.0
2025-06-20 10:12:51.710831,5516.5,38502.0,77015.0
2025-06-20 10:12:53.244292,5516.5,38731.0,76790.0
2025-06-20 10:12:53.263777,5516.5,38731.0,76790.0
2025-06-20 10:12:54.616068,5517.0,38731.0,76790.0
2025-06-20 10:12:57.639694,5517.5,38731.0,76790.0
2025-06-20 10:12:59.050134,5518.0,38621.0,76915.0
2025-06-20 10:12:59.603431,5518.0,38621.0,76915.0
2025-06-20 10:13:00.623415,5518.0,38621.0,76915.0
2025-06-20 10:13:04.450941,5519.5,38947.0,76698.0
2025-06-20 10:13:04.611341,5519.5,38947.0,76698.0
2025-06-20 10:13:06.620522,5519.5,38947.0,76698.0
2025-06-20 10:13:09.644822,5520.5,38947.0,76698.0
2025-06-20 10:13:10.156661,5520.5,38961.0,75708.0
2025-06-20 10:13:11.598753,5521.0,38961.0,75708.0
2025-06-20 10:13:12.610006,5521.0,38961.0,75708.0
2025-06-20 10:13:15.962208,5521.0,39149.0,75813.0
2025-06-20 10:13:18.607826,5520.0,39149.0,75813.0
2025-06-20 10:13:21.604888,5520.0,39149.0,75813.0
2025-06-20 10:13:22.068900,5519.0,39105.0,75923.0
2025-06-20 10:13:22.619341,5519.0,39105.0,75923.0
2025-06-20 10:13:24.620261,5518.5,39105.0,75923.0
2025-06-20 10:13:27.602920,5519.5,39105.0,75923.0
2025-06-20 10:13:28.516808,5519.5,39063.0,75884.0
2025-06-20 10:13:31.610754,5521.5,39063.0,75884.0
2025-06-20 10:13:34.475600,5521.5,38747.0,75920.0
2025-06-20 10:13:35.604034,5521.5,38747.0,75920.0
2025-06-20 10:13:37.626302,5521.0,38747.0,75920.0
2025-06-20 10:13:40.677342,5521.0,38763.0,76097.0
2025-06-20 10:13:41.607841,5522.5,38763.0,76097.0
2025-06-20 10:13:46.581028,5521.5,39211.0,75328.0
2025-06-20 10:13:47.637098,5521.5,39211.0,75328.0
2025-06-20 10:13:48.619592,5523.0,39211.0,75328.0
2025-06-20 10:13:51.602237,5523.0,39211.0,75328.0
2025-06-20 10:13:51.982209,5523.0,39207.0,75352.0
2025-06-20 10:13:52.619683,5521.0,39207.0,75352.0
2025-06-20 10:13:56.614773,5522.5,39207.0,75352.0
2025-06-20 10:13:57.688426,5522.5,39159.0,75426.0
2025-06-20 10:13:58.634521,5522.5,39159.0,75426.0
2025-06-20 10:14:00.611835,5521.0,39159.0,75426.0
2025-06-20 10:14:03.291477,5523.0,39657.0,75420.0
2025-06-20 10:14:03.607967,5523.0,39657.0,75420.0
2025-06-20 10:14:04.636054,5520.5,39657.0,75420.0
2025-06-20 10:14:06.634633,5523.0,39657.0,75420.0
2025-06-20 10:14:08.619545,5522.0,39657.0,75420.0
2025-06-20 10:14:08.908453,5522.0,39851.0,75395.0
2025-06-20 10:14:11.616050,5521.5,39851.0,75395.0
2025-06-20 10:14:12.640044,5521.5,39851.0,75395.0
2025-06-20 10:14:14.914299,5519.5,39486.0,75790.0
2025-06-20 10:14:15.608948,5520.5,39486.0,75790.0
2025-06-20 10:14:18.613771,5523.0,39486.0,75790.0
2025-06-20 10:14:20.617326,5523.0,39774.0,75884.0
2025-06-20 10:14:21.610109,5520.0,39774.0,75884.0
2025-06-20 10:14:25.604003,5519.5,39774.0,75884.0
2025-06-20 10:14:26.612509,5519.5,39274.0,76296.0
2025-06-20 10:14:28.607796,5519.0,39274.0,76296.0
2025-06-20 10:14:32.511393,5519.0,39631.0,76550.0
2025-06-20 10:14:35.614713,5521.5,39631.0,76550.0
2025-06-20 10:14:38.107854,5520.0,40035.0,76109.0
2025-06-20 10:14:38.615979,5520.0,40035.0,76109.0
2025-06-20 10:14:41.605661,5520.0,40035.0,76109.0
2025-06-20 10:14:43.712898,5521.0,39706.0,76232.0
2025-06-20 10:14:45.617988,5521.0,39706.0,76232.0
2025-06-20 10:14:49.427826,5521.0,38820.0,76503.0
2025-06-20 10:14:49.604452,5521.0,38820.0,76503.0
2025-06-20 10:14:55.334378,5521.0,39666.0,76718.0
2025-06-20 10:14:55.636012,5521.0,39666.0,76718.0
2025-06-20 10:14:57.619620,5520.5,39666.0,76718.0
2025-06-20 10:15:01.677880,5520.5,39666.0,76718.0
2025-06-20 10:15:01.684929,5520.5,39786.0,76261.0
2025-06-20 10:15:03.663041,5523.0,39786.0,76261.0
2025-06-20 10:15:05.612353,5521.0,39786.0,76261.0
2025-06-20 10:15:07.615013,5521.0,39786.0,76261.0
2025-06-20 10:15:08.034506,5521.0,40073.0,76146.0
2025-06-20 10:15:11.610552,5523.0,40073.0,76146.0
2025-06-20 10:15:14.439495,5523.0,40036.0,75973.0
2025-06-20 10:15:17.608774,5523.0,40036.0,75973.0
2025-06-20 10:15:20.748954,5523.0,40289.0,75784.0
2025-06-20 10:15:21.616899,5523.5,40289.0,75784.0
2025-06-20 10:15:23.609045,5524.0,40289.0,75784.0
2025-06-20 10:15:25.610502,5521.5,40289.0,75784.0
2025-06-20 10:15:27.146619,5522.5,40385.0,75560.0
2025-06-20 10:15:27.613205,5522.5,40385.0,75560.0
2025-06-20 10:15:31.617685,5524.0,40385.0,75560.0
2025-06-20 10:15:33.451118,5524.0,39727.0,75489.0
2025-06-20 10:15:33.607968,5524.0,39727.0,75489.0
2025-06-20 10:15:37.617470,5523.0,39727.0,75489.0
2025-06-20 10:15:39.467188,5522.5,40533.0,75521.0
2025-06-20 10:15:39.630614,5522.5,40533.0,75521.0
2025-06-20 10:15:40.966998,5522.5,40533.0,75521.0
2025-06-20 10:15:41.361107,5522.5,40533.0,75521.0
2025-06-20 10:15:41.614406,5522.0,40533.0,75521.0
2025-06-20 10:15:41.914067,5522.0,40533.0,75521.0
2025-06-20 10:15:42.171188,5522.0,40533.0,75521.0
2025-06-20 10:15:43.440222,5522.0,40533.0,75521.0
2025-06-20 10:15:43.613810,5523.0,40533.0,75521.0
2025-06-20 10:15:43.857741,5523.0,40533.0,75521.0
2025-06-20 10:15:44.457730,5523.0,40533.0,75521.0
2025-06-20 10:15:44.617635,5523.0,40533.0,75521.0
2025-06-20 10:15:44.819337,5523.0,40533.0,75521.0
2025-06-20 10:15:45.774323,5523.0,40533.0,75521.0
2025-06-20 10:15:47.113934,5523.0,40533.0,75521.0
2025-06-20 10:15:47.614390,5523.0,40533.0,75521.0
2025-06-20 10:15:48.077916,5523.0,40533.0,75521.0
2025-06-20 10:15:49.657758,5523.0,40533.0,75521.0
2025-06-20 10:15:50.881403,5523.0,40533.0,75521.0
2025-06-20 10:15:51.262359,5523.0,41065.0,75609.0
2025-06-20 10:15:52.122525,5523.0,41065.0,75609.0
2025-06-20 10:15:52.617925,5523.0,41065.0,75609.0
2025-06-20 10:15:53.693703,5523.0,41065.0,75609.0
2025-06-20 10:15:55.845436,5523.0,41065.0,75609.0
2025-06-20 10:15:57.765954,5523.0,40693.0,77071.0
2025-06-20 10:15:58.613465,5523.0,40693.0,77071.0
2025-06-20 10:16:03.872478,5522.5,40684.0,76774.0
2025-06-20 10:16:04.627448,5523.0,40684.0,76774.0
2025-06-20 10:16:08.617157,5522.5,40684.0,76774.0
2025-06-20 10:16:09.875620,5522.5,40770.0,76669.0
2025-06-20 10:16:12.619599,5522.5,40770.0,76669.0
2025-06-20 10:16:16.075563,5522.0,40621.0,77058.0
2025-06-20 10:16:17.623143,5522.0,40621.0,77058.0
2025-06-20 10:16:20.621522,5521.0,40621.0,77058.0
2025-06-20 10:16:23.614873,5520.5,40621.0,77058.0
2025-06-20 10:16:26.650703,5520.5,40621.0,77058.0
2025-06-20 10:16:28.981453,5522.0,40492.0,77209.0
2025-06-20 10:16:29.624347,5522.0,40492.0,77209.0
2025-06-20 10:16:32.617247,5522.0,40492.0,77209.0
2025-06-20 10:16:35.488693,5521.0,40287.0,77651.0
2025-06-20 10:16:35.639190,5521.0,40287.0,77651.0
2025-06-20 10:16:38.636611,5521.0,40287.0,77651.0
2025-06-20 10:16:41.793586,5521.0,40385.0,77442.0
2025-06-20 10:16:44.669136,5520.0,40385.0,77442.0
2025-06-20 10:16:47.997932,5520.0,39934.0,77147.0
2025-06-20 10:16:54.315293,5520.5,39958.0,76910.0
2025-06-20 10:16:54.694554,5520.5,39958.0,76910.0
2025-06-20 10:16:57.662697,5520.0,39958.0,76910.0
2025-06-20 10:17:00.415011,5518.5,40187.0,76954.0
2025-06-20 10:17:00.665211,5518.5,40187.0,76954.0
2025-06-20 10:17:03.614730,5520.5,40187.0,76954.0
2025-06-20 10:17:06.320803,5520.5,40333.0,76626.0
2025-06-20 10:17:11.624915,5519.0,40333.0,76626.0
2025-06-20 10:17:12.328226,5521.0,40215.0,76837.0
2025-06-20 10:17:12.634024,5521.0,40215.0,76837.0
2025-06-20 10:17:14.641842,5519.5,40215.0,76837.0
2025-06-20 10:17:17.632684,5519.5,40215.0,76837.0
2025-06-20 10:17:18.424738,5519.5,40195.0,76860.0
2025-06-20 10:17:19.625094,5520.0,40195.0,76860.0
2025-06-20 10:17:24.223658,5520.0,40375.0,76643.0
2025-06-20 10:17:25.638924,5522.0,40375.0,76643.0
2025-06-20 10:17:30.446361,5519.5,40177.0,77181.0
2025-06-20 10:17:30.621578,5519.5,40177.0,77181.0
2025-06-20 10:17:36.441419,5522.0,40814.0,76141.0
2025-06-20 10:17:36.620446,5523.0,40814.0,76141.0
2025-06-20 10:17:39.627538,5524.0,40814.0,76141.0
2025-06-20 10:17:42.364339,5524.0,40464.0,76399.0
2025-06-20 10:17:45.630387,5522.0,40464.0,76399.0
2025-06-20 10:17:48.235320,5522.5,40512.0,76374.0
2025-06-20 10:17:48.623837,5522.5,40512.0,76374.0
2025-06-20 10:17:51.627503,5523.5,40512.0,76374.0
2025-06-20 10:17:54.462873,5523.5,40523.0,76404.0
2025-06-20 10:17:54.622832,5523.5,40523.0,76404.0
2025-06-20 10:17:57.625718,5522.0,40523.0,76404.0
2025-06-20 10:18:00.624912,5520.5,40523.0,76404.0
2025-06-20 10:18:00.647327,5520.5,40649.0,76611.0
2025-06-20 10:18:03.629684,5524.0,40649.0,76611.0
2025-06-20 10:18:06.627314,5522.0,40649.0,76611.0
2025-06-20 10:18:07.046612,5522.0,40505.0,76076.0
2025-06-20 10:18:09.625001,5523.0,40505.0,76076.0
2025-06-20 10:18:12.623376,5522.5,40505.0,76076.0
2025-06-20 10:18:13.050275,5522.5,40515.0,76311.0
2025-06-20 10:18:15.623198,5523.5,40515.0,76311.0
2025-06-20 10:18:18.631331,5523.5,40515.0,76311.0
2025-06-20 10:18:18.755638,5523.5,40384.0,76611.0
2025-06-20 10:18:21.625537,5522.0,40384.0,76611.0
2025-06-20 10:18:24.629107,5520.5,40384.0,76611.0
2025-06-20 10:18:25.264203,5520.5,40196.0,75955.0
2025-06-20 10:18:27.628433,5520.5,40196.0,75955.0
2025-06-20 10:18:30.626445,5520.5,40196.0,75955.0
2025-06-20 10:18:32.160135,5521.5,40259.0,77002.0
2025-06-20 10:18:33.630577,5521.5,40259.0,77002.0
2025-06-20 10:18:36.629442,5520.5,40259.0,77002.0
2025-06-20 10:18:38.164042,5521.5,40439.0,76105.0
2025-06-20 10:18:39.629072,5521.5,40439.0,76105.0
2025-06-20 10:18:41.580184,5521.5,40439.0,76105.0
2025-06-20 10:18:42.127081,5521.5,40439.0,76105.0
2025-06-20 10:18:42.682144,5521.0,40439.0,76105.0
2025-06-20 10:18:42.733240,5521.0,40439.0,76105.0
2025-06-20 10:18:43.302259,5521.0,40439.0,76105.0
2025-06-20 10:18:43.973492,5521.0,40879.0,76531.0
2025-06-20 10:18:44.438466,5521.0,40879.0,76531.0
2025-06-20 10:18:45.435123,5521.0,40879.0,76531.0
2025-06-20 10:18:45.645328,5523.0,40879.0,76531.0
2025-06-20 10:18:46.349681,5523.0,40879.0,76531.0
2025-06-20 10:18:47.687981,5523.0,40879.0,76531.0
2025-06-20 10:18:48.692047,5523.0,40879.0,76531.0
2025-06-20 10:18:49.770663,5523.0,40406.0,76827.0
2025-06-20 10:18:50.230262,5523.0,40406.0,76827.0
2025-06-20 10:18:51.461907,5523.0,40406.0,76827.0
2025-06-20 10:18:51.636483,5522.5,40406.0,76827.0
2025-06-20 10:18:52.757688,5522.5,40406.0,76827.0
2025-06-20 10:18:54.408749,5522.5,40406.0,76827.0
2025-06-20 10:18:54.656596,5524.5,40406.0,76827.0
2025-06-20 10:18:55.672228,5524.5,40817.0,75448.0
2025-06-20 10:18:57.637612,5525.0,40817.0,75448.0
2025-06-20 10:19:00.630770,5525.0,40817.0,75448.0
2025-06-20 10:19:01.979225,5523.0,40678.0,75433.0
2025-06-20 10:19:03.651310,5525.0,40678.0,75433.0
2025-06-20 10:19:06.635519,5526.0,40678.0,75433.0
2025-06-20 10:19:08.386303,5526.5,40792.0,74620.0
2025-06-20 10:19:09.632383,5526.5,40792.0,74620.0
2025-06-20 10:19:12.631837,5525.0,40792.0,74620.0
2025-06-20 10:19:14.484481,5526.5,40614.0,74510.0
2025-06-20 10:19:15.674583,5526.5,40614.0,74510.0
2025-06-20 10:19:18.739517,5525.0,40614.0,74510.0
2025-06-20 10:19:20.489247,5525.0,40613.0,74638.0
2025-06-20 10:19:24.897285,5525.0,40613.0,74638.0
2025-06-20 10:19:26.497021,5525.0,40588.0,74795.0
2025-06-20 10:19:27.695486,5524.5,40588.0,74795.0
2025-06-20 10:19:32.699718,5524.5,40238.0,75139.0
2025-06-20 10:19:33.703129,5523.0,40238.0,75139.0
2025-06-20 10:19:36.652507,5525.0,40238.0,75139.0
2025-06-20 10:19:38.803599,5523.0,40419.0,75255.0
2025-06-20 10:19:39.639442,5523.0,40419.0,75255.0
2025-06-20 10:19:42.653103,5524.0,40419.0,75255.0
2025-06-20 10:19:44.810032,5524.0,40005.0,75864.0
2025-06-20 10:19:45.637997,5524.0,40005.0,75864.0
2025-06-20 10:19:48.644187,5521.5,40005.0,75864.0
2025-06-20 10:19:50.433080,5521.5,40002.0,75970.0
2025-06-20 10:19:54.678116,5523.0,40002.0,75970.0
2025-06-20 10:19:56.227623,5523.0,40213.0,75454.0
2025-06-20 10:19:57.666720,5522.0,40213.0,75454.0
2025-06-20 10:20:00.665994,5523.0,40213.0,75454.0
2025-06-20 10:20:02.335574,5523.0,39617.0,75114.0
2025-06-20 10:20:02.644906,5525.0,39617.0,75114.0
2025-06-20 10:20:05.674677,5525.0,39617.0,75114.0
2025-06-20 10:20:08.645099,5523.5,39617.0,75114.0
2025-06-20 10:20:08.941679,5523.5,40174.0,75343.0
2025-06-20 10:20:14.684572,5523.0,40174.0,75343.0
2025-06-20 10:20:15.445381,5523.0,40006.0,75360.0
2025-06-20 10:20:17.652567,5523.0,40006.0,75360.0
2025-06-20 10:20:21.649235,5523.0,40141.0,75558.0
2025-06-20 10:20:26.646460,5523.0,40141.0,75558.0
2025-06-20 10:20:27.550941,5522.5,40296.0,75780.0
2025-06-20 10:20:29.677741,5522.5,40296.0,75780.0
2025-06-20 10:20:32.711798,5522.5,40296.0,75780.0
2025-06-20 10:20:33.759139,5522.5,40728.0,75449.0
2025-06-20 10:20:35.645432,5522.5,40728.0,75449.0
2025-06-20 10:20:38.671111,5521.5,40728.0,75449.0
2025-06-20 10:20:39.963765,5522.0,40479.0,75713.0
2025-06-20 10:20:41.644758,5522.0,40479.0,75713.0
2025-06-20 10:20:44.649016,5521.5,40479.0,75713.0
2025-06-20 10:20:45.880905,5522.0,40558.0,75788.0
2025-06-20 10:20:47.651437,5521.5,40558.0,75788.0
2025-06-20 10:20:50.687269,5523.0,40558.0,75788.0
2025-06-20 10:20:51.879129,5523.0,40258.0,75913.0
2025-06-20 10:20:53.657893,5524.0,40258.0,75913.0
2025-06-20 10:20:58.073111,5520.5,40762.0,75823.0
2025-06-20 10:20:59.659573,5521.5,40762.0,75823.0
2025-06-20 10:21:04.475321,5521.5,40290.0,76026.0
2025-06-20 10:21:08.650755,5521.5,40290.0,76026.0
2025-06-20 10:21:10.983135,5521.0,40179.0,76192.0
2025-06-20 10:21:11.651596,5521.0,40179.0,76192.0
2025-06-20 10:21:16.985167,5521.5,40209.0,76207.0
2025-06-20 10:21:17.651414,5520.5,40209.0,76207.0
2025-06-20 10:21:20.660931,5520.0,40209.0,76207.0
2025-06-20 10:21:22.992407,5520.0,40228.0,76542.0
2025-06-20 10:21:23.662789,5520.0,40228.0,76542.0
2025-06-20 10:21:28.902493,5520.5,39840.0,76798.0
2025-06-20 10:21:29.656618,5521.5,39840.0,76798.0
2025-06-20 10:21:32.672152,5519.5,39840.0,76798.0
2025-06-20 10:21:34.993180,5520.0,40015.0,77033.0
2025-06-20 10:21:35.654055,5520.0,40015.0,77033.0
2025-06-20 10:21:38.648383,5519.0,40015.0,77033.0
2025-06-20 10:21:40.926038,5521.0,40116.0,77012.0
2025-06-20 10:21:41.651181,5521.5,40116.0,77012.0
2025-06-20 10:21:41.848396,5521.5,40116.0,77012.0
2025-06-20 10:21:42.176660,5521.5,40116.0,77012.0
2025-06-20 10:21:43.095835,5521.5,40116.0,77012.0
2025-06-20 10:21:44.449599,5521.5,40116.0,77012.0
2025-06-20 10:21:44.649227,5520.0,40116.0,77012.0
2025-06-20 10:21:44.838248,5520.0,40116.0,77012.0
2025-06-20 10:21:45.468224,5520.0,40116.0,77012.0
2025-06-20 10:21:46.760604,5520.0,40159.0,77042.0
2025-06-20 10:21:46.832382,5520.0,40159.0,77042.0
2025-06-20 10:21:47.661940,5520.0,40159.0,77042.0
2025-06-20 10:21:48.163838,5520.0,40159.0,77042.0
2025-06-20 10:21:49.143342,5520.0,40159.0,77042.0
2025-06-20 10:21:50.720137,5520.0,40159.0,77042.0
2025-06-20 10:21:51.952664,5520.0,40159.0,77042.0
2025-06-20 10:21:52.432813,5520.0,40230.0,77068.0
2025-06-20 10:21:53.195355,5520.0,40230.0,77068.0
2025-06-20 10:21:54.814094,5520.0,40230.0,77068.0
2025-06-20 10:21:56.660894,5519.5,40230.0,77068.0
2025-06-20 10:21:58.027737,5519.5,40034.0,77218.0
2025-06-20 10:21:59.709176,5520.0,40034.0,77218.0
2025-06-20 10:22:03.712366,5520.0,39915.0,77347.0
2025-06-20 10:22:05.717455,5519.5,39915.0,77347.0
2025-06-20 10:22:08.723046,5519.5,39915.0,77347.0
2025-06-20 10:22:09.616332,5519.5,40000.0,77224.0
2025-06-20 10:22:11.728072,5517.0,40000.0,77224.0
2025-06-20 10:22:15.727908,5517.0,39234.0,78091.0
2025-06-20 10:22:17.660401,5517.5,39234.0,78091.0
2025-06-20 10:22:20.657345,5515.0,39234.0,78091.0
2025-06-20 10:22:21.933670,5515.0,38662.0,77925.0
2025-06-20 10:22:23.655423,5517.5,38662.0,77925.0
2025-06-20 10:22:26.654095,5517.5,38662.0,77925.0
2025-06-20 10:22:28.141901,5516.0,38727.0,77985.0
2025-06-20 10:22:29.690351,5516.0,38727.0,77985.0
2025-06-20 10:22:32.693598,5516.0,38727.0,77985.0
2025-06-20 10:22:34.135591,5516.0,38706.0,78000.0
2025-06-20 10:22:35.653597,5516.0,38706.0,78000.0
2025-06-20 10:22:38.661704,5515.0,38706.0,78000.0
2025-06-20 10:22:39.733510,5515.0,38585.0,78380.0
2025-06-20 10:22:40.736883,5515.5,38585.0,78380.0
2025-06-20 10:22:43.714998,5515.5,38585.0,78380.0
2025-06-20 10:22:45.446891,5515.5,38682.0,78105.0
2025-06-20 10:22:50.653947,5515.5,38682.0,78105.0
2025-06-20 10:22:51.039841,5515.5,38581.0,78728.0
2025-06-20 10:22:57.243607,5515.0,38563.0,78882.0
2025-06-20 10:22:58.679483,5515.0,38563.0,78882.0
2025-06-20 10:23:00.645258,5515.5,38563.0,78882.0
2025-06-20 10:23:01.645083,5515.0,38398.0,78676.0
2025-06-20 10:23:01.657044,5515.0,38398.0,78676.0
2025-06-20 10:23:02.546071,5515.0,38410.0,78838.0
2025-06-20 10:23:02.652640,5515.5,38410.0,78838.0
2025-06-20 10:23:03.544136,5515.5,38441.0,78730.0
2025-06-20 10:23:04.547959,5515.0,38476.0,78727.0
2025-06-20 10:23:04.661450,5515.0,38476.0,78727.0
2025-06-20 10:23:06.448759,5515.0,38521.0,78723.0
2025-06-20 10:23:07.416843,5515.5,38634.0,78592.0
2025-06-20 10:23:07.654438,5515.5,38634.0,78592.0
2025-06-20 10:23:08.348307,5515.5,38630.0,78658.0
2025-06-20 10:23:08.656771,5515.5,38630.0,78658.0
2025-06-20 10:23:09.254725,5515.5,37770.0,78479.0
2025-06-20 10:23:09.706154,5515.5,37770.0,78479.0
2025-06-20 10:23:10.180575,5515.5,38644.0,78480.0
2025-06-20 10:23:11.153387,5515.5,38644.0,78474.0
2025-06-20 10:23:12.163302,5515.5,37769.0,77328.0
2025-06-20 10:23:13.654125,5515.5,37769.0,77328.0
2025-06-20 10:23:15.158129,5515.5,38454.0,77396.0
2025-06-20 10:23:16.165430,5515.5,38545.0,77433.0
2025-06-20 10:23:17.054566,5515.5,38577.0,77383.0
2025-06-20 10:23:18.097428,5515.5,38576.0,77467.0
2025-06-20 10:23:19.101771,5515.5,38587.0,77410.0
2025-06-20 10:23:20.958148,5515.5,38612.0,77462.0
2025-06-20 10:23:21.956218,5515.5,38612.0,77463.0
2025-06-20 10:23:23.967282,5515.5,38588.0,77517.0
2025-06-20 10:23:24.958214,5515.5,38587.0,77506.0
2025-06-20 10:23:25.661697,5515.5,38587.0,77506.0
2025-06-20 10:23:25.868830,5515.5,38593.0,77501.0
2025-06-20 10:23:26.658357,5515.0,38593.0,77501.0
2025-06-20 10:23:27.655150,5515.0,38593.0,77501.0
2025-06-20 10:23:28.775568,5515.0,38599.0,77498.0
2025-06-20 10:23:31.684742,5515.0,38599.0,77498.0
2025-06-20 10:23:31.764708,5515.0,38563.0,78538.0
2025-06-20 10:23:32.764351,5515.0,38566.0,78521.0
2025-06-20 10:23:33.657879,5515.5,38566.0,78521.0
2025-06-20 10:23:33.768888,5515.5,38582.0,78513.0
2025-06-20 10:23:34.678388,5515.5,38612.0,78515.0
2025-06-20 10:23:35.663504,5515.5,38612.0,78515.0
2025-06-20 10:23:35.700412,5515.5,38628.0,78483.0
2025-06-20 10:23:37.658028,5515.0,38628.0,78483.0
2025-06-20 10:23:37.680818,5515.0,38635.0,78564.0
2025-06-20 10:23:38.660112,5515.0,38635.0,78564.0
2025-06-20 10:23:39.659683,5514.5,38635.0,78564.0
2025-06-20 10:23:39.680442,5514.5,38665.0,78495.0
2025-06-20 10:23:40.762452,5515.0,38665.0,78495.0
2025-06-20 10:23:40.767021,5515.0,38659.0,78558.0
2025-06-20 10:23:41.574209,5515.0,38658.0,78569.0
2025-06-20 10:23:42.659720,5515.0,38658.0,78569.0
2025-06-20 10:23:43.661288,5515.0,38658.0,78569.0
2025-06-20 10:23:44.475478,5515.0,38571.0,78613.0
2025-06-20 10:23:45.473652,5515.0,38588.0,78612.0
2025-06-20 10:23:47.276732,5515.0,38627.0,78767.0
2025-06-20 10:23:47.661345,5515.0,38627.0,78767.0
2025-06-20 10:23:48.178294,5515.0,38625.0,78789.0
2025-06-20 10:23:49.175863,5515.0,38566.0,78772.0
2025-06-20 10:23:52.176537,5515.0,38561.0,78732.0
2025-06-20 10:23:52.656707,5514.5,38561.0,78732.0
2025-06-20 10:23:53.175999,5515.5,38581.0,78748.0
2025-06-20 10:23:53.659967,5515.5,38581.0,78748.0
2025-06-20 10:23:54.176127,5515.5,38562.0,78748.0
2025-06-20 10:23:55.100545,5515.0,37739.0,78770.0
2025-06-20 10:23:55.666922,5515.0,37739.0,78770.0
2025-06-20 10:23:56.179534,5515.0,38557.0,78746.0
2025-06-20 10:23:57.083367,5515.0,38565.0,78721.0
2025-06-20 10:23:57.660044,5515.0,38565.0,78721.0
2025-06-20 10:23:58.080989,5515.0,38574.0,78763.0
2025-06-20 10:23:58.983738,5515.0,38574.0,78709.0
2025-06-20 10:23:59.658664,5515.0,38574.0,78709.0
2025-06-20 10:23:59.922149,5515.0,38562.0,78715.0
2025-06-20 10:24:01.084911,5514.5,38836.0,78676.0
2025-06-20 10:24:02.671446,5515.5,38836.0,78676.0
2025-06-20 10:24:06.704489,5515.5,38739.0,78286.0
2025-06-20 10:24:12.538216,5515.5,38747.0,78331.0
2025-06-20 10:24:17.710891,5515.5,38747.0,78331.0
2025-06-20 10:24:18.197165,5515.5,38655.0,78358.0
2025-06-20 10:24:23.600483,5515.5,41466.0,78352.0
2025-06-20 10:24:25.670810,5515.5,41466.0,78352.0
2025-06-20 10:24:27.701698,5515.5,41466.0,78352.0
2025-06-20 10:24:29.307040,5516.0,41473.0,78303.0
2025-06-20 10:24:30.659512,5516.0,41473.0,78303.0
2025-06-20 10:24:31.662079,5516.0,41473.0,78303.0
2025-06-20 10:24:35.005249,5516.0,41532.0,78360.0
2025-06-20 10:24:36.666485,5515.0,41532.0,78360.0
2025-06-20 10:24:37.664198,5515.5,41532.0,78360.0
2025-06-20 10:24:40.669710,5515.5,41532.0,78360.0
2025-06-20 10:24:42.295910,5515.5,41532.0,78360.0
2025-06-20 10:24:42.696153,5515.0,41532.0,78360.0
2025-06-20 10:24:42.960924,5515.0,41532.0,78360.0
2025-06-20 10:24:43.501196,5515.0,41532.0,78360.0
2025-06-20 10:24:44.049126,5515.0,41532.0,78360.0
2025-06-20 10:24:44.704883,5515.0,41532.0,78360.0
2025-06-20 10:24:45.059517,5515.0,41532.0,78360.0
2025-06-20 10:24:45.666361,5518.0,41532.0,78360.0
2025-06-20 10:24:46.081660,5518.0,41532.0,78360.0
2025-06-20 10:24:46.812637,5516.0,41532.0,78349.0
2025-06-20 10:24:47.690086,5516.0,41532.0,78349.0
2025-06-20 10:24:47.705498,5515.5,41532.0,78349.0
2025-06-20 10:24:48.789981,5515.5,41532.0,78349.0
2025-06-20 10:24:49.692810,5518.0,41532.0,78349.0
2025-06-20 10:24:49.784390,5518.0,41532.0,78349.0
2025-06-20 10:24:51.323901,5518.0,41532.0,78349.0
2025-06-20 10:24:51.668804,5516.0,41532.0,78349.0
2025-06-20 10:24:52.517627,5519.5,41581.0,77965.0
2025-06-20 10:24:52.575115,5519.5,41581.0,77965.0
2025-06-20 10:24:53.672425,5517.0,41581.0,77965.0
2025-06-20 10:24:53.833375,5517.0,41581.0,77965.0
2025-06-20 10:24:55.454007,5517.0,41581.0,77965.0
2025-06-20 10:25:04.221965,5516.5,41597.0,78073.0
2025-06-20 10:25:04.667690,5517.5,41597.0,78073.0
2025-06-20 10:25:07.671186,5516.0,41597.0,78073.0
2025-06-20 10:25:10.455519,5517.0,41472.0,78209.0
2025-06-20 10:25:10.687266,5517.0,41472.0,78209.0
2025-06-20 10:25:16.729774,5517.0,41514.0,78224.0
2025-06-20 10:25:20.352129,5516.0,41514.0,78224.0
2025-06-20 10:25:22.733273,5516.0,41638.0,78221.0
2025-06-20 10:25:25.671195,5516.0,41638.0,78221.0
2025-06-20 10:25:28.835708,5516.0,40703.0,78213.0
2025-06-20 10:25:31.673758,5516.5,40703.0,78213.0
2025-06-20 10:25:34.664156,5516.0,40703.0,78213.0
2025-06-20 10:25:34.951936,5516.0,41522.0,78245.0
2025-06-20 10:25:37.661925,5516.0,41522.0,78245.0
2025-06-20 10:25:40.673486,5516.0,41522.0,78245.0
2025-06-20 10:25:41.347481,5516.0,41428.0,78470.0
2025-06-20 10:25:43.739814,5516.5,41428.0,78470.0
2025-06-20 10:25:46.666637,5516.5,41428.0,78470.0
2025-06-20 10:25:47.457210,5516.0,40428.0,78496.0
2025-06-20 10:25:49.665456,5516.0,40428.0,78496.0
2025-06-20 10:25:53.554849,5516.0,41305.0,78586.0
2025-06-20 10:25:55.669944,5516.0,41305.0,78586.0
2025-06-20 10:25:58.669789,5516.5,41305.0,78586.0
2025-06-20 10:25:59.362444,5516.5,41530.0,78468.0
2025-06-20 10:26:01.665825,5516.0,41530.0,78468.0
2025-06-20 10:26:04.666687,5515.5,41530.0,78468.0
2025-06-20 10:26:05.262806,5515.5,40593.0,78651.0
2025-06-20 10:26:07.672062,5515.5,40593.0,78651.0
2025-06-20 10:26:10.670233,5516.5,40593.0,78651.0
2025-06-20 10:26:11.570611,5516.5,42115.0,77482.0
2025-06-20 10:26:13.666077,5519.5,42115.0,77482.0
2025-06-20 10:26:17.974444,5520.0,43128.0,75925.0
2025-06-20 10:26:19.667594,5521.5,43128.0,75925.0
2025-06-20 10:26:24.084529,5521.5,43438.0,75660.0
2025-06-20 10:26:25.665125,5524.0,43438.0,75660.0
2025-06-20 10:26:28.672259,5522.5,43438.0,75660.0
2025-06-20 10:26:30.385195,5522.5,43343.0,75820.0
2025-06-20 10:26:31.677647,5522.0,43343.0,75820.0
2025-06-20 10:26:34.672735,5521.0,43343.0,75820.0
2025-06-20 10:26:36.444567,5520.0,41931.0,75928.0
2025-06-20 10:26:37.681688,5522.0,41931.0,75928.0
2025-06-20 10:26:40.668148,5520.0,41931.0,75928.0
2025-06-20 10:26:42.990542,5520.0,42895.0,76015.0
2025-06-20 10:26:43.707384,5520.0,42895.0,76015.0
2025-06-20 10:26:46.714127,5520.0,42895.0,76015.0
2025-06-20 10:26:49.203313,5520.0,42843.0,76590.0
2025-06-20 10:26:49.709801,5520.0,42843.0,76590.0
2025-06-20 10:26:52.914248,5520.0,42843.0,76590.0
2025-06-20 10:26:56.064441,5520.0,42935.0,76165.0
2025-06-20 10:26:56.101608,5520.0,42935.0,76165.0
2025-06-20 10:26:58.698745,5519.0,42935.0,76165.0
2025-06-20 10:27:01.513082,5519.0,42992.0,76509.0
2025-06-20 10:27:04.725077,5518.0,42992.0,76509.0
2025-06-20 10:27:07.715841,5518.0,42992.0,76509.0
2025-06-20 10:27:08.150909,5519.0,42724.0,76579.0
2025-06-20 10:27:10.703943,5521.0,42724.0,76579.0
2025-06-20 10:27:13.714286,5521.0,42724.0,76579.0
2025-06-20 10:27:14.616985,5521.0,42950.0,75934.0
2025-06-20 10:27:19.704776,5520.5,42950.0,75934.0
2025-06-20 10:27:21.222151,5521.0,43272.0,75752.0
2025-06-20 10:27:22.689385,5522.0,43272.0,75752.0
2025-06-20 10:27:25.715702,5522.5,43272.0,75752.0
2025-06-20 10:27:27.738532,5521.5,43370.0,75533.0
2025-06-20 10:27:28.751540,5521.5,43370.0,75533.0
2025-06-20 10:27:32.728863,5522.0,43370.0,75533.0
2025-06-20 10:27:34.538619,5522.0,43299.0,75432.0
2025-06-20 10:27:38.722991,5522.0,43299.0,75432.0
2025-06-20 10:27:41.672653,5521.5,43299.0,75432.0
2025-06-20 10:27:42.696717,5521.5,43299.0,75432.0
2025-06-20 10:27:43.029303,5521.5,43299.0,75432.0
2025-06-20 10:27:44.242080,5521.5,43299.0,75432.0
2025-06-20 10:27:45.275775,5521.5,43299.0,75432.0
2025-06-20 10:27:45.684537,5521.5,43299.0,75432.0
2025-06-20 10:27:45.740688,5521.5,43299.0,75432.0
2025-06-20 10:27:46.296009,5521.5,43299.0,75432.0
2025-06-20 10:27:47.552821,5520.0,42860.0,76364.0
2025-06-20 10:27:47.700202,5520.0,42860.0,76364.0
2025-06-20 10:27:49.007534,5520.0,42860.0,76364.0
2025-06-20 10:27:49.684372,5522.5,42860.0,76364.0
2025-06-20 10:27:50.002077,5522.5,42860.0,76364.0
2025-06-20 10:27:51.518040,5522.5,42860.0,76364.0
2025-06-20 10:27:52.679446,5519.0,42860.0,76364.0
2025-06-20 10:27:52.820437,5519.0,42860.0,76364.0
2025-06-20 10:27:54.032157,5519.0,42860.0,76364.0
2025-06-20 10:27:55.622913,5519.0,42860.0,76364.0
2025-06-20 10:27:55.719825,5522.0,42860.0,76364.0
2025-06-20 10:27:58.673825,5519.5,42860.0,76364.0
2025-06-20 10:28:00.360034,5519.5,42968.0,76667.0
2025-06-20 10:28:01.742922,5521.5,42968.0,76667.0
2025-06-20 10:28:04.678690,5521.5,42968.0,76667.0
2025-06-20 10:28:06.363368,5522.0,43291.0,76312.0
2025-06-20 10:28:07.677661,5521.5,43291.0,76312.0
2025-06-20 10:28:08.677702,5520.0,43291.0,76312.0
2025-06-20 10:28:12.365597,5520.0,43176.0,76740.0
2025-06-20 10:28:12.681448,5520.0,43176.0,76740.0
2025-06-20 10:28:15.676738,5521.5,43176.0,76740.0
2025-06-20 10:28:18.469942,5520.0,42863.0,77072.0
2025-06-20 10:28:18.678434,5520.0,42863.0,77072.0
2025-06-20 10:28:21.674017,5520.0,42863.0,77072.0
2025-06-20 10:28:24.482502,5518.0,42786.0,77174.0
2025-06-20 10:28:24.681133,5518.0,42786.0,77174.0
2025-06-20 10:28:27.673822,5518.0,42786.0,77174.0
2025-06-20 10:28:30.485291,5518.0,42743.0,77225.0
2025-06-20 10:28:30.677642,5518.0,42743.0,77225.0
2025-06-20 10:28:33.755440,5520.5,42743.0,77225.0
2025-06-20 10:28:36.688106,5520.5,42743.0,77225.0
2025-06-20 10:28:36.716474,5520.5,42912.0,77208.0
2025-06-20 10:28:42.698635,5520.5,42880.0,77324.0
2025-06-20 10:28:48.676375,5518.0,42880.0,77324.0
2025-06-20 10:28:48.998183,5518.0,42689.0,77358.0
2025-06-20 10:28:55.302387,5518.0,42745.0,77354.0
2025-06-20 10:28:57.690799,5517.5,42745.0,77354.0
2025-06-20 10:29:00.675823,5518.0,42745.0,77354.0
2025-06-20 10:29:07.099095,5517.5,42562.0,77998.0
2025-06-20 10:29:08.673580,5517.5,42562.0,77998.0
2025-06-20 10:29:13.305260,5517.5,42708.0,78095.0
2025-06-20 10:29:13.682599,5517.5,42708.0,78095.0
2025-06-20 10:29:17.738506,5517.0,42708.0,78095.0
2025-06-20 10:29:19.646351,5516.5,42586.0,78124.0
2025-06-20 10:29:20.714522,5516.5,42586.0,78124.0
2025-06-20 10:29:23.687411,5517.0,42586.0,78124.0
2025-06-20 10:29:25.114178,5517.0,42642.0,78075.0
2025-06-20 10:29:26.681945,5517.0,42642.0,78075.0
2025-06-20 10:29:27.692532,5516.5,42642.0,78075.0
2025-06-20 10:29:30.835213,5516.5,42489.0,78247.0
2025-06-20 10:29:32.681671,5517.0,42489.0,78247.0
2025-06-20 10:29:36.536797,5517.0,42498.0,78270.0
2025-06-20 10:29:39.684507,5517.0,42498.0,78270.0
2025-06-20 10:29:42.438645,5517.5,42722.0,77837.0
2025-06-20 10:29:42.690487,5517.5,42722.0,77837.0
2025-06-20 10:29:45.700738,5520.0,42722.0,77837.0
2025-06-20 10:29:48.459559,5519.0,42611.0,77929.0
2025-06-20 10:29:48.820530,5519.0,42611.0,77929.0
2025-06-20 10:29:51.713115,5518.5,42611.0,77929.0
2025-06-20 10:29:54.334608,5518.5,42549.0,78114.0
2025-06-20 10:29:57.682357,5517.5,42549.0,78114.0
2025-06-20 10:29:59.747612,5517.5,42607.0,77956.0
2025-06-20 10:30:00.681726,5517.5,42607.0,77956.0
2025-06-20 10:30:02.686972,5518.0,42607.0,77956.0
2025-06-20 10:30:05.483115,5518.0,42532.0,77961.0
2025-06-20 10:30:08.688740,5517.5,42532.0,77961.0
2025-06-20 10:30:11.550326,5517.5,42531.0,77977.0
2025-06-20 10:30:16.961413,5518.0,42531.0,77977.0
2025-06-20 10:30:17.461425,5517.5,42392.0,78509.0
2025-06-20 10:30:18.792144,5517.5,42392.0,78509.0
2025-06-20 10:30:23.354667,5517.5,42451.0,78336.0
2025-06-20 10:30:24.703492,5516.5,42451.0,78336.0
2025-06-20 10:30:26.727554,5517.5,42451.0,78336.0
2025-06-20 10:30:28.700692,5517.0,42451.0,78336.0
2025-06-20 10:30:29.058144,5517.0,42377.0,78404.0
2025-06-20 10:30:31.710856,5517.5,42377.0,78404.0
2025-06-20 10:30:34.667578,5517.5,42108.0,78260.0
2025-06-20 10:30:40.576921,5517.5,42357.0,78234.0
2025-06-20 10:30:43.186918,5517.5,42357.0,78234.0
2025-06-20 10:30:43.684996,5517.0,42357.0,78234.0
2025-06-20 10:30:43.851048,5517.0,42357.0,78234.0
2025-06-20 10:30:44.221196,5517.0,42357.0,78234.0
2025-06-20 10:30:45.313628,5517.0,42357.0,78234.0
2025-06-20 10:30:46.272083,5517.0,42471.0,78282.0
2025-06-20 10:30:46.491718,5517.0,42471.0,78282.0
2025-06-20 10:30:47.668667,5517.0,42471.0,78282.0
2025-06-20 10:30:48.417383,5517.0,42471.0,78282.0
2025-06-20 10:30:49.688560,5516.5,42471.0,78282.0
2025-06-20 10:30:49.726469,5516.5,42471.0,78282.0
2025-06-20 10:30:50.762929,5516.5,42471.0,78282.0
2025-06-20 10:30:51.776885,5516.5,42372.0,78315.0
2025-06-20 10:30:52.262243,5516.5,42372.0,78315.0
2025-06-20 10:30:53.532591,5516.5,42372.0,78315.0
2025-06-20 10:30:54.805578,5516.5,42372.0,78315.0
2025-06-20 10:30:55.694599,5520.0,42372.0,78315.0
2025-06-20 10:30:56.499126,5520.0,42372.0,78315.0
2025-06-20 10:30:57.578736,5520.0,42845.0,77142.0
2025-06-20 10:30:58.691723,5520.0,42845.0,77142.0
2025-06-20 10:31:01.695008,5520.0,42845.0,77142.0
2025-06-20 10:31:03.784202,5520.0,42773.0,77244.0
2025-06-20 10:31:07.699308,5520.5,42773.0,77244.0
2025-06-20 10:31:10.088681,5520.0,42854.0,77340.0
2025-06-20 10:31:10.709399,5520.0,42854.0,77340.0
2025-06-20 10:31:13.765013,5520.5,42854.0,77340.0
2025-06-20 10:31:16.195485,5520.5,42968.0,77288.0
2025-06-20 10:31:16.709132,5520.5,42968.0,77288.0
2025-06-20 10:31:19.699808,5520.0,42968.0,77288.0
2025-06-20 10:31:22.196092,5520.0,42910.0,77241.0
2025-06-20 10:31:25.690465,5520.0,42910.0,77241.0
2025-06-20 10:31:28.008323,5520.0,42925.0,77511.0
2025-06-20 10:31:28.743642,5520.0,42925.0,77511.0
2025-06-20 10:31:31.763113,5522.0,42925.0,77511.0
2025-06-20 10:31:33.748418,5522.0,42950.0,77108.0
2025-06-20 10:31:34.748680,5523.5,42950.0,77108.0
2025-06-20 10:31:37.725188,5520.5,42950.0,77108.0
2025-06-20 10:31:40.306429,5520.5,43054.0,77192.0
2025-06-20 10:31:43.736163,5521.5,43054.0,77192.0
2025-06-20 10:31:46.706881,5520.0,43054.0,77192.0
2025-06-20 10:31:49.702983,5521.5,43054.0,77192.0
2025-06-20 10:31:51.727915,5520.0,42783.0,77266.0
2025-06-20 10:31:52.714636,5520.0,42783.0,77266.0
2025-06-20 10:31:55.752566,5520.0,42783.0,77266.0
2025-06-20 10:31:57.741731,5520.0,42557.0,77870.0
2025-06-20 10:32:01.731345,5519.5,42557.0,77870.0
2025-06-20 10:32:03.652805,5519.5,41582.0,77737.0
2025-06-20 10:32:09.707952,5519.5,41582.0,77737.0
2025-06-20 10:32:09.834254,5519.5,42457.0,77807.0
2025-06-20 10:32:13.694556,5520.0,42457.0,77807.0
2025-06-20 10:32:16.137388,5520.0,42290.0,77747.0
2025-06-20 10:32:17.693786,5519.0,42290.0,77747.0
2025-06-20 10:32:22.537651,5518.0,42287.0,78186.0
2025-06-20 10:32:24.700123,5516.5,42287.0,78186.0
2025-06-20 10:32:28.644286,5516.5,42233.0,78256.0
2025-06-20 10:32:28.700538,5516.5,42233.0,78256.0
2025-06-20 10:32:31.700108,5518.5,42233.0,78256.0
2025-06-20 10:32:34.692898,5518.0,42233.0,78256.0
2025-06-20 10:32:34.962189,5518.0,42399.0,77994.0
2025-06-20 10:32:37.693400,5517.5,42399.0,77994.0
2025-06-20 10:32:40.988286,5517.5,42457.0,78054.0
2025-06-20 10:32:43.696543,5517.0,42457.0,78054.0
2025-06-20 10:32:46.853997,5517.0,42506.0,78078.0
2025-06-20 10:32:49.692925,5517.5,42506.0,78078.0
2025-06-20 10:32:52.733064,5520.0,42506.0,78078.0
2025-06-20 10:32:53.059243,5520.0,42738.0,77451.0
2025-06-20 10:32:55.697089,5519.5,42738.0,77451.0
2025-06-20 10:32:58.697390,5519.5,42738.0,77451.0
2025-06-20 10:32:59.259764,5519.5,42552.0,77550.0
2025-06-20 10:33:01.713236,5519.0,42552.0,77550.0
2025-06-20 10:33:04.976726,5519.0,42621.0,77339.0
2025-06-20 10:33:10.635419,5519.5,42679.0,77249.0
2025-06-20 10:33:11.708878,5519.5,42679.0,77249.0
2025-06-20 10:33:13.754804,5520.0,42679.0,77249.0
2025-06-20 10:33:16.481992,5520.0,42775.0,77161.0
2025-06-20 10:33:17.702829,5519.5,42775.0,77161.0
2025-06-20 10:33:20.693705,5520.0,42775.0,77161.0
2025-06-20 10:33:22.376757,5521.0,42955.0,77174.0
2025-06-20 10:33:23.753353,5520.0,42955.0,77174.0
2025-06-20 10:33:24.695456,5520.0,42955.0,77174.0
2025-06-20 10:33:27.693422,5520.0,42955.0,77174.0
2025-06-20 10:33:28.536198,5520.0,42486.0,77763.0
2025-06-20 10:33:29.713184,5520.0,42486.0,77763.0
2025-06-20 10:33:34.582818,5518.0,42426.0,77856.0
2025-06-20 10:33:34.707301,5518.0,42426.0,77856.0
2025-06-20 10:33:37.697389,5517.5,42426.0,77856.0
2025-06-20 10:33:40.586901,5517.5,42573.0,78202.0
2025-06-20 10:33:43.653721,5517.5,42573.0,78202.0
2025-06-20 10:33:43.721375,5517.5,42573.0,78202.0
2025-06-20 10:33:44.040762,5517.5,42573.0,78202.0
2025-06-20 10:33:45.033714,5517.5,42573.0,78202.0
2025-06-20 10:33:46.414685,5517.5,42573.0,78202.0
2025-06-20 10:33:46.416500,5518.5,42786.0,77990.0
2025-06-20 10:33:46.699495,5518.5,42786.0,77990.0
2025-06-20 10:33:46.843048,5518.5,42786.0,77990.0
2025-06-20 10:33:47.514148,5518.5,42786.0,77990.0
2025-06-20 10:33:48.801121,5518.5,42786.0,77990.0
2025-06-20 10:33:49.693761,5517.5,42786.0,77990.0
2025-06-20 10:33:50.145045,5517.5,42786.0,77990.0
2025-06-20 10:33:51.356295,5517.5,42786.0,77990.0
2025-06-20 10:33:52.092195,5517.5,42764.0,78062.0
2025-06-20 10:33:52.706909,5517.5,42764.0,78062.0
2025-06-20 10:33:53.998172,5517.5,42764.0,78062.0
2025-06-20 10:33:55.202988,5517.5,42764.0,78062.0
2025-06-20 10:33:55.691180,5518.0,42764.0,78062.0
2025-06-20 10:33:56.829797,5518.0,42764.0,78062.0
2025-06-20 10:33:58.197346,5517.5,42776.0,78024.0
2025-06-20 10:33:58.694361,5517.5,42776.0,78024.0
2025-06-20 10:34:01.694276,5517.0,42776.0,78024.0
2025-06-20 10:34:03.726877,5517.5,42336.0,78275.0
2025-06-20 10:34:04.696802,5517.5,42336.0,78275.0
2025-06-20 10:34:07.704612,5516.5,42336.0,78275.0
2025-06-20 10:34:09.728128,5516.5,42458.0,78563.0
2025-06-20 10:34:10.750864,5518.5,42458.0,78563.0
2025-06-20 10:34:15.617060,5518.5,42467.0,78378.0
2025-06-20 10:34:21.308929,5518.5,42406.0,78340.0
2025-06-20 10:34:26.810492,5518.5,42593.0,78525.0
2025-06-20 10:34:28.719455,5516.5,42593.0,78525.0
2025-06-20 10:34:32.525360,5517.0,42477.0,78608.0
2025-06-20 10:34:34.698491,5517.0,42477.0,78608.0
2025-06-20 10:34:37.697508,5516.5,42477.0,78608.0
2025-06-20 10:34:38.319289,5516.5,42290.0,78804.0
2025-06-20 10:34:44.078211,5517.5,42290.0,78804.0
2025-06-20 10:34:44.087011,5517.5,42314.0,78987.0
2025-06-20 10:34:46.725257,5516.0,42314.0,78987.0
2025-06-20 10:34:49.527491,5516.0,42605.0,78753.0
2025-06-20 10:34:52.760376,5518.0,42605.0,78753.0
2025-06-20 10:34:55.031527,5518.0,42740.0,78655.0
2025-06-20 10:34:55.717797,5516.0,42740.0,78655.0
2025-06-20 10:34:57.736116,5517.0,42740.0,78655.0
2025-06-20 10:35:00.637613,5517.0,42652.0,78623.0
2025-06-20 10:35:03.699960,5517.0,42652.0,78623.0
2025-06-20 10:35:04.738449,5516.5,42652.0,78623.0
2025-06-20 10:35:05.844393,5516.5,42546.0,78566.0
2025-06-20 10:35:07.700191,5516.0,42546.0,78566.0
2025-06-20 10:35:11.458285,5516.0,42747.0,78706.0
2025-06-20 10:35:13.707065,5517.0,42747.0,78706.0
2025-06-20 10:35:17.002104,5516.5,42747.0,78706.0
2025-06-20 10:35:17.347219,5516.5,42557.0,78540.0
2025-06-20 10:35:19.697075,5516.5,42557.0,78540.0
2025-06-20 10:35:23.355455,5516.5,42581.0,78660.0
2025-06-20 10:35:24.699127,5518.0,42581.0,78660.0
2025-06-20 10:35:25.706569,5518.0,42581.0,78660.0
2025-06-20 10:35:29.057047,5518.0,42801.0,78580.0
2025-06-20 10:35:29.708392,5517.0,42801.0,78580.0
2025-06-20 10:35:35.159145,5517.0,42772.0,78570.0
2025-06-20 10:35:35.705063,5517.0,42772.0,78570.0
2025-06-20 10:35:37.705052,5517.0,42772.0,78570.0
2025-06-20 10:35:40.862269,5516.5,41995.0,79268.0
2025-06-20 10:35:42.697101,5516.0,41995.0,79268.0
2025-06-20 10:35:46.667258,5516.0,42231.0,79193.0
2025-06-20 10:35:48.697824,5517.0,42231.0,79193.0
2025-06-20 10:35:52.668001,5517.0,42276.0,79017.0
2025-06-20 10:35:54.704812,5517.5,42276.0,79017.0
2025-06-20 10:35:57.716474,5516.5,42276.0,79017.0
2025-06-20 10:35:59.720187,5516.5,42276.0,79017.0
2025-06-20 10:36:02.705181,5517.0,42276.0,79017.0
2025-06-20 10:36:04.175828,5517.0,42050.0,79264.0
2025-06-20 10:36:06.706164,5516.0,42050.0,79264.0
2025-06-20 10:36:10.112390,5516.0,41786.0,79563.0
2025-06-20 10:36:12.728531,5515.5,41786.0,79563.0
2025-06-20 10:36:15.699210,5515.5,41786.0,79563.0
2025-06-20 10:36:16.180010,5515.5,41240.0,79475.0
2025-06-20 10:36:18.712248,5515.5,41240.0,79475.0
2025-06-20 10:36:21.993767,5515.5,41961.0,79485.0
2025-06-20 10:36:24.719014,5515.0,41961.0,79485.0
2025-06-20 10:36:27.703686,5515.0,41961.0,79485.0
2025-06-20 10:36:28.083311,5515.0,41940.0,79475.0
2025-06-20 10:36:30.709241,5515.0,41940.0,79475.0
2025-06-20 10:36:33.709759,5515.0,41940.0,79475.0
2025-06-20 10:36:34.091100,5515.0,41800.0,79408.0
2025-06-20 10:36:36.703434,5515.0,41800.0,79408.0
2025-06-20 10:36:40.291486,5515.0,41872.0,79511.0
2025-06-20 10:36:42.728167,5515.0,41872.0,79511.0
2025-06-20 10:36:44.141719,5515.0,41872.0,79511.0
2025-06-20 10:36:45.236475,5515.0,41872.0,79511.0
2025-06-20 10:36:45.704800,5515.5,41872.0,79511.0
2025-06-20 10:36:45.793729,5515.5,42002.0,79509.0
2025-06-20 10:36:45.873687,5515.5,42002.0,79509.0
2025-06-20 10:36:46.308376,5515.5,42002.0,79509.0
2025-06-20 10:36:47.415905,5515.5,42002.0,79509.0
2025-06-20 10:36:47.698641,5515.0,42002.0,79509.0
2025-06-20 10:36:48.221416,5515.0,42002.0,79509.0
2025-06-20 10:36:48.396754,5515.0,42002.0,79509.0
2025-06-20 10:36:48.707694,5515.0,42002.0,79509.0
2025-06-20 10:36:49.347689,5515.0,42002.0,79509.0
2025-06-20 10:36:50.696202,5515.0,42002.0,79509.0
2025-06-20 10:36:50.727794,5515.0,42002.0,79509.0
2025-06-20 10:36:51.604181,5515.0,41985.0,79512.0
2025-06-20 10:36:51.671937,5515.0,41985.0,79512.0
2025-06-20 10:36:52.707243,5515.0,41985.0,79512.0
2025-06-20 10:36:53.238446,5515.0,41985.0,79512.0
2025-06-20 10:36:54.520641,5515.0,41985.0,79512.0
2025-06-20 10:36:55.753476,5515.0,41985.0,79512.0
2025-06-20 10:36:57.103747,5515.0,41852.0,79760.0
2025-06-20 10:36:57.379150,5515.0,41852.0,79760.0
2025-06-20 10:36:59.712124,5515.5,41852.0,79760.0
2025-06-20 10:37:02.914114,5515.5,41674.0,79738.0
2025-06-20 10:37:03.706953,5515.5,41674.0,79738.0
2025-06-20 10:37:06.726325,5515.0,41674.0,79738.0
2025-06-20 10:37:09.024822,5515.5,41814.0,79679.0
2025-06-20 10:37:09.707673,5515.0,41814.0,79679.0
2025-06-20 10:37:13.704949,5515.5,41814.0,79679.0
2025-06-20 10:37:14.814865,5515.5,41869.0,79652.0
2025-06-20 10:37:17.703308,5515.0,41869.0,79652.0
2025-06-20 10:37:20.427789,5515.0,41825.0,79707.0
2025-06-20 10:37:20.709017,5515.0,41825.0,79707.0
2025-06-20 10:37:23.711224,5515.0,41825.0,79707.0
2025-06-20 10:37:26.120168,5515.0,41613.0,79703.0
2025-06-20 10:37:26.707324,5515.0,41613.0,79703.0
2025-06-20 10:37:29.717679,5515.0,41613.0,79703.0
2025-06-20 10:37:31.626456,5515.0,41511.0,79654.0
2025-06-20 10:37:32.708464,5515.0,41511.0,79654.0
2025-06-20 10:37:35.711373,5515.5,41511.0,79654.0
2025-06-20 10:37:37.127741,5515.0,41038.0,79829.0
2025-06-20 10:37:38.707628,5515.5,41038.0,79829.0
2025-06-20 10:37:41.710586,5515.0,41038.0,79829.0
2025-06-20 10:37:42.832912,5515.0,41118.0,79699.0
2025-06-20 10:37:44.710024,5516.0,41118.0,79699.0
2025-06-20 10:37:47.708868,5515.0,41118.0,79699.0
2025-06-20 10:37:48.554137,5515.0,41189.0,79412.0
2025-06-20 10:37:50.706748,5517.0,41189.0,79412.0
2025-06-20 10:37:53.711815,5517.0,41189.0,79412.0
2025-06-20 10:37:54.050822,5517.0,41433.0,79035.0
2025-06-20 10:37:56.711281,5515.5,41433.0,79035.0
2025-06-20 10:37:59.712230,5516.5,41433.0,79035.0
2025-06-20 10:37:59.845316,5516.5,41450.0,79036.0
2025-06-20 10:38:02.713913,5516.5,41450.0,79036.0
2025-06-20 10:38:05.353845,5517.0,41975.0,78557.0
2025-06-20 10:38:05.710087,5517.0,41975.0,78557.0
2025-06-20 10:38:11.055090,5517.0,42051.0,78540.0
2025-06-20 10:38:12.707001,5516.5,42051.0,78540.0
2025-06-20 10:38:14.712505,5517.5,42051.0,78540.0
2025-06-20 10:38:16.562033,5517.5,42028.0,78544.0
2025-06-20 10:38:16.711232,5516.5,42028.0,78544.0
2025-06-20 10:38:17.715705,5517.0,42028.0,78544.0
2025-06-20 10:38:19.719310,5517.0,42028.0,78544.0
2025-06-20 10:38:21.716036,5517.0,42028.0,78544.0
2025-06-20 10:38:22.269167,5517.0,42031.0,78474.0
2025-06-20 10:38:23.723990,5517.0,42031.0,78474.0
2025-06-20 10:38:25.717109,5516.0,42031.0,78474.0
2025-06-20 10:38:27.714497,5516.5,42031.0,78474.0
2025-06-20 10:38:27.769728,5516.5,41892.0,78520.0
2025-06-20 10:38:29.718165,5517.5,41892.0,78520.0
2025-06-20 10:38:31.778695,5515.5,41892.0,78520.0
2025-06-20 10:38:33.183175,5515.5,41875.0,78448.0
2025-06-20 10:38:34.708863,5516.5,41875.0,78448.0
2025-06-20 10:38:35.723465,5518.0,41875.0,78448.0
2025-06-20 10:38:38.879925,5515.5,41978.0,78666.0
2025-06-20 10:38:40.773087,5518.0,41978.0,78666.0
2025-06-20 10:38:43.722017,5518.0,41978.0,78666.0
2025-06-20 10:38:44.764734,5518.0,42107.0,78603.0
2025-06-20 10:38:46.716462,5518.0,42107.0,78603.0
2025-06-20 10:38:50.184587,5518.0,41743.0,78723.0
2025-06-20 10:38:51.716718,5516.0,41743.0,78723.0
2025-06-20 10:38:53.720129,5515.5,41743.0,78723.0
2025-06-20 10:38:55.690903,5516.0,41992.0,78826.0
2025-06-20 10:38:55.716998,5516.0,41992.0,78826.0
2025-06-20 10:38:57.764535,5515.5,41992.0,78826.0
2025-06-20 10:39:01.008552,5515.5,41847.0,78867.0
2025-06-20 10:39:02.713268,5515.5,41847.0,78867.0
2025-06-20 10:39:03.751399,5515.0,41847.0,78867.0
2025-06-20 10:39:06.909185,5515.0,41927.0,78917.0
2025-06-20 10:39:08.712919,5515.0,41927.0,78917.0
2025-06-20 10:39:10.715267,5515.5,41927.0,78917.0
2025-06-20 10:39:12.715978,5515.5,42029.0,78947.0
2025-06-20 10:39:13.747396,5515.0,42029.0,78947.0
2025-06-20 10:39:18.107831,5516.0,41913.0,78768.0
2025-06-20 10:39:18.711025,5518.0,41913.0,78768.0
2025-06-20 10:39:19.718535,5518.0,41913.0,78768.0
2025-06-20 10:39:22.710684,5518.0,41913.0,78768.0
2025-06-20 10:39:23.615110,5518.0,42058.0,78841.0
2025-06-20 10:39:23.718603,5516.0,42058.0,78841.0
2025-06-20 10:39:29.219345,5517.0,42024.0,78937.0
2025-06-20 10:39:30.715630,5516.0,42024.0,78937.0
2025-06-20 10:39:33.723276,5516.0,42024.0,78937.0
2025-06-20 10:39:35.554964,5517.0,41318.0,78826.0
2025-06-20 10:39:36.713974,5516.5,41318.0,78826.0
2025-06-20 10:39:41.535576,5516.5,41935.0,79065.0
2025-06-20 10:39:42.731207,5516.0,41935.0,79065.0
2025-06-20 10:39:44.655328,5516.0,41935.0,79065.0
2025-06-20 10:39:45.040176,5516.0,41935.0,79065.0
2025-06-20 10:39:46.075347,5516.0,41935.0,79065.0
2025-06-20 10:39:46.796143,5516.5,41935.0,79065.0
2025-06-20 10:39:46.945083,5516.5,41935.0,79065.0
2025-06-20 10:39:47.458956,5516.5,41935.0,79065.0
2025-06-20 10:39:47.747520,5516.5,42131.0,79265.0
2025-06-20 10:39:47.878946,5516.5,42131.0,79265.0
2025-06-20 10:39:48.455029,5516.5,42131.0,79265.0
2025-06-20 10:39:48.763976,5516.0,42131.0,79265.0
2025-06-20 10:39:48.868316,5516.0,42131.0,79265.0
2025-06-20 10:39:49.824276,5516.0,42131.0,79265.0
2025-06-20 10:39:50.796845,5516.0,42131.0,79265.0
2025-06-20 10:39:51.255958,5516.0,42131.0,79265.0
2025-06-20 10:39:52.156531,5516.0,42131.0,79265.0
2025-06-20 10:39:53.823915,5516.0,42186.0,78957.0
2025-06-20 10:39:53.837582,5516.0,42186.0,78957.0
2025-06-20 10:39:54.728734,5518.0,42186.0,78957.0
2025-06-20 10:39:55.044060,5518.0,42186.0,78957.0
2025-06-20 10:39:55.739265,5516.0,42186.0,78957.0
2025-06-20 10:39:56.256492,5516.0,42186.0,78957.0
2025-06-20 10:39:57.882637,5516.0,42186.0,78957.0
2025-06-20 10:39:58.729520,5518.0,42186.0,78957.0
2025-06-20 10:39:59.546606,5516.5,42241.0,79069.0
2025-06-20 10:39:59.727922,5516.5,42241.0,79069.0
2025-06-20 10:40:02.727714,5516.0,42241.0,79069.0
2025-06-20 10:40:04.765294,5516.0,42241.0,79069.0
2025-06-20 10:40:05.478983,5516.0,42235.0,78983.0
2025-06-20 10:40:05.727351,5516.0,42235.0,78983.0
2025-06-20 10:40:08.731021,5515.5,42235.0,78983.0
2025-06-20 10:40:10.721599,5516.0,42235.0,78983.0
2025-06-20 10:40:11.458386,5516.0,42220.0,79101.0
2025-06-20 10:40:12.729957,5516.5,42220.0,79101.0
2025-06-20 10:40:15.734774,5516.0,42220.0,79101.0
2025-06-20 10:40:17.566523,5516.0,42234.0,78914.0
2025-06-20 10:40:18.736122,5516.0,42234.0,78914.0
2025-06-20 10:40:21.722458,5516.0,42234.0,78914.0
2025-06-20 10:40:24.740760,5516.0,42234.0,78914.0
2025-06-20 10:40:27.753844,5516.0,42234.0,78914.0
2025-06-20 10:40:28.743179,5515.5,42234.0,78914.0
2025-06-20 10:40:29.251726,5515.5,42182.0,79146.0
2025-06-20 10:40:30.761832,5515.0,42182.0,79146.0
2025-06-20 10:40:33.724773,5515.0,42182.0,79146.0
2025-06-20 10:40:34.673995,5515.0,42223.0,79183.0
2025-06-20 10:40:36.867340,5517.0,42223.0,79183.0
2025-06-20 10:40:38.760661,5515.5,42223.0,79183.0
2025-06-20 10:40:40.175555,5515.5,41723.0,79767.0
2025-06-20 10:40:41.729031,5516.5,41723.0,79767.0
2025-06-20 10:40:42.731243,5515.0,41723.0,79767.0
2025-06-20 10:40:45.792259,5515.0,41914.0,79487.0
2025-06-20 10:40:47.740370,5516.0,41914.0,79487.0
2025-06-20 10:40:51.585376,5516.0,41875.0,79453.0
2025-06-20 10:40:51.722001,5516.0,41875.0,79453.0
2025-06-20 10:40:54.747919,5515.0,41875.0,79453.0
2025-06-20 10:40:57.287703,5515.0,41633.0,79567.0
2025-06-20 10:40:57.735492,5515.0,41633.0,79567.0
2025-06-20 10:41:00.719784,5515.0,41633.0,79567.0
2025-06-20 10:41:03.192853,5515.0,41684.0,79603.0
2025-06-20 10:41:03.738937,5515.0,41684.0,79603.0
2025-06-20 10:41:07.737313,5515.0,41684.0,79603.0
2025-06-20 10:41:09.505683,5515.0,41700.0,79657.0
2025-06-20 10:41:10.741137,5517.0,41700.0,79657.0
2025-06-20 10:41:13.731320,5517.5,41700.0,79657.0
2025-06-20 10:41:15.608203,5515.0,41661.0,79210.0
2025-06-20 10:41:16.733145,5518.0,41661.0,79210.0
2025-06-20 10:41:19.739079,5516.0,41661.0,79210.0
2025-06-20 10:41:21.305373,5516.0,41778.0,79392.0
2025-06-20 10:41:22.728363,5517.0,41778.0,79392.0
2025-06-20 10:41:25.725813,5516.0,41778.0,79392.0
2025-06-20 10:41:27.110759,5515.0,41785.0,79434.0
2025-06-20 10:41:28.738167,5516.0,41785.0,79434.0
2025-06-20 10:41:31.735584,5515.5,41785.0,79434.0
2025-06-20 10:41:33.545945,5515.5,41590.0,79615.0
2025-06-20 10:41:35.765775,5515.5,41590.0,79615.0
2025-06-20 10:41:39.744401,5515.5,41590.0,79615.0
2025-06-20 10:41:39.831547,5515.5,41897.0,79395.0
2025-06-20 10:41:42.729556,5515.5,41897.0,79395.0
2025-06-20 10:41:45.735170,5515.5,41897.0,79395.0
2025-06-20 10:41:45.949781,5515.5,41802.0,79309.0
2025-06-20 10:41:46.748266,5515.5,41802.0,79309.0
2025-06-20 10:41:48.777466,5515.5,41802.0,79309.0
2025-06-20 10:41:51.516721,5515.5,41866.0,79194.0
2025-06-20 10:41:51.759343,5515.5,41866.0,79194.0
2025-06-20 10:41:55.729023,5515.5,41866.0,79194.0
2025-06-20 10:41:56.637721,5517.5,41820.0,79222.0
2025-06-20 10:41:56.767711,5515.5,41820.0,79222.0
2025-06-20 10:41:58.739552,5515.5,41820.0,79222.0
2025-06-20 10:42:00.750292,5516.0,41820.0,79222.0
2025-06-20 10:42:01.674470,5516.0,41823.0,79332.0
2025-06-20 10:42:03.796097,5517.5,41823.0,79332.0
2025-06-20 10:42:05.734947,5516.0,41823.0,79332.0
2025-06-20 10:42:07.135672,5516.0,41692.0,79277.0
2025-06-20 10:42:07.746026,5516.0,41692.0,79277.0
2025-06-20 10:42:08.735445,5516.0,41692.0,79277.0
2025-06-20 10:42:11.735456,5516.0,41692.0,79277.0
2025-06-20 10:42:12.759042,5516.0,41690.0,79283.0
2025-06-20 10:42:13.741061,5516.0,41690.0,79283.0
2025-06-20 10:42:14.783950,5516.0,41690.0,79283.0
2025-06-20 10:42:17.734158,5516.0,41690.0,79283.0
2025-06-20 10:42:18.342832,5515.5,41633.0,79315.0
2025-06-20 10:42:18.740290,5515.5,41633.0,79315.0
2025-06-20 10:42:21.731979,5517.0,41633.0,79315.0
2025-06-20 10:42:23.728826,5521.0,41633.0,79315.0
2025-06-20 10:42:24.249570,5519.5,41999.0,78200.0
2025-06-20 10:42:24.734023,5518.0,41999.0,78200.0
2025-06-20 10:42:27.745514,5518.0,41999.0,78200.0
2025-06-20 10:42:29.742095,5517.5,41999.0,78200.0
2025-06-20 10:42:29.947740,5517.5,41747.0,78658.0
2025-06-20 10:42:30.999061,5517.5,41747.0,78658.0
2025-06-20 10:42:33.775924,5517.0,41747.0,78658.0
2025-06-20 10:42:41.654539,5517.0,41806.0,78959.0
2025-06-20 10:42:44.805256,5518.0,41806.0,78959.0
2025-06-20 10:42:45.037016,5518.0,41806.0,78959.0
2025-06-20 10:42:46.165812,5518.0,41806.0,78959.0
2025-06-20 10:42:47.396199,5518.0,41806.0,78959.0
2025-06-20 10:42:47.559432,5517.5,41827.0,78814.0
2025-06-20 10:42:47.799688,5517.5,41827.0,78814.0
2025-06-20 10:42:48.072006,5517.5,41827.0,78814.0
2025-06-20 10:42:49.112597,5517.5,41827.0,78814.0
2025-06-20 10:42:50.540631,5517.5,41827.0,78814.0
2025-06-20 10:42:50.808722,5517.5,41827.0,78814.0
2025-06-20 10:42:51.840561,5517.5,41827.0,78814.0
2025-06-20 10:42:52.866860,5517.5,41827.0,78814.0
2025-06-20 10:42:53.461614,5517.5,41773.0,78820.0
2025-06-20 10:42:53.788404,5517.5,41773.0,78820.0
2025-06-20 10:42:54.392568,5517.5,41773.0,78820.0
2025-06-20 10:42:55.667471,5517.5,41773.0,78820.0
2025-06-20 10:42:56.896593,5517.5,41773.0,78820.0
2025-06-20 10:42:58.591560,5517.5,41773.0,78820.0
2025-06-20 10:42:58.965889,5517.5,41949.0,78806.0
2025-06-20 10:43:02.750635,5517.5,41949.0,78806.0
2025-06-20 10:43:04.264033,5517.5,41919.0,78800.0
2025-06-20 10:43:07.749461,5517.5,41919.0,78800.0
2025-06-20 10:43:09.750396,5517.5,41919.0,78800.0
2025-06-20 10:43:12.738347,5517.5,41919.0,78800.0
2025-06-20 10:43:14.746240,5517.5,41919.0,78800.0
2025-06-20 10:43:15.069228,5517.5,42006.0,78906.0
2025-06-20 10:43:15.744493,5518.0,42006.0,78906.0
2025-06-20 10:43:18.745924,5518.0,42006.0,78906.0
2025-06-20 10:43:19.744233,5518.0,42006.0,78906.0
2025-06-20 10:43:20.782269,5518.0,42174.0,78579.0
2025-06-20 10:43:21.742943,5518.0,42174.0,78579.0
2025-06-20 10:43:23.751550,5519.0,42174.0,78579.0
2025-06-20 10:43:25.744135,5518.5,42174.0,78579.0
2025-06-20 10:43:26.584603,5518.5,42215.0,78588.0
2025-06-20 10:43:27.827228,5518.0,42215.0,78588.0
2025-06-20 10:43:29.759149,5518.5,42215.0,78588.0
2025-06-20 10:43:31.996658,5517.5,42009.0,78486.0
2025-06-20 10:43:32.747895,5517.5,42009.0,78486.0
2025-06-20 10:43:33.740548,5519.0,42009.0,78486.0
2025-06-20 10:43:36.732163,5517.5,42009.0,78486.0
2025-06-20 10:43:37.689629,5517.5,42037.0,78566.0
2025-06-20 10:43:38.745129,5517.5,42037.0,78566.0
2025-06-20 10:43:42.748079,5517.5,42037.0,78566.0
2025-06-20 10:43:43.002273,5517.5,41943.0,78715.0
2025-06-20 10:43:44.739054,5519.0,41943.0,78715.0
2025-06-20 10:43:45.748334,5517.5,41943.0,78715.0
2025-06-20 10:43:48.290854,5517.5,41885.0,78750.0
2025-06-20 10:43:54.097598,5517.5,41993.0,78711.0
2025-06-20 10:43:54.749632,5517.5,41993.0,78711.0
2025-06-20 10:43:55.781756,5519.0,41993.0,78711.0
2025-06-20 10:43:57.806615,5517.5,41993.0,78711.0
2025-06-20 10:43:59.703950,5517.5,41695.0,78879.0
2025-06-20 10:44:03.757280,5517.5,41695.0,78879.0
2025-06-20 10:44:05.204358,5517.5,41910.0,78849.0
2025-06-20 10:44:05.779014,5517.5,41910.0,78849.0
2025-06-20 10:44:08.741511,5517.5,41910.0,78849.0
2025-06-20 10:44:10.521599,5517.5,41943.0,78947.0
2025-06-20 10:44:16.320804,5517.5,41854.0,79160.0
2025-06-20 10:44:17.797110,5517.5,41854.0,79160.0
2025-06-20 10:44:19.793385,5517.5,41854.0,79160.0
2025-06-20 10:44:21.768632,5517.5,41854.0,79160.0
2025-06-20 10:44:22.188151,5517.5,41824.0,79063.0
2025-06-20 10:44:23.792373,5517.5,41824.0,79063.0
2025-06-20 10:44:25.796549,5517.5,41824.0,79063.0
2025-06-20 10:44:27.620753,5517.5,41788.0,79078.0
2025-06-20 10:44:28.744221,5517.5,41788.0,79078.0
2025-06-20 10:44:32.747032,5517.5,41788.0,79078.0
2025-06-20 10:44:33.222719,5517.5,40922.0,79054.0
2025-06-20 10:44:38.630695,5517.5,41745.0,79358.0
2025-06-20 10:44:43.778390,5519.5,41745.0,79358.0
2025-06-20 10:44:44.133446,5519.5,42161.0,78724.0
2025-06-20 10:44:45.805876,5520.0,42161.0,78724.0
2025-06-20 10:44:47.809411,5518.0,42161.0,78724.0
2025-06-20 10:44:49.451521,5518.0,40444.0,78757.0
2025-06-20 10:44:51.756155,5518.0,40444.0,78757.0
2025-06-20 10:44:53.771668,5518.0,40444.0,78757.0
2025-06-20 10:44:54.634546,5518.0,42220.0,78799.0
2025-06-20 10:44:55.769145,5518.0,42220.0,78799.0
2025-06-20 10:44:59.773862,5520.0,42156.0,78826.0
2025-06-20 10:45:00.735807,5520.0,42156.0,78826.0
2025-06-20 10:45:05.345893,5520.0,42151.0,78823.0
2025-06-20 10:45:10.784500,5519.0,42536.0,78145.0
2025-06-20 10:45:11.753089,5520.0,42536.0,78145.0
2025-06-20 10:45:14.776700,5518.5,42536.0,78145.0
2025-06-20 10:45:16.157209,5520.0,42334.0,78380.0
2025-06-20 10:45:17.767028,5521.0,42334.0,78380.0
2025-06-20 10:45:20.761706,5519.0,42334.0,78380.0
2025-06-20 10:45:21.957783,5519.0,42385.0,77332.0
2025-06-20 10:45:27.366313,5519.0,42386.0,78227.0
2025-06-20 10:45:29.762558,5521.0,42386.0,78227.0
2025-06-20 10:45:32.468355,5520.0,42419.0,78215.0
2025-06-20 10:45:32.760808,5520.0,42419.0,78215.0
2025-06-20 10:45:36.757652,5520.0,42419.0,78215.0
2025-06-20 10:45:37.672889,5521.0,42295.0,78299.0
2025-06-20 10:45:37.770368,5521.0,42295.0,78299.0
2025-06-20 10:45:42.752488,5520.0,42295.0,78299.0
2025-06-20 10:45:43.276218,5520.0,42337.0,78071.0
2025-06-20 10:45:44.746047,5520.0,42337.0,78071.0
2025-06-20 10:45:45.477700,5520.0,42337.0,78071.0
2025-06-20 10:45:45.769338,5520.5,42337.0,78071.0
2025-06-20 10:45:45.827527,5520.5,42337.0,78071.0
2025-06-20 10:45:46.176644,5520.5,42337.0,78071.0
2025-06-20 10:45:47.181800,5520.5,42337.0,78071.0
2025-06-20 10:45:47.763456,5519.5,42337.0,78071.0
2025-06-20 10:45:48.252694,5519.5,42337.0,78071.0
2025-06-20 10:45:48.591018,5519.5,42211.0,77911.0
2025-06-20 10:45:48.716646,5519.5,42211.0,77911.0
2025-06-20 10:45:49.308620,5519.5,42211.0,77911.0
2025-06-20 10:45:50.686067,5519.5,42211.0,77911.0
2025-06-20 10:45:52.151055,5519.5,42211.0,77911.0
2025-06-20 10:45:52.747581,5519.0,42211.0,77911.0
2025-06-20 10:45:53.111514,5519.0,42211.0,77911.0
2025-06-20 10:45:54.085093,5519.0,42188.0,77956.0
2025-06-20 10:45:54.667405,5519.0,42188.0,77956.0
2025-06-20 10:45:55.876961,5519.0,42188.0,77956.0
2025-06-20 10:45:57.220441,5519.0,42188.0,77956.0
2025-06-20 10:45:58.830498,5519.0,42188.0,77956.0
2025-06-20 10:46:04.889820,5519.0,42334.0,77936.0
2025-06-20 10:46:08.752325,5519.5,42334.0,77936.0
2025-06-20 10:46:10.396568,5519.5,42258.0,77916.0
2025-06-20 10:46:12.754941,5519.5,42258.0,77916.0
2025-06-20 10:46:15.803925,5520.5,42031.0,77850.0
2025-06-20 10:46:16.747604,5520.5,42031.0,77850.0
2025-06-20 10:46:17.752071,5521.0,42031.0,77850.0
2025-06-20 10:46:19.770274,5520.5,42031.0,77850.0
2025-06-20 10:46:21.209233,5520.5,42104.0,77834.0
2025-06-20 10:46:27.306026,5520.5,42244.0,77794.0
2025-06-20 10:46:33.109334,5520.5,42092.0,77876.0
2025-06-20 10:46:34.783066,5520.0,42092.0,77876.0
2025-06-20 10:46:37.746876,5520.0,42092.0,77876.0
2025-06-20 10:46:38.216801,5520.0,42247.0,77855.0
2025-06-20 10:46:40.785058,5520.0,42247.0,77855.0
2025-06-20 10:46:42.759252,5520.0,42247.0,77855.0
2025-06-20 10:46:43.546089,5520.0,42324.0,77810.0
2025-06-20 10:46:44.759164,5520.5,42324.0,77810.0
2025-06-20 10:46:47.776230,5520.5,42324.0,77810.0
2025-06-20 10:46:49.048137,5520.5,42470.0,77478.0
2025-06-20 10:46:49.757042,5523.5,42470.0,77478.0
2025-06-20 10:46:51.753700,5520.5,42470.0,77478.0
2025-06-20 10:46:52.767524,5520.5,42470.0,77478.0
2025-06-20 10:46:54.226273,5520.5,42524.0,77567.0
2025-06-20 10:46:55.765399,5522.5,42524.0,77567.0
2025-06-20 10:46:56.832844,5520.5,42524.0,77567.0
2025-06-20 10:46:58.805822,5520.5,42524.0,77567.0
2025-06-20 10:46:59.627974,5520.5,42530.0,77635.0
2025-06-20 10:47:00.759676,5520.0,42530.0,77635.0
2025-06-20 10:47:03.757084,5520.5,42530.0,77635.0
2025-06-20 10:47:04.838563,5520.5,42442.0,77812.0
2025-06-20 10:47:06.761696,5520.5,42442.0,77812.0
2025-06-20 10:47:09.766329,5522.5,42442.0,77812.0
2025-06-20 10:47:10.135727,5522.5,42528.0,77667.0
2025-06-20 10:47:11.754312,5520.5,42528.0,77667.0
2025-06-20 10:47:15.622895,5520.5,42550.0,77563.0
2025-06-20 10:47:19.774535,5520.5,42550.0,77563.0
2025-06-20 10:47:21.080963,5519.5,41937.0,78399.0
2025-06-20 10:47:21.755234,5519.5,41937.0,78399.0
2025-06-20 10:47:24.760313,5517.0,41937.0,78399.0
2025-06-20 10:47:27.348299,5516.5,41873.0,79134.0
2025-06-20 10:47:27.761405,5518.5,41873.0,79134.0
2025-06-20 10:47:30.782416,5517.0,41873.0,79134.0
2025-06-20 10:47:33.149300,5517.0,41965.0,78924.0
2025-06-20 10:47:36.801399,5519.5,41965.0,78924.0
2025-06-20 10:47:38.567676,5517.0,41944.0,78808.0
2025-06-20 10:47:39.754481,5517.0,41944.0,78808.0
2025-06-20 10:47:41.769363,5519.0,41944.0,78808.0
2025-06-20 10:47:42.772153,5517.0,41944.0,78808.0
2025-06-20 10:47:43.859717,5517.0,42017.0,78946.0
2025-06-20 10:47:44.797414,5517.0,42017.0,78946.0
2025-06-20 10:47:46.765237,5517.0,42017.0,78946.0
2025-06-20 10:47:48.780605,5518.5,42017.0,78946.0
2025-06-20 10:47:49.364246,5518.5,41991.0,79133.0
2025-06-20 10:47:53.760748,5517.0,41991.0,79133.0
2025-06-20 10:47:55.073751,5517.0,42000.0,78898.0
2025-06-20 10:47:57.772536,5517.5,42000.0,78898.0
2025-06-20 10:47:58.764759,5517.0,42000.0,78898.0
2025-06-20 10:48:00.779985,5517.0,41920.0,79126.0
2025-06-20 10:48:06.372356,5517.0,41853.0,79102.0
2025-06-20 10:48:07.768119,5517.0,41853.0,79102.0
2025-06-20 10:48:10.772374,5516.5,41853.0,79102.0
2025-06-20 10:48:11.974476,5516.5,41862.0,79036.0
2025-06-20 10:48:14.775429,5516.5,41862.0,79036.0
2025-06-20 10:48:17.283304,5516.5,41878.0,79223.0
2025-06-20 10:48:17.757913,5516.5,41878.0,79223.0
2025-06-20 10:48:22.797490,5517.0,41878.0,79223.0
2025-06-20 10:48:22.808300,5517.0,41955.0,79194.0
2025-06-20 10:48:26.787234,5516.5,41955.0,79194.0
2025-06-20 10:48:28.486807,5515.5,41947.0,79261.0
2025-06-20 10:48:28.765871,5515.5,41947.0,79261.0
2025-06-20 10:48:31.768644,5516.0,41947.0,79261.0
2025-06-20 10:48:33.985946,5519.0,42099.0,78763.0
2025-06-20 10:48:34.794324,5517.5,42099.0,78763.0
2025-06-20 10:48:36.773956,5518.5,42099.0,78763.0
2025-06-20 10:48:38.795293,5518.5,42099.0,78763.0
2025-06-20 10:48:39.300170,5517.5,41267.0,78979.0
2025-06-20 10:48:41.760550,5519.0,41267.0,78979.0
2025-06-20 10:48:42.818579,5517.5,41267.0,78979.0
2025-06-20 10:48:44.992567,5517.5,42225.0,79027.0
2025-06-20 10:48:45.765332,5517.5,42225.0,79027.0
2025-06-20 10:48:45.975168,5517.5,42225.0,79027.0
2025-06-20 10:48:46.361519,5517.5,42225.0,79027.0
2025-06-20 10:48:47.104385,5517.5,42225.0,79027.0
2025-06-20 10:48:48.108754,5517.5,42225.0,79027.0
2025-06-20 10:48:49.328899,5517.5,42225.0,79027.0
2025-06-20 10:48:50.314921,5517.5,42225.0,79027.0
2025-06-20 10:48:50.495486,5517.5,42256.0,78941.0
2025-06-20 10:48:51.281750,5517.5,42256.0,78941.0
2025-06-20 10:48:52.637192,5517.5,42256.0,78941.0
2025-06-20 10:48:53.621621,5517.5,42256.0,78941.0
2025-06-20 10:48:55.176468,5517.5,42256.0,78941.0
2025-06-20 10:48:55.908208,5519.5,41404.0,78797.0
2025-06-20 10:48:56.509015,5519.5,41404.0,78797.0
2025-06-20 10:48:56.764018,5517.5,41404.0,78797.0
2025-06-20 10:48:57.714823,5517.5,41404.0,78797.0
2025-06-20 10:48:59.337453,5517.5,41404.0,78797.0
2025-06-20 10:48:59.769976,5517.5,41404.0,78797.0
2025-06-20 10:49:01.308701,5517.5,42304.0,78761.0
2025-06-20 10:49:05.760736,5520.0,42304.0,78761.0
2025-06-20 10:49:07.210730,5520.0,42247.0,78810.0
2025-06-20 10:49:08.768696,5517.5,42247.0,78810.0
2025-06-20 10:49:11.765410,5520.5,42247.0,78810.0
2025-06-20 10:49:12.820868,5520.5,42240.0,78705.0
2025-06-20 10:49:14.761946,5518.0,42240.0,78705.0
2025-06-20 10:49:17.772169,5518.0,42240.0,78705.0
2025-06-20 10:49:18.323708,5518.0,42239.0,78718.0
2025-06-20 10:49:23.627050,5518.0,42217.0,79282.0
2025-06-20 10:49:29.437908,5518.0,42204.0,79279.0
2025-06-20 10:49:31.785636,5518.5,42204.0,79279.0
2025-06-20 10:49:33.785475,5518.0,42204.0,79279.0
2025-06-20 10:49:35.138002,5518.0,42160.0,79356.0
2025-06-20 10:49:39.771762,5518.5,42160.0,79356.0
2025-06-20 10:49:40.656795,5518.5,42194.0,79338.0
2025-06-20 10:49:42.763488,5518.0,42194.0,79338.0
2025-06-20 10:49:45.739135,5518.0,42176.0,79363.0
2025-06-20 10:49:49.820291,5519.0,42176.0,79363.0
2025-06-20 10:49:51.144246,5519.0,42411.0,78650.0
2025-06-20 10:49:51.837993,5519.0,42411.0,78650.0
2025-06-20 10:49:53.830256,5519.5,42411.0,78650.0
2025-06-20 10:49:56.446390,5519.5,42172.0,78739.0
2025-06-20 10:49:59.827538,5520.0,42172.0,78739.0
2025-06-20 10:50:01.589109,5520.5,42248.0,78640.0
2025-06-20 10:50:02.791352,5520.5,42248.0,78640.0
2025-06-20 10:50:03.807392,5521.0,42248.0,78640.0
2025-06-20 10:50:06.791325,5520.5,42248.0,78640.0
2025-06-20 10:50:12.081895,5520.5,42171.0,78833.0
2025-06-20 10:50:17.817069,5520.5,42171.0,78833.0
2025-06-20 10:50:17.864421,5520.5,42208.0,78813.0
2025-06-20 10:50:19.815569,5520.0,42208.0,78813.0
2025-06-20 10:50:23.378995,5520.0,42210.0,78749.0
2025-06-20 10:50:25.870737,5520.0,42210.0,78749.0
2025-06-20 10:50:27.843158,5520.0,42210.0,78749.0
2025-06-20 10:50:28.674599,5520.5,42342.0,78520.0
2025-06-20 10:50:30.825051,5520.0,42342.0,78520.0
2025-06-20 10:50:31.775863,5520.5,42342.0,78520.0
2025-06-20 10:50:33.824682,5520.5,42342.0,78520.0
2025-06-20 10:50:34.087121,5520.5,42311.0,78804.0
2025-06-20 10:50:36.814765,5520.5,42311.0,78804.0
2025-06-20 10:50:39.593596,5520.0,42240.0,78881.0
2025-06-20 10:50:40.024069,5520.0,42240.0,78881.0
2025-06-20 10:50:45.281391,5520.0,42364.0,78931.0
2025-06-20 10:50:50.684824,5520.0,42187.0,79029.0
2025-06-20 10:50:51.782178,5520.0,42187.0,79029.0
2025-06-20 10:50:53.788588,5520.0,42187.0,79029.0
2025-06-20 10:50:56.099946,5520.0,42182.0,78787.0
2025-06-20 10:50:57.897713,5520.5,42182.0,78787.0
2025-06-20 10:50:59.811602,5520.0,42182.0,78787.0
2025-06-20 10:51:02.793314,5520.5,42182.0,78787.0
2025-06-20 10:51:03.783384,5520.0,42182.0,78787.0
2025-06-20 10:51:05.790802,5520.0,42182.0,78787.0
2025-06-20 10:51:07.000562,5520.0,42058.0,78625.0
2025-06-20 10:51:12.509905,5520.0,42179.0,78491.0
2025-06-20 10:51:13.838731,5520.0,42179.0,78491.0
2025-06-20 10:51:15.797857,5520.0,42179.0,78491.0
2025-06-20 10:51:17.817132,5520.0,42179.0,78491.0
2025-06-20 10:51:17.819804,5520.0,42032.0,78607.0
2025-06-20 10:51:20.799037,5520.0,42032.0,78607.0
2025-06-20 10:51:23.311028,5521.0,41982.0,78610.0
2025-06-20 10:51:23.823719,5521.0,41982.0,78610.0
2025-06-20 10:51:28.928968,5521.0,41966.0,78618.0
2025-06-20 10:51:33.815144,5521.0,41966.0,78618.0
2025-06-20 10:51:34.319555,5521.0,41987.0,78639.0
2025-06-20 10:51:37.798865,5520.5,41987.0,78639.0
2025-06-20 10:51:40.029076,5520.5,41932.0,78642.0
2025-06-20 10:51:42.812146,5520.0,41932.0,78642.0
2025-06-20 10:51:45.539427,5521.0,42014.0,78532.0
2025-06-20 10:51:45.805474,5521.0,42014.0,78532.0
2025-06-20 10:51:46.474807,5521.0,42014.0,78532.0
2025-06-20 10:51:47.188219,5521.0,42014.0,78532.0
2025-06-20 10:51:48.215614,5521.0,42014.0,78532.0
2025-06-20 10:51:49.282218,5521.0,42014.0,78532.0
2025-06-20 10:51:49.788287,5520.0,42014.0,78532.0
2025-06-20 10:51:50.332825,5520.0,42014.0,78532.0
2025-06-20 10:51:51.330325,5520.0,41957.0,78659.0
2025-06-20 10:51:51.799093,5520.0,41957.0,78659.0
2025-06-20 10:51:51.833866,5520.0,41957.0,78659.0
2025-06-20 10:51:53.309892,5520.0,41957.0,78659.0
2025-06-20 10:51:54.081821,5520.0,41957.0,78659.0
2025-06-20 10:51:55.634575,5520.0,41957.0,78659.0
2025-06-20 10:51:56.866065,5520.0,41957.0,78659.0
2025-06-20 10:51:58.109817,5520.0,41957.0,78659.0
2025-06-20 10:51:59.764747,5520.0,41957.0,78659.0
2025-06-20 10:52:02.847246,5520.0,41806.0,77993.0
2025-06-20 10:52:08.552778,5520.0,41815.0,78000.0
2025-06-20 10:52:09.809585,5518.0,41815.0,78000.0
2025-06-20 10:52:14.245509,5517.5,41539.0,78388.0
2025-06-20 10:52:14.783696,5517.5,41539.0,78388.0
2025-06-20 10:52:15.800913,5519.0,41539.0,78388.0
2025-06-20 10:52:17.827969,5517.5,41539.0,78388.0
2025-06-20 10:52:19.818529,5519.0,41539.0,78388.0
2025-06-20 10:52:19.845135,5519.0,41805.0,78344.0
2025-06-20 10:52:21.784777,5519.0,41805.0,78344.0
2025-06-20 10:52:23.853162,5519.5,41805.0,78344.0
2025-06-20 10:52:25.252775,5519.5,42014.0,77675.0
2025-06-20 10:52:27.802083,5519.5,42014.0,77675.0
2025-06-20 10:52:30.657085,5519.5,42051.0,77606.0
2025-06-20 10:52:31.808507,5519.5,42051.0,77606.0
2025-06-20 10:52:35.842288,5520.5,42051.0,77606.0
2025-06-20 10:52:35.967161,5520.5,41990.0,77965.0
2025-06-20 10:52:37.798888,5522.0,41990.0,77965.0
2025-06-20 10:52:39.811626,5520.0,41990.0,77965.0
2025-06-20 10:52:41.657939,5520.0,42046.0,77754.0
2025-06-20 10:52:46.966282,5520.0,42013.0,77799.0
2025-06-20 10:52:51.845594,5520.0,42013.0,77799.0
2025-06-20 10:52:52.274683,5519.5,42043.0,77823.0
2025-06-20 10:52:53.812522,5519.5,42043.0,77823.0
2025-06-20 10:52:57.679066,5519.5,42003.0,77801.0
2025-06-20 10:52:59.816454,5520.0,42003.0,77801.0
2025-06-20 10:53:03.186093,5520.5,41867.0,77784.0
2025-06-20 10:53:03.799390,5520.5,41867.0,77784.0
2025-06-20 10:53:06.782547,5517.5,41867.0,77784.0
2025-06-20 10:53:09.377419,5517.5,41670.0,78168.0
2025-06-20 10:53:12.795159,5521.5,41670.0,78168.0
2025-06-20 10:53:15.383544,5521.5,41841.0,77911.0
2025-06-20 10:53:20.884021,5521.5,41843.0,78086.0
2025-06-20 10:53:22.806904,5518.0,41843.0,78086.0
2025-06-20 10:53:23.792306,5520.0,41843.0,78086.0
2025-06-20 10:53:25.798267,5520.0,41843.0,78086.0
2025-06-20 10:53:26.391045,5520.0,42219.0,77508.0
2025-06-20 10:53:28.785938,5522.0,42219.0,77508.0
2025-06-20 10:53:29.799948,5520.5,42219.0,77508.0
2025-06-20 10:53:31.895081,5522.0,42086.0,77621.0
2025-06-20 10:53:32.786539,5522.0,42086.0,77621.0
2025-06-20 10:53:35.803189,5522.0,42086.0,77621.0
2025-06-20 10:53:37.298548,5522.0,42072.0,77643.0
2025-06-20 10:53:43.002195,5522.0,42081.0,77708.0
2025-06-20 10:53:44.786676,5520.0,42081.0,77708.0
2025-06-20 10:53:45.796441,5522.0,42081.0,77708.0
2025-06-20 10:53:48.313707,5520.5,42158.0,77644.0
2025-06-20 10:53:50.837215,5520.5,42158.0,77644.0
2025-06-20 10:53:53.946589,5523.0,43046.0,76924.0
2025-06-20 10:53:54.800728,5524.5,43046.0,76924.0
2025-06-20 10:53:55.828536,5523.5,43046.0,76924.0
2025-06-20 10:53:57.807457,5524.5,43046.0,76924.0
2025-06-20 10:54:03.851709,5524.5,43046.0,76924.0
2025-06-20 10:54:05.121393,5523.0,42433.0,76962.0
2025-06-20 10:54:05.812847,5523.0,42433.0,76962.0
2025-06-20 10:54:07.817699,5525.0,42433.0,76962.0
2025-06-20 10:54:09.800379,5522.5,42433.0,76962.0
2025-06-20 10:54:10.718597,5522.5,42666.0,76769.0
2025-06-20 10:54:13.837225,5522.5,42666.0,76769.0
2025-06-20 10:54:15.801993,5522.5,42666.0,76769.0
2025-06-20 10:54:16.022169,5522.5,42494.0,76948.0
2025-06-20 10:54:19.802732,5523.5,42494.0,76948.0
2025-06-20 10:54:21.328161,5523.5,42473.0,77273.0
2025-06-20 10:54:25.804751,5521.5,42473.0,77273.0
2025-06-20 10:54:26.532927,5521.5,42307.0,77367.0
2025-06-20 10:54:29.810453,5524.0,42307.0,77367.0
2025-06-20 10:54:31.797542,5521.5,42307.0,77367.0
2025-06-20 10:54:31.938884,5521.5,42386.0,77219.0
2025-06-20 10:54:33.832904,5524.5,42386.0,77219.0
2025-06-20 10:54:35.798139,5521.5,42386.0,77219.0
2025-06-20 10:54:37.445381,5521.5,42515.0,77310.0
2025-06-20 10:54:37.802633,5521.5,42515.0,77310.0
2025-06-20 10:54:41.813718,5524.0,42515.0,77310.0
2025-06-20 10:54:42.742610,5522.5,42632.0,77242.0
2025-06-20 10:54:43.798101,5522.5,42632.0,77242.0
2025-06-20 10:54:45.805106,5522.5,42632.0,77242.0
2025-06-20 10:54:47.382372,5522.5,42632.0,77242.0
2025-06-20 10:54:47.826639,5522.0,42632.0,77242.0
2025-06-20 10:54:47.834555,5522.0,42632.0,77242.0
2025-06-20 10:54:48.241184,5522.0,42632.0,77242.0
2025-06-20 10:54:48.251185,5522.0,42463.0,77227.0
2025-06-20 10:54:48.813973,5522.0,42463.0,77227.0
2025-06-20 10:54:49.282802,5522.0,42463.0,77227.0
2025-06-20 10:54:50.625733,5522.0,42463.0,77227.0
2025-06-20 10:54:51.171165,5522.0,42463.0,77227.0
2025-06-20 10:54:52.532294,5522.0,42463.0,77227.0
2025-06-20 10:54:53.841935,5522.0,42422.0,77234.0
2025-06-20 10:54:53.889072,5522.0,42422.0,77234.0
2025-06-20 10:54:54.862823,5522.0,42422.0,77234.0
2025-06-20 10:54:56.447937,5522.0,42422.0,77234.0
2025-06-20 10:54:57.688882,5522.0,42422.0,77234.0
2025-06-20 10:54:57.798189,5522.0,42422.0,77234.0
2025-06-20 10:54:58.995932,5522.0,42422.0,77234.0
2025-06-20 10:54:59.000745,5522.0,42473.0,77236.0
2025-06-20 10:55:00.648810,5522.0,42473.0,77236.0
2025-06-20 10:55:03.815477,5520.0,42473.0,77236.0
2025-06-20 10:55:04.468494,5520.0,42350.0,77967.0
2025-06-20 10:55:05.814620,5522.5,42350.0,77967.0
2025-06-20 10:55:07.855958,5522.0,42350.0,77967.0
2025-06-20 10:55:10.082094,5522.0,42444.0,77484.0
2025-06-20 10:55:12.797577,5525.0,42444.0,77484.0
2025-06-20 10:55:13.836574,5521.5,42444.0,77484.0
2025-06-20 10:55:16.817710,5521.0,42444.0,77484.0
2025-06-20 10:55:21.373805,5521.0,42448.0,76758.0
2025-06-20 10:55:23.808721,5521.0,42448.0,76758.0
2025-06-20 10:55:25.803287,5524.0,42448.0,76758.0
2025-06-20 10:55:26.974624,5524.0,43063.0,76374.0
2025-06-20 10:55:27.803707,5525.0,43063.0,76374.0
2025-06-20 10:55:30.797616,5522.5,43063.0,76374.0
2025-06-20 10:55:31.802997,5525.0,43063.0,76374.0
2025-06-20 10:55:32.880338,5523.0,42985.0,76359.0
2025-06-20 10:55:33.806220,5523.0,42985.0,76359.0
2025-06-20 10:55:38.384981,5523.0,42997.0,76284.0
2025-06-20 10:55:41.801068,5524.5,42997.0,76284.0
2025-06-20 10:55:43.488402,5522.0,42850.0,76308.0
2025-06-20 10:55:43.803768,5522.0,42850.0,76308.0
2025-06-20 10:55:45.828378,5522.0,42850.0,76308.0
2025-06-20 10:55:47.800317,5522.0,42850.0,76308.0
2025-06-20 10:55:48.691964,5522.0,42774.0,76534.0
2025-06-20 10:55:49.811736,5522.0,42774.0,76534.0
2025-06-20 10:55:52.438463,5523.0,42774.0,76534.0
2025-06-20 10:55:53.892115,5523.0,43017.0,76037.0
2025-06-20 10:55:55.834417,5523.0,43017.0,76037.0
2025-06-20 10:55:58.892923,5523.0,42933.0,76411.0
2025-06-20 10:56:03.898738,5523.0,42953.0,76377.0
2025-06-20 10:56:07.817629,5524.5,42953.0,76377.0
2025-06-20 10:56:09.113599,5523.0,42789.0,76328.0
2025-06-20 10:56:09.803096,5523.0,42789.0,76328.0
2025-06-20 10:56:12.795783,5525.0,42789.0,76328.0
2025-06-20 10:56:14.208000,5525.0,43076.0,75653.0
2025-06-20 10:56:16.802299,5524.5,43076.0,75653.0
2025-06-20 10:56:17.807085,5524.5,43076.0,75653.0
2025-06-20 10:56:19.639207,5524.5,43032.0,75592.0
2025-06-20 10:56:21.805882,5524.5,43032.0,75592.0
2025-06-20 11:07:08.577180,5515.0,40866.0,81588.0
2025-06-20 11:07:08.867540,5515.0,40866.0,81588.0
2025-06-20 12:03:29.514534,5517.0,41784.0,82382.0
2025-06-20 12:03:29.871487,5517.0,41673.0,82381.0
2025-06-20 12:03:33.098203,5517.0,41673.0,82381.0
2025-06-20 12:03:34.572921,5517.0,41718.0,82537.0
2025-06-20 12:03:37.103562,5515.5,41718.0,82537.0
2025-06-20 12:03:39.698101,5517.0,41705.0,82520.0
2025-06-20 12:03:41.234222,5517.0,41705.0,82520.0
2025-06-20 12:03:43.119002,5517.0,41705.0,82520.0
2025-06-20 12:03:44.176577,5517.0,41576.0,82530.0
2025-06-20 12:03:45.087465,5517.0,41576.0,82530.0
2025-06-20 12:03:48.123640,5516.5,41576.0,82530.0
2025-06-20 12:03:49.106870,5515.5,41576.0,82530.0
2025-06-20 12:03:49.112637,5515.5,41577.0,82418.0
2025-06-20 12:03:51.106763,5515.5,41577.0,82418.0
2025-06-20 12:03:53.114293,5515.5,41577.0,82418.0
2025-06-20 12:03:54.184274,5516.5,41569.0,82430.0
2025-06-20 12:03:55.101847,5516.5,41569.0,82430.0
2025-06-20 12:03:57.107780,5515.5,41569.0,82430.0
2025-06-20 12:03:58.391807,5515.5,41569.0,82430.0
2025-06-20 12:03:59.057221,5515.5,41569.0,82430.0
2025-06-20 12:03:59.091195,5516.5,41569.0,82430.0
2025-06-20 12:03:59.395938,5516.5,41569.0,82430.0
2025-06-20 12:03:59.400703,5516.5,41675.0,82508.0
2025-06-20 12:03:59.904034,5516.5,41675.0,82508.0
2025-06-20 12:04:00.313206,5516.5,41675.0,82508.0
2025-06-20 12:04:01.135312,5516.5,41675.0,82508.0
2025-06-20 12:04:02.312035,5516.5,41675.0,82508.0
2025-06-20 12:04:03.350244,5516.5,41675.0,82508.0
2025-06-20 12:04:04.335778,5516.5,41675.0,82508.0
2025-06-20 12:04:04.692005,5515.5,41654.0,82420.0
2025-06-20 12:04:05.109552,5515.5,41654.0,82420.0
2025-06-20 12:04:05.666273,5515.5,41654.0,82420.0
2025-06-20 12:04:06.727904,5515.5,41654.0,82420.0
2025-06-20 12:04:07.081001,5515.5,41654.0,82420.0
2025-06-20 12:04:08.310875,5515.5,41654.0,82420.0
2025-06-20 12:04:09.096004,5515.5,41654.0,82420.0
2025-06-20 12:04:09.631466,5515.5,41654.0,82420.0
2025-06-20 12:04:10.193767,5515.5,41705.0,82458.0
2025-06-20 12:04:10.997902,5515.5,41705.0,82458.0
2025-06-20 12:04:11.085990,5517.0,41705.0,82458.0
2025-06-20 12:04:12.768540,5517.0,41705.0,82458.0
2025-06-20 12:04:15.102528,5515.5,41705.0,82458.0
2025-06-20 12:04:15.193755,5515.5,41806.0,82394.0
2025-06-20 12:04:17.111782,5517.0,41806.0,82394.0
2025-06-20 12:04:20.102234,5517.0,41795.0,82422.0
2025-06-20 12:04:23.102339,5515.5,41795.0,82422.0
2025-06-20 12:04:25.092020,5515.5,41795.0,82422.0
2025-06-20 12:04:25.513405,5515.5,41819.0,82391.0
2025-06-20 12:04:27.088859,5517.0,41819.0,82391.0
2025-06-20 12:04:29.117245,5515.5,41819.0,82391.0
2025-06-20 12:04:31.209501,5515.5,40875.0,82330.0
2025-06-20 12:04:33.093057,5517.0,40875.0,82330.0
2025-06-20 12:04:35.081841,5515.5,40875.0,82330.0
2025-06-20 12:04:37.075256,5515.5,41774.0,82287.0
2025-06-20 12:04:42.713402,5515.5,42039.0,82212.0
2025-06-20 12:04:45.108593,5515.5,42039.0,82212.0
2025-06-20 12:04:47.084872,5515.5,42039.0,82212.0
2025-06-20 12:04:47.713538,5515.5,41869.0,82267.0
2025-06-20 12:04:51.081253,5517.0,41869.0,82267.0
2025-06-20 12:04:53.031002,5515.5,41880.0,82106.0
2025-06-20 12:04:53.094419,5515.5,41880.0,82106.0
2025-06-20 12:04:55.091031,5515.5,41880.0,82106.0
2025-06-20 12:04:57.086715,5515.5,41880.0,82106.0
2025-06-20 12:04:59.110435,5515.5,41880.0,82106.0
2025-06-20 12:05:02.823889,5515.5,41832.0,82140.0
2025-06-20 12:05:03.087363,5515.5,41832.0,82140.0
2025-06-20 12:05:05.096335,5517.0,41832.0,82140.0
2025-06-20 12:05:07.125444,5518.0,41832.0,82140.0
2025-06-20 12:05:07.531687,5518.0,41863.0,81883.0
2025-06-20 12:05:09.086434,5517.5,41863.0,81883.0
2025-06-20 12:05:11.090070,5518.0,41863.0,81883.0
2025-06-20 12:05:12.438197,5518.0,41825.0,81922.0
2025-06-20 12:05:17.445863,5516.0,41861.0,81737.0
2025-06-20 12:05:18.084135,5516.0,41861.0,81737.0
2025-06-20 12:05:19.086566,5516.0,41861.0,81737.0
2025-06-20 12:05:22.337430,5518.0,41892.0,81725.0
2025-06-20 12:05:23.092185,5518.0,41892.0,81725.0
2025-06-20 12:05:25.092521,5516.0,41892.0,81725.0
2025-06-20 12:05:27.240092,5516.0,41917.0,81578.0
2025-06-20 12:05:31.088634,5518.0,41917.0,81578.0
2025-06-20 12:05:32.240474,5518.0,41785.0,81664.0
2025-06-20 12:05:37.644831,5518.0,41763.0,81791.0
2025-06-20 12:05:38.085065,5518.0,41763.0,81791.0
2025-06-20 12:05:41.100514,5516.0,41763.0,81791.0
2025-06-20 12:05:43.089920,5516.0,41763.0,81791.0
2025-06-20 12:05:43.146988,5516.0,41615.0,81923.0
2025-06-20 12:05:45.095740,5515.5,41615.0,81923.0
2025-06-20 12:05:48.249041,5515.5,41581.0,81828.0
2025-06-20 12:05:51.094263,5517.5,41581.0,81828.0
2025-06-20 12:05:53.150271,5515.5,41555.0,81880.0
2025-06-20 12:05:54.084331,5515.5,41555.0,81880.0
2025-06-20 12:05:55.096467,5515.5,41555.0,81880.0
2025-06-20 12:05:58.252590,5515.5,41635.0,81820.0
2025-06-20 12:06:01.090380,5515.5,41635.0,81820.0
2025-06-20 12:06:05.092591,5516.0,41635.0,81820.0
2025-06-20 12:06:07.094963,5516.0,41635.0,81820.0
2025-06-20 12:06:09.093188,5516.0,41635.0,81820.0
2025-06-20 12:06:11.099600,5518.0,41635.0,81820.0
2025-06-20 12:06:13.574071,5518.0,40729.0,81839.0
2025-06-20 12:06:17.101200,5516.0,40729.0,81839.0
2025-06-20 12:06:18.872728,5516.0,41609.0,81838.0
2025-06-20 12:06:23.105821,5518.0,41609.0,81838.0
2025-06-20 12:06:24.075064,5516.0,41546.0,81942.0
2025-06-20 12:06:25.111166,5516.0,41546.0,81942.0
2025-06-20 12:06:27.119546,5516.0,41546.0,81942.0
2025-06-20 12:06:28.892981,5516.0,41514.0,81906.0
2025-06-20 12:06:29.249263,5516.0,41514.0,81906.0
2025-06-20 12:06:31.114636,5517.0,41514.0,81906.0
2025-06-20 12:06:33.105215,5516.0,41514.0,81906.0
2025-06-20 12:06:33.521025,5516.0,41444.0,81852.0
2025-06-20 12:06:35.113571,5516.0,41444.0,81852.0
2025-06-20 12:06:37.113923,5518.0,41444.0,81852.0
2025-06-20 12:06:38.101875,5517.0,41589.0,81777.0
2025-06-20 12:06:39.095436,5518.0,41589.0,81777.0
2025-06-20 12:06:41.111607,5517.0,41589.0,81777.0
2025-06-20 12:06:42.889381,5517.0,41465.0,81827.0
2025-06-20 12:06:44.088267,5518.0,41465.0,81827.0
2025-06-20 12:06:47.595574,5518.0,41614.0,81834.0
2025-06-20 12:06:51.121348,5516.5,41614.0,81834.0
2025-06-20 12:06:52.197468,5516.5,41138.0,82136.0
2025-06-20 12:06:53.111066,5517.5,41138.0,82136.0
2025-06-20 12:06:55.108395,5517.0,41138.0,82136.0
2025-06-20 12:06:57.201991,5514.5,40626.0,82018.0
2025-06-20 12:06:58.096351,5515.0,40626.0,82018.0
2025-06-20 12:06:58.869321,5515.0,40626.0,82018.0
2025-06-20 12:06:59.096163,5518.0,40626.0,82018.0
2025-06-20 12:06:59.275795,5518.0,40626.0,82018.0
2025-06-20 12:07:00.344011,5518.0,40626.0,82018.0
2025-06-20 12:07:01.064324,5518.0,40626.0,82018.0
2025-06-20 12:07:01.101039,5516.0,40626.0,82018.0
2025-06-20 12:07:01.550030,5516.0,40626.0,82018.0
2025-06-20 12:07:02.186706,5516.0,40626.0,82018.0
2025-06-20 12:07:02.516481,5516.0,41559.0,81884.0
2025-06-20 12:07:02.657909,5516.0,41559.0,81884.0
2025-06-20 12:07:03.244034,5516.0,41559.0,81884.0
2025-06-20 12:07:04.642374,5516.0,41559.0,81884.0
2025-06-20 12:07:05.094923,5518.0,41559.0,81884.0
2025-06-20 12:07:06.243414,5518.0,41559.0,81884.0
2025-06-20 12:07:07.242055,5518.0,41559.0,81884.0
2025-06-20 12:07:07.264251,5518.5,41559.0,81884.0
2025-06-20 12:07:07.818932,5518.5,41416.0,82017.0
2025-06-20 12:07:08.560176,5518.5,41416.0,82017.0
2025-06-20 12:07:09.854986,5518.5,41416.0,82017.0
2025-06-20 12:07:11.145603,5518.5,41416.0,82017.0
2025-06-20 12:07:12.780441,5518.5,41416.0,82017.0
2025-06-20 12:07:13.112465,5515.5,41416.0,82017.0
2025-06-20 12:07:13.127987,5515.5,41505.0,82027.0
2025-06-20 12:07:15.097937,5515.5,41505.0,82027.0
2025-06-20 12:07:17.121338,5518.0,41505.0,82027.0
2025-06-20 12:07:17.824739,5518.0,41869.0,81947.0
2025-06-20 12:07:23.099765,5515.0,41869.0,81947.0
2025-06-20 12:07:25.107225,5515.5,41869.0,81947.0
2025-06-20 12:07:27.124364,5515.0,41869.0,81947.0
2025-06-20 12:07:27.632400,5515.0,41639.0,81966.0
2025-06-20 12:07:29.103756,5515.5,41639.0,81966.0
2025-06-20 12:07:31.121943,5515.0,41639.0,81966.0
2025-06-20 12:07:32.541315,5515.0,41443.0,82234.0
2025-06-20 12:07:33.099575,5515.0,41443.0,82234.0
2025-06-20 12:07:35.111819,5515.0,41443.0,82234.0
2025-06-20 12:07:37.103264,5515.0,41443.0,82234.0
2025-06-20 12:07:37.942279,5515.0,41408.0,82332.0
2025-06-20 12:07:39.099773,5515.0,41408.0,82332.0
2025-06-20 12:07:41.108582,5515.5,41408.0,82332.0
2025-06-20 12:07:43.339548,5515.5,41408.0,82282.0
2025-06-20 12:07:48.744569,5515.5,41355.0,82504.0
2025-06-20 12:07:51.137730,5515.5,41355.0,82504.0
2025-06-20 12:07:54.145337,5515.5,41355.0,82467.0
2025-06-20 12:07:59.126129,5515.0,41355.0,82467.0
2025-06-20 12:07:59.453093,5515.0,41374.0,82459.0
2025-06-20 12:08:01.103701,5515.5,41374.0,82459.0
2025-06-20 12:08:03.130876,5515.0,41374.0,82459.0
2025-06-20 12:08:04.560645,5515.5,41249.0,83267.0
2025-06-20 12:08:05.100079,5515.5,41249.0,83267.0
2025-06-20 12:08:09.758559,5515.5,41306.0,83239.0
2025-06-20 12:08:11.147637,5515.0,41306.0,83239.0
2025-06-20 12:08:14.173926,5514.5,41306.0,83239.0
2025-06-20 12:08:14.665357,5515.0,41076.0,83346.0
2025-06-20 12:08:15.118916,5515.0,41076.0,83346.0
2025-06-20 12:08:17.143054,5515.0,41076.0,83346.0
2025-06-20 12:08:19.143546,5514.5,41076.0,83346.0
2025-06-20 12:08:19.664210,5514.5,41024.0,83370.0
2025-06-20 12:08:21.094668,5514.5,41024.0,83370.0
2025-06-20 12:08:23.108552,5515.0,41024.0,83370.0
2025-06-20 12:08:24.667584,5515.0,41079.0,83359.0
2025-06-20 12:08:25.098938,5514.5,41079.0,83359.0
2025-06-20 12:08:27.094213,5514.5,41079.0,83359.0
2025-06-20 12:08:29.670765,5515.0,41115.0,83351.0
2025-06-20 12:08:31.096080,5515.0,41115.0,83351.0
2025-06-20 12:08:33.103837,5514.5,41115.0,83351.0
2025-06-20 12:08:34.372755,5515.0,41044.0,83409.0
2025-06-20 12:08:35.100804,5515.0,41044.0,83409.0
2025-06-20 12:08:37.103422,5514.5,41044.0,83409.0
2025-06-20 12:08:39.075802,5514.5,41012.0,83336.0
2025-06-20 12:08:43.992662,5514.5,41012.0,83312.0
2025-06-20 12:08:45.105798,5515.0,41012.0,83312.0
2025-06-20 12:08:48.097057,5515.0,41012.0,83312.0
2025-06-20 12:08:48.888246,5515.0,41017.0,83680.0
2025-06-20 12:08:54.187150,5515.0,40995.0,83665.0
2025-06-20 12:08:57.134555,5515.0,40995.0,83665.0
2025-06-20 12:08:59.099354,5514.5,41057.0,83691.0
2025-06-20 12:08:59.136001,5514.5,41057.0,83691.0
2025-06-20 12:09:01.106684,5514.5,41057.0,83691.0
2025-06-20 12:09:03.121632,5515.0,41057.0,83691.0
2025-06-20 12:09:03.791517,5514.5,41012.0,83643.0
2025-06-20 12:09:05.127142,5514.5,41012.0,83643.0
2025-06-20 12:09:07.283368,5514.5,41012.0,83643.0
2025-06-20 12:09:09.443134,5514.5,40969.0,83679.0
2025-06-20 12:09:09.463605,5514.5,40969.0,83679.0
2025-06-20 12:09:11.108544,5515.0,40969.0,83679.0
2025-06-20 12:09:14.646722,5514.5,40969.0,83679.0
2025-06-20 12:09:14.683738,5515.0,40995.0,83842.0
2025-06-20 12:09:15.118100,5515.0,40995.0,83842.0
2025-06-20 12:09:17.112386,5514.5,40995.0,83842.0
2025-06-20 12:09:19.016278,5515.0,41107.0,83834.0
2025-06-20 12:09:19.121413,5515.0,41107.0,83834.0
2025-06-20 12:09:21.117509,5514.5,41107.0,83834.0
2025-06-20 12:09:23.910089,5514.5,41045.0,83823.0
2025-06-20 12:09:28.807969,5514.5,40945.0,83825.0
2025-06-20 12:09:29.116783,5515.0,40945.0,83825.0
2025-06-20 12:09:31.133020,5514.5,40945.0,83825.0
2025-06-20 12:09:33.610087,5515.0,41009.0,83767.0
2025-06-20 12:09:35.119752,5515.0,41009.0,83767.0
2025-06-20 12:09:37.135293,5514.5,41009.0,83767.0
2025-06-20 12:09:38.744852,5514.5,41048.0,83778.0
2025-06-20 12:09:41.128321,5515.0,41048.0,83778.0
2025-06-20 12:09:43.141960,5514.5,41048.0,83778.0
2025-06-20 12:09:43.451091,5514.5,41151.0,83761.0
2025-06-20 12:09:45.123171,5515.0,41151.0,83761.0
2025-06-20 12:09:47.124505,5514.5,41151.0,83761.0
2025-06-20 12:09:48.130043,5514.5,40982.0,84402.0
2025-06-20 12:09:51.120260,5514.5,40982.0,84402.0
2025-06-20 12:09:53.122182,5515.0,40982.0,84402.0
2025-06-20 12:09:53.335542,5515.0,40999.0,84868.0
2025-06-20 12:09:55.126161,5515.0,40999.0,84868.0
2025-06-20 12:09:57.123873,5514.5,40999.0,84868.0
2025-06-20 12:09:58.446014,5514.5,40926.0,84855.0
2025-06-20 12:09:59.114329,5515.0,40926.0,84855.0
2025-06-20 12:09:59.297844,5515.0,40926.0,84855.0
2025-06-20 12:10:00.058192,5515.0,40926.0,84855.0
2025-06-20 12:10:01.124716,5515.0,40926.0,84855.0
2025-06-20 12:10:01.232464,5515.0,40926.0,84855.0
2025-06-20 12:10:02.373587,5515.0,40926.0,84855.0
2025-06-20 12:10:03.236876,5515.0,41272.0,84534.0
2025-06-20 12:10:03.456169,5515.0,41272.0,84534.0
2025-06-20 12:10:04.863475,5515.0,41272.0,84534.0
2025-06-20 12:10:05.110330,5515.5,41272.0,84534.0
2025-06-20 12:10:06.233695,5515.5,41272.0,84534.0
2025-06-20 12:10:07.242330,5515.5,41272.0,84534.0
2025-06-20 12:10:08.106266,5512.0,41272.0,84534.0
2025-06-20 12:10:08.550050,5512.0,40292.0,85877.0
2025-06-20 12:10:08.838001,5512.0,40292.0,85877.0
2025-06-20 12:10:10.154136,5512.0,40292.0,85877.0
2025-06-20 12:10:11.110563,5511.5,40292.0,85877.0
2025-06-20 12:10:11.436879,5511.5,40292.0,85877.0
2025-06-20 12:10:13.070670,5511.5,40292.0,85877.0
2025-06-20 12:10:14.139201,5511.5,40767.0,85661.0
2025-06-20 12:10:15.122502,5513.0,40767.0,85661.0
2025-06-20 12:10:17.125032,5511.5,40767.0,85661.0
2025-06-20 12:10:19.116542,5513.0,40767.0,85661.0
2025-06-20 12:10:19.448155,5513.0,40645.0,85190.0
2025-06-20 12:10:24.449052,5513.0,40798.0,84793.0
2025-06-20 12:10:25.117138,5513.0,40798.0,84793.0
2025-06-20 12:10:27.114174,5511.5,40798.0,84793.0
2025-06-20 12:10:29.137273,5511.5,40798.0,84793.0
2025-06-20 12:10:29.563989,5513.0,40666.0,84779.0
2025-06-20 12:10:31.125352,5513.0,40666.0,84779.0
2025-06-20 12:10:33.116173,5511.5,40666.0,84779.0
2025-06-20 12:10:34.654198,5511.5,40728.0,84780.0
2025-06-20 12:10:35.114985,5513.5,40728.0,84780.0
2025-06-20 12:10:37.153524,5511.5,40728.0,84780.0
2025-06-20 12:10:39.463683,5511.5,40691.0,84887.0
2025-06-20 12:10:44.359916,5513.5,40681.0,84822.0
2025-06-20 12:10:45.121391,5513.5,40681.0,84822.0
2025-06-20 12:10:47.118292,5512.5,40681.0,84822.0
2025-06-20 12:10:49.126351,5511.5,40681.0,84822.0
2025-06-20 12:10:49.163330,5511.5,40601.0,84903.0
2025-06-20 12:10:51.121477,5514.0,40601.0,84903.0
2025-06-20 12:10:53.150119,5512.0,40601.0,84903.0
2025-06-20 12:10:53.767602,5512.0,40670.0,84011.0
2025-06-20 12:10:57.117222,5514.0,40670.0,84011.0
2025-06-20 12:10:58.071401,5514.0,40592.0,84033.0
2025-06-20 12:10:59.126560,5514.0,40592.0,84033.0
2025-06-20 12:11:01.122754,5512.0,40592.0,84033.0
2025-06-20 12:11:02.272028,5512.0,40598.0,83876.0
2025-06-20 12:11:06.974938,5512.0,40600.0,83838.0
2025-06-20 12:11:09.146517,5514.0,40600.0,83838.0
2025-06-20 12:11:11.153258,5514.0,40600.0,83838.0
2025-06-20 12:11:11.879190,5514.0,40574.0,83835.0
2025-06-20 12:11:15.130041,5514.0,40574.0,83835.0
2025-06-20 12:11:17.128091,5512.0,40574.0,83835.0
2025-06-20 12:11:17.183692,5512.0,40549.0,83574.0
2025-06-20 12:11:21.145308,5514.0,40549.0,83574.0
2025-06-20 12:11:21.991719,5512.0,40621.0,83643.0
2025-06-20 12:11:23.126787,5512.0,40621.0,83643.0
2025-06-20 12:11:26.891722,5512.0,40553.0,83702.0
2025-06-20 12:11:31.118729,5513.5,40553.0,83702.0
2025-06-20 12:11:31.498689,5513.5,40555.0,83923.0
2025-06-20 12:11:34.117785,5513.5,40555.0,83923.0
2025-06-20 12:11:36.599925,5512.0,40581.0,83883.0
2025-06-20 12:11:37.167421,5512.0,40581.0,83883.0
2025-06-20 12:11:39.118299,5512.0,40581.0,83883.0
2025-06-20 12:11:41.132019,5513.5,40581.0,83883.0
2025-06-20 12:11:46.124728,5512.0,40581.0,83883.0
2025-06-20 12:11:46.520845,5512.0,40589.0,83993.0
2025-06-20 12:11:47.144717,5513.0,40589.0,83993.0
2025-06-20 12:11:51.522743,5513.0,40581.0,83950.0
2025-06-20 12:11:53.188835,5513.0,40581.0,83950.0
2025-06-20 12:11:56.520297,5513.0,40581.0,83974.0
2025-06-20 12:11:59.120338,5513.0,40581.0,83974.0
2025-06-20 12:12:01.108750,5512.0,40523.0,83961.0
2025-06-20 12:12:02.118825,5512.0,40523.0,83961.0
2025-06-20 12:12:03.123199,5512.0,40523.0,83961.0
2025-06-20 12:12:05.129274,5513.0,40523.0,83961.0
2025-06-20 12:12:06.115759,5513.0,40532.0,83980.0
2025-06-20 12:12:07.122377,5512.0,40532.0,83980.0
2025-06-20 12:12:09.152595,5512.0,40532.0,83980.0
2025-06-20 12:12:11.112600,5513.0,40271.0,83921.0
2025-06-20 12:12:11.136109,5513.0,40271.0,83921.0
2025-06-20 12:12:13.150822,5513.0,40271.0,83921.0
2025-06-20 12:12:15.152715,5513.0,40271.0,83921.0
2025-06-20 12:12:16.134268,5512.0,40266.0,84053.0
2025-06-20 12:12:17.163336,5512.0,40266.0,84053.0
2025-06-20 12:12:20.821142,5513.0,41161.0,84125.0
2025-06-20 12:12:21.134709,5513.0,41161.0,84125.0
2025-06-20 12:12:23.127642,5513.0,41161.0,84125.0
2025-06-20 12:12:25.557254,5513.0,41199.0,84093.0
2025-06-20 12:12:27.160744,5513.0,41199.0,84093.0
2025-06-20 12:12:29.157261,5512.0,41199.0,84093.0
2025-06-20 12:12:30.437530,5512.5,41178.0,84142.0
2025-06-20 12:12:31.125570,5512.5,41178.0,84142.0
2025-06-20 12:12:33.128249,5513.0,41178.0,84142.0
2025-06-20 12:12:35.124980,5512.5,41178.0,84142.0
2025-06-20 12:12:35.326964,5512.5,41217.0,84115.0
2025-06-20 12:12:37.122461,5513.0,41217.0,84115.0
2025-06-20 12:12:39.130404,5512.5,41217.0,84115.0
2025-06-20 12:12:40.230235,5512.5,41279.0,84035.0
2025-06-20 12:12:45.133573,5513.0,41279.0,84035.0
2025-06-20 12:12:45.232465,5512.5,41249.0,83956.0
2025-06-20 12:12:47.154662,5513.0,41249.0,83956.0
2025-06-20 12:12:49.944648,5513.0,41243.0,84040.0
2025-06-20 12:12:54.740866,5513.0,41314.0,84039.0
2025-06-20 12:12:59.158581,5513.0,41314.0,84039.0
2025-06-20 12:12:59.641955,5513.0,41391.0,83981.0
2025-06-20 12:12:59.826819,5513.0,41391.0,83981.0
2025-06-20 12:13:00.254908,5513.0,41391.0,83981.0
2025-06-20 12:13:01.124936,5512.5,41391.0,83981.0
2025-06-20 12:13:01.356801,5512.5,41391.0,83981.0
2025-06-20 12:13:02.098914,5512.5,41391.0,83981.0
2025-06-20 12:13:03.197118,5512.5,41391.0,83981.0
2025-06-20 12:13:04.278744,5512.5,41391.0,83981.0
2025-06-20 12:13:04.446156,5514.0,41352.0,84005.0
2025-06-20 12:13:04.743640,5514.0,41352.0,84005.0
2025-06-20 12:13:05.135632,5512.5,41352.0,84005.0
2025-06-20 12:13:05.701876,5512.5,41352.0,84005.0
2025-06-20 12:13:07.101735,5512.5,41352.0,84005.0
2025-06-20 12:13:08.112276,5512.5,41352.0,84005.0
2025-06-20 12:13:09.250404,5513.5,41308.0,84059.0
2025-06-20 12:13:09.689951,5513.5,41308.0,84059.0
2025-06-20 12:13:10.127090,5513.5,41308.0,84059.0
2025-06-20 12:13:10.966460,5513.5,41308.0,84059.0
2025-06-20 12:13:12.247190,5513.5,41308.0,84059.0
2025-06-20 12:13:13.899672,5513.5,41308.0,84059.0
2025-06-20 12:13:14.653178,5513.5,41311.0,84046.0
2025-06-20 12:13:15.139533,5513.5,41311.0,84046.0
2025-06-20 12:13:17.138351,5512.5,41311.0,84046.0
2025-06-20 12:13:19.656817,5512.5,41229.0,83956.0
2025-06-20 12:13:21.138686,5513.5,41229.0,83956.0
2025-06-20 12:13:24.859683,5513.5,41238.0,83991.0
2025-06-20 12:13:27.135909,5512.5,41238.0,83991.0
2025-06-20 12:13:29.129760,5512.5,41238.0,83991.0
2025-06-20 12:13:30.075302,5513.5,41141.0,84146.0
2025-06-20 12:13:31.129759,5513.0,41141.0,84146.0
2025-06-20 12:13:33.131034,5513.0,41141.0,84146.0
2025-06-20 12:13:34.967391,5512.5,41057.0,84981.0
2025-06-20 12:13:35.128151,5512.5,41057.0,84981.0
2025-06-20 12:13:37.135026,5513.5,41057.0,84981.0
2025-06-20 12:13:39.136319,5512.5,41057.0,84981.0
2025-06-20 12:13:39.973259,5512.5,41049.0,84688.0
2025-06-20 12:13:43.133265,5512.5,41049.0,84688.0
2025-06-20 12:13:44.977098,5513.5,41073.0,84797.0
2025-06-20 12:13:45.157846,5512.5,41073.0,84797.0
2025-06-20 12:13:47.133038,5512.5,41073.0,84797.0
2025-06-20 12:13:49.135932,5513.0,41073.0,84797.0
2025-06-20 12:13:49.977607,5512.5,40189.0,84788.0
2025-06-20 12:13:51.144513,5512.5,40189.0,84788.0
2025-06-20 12:13:53.136778,5513.0,40189.0,84788.0
2025-06-20 12:13:54.779255,5513.0,41012.0,84826.0
2025-06-20 12:13:57.135148,5512.5,41012.0,84826.0
2025-06-20 12:13:59.134230,5512.5,41012.0,84826.0
2025-06-20 12:14:00.087170,5513.0,41045.0,84845.0
2025-06-20 12:14:01.135347,5512.5,41045.0,84845.0
2025-06-20 12:14:03.132127,5512.5,41045.0,84845.0
2025-06-20 12:14:05.139333,5512.5,41045.0,84845.0
2025-06-20 12:14:05.187479,5512.5,40957.0,84753.0
2025-06-20 12:14:07.137103,5513.5,40957.0,84753.0
2025-06-20 12:14:09.991035,5513.5,40968.0,84762.0
2025-06-20 12:14:11.136729,5513.5,40968.0,84762.0
2025-06-20 12:14:14.693138,5512.5,40851.0,85362.0
2025-06-20 12:14:15.140498,5512.5,40851.0,85362.0
2025-06-20 12:14:17.128622,5512.0,40851.0,85362.0
2025-06-20 12:14:19.128191,5511.0,40851.0,85362.0
2025-06-20 12:14:19.497665,5511.0,40554.0,85468.0
2025-06-20 12:14:21.143578,5512.5,40554.0,85468.0
2025-06-20 12:14:23.142119,5511.0,40554.0,85468.0
2025-06-20 12:14:24.302310,5511.0,40545.0,85571.0
2025-06-20 12:14:27.157504,5511.0,40545.0,85571.0
2025-06-20 12:14:28.916545,5511.0,40513.0,85462.0
2025-06-20 12:14:29.160486,5512.5,40513.0,85462.0
2025-06-20 12:14:31.142089,5511.0,40513.0,85462.0
2025-06-20 12:14:33.411177,5511.0,40561.0,85436.0
2025-06-20 12:14:35.140400,5512.5,40561.0,85436.0
2025-06-20 12:14:37.135229,5512.5,40561.0,85436.0
2025-06-20 12:14:38.311903,5512.5,40583.0,85465.0
2025-06-20 12:14:39.139490,5512.5,40583.0,85465.0
2025-06-20 12:14:43.026473,5511.0,40553.0,85488.0
2025-06-20 12:14:43.137963,5511.0,40553.0,85488.0
2025-06-20 12:14:46.127206,5511.0,40553.0,85488.0
2025-06-20 12:14:47.933115,5511.0,40565.0,85432.0
2025-06-20 12:14:48.144523,5511.0,40565.0,85432.0
2025-06-20 12:14:49.143427,5511.0,40565.0,85432.0
2025-06-20 12:14:51.135005,5511.0,40565.0,85432.0
2025-06-20 12:14:53.134029,5512.5,40565.0,85438.0
2025-06-20 12:14:53.175425,5511.0,40565.0,85438.0
2025-06-20 12:14:55.138566,5511.0,40565.0,85438.0
2025-06-20 12:14:57.623774,5512.0,40573.0,85430.0
2025-06-20 12:14:59.159639,5512.0,40573.0,85430.0
2025-06-20 12:15:02.058365,5511.0,40852.0,85069.0
2025-06-20 12:15:02.135657,5511.0,40852.0,85069.0
2025-06-20 12:15:06.732454,5511.0,40701.0,85098.0
2025-06-20 12:15:11.151678,5512.5,40701.0,85098.0
2025-06-20 12:15:11.333643,5512.5,40683.0,85191.0
2025-06-20 12:15:13.152931,5512.5,40683.0,85191.0
2025-06-20 12:15:15.137337,5512.5,40683.0,85191.0
2025-06-20 12:15:18.138687,5512.5,40683.0,85191.0
2025-06-20 12:15:19.135725,5512.5,40683.0,85191.0
2025-06-20 12:15:21.165522,5512.5,41793.0,84536.0
2025-06-20 12:15:23.139540,5512.5,41793.0,84536.0
2025-06-20 12:15:26.153706,5512.5,42030.0,84333.0
2025-06-20 12:15:27.144228,5512.5,42030.0,84333.0
2025-06-20 12:15:31.074798,5512.5,41879.0,84319.0
2025-06-20 12:15:32.141049,5514.5,41879.0,84319.0
2025-06-20 12:15:33.146583,5514.5,41879.0,84319.0
2025-06-20 12:15:35.301907,5512.5,41879.0,84319.0
2025-06-20 12:15:35.847138,5512.5,41957.0,84289.0
2025-06-20 12:15:40.578855,5512.5,42157.0,84138.0
2025-06-20 12:15:44.154267,5513.0,42157.0,84138.0
2025-06-20 12:15:45.138894,5513.0,42157.0,84138.0
2025-06-20 12:15:45.253829,5513.0,42143.0,84458.0
2025-06-20 12:15:47.134524,5513.0,42143.0,84458.0
2025-06-20 12:15:50.257558,5515.0,41926.0,84441.0
2025-06-20 12:15:51.144406,5515.0,41926.0,84441.0
2025-06-20 12:15:53.145168,5512.5,41926.0,84441.0
2025-06-20 12:15:55.076349,5512.5,41887.0,84139.0
2025-06-20 12:15:55.157387,5512.5,41887.0,84139.0
2025-06-20 12:15:57.147944,5515.0,41887.0,84139.0
2025-06-20 12:15:59.184205,5515.0,41887.0,84139.0
2025-06-20 12:15:59.865225,5515.0,42183.0,82662.0
2025-06-20 12:16:00.366319,5515.0,42183.0,82662.0
2025-06-20 12:16:01.178275,5515.0,42183.0,82662.0
2025-06-20 12:16:01.206048,5515.5,42183.0,82662.0
2025-06-20 12:16:01.591430,5515.5,42183.0,82662.0
2025-06-20 12:16:02.328134,5515.5,42183.0,82662.0
2025-06-20 12:16:03.141074,5515.0,42183.0,82662.0
2025-06-20 12:16:03.464700,5515.0,42183.0,82662.0
2025-06-20 12:16:04.576202,5515.0,42183.0,82662.0
2025-06-20 12:16:04.579952,5515.0,42366.0,82742.0
2025-06-20 12:16:04.995685,5515.0,42366.0,82742.0
2025-06-20 12:16:05.173450,5515.5,42366.0,82742.0
2025-06-20 12:16:05.996028,5515.5,42366.0,82742.0
2025-06-20 12:16:07.369945,5515.5,42366.0,82742.0
2025-06-20 12:16:08.379345,5515.5,42366.0,82742.0
2025-06-20 12:16:09.156278,5515.0,42366.0,82742.0
2025-06-20 12:16:09.266681,5515.0,42272.0,82625.0
2025-06-20 12:16:10.004387,5515.0,42272.0,82625.0
2025-06-20 12:16:11.150428,5515.5,42272.0,82625.0
2025-06-20 12:16:11.298132,5515.5,42272.0,82625.0
2025-06-20 12:16:12.599592,5515.5,42272.0,82625.0
2025-06-20 12:16:13.871293,5515.5,42655.0,82624.0
2025-06-20 12:16:14.243968,5515.5,42655.0,82624.0
2025-06-20 12:16:18.146931,5515.0,42655.0,82624.0
2025-06-20 12:16:18.973848,5515.0,42712.0,82606.0
2025-06-20 12:16:21.138130,5515.0,42712.0,82606.0
2025-06-20 12:16:24.277472,5515.0,42766.0,82534.0
2025-06-20 12:16:28.163055,5515.5,42766.0,82534.0
2025-06-20 12:16:28.987272,5515.5,42821.0,82580.0
2025-06-20 12:16:32.143662,5515.5,42821.0,82580.0
