timestamp,ltp,bid_qty,ask_qty
2025-06-20 10:10:48.217146,2702.1,52464.0,83647.0
2025-06-20 10:10:48.466503,2702.3,52531.0,83814.0
2025-06-20 10:10:48.586856,2702.3,52531.0,83814.0
2025-06-20 10:10:49.462763,2702.3,52492.0,83810.0
2025-06-20 10:10:50.465853,2701.6,51772.0,84573.0
2025-06-20 10:10:50.581021,2701.6,51772.0,84573.0
2025-06-20 10:10:51.466252,2701.6,51869.0,84512.0
2025-06-20 10:10:52.363493,2701.6,51832.0,84871.0
2025-06-20 10:10:53.467273,2702.0,51864.0,84715.0
2025-06-20 10:10:53.583452,2702.0,51864.0,84715.0
2025-06-20 10:10:54.470335,2702.0,52087.0,84801.0
2025-06-20 10:10:55.470022,2702.0,52026.0,84804.0
2025-06-20 10:10:56.465434,2702.0,50741.0,85399.0
2025-06-20 10:10:57.468476,2702.0,50471.0,85414.0
2025-06-20 10:10:58.575891,2702.0,51020.0,85625.0
2025-06-20 10:10:59.666678,2702.0,51255.0,85780.0
2025-06-20 10:11:00.969727,2702.0,51244.0,85765.0
2025-06-20 10:11:02.071945,2702.0,51271.0,85729.0
2025-06-20 10:11:03.172393,2700.8,51267.0,85259.0
2025-06-20 10:11:03.589146,2700.8,51267.0,85259.0
2025-06-20 10:11:04.273255,2700.8,51306.0,84828.0
2025-06-20 10:11:05.372435,2700.8,51323.0,84934.0
2025-06-20 10:11:06.480046,2700.1,51340.0,84995.0
2025-06-20 10:11:06.595719,2700.1,51340.0,84995.0
2025-06-20 10:11:07.587981,2700.1,51121.0,85327.0
2025-06-20 10:11:08.868373,2700.1,51337.0,85713.0
2025-06-20 10:11:09.595275,2700.8,51337.0,85713.0
2025-06-20 10:11:09.674073,2700.8,51367.0,85536.0
2025-06-20 10:11:10.921780,2700.8,51325.0,85493.0
2025-06-20 10:11:12.105585,2700.8,51348.0,85530.0
2025-06-20 10:11:12.977791,2700.8,51361.0,85524.0
2025-06-20 10:11:14.082329,2700.8,51377.0,85427.0
2025-06-20 10:11:15.078478,2700.8,51333.0,85489.0
2025-06-20 10:11:16.178340,2701.2,52435.0,83810.0
2025-06-20 10:11:16.638406,2701.2,52435.0,83810.0
2025-06-20 10:11:17.179969,2701.2,52509.0,84122.0
2025-06-20 10:11:17.601273,2702.5,52509.0,84122.0
2025-06-20 10:11:18.180495,2702.3,52390.0,84500.0
2025-06-20 10:11:18.617441,2702.3,52390.0,84500.0
2025-06-20 10:11:19.314652,2702.3,52398.0,84577.0
2025-06-20 10:11:20.186274,2701.3,52140.0,85050.0
2025-06-20 10:11:20.587635,2701.3,52140.0,85050.0
2025-06-20 10:11:21.181332,2701.3,50911.0,85632.0
2025-06-20 10:11:22.181425,2701.3,50919.0,85723.0
2025-06-20 10:11:23.282399,2701.3,51384.0,85599.0
2025-06-20 10:11:23.596263,2700.1,51384.0,85599.0
2025-06-20 10:11:24.389857,2700.1,51821.0,83805.0
2025-06-20 10:11:25.483688,2700.1,52313.0,83890.0
2025-06-20 10:11:26.875510,2700.1,51644.0,84585.0
2025-06-20 10:11:27.597666,2700.7,51644.0,84585.0
2025-06-20 10:11:27.684898,2700.7,50753.0,85054.0
2025-06-20 10:11:28.891504,2700.7,51166.0,84981.0
2025-06-20 10:11:29.900041,2700.7,51231.0,85311.0
2025-06-20 10:11:30.988864,2700.7,51225.0,85341.0
2025-06-20 10:11:32.093214,2700.7,51211.0,85248.0
2025-06-20 10:11:33.190455,2700.7,50947.0,85688.0
2025-06-20 10:11:34.298573,2700.7,50987.0,85675.0
2025-06-20 10:11:35.403414,2700.7,51291.0,85101.0
2025-06-20 10:11:36.406999,2700.7,51218.0,85337.0
2025-06-20 10:11:37.516724,2700.7,51206.0,85329.0
2025-06-20 10:11:38.585606,2699.0,51206.0,85329.0
2025-06-20 10:11:38.605038,2699.0,48149.0,86007.0
2025-06-20 10:11:39.693498,2699.0,48085.0,86652.0
2025-06-20 10:11:40.808503,2699.0,48583.0,86480.0
2025-06-20 10:11:41.938058,2699.0,47901.0,87010.0
2025-06-20 10:11:42.909217,2699.0,48391.0,86769.0
2025-06-20 10:11:43.592636,2699.6,48391.0,86769.0
2025-06-20 10:11:43.997178,2699.6,48534.0,86557.0
2025-06-20 10:11:45.104558,2699.6,48570.0,86455.0
2025-06-20 10:11:46.203682,2699.6,48819.0,86678.0
2025-06-20 10:11:47.315893,2699.6,48590.0,86750.0
2025-06-20 10:11:48.426352,2699.0,47916.0,87194.0
2025-06-20 10:11:48.588911,2699.0,47916.0,87194.0
2025-06-20 10:11:49.503074,2699.2,48377.0,87176.0
2025-06-20 10:11:49.591449,2699.2,48377.0,87176.0
2025-06-20 10:11:50.588445,2698.8,48377.0,87176.0
2025-06-20 10:11:50.614332,2698.8,47997.0,87366.0
2025-06-20 10:11:51.704106,2698.8,48018.0,87689.0
2025-06-20 10:11:53.033213,2698.8,48085.0,87809.0
2025-06-20 10:11:53.594399,2699.7,48085.0,87809.0
2025-06-20 10:11:54.008459,2699.7,48395.0,85944.0
2025-06-20 10:11:54.917304,2699.7,48198.0,86330.0
2025-06-20 10:11:56.004460,2699.7,47808.0,87131.0
2025-06-20 10:11:56.587928,2698.8,47808.0,87131.0
2025-06-20 10:11:57.104550,2698.8,47756.0,87131.0
2025-06-20 10:11:58.204445,2698.8,47837.0,85503.0
2025-06-20 10:11:59.322522,2698.8,47952.0,86301.0
2025-06-20 10:12:00.207192,2699.0,49157.0,84481.0
2025-06-20 10:12:01.593514,2700.7,49157.0,84481.0
2025-06-20 10:12:01.718382,2700.7,49490.0,85026.0
2025-06-20 10:12:02.936639,2700.7,49254.0,85237.0
2025-06-20 10:12:03.592597,2700.7,49254.0,85237.0
2025-06-20 10:12:03.822190,2698.7,49209.0,85561.0
2025-06-20 10:12:04.596627,2698.7,49209.0,85561.0
2025-06-20 10:12:04.923058,2698.7,49619.0,85648.0
2025-06-20 10:12:06.012469,2698.7,50182.0,84297.0
2025-06-20 10:12:07.009626,2701.7,50492.0,83971.0
2025-06-20 10:12:07.592849,2701.7,50492.0,83971.0
2025-06-20 10:12:08.109597,2701.7,51370.0,83417.0
2025-06-20 10:12:08.595315,2701.9,51370.0,83417.0
2025-06-20 10:12:09.109161,2701.9,50649.0,84383.0
2025-06-20 10:12:10.114224,2701.9,50161.0,84898.0
2025-06-20 10:12:11.110873,2701.9,50613.0,84555.0
2025-06-20 10:12:12.112104,2701.9,50689.0,84764.0
2025-06-20 10:12:13.112955,2701.9,50643.0,84389.0
2025-06-20 10:12:14.212398,2701.9,49565.0,85629.0
2025-06-20 10:12:14.621399,2700.7,49565.0,85629.0
2025-06-20 10:12:15.434924,2700.7,50462.0,84140.0
2025-06-20 10:12:16.430017,2700.7,51048.0,84137.0
2025-06-20 10:12:17.515301,2700.7,51379.0,83564.0
2025-06-20 10:12:18.515912,2700.7,51114.0,83222.0
2025-06-20 10:12:19.625741,2700.7,50923.0,83460.0
2025-06-20 10:12:20.631239,2700.7,50946.0,84140.0
2025-06-20 10:12:21.633408,2700.7,51685.0,83261.0
2025-06-20 10:12:22.632969,2700.7,51670.0,83271.0
2025-06-20 10:12:23.634768,2700.7,51684.0,83488.0
2025-06-20 10:12:24.635065,2700.7,51359.0,83273.0
2025-06-20 10:12:25.736425,2700.7,51262.0,83452.0
2025-06-20 10:12:26.722425,2700.7,51115.0,83543.0
2025-06-20 10:12:27.594447,2701.9,51115.0,83543.0
2025-06-20 10:12:27.938368,2701.9,51376.0,83723.0
2025-06-20 10:12:28.593251,2701.9,51376.0,83723.0
2025-06-20 10:12:28.940037,2701.9,51450.0,83889.0
2025-06-20 10:12:29.937211,2701.9,51462.0,83986.0
2025-06-20 10:12:30.595800,2701.9,51462.0,83986.0
2025-06-20 10:12:31.025872,2701.9,51359.0,83954.0
2025-06-20 10:12:32.028361,2701.9,51416.0,84161.0
2025-06-20 10:12:32.599334,2701.9,51416.0,84161.0
2025-06-20 10:12:33.128798,2701.9,51555.0,83473.0
2025-06-20 10:12:34.227794,2701.9,51524.0,83540.0
2025-06-20 10:12:35.441686,2701.9,51505.0,83816.0
2025-06-20 10:12:36.438692,2701.9,51624.0,83502.0
2025-06-20 10:12:37.530608,2701.9,51864.0,83392.0
2025-06-20 10:12:37.600892,2702.4,51864.0,83392.0
2025-06-20 10:12:38.529891,2702.4,51865.0,83652.0
2025-06-20 10:12:39.642837,2702.4,51961.0,83096.0
2025-06-20 10:12:40.517828,2702.4,51961.0,83096.0
2025-06-20 10:12:40.739509,2702.4,52197.0,83098.0
2025-06-20 10:12:40.888364,2702.4,52197.0,83098.0
2025-06-20 10:12:41.169988,2702.4,52197.0,83098.0
2025-06-20 10:12:41.844681,2702.4,52034.0,83305.0
2025-06-20 10:12:41.937463,2702.4,52034.0,83305.0
2025-06-20 10:12:42.292577,2702.4,52034.0,83305.0
2025-06-20 10:12:42.960953,2702.9,52080.0,83478.0
2025-06-20 10:12:43.437873,2702.9,52080.0,83478.0
2025-06-20 10:12:43.594101,2702.9,52080.0,83478.0
2025-06-20 10:12:43.866211,2702.9,52100.0,83470.0
2025-06-20 10:12:43.938394,2702.9,52100.0,83470.0
2025-06-20 10:12:44.651258,2702.9,52100.0,83470.0
2025-06-20 10:12:44.939463,2702.9,51385.0,83381.0
2025-06-20 10:12:45.421606,2702.9,51385.0,83381.0
2025-06-20 10:12:46.034783,2701.4,51750.0,83821.0
2025-06-20 10:12:46.598840,2701.4,51750.0,83821.0
2025-06-20 10:12:46.665441,2701.4,51750.0,83821.0
2025-06-20 10:12:47.134140,2701.4,51721.0,83814.0
2025-06-20 10:12:47.621639,2701.4,51721.0,83814.0
2025-06-20 10:12:48.234713,2702.9,52190.0,83051.0
2025-06-20 10:12:48.594614,2702.9,52190.0,83051.0
2025-06-20 10:12:49.155832,2702.9,52190.0,83051.0
2025-06-20 10:12:49.350951,2702.9,52141.0,83302.0
2025-06-20 10:12:50.465981,2702.9,52141.0,83302.0
2025-06-20 10:12:50.478910,2702.9,51665.0,83323.0
2025-06-20 10:12:51.544393,2702.9,51689.0,83537.0
2025-06-20 10:12:51.702041,2702.9,51689.0,83537.0
2025-06-20 10:12:52.647749,2702.9,51788.0,84004.0
2025-06-20 10:12:53.261555,2702.9,51788.0,84004.0
2025-06-20 10:12:53.739181,2702.9,51875.0,83873.0
2025-06-20 10:12:54.854708,2702.6,49723.0,84561.0
2025-06-20 10:12:55.596911,2702.6,49723.0,84561.0
2025-06-20 10:12:55.855210,2702.6,51018.0,84544.0
2025-06-20 10:12:56.941395,2702.6,51001.0,83378.0
2025-06-20 10:12:58.042212,2702.8,51377.0,83343.0
2025-06-20 10:12:58.599394,2702.8,51377.0,83343.0
2025-06-20 10:12:59.142588,2702.8,51355.0,83508.0
2025-06-20 10:13:00.244400,2701.8,51103.0,83606.0
2025-06-20 10:13:00.608900,2701.8,51103.0,83606.0
2025-06-20 10:13:01.416888,2701.8,51377.0,83417.0
2025-06-20 10:13:02.363156,2701.5,50790.0,84328.0
2025-06-20 10:13:02.596062,2701.5,50790.0,84328.0
2025-06-20 10:13:03.449016,2701.5,51026.0,84530.0
2025-06-20 10:13:04.553924,2701.5,51004.0,84561.0
2025-06-20 10:13:05.660645,2701.5,50841.0,84295.0
2025-06-20 10:13:06.751253,2701.5,50864.0,84122.0
2025-06-20 10:13:07.594747,2702.1,50864.0,84122.0
2025-06-20 10:13:07.864409,2702.1,51119.0,83888.0
2025-06-20 10:13:08.952677,2702.1,50833.0,83969.0
2025-06-20 10:13:10.056260,2702.1,50530.0,84044.0
2025-06-20 10:13:11.054172,2702.1,50733.0,84444.0
2025-06-20 10:13:12.156706,2702.1,50536.0,84425.0
2025-06-20 10:13:13.258518,2702.0,50874.0,84504.0
2025-06-20 10:13:13.593053,2702.0,50874.0,84504.0
2025-06-20 10:13:14.372657,2702.0,50868.0,84456.0
2025-06-20 10:13:14.596641,2700.8,50868.0,84456.0
2025-06-20 10:13:15.462462,2700.8,48207.0,85978.0
2025-06-20 10:13:16.562353,2700.6,49427.0,86386.0
2025-06-20 10:13:16.600903,2700.6,49427.0,86386.0
2025-06-20 10:13:17.664453,2700.6,49766.0,85579.0
2025-06-20 10:13:18.662444,2700.6,49986.0,85625.0
2025-06-20 10:13:19.660588,2700.6,49954.0,85565.0
2025-06-20 10:13:20.670253,2700.6,50495.0,84478.0
2025-06-20 10:13:21.762893,2700.6,50777.0,84525.0
2025-06-20 10:13:22.761315,2700.6,50772.0,84545.0
2025-06-20 10:13:23.763610,2700.6,50723.0,84623.0
2025-06-20 10:13:24.673375,2700.6,50762.0,84588.0
2025-06-20 10:13:25.764936,2700.6,50711.0,84608.0
2025-06-20 10:13:26.605073,2701.5,50711.0,84608.0
2025-06-20 10:13:26.770766,2701.5,50030.0,85034.0
2025-06-20 10:13:27.766179,2701.5,50080.0,85311.0
2025-06-20 10:13:28.595758,2700.1,50080.0,85311.0
2025-06-20 10:13:28.770593,2700.1,48881.0,84884.0
2025-06-20 10:13:29.882259,2700.1,49628.0,85174.0
2025-06-20 10:13:30.878181,2700.1,49590.0,85121.0
2025-06-20 10:13:31.596247,2699.6,49590.0,85121.0
2025-06-20 10:13:31.975466,2699.6,49103.0,85086.0
2025-06-20 10:13:33.069689,2699.6,50165.0,84585.0
2025-06-20 10:13:34.171917,2699.6,49949.0,85138.0
2025-06-20 10:13:35.271287,2699.6,50068.0,85119.0
2025-06-20 10:13:36.388214,2699.6,50046.0,85165.0
2025-06-20 10:13:37.384533,2699.6,50005.0,85177.0
2025-06-20 10:13:38.471706,2699.6,50512.0,84686.0
2025-06-20 10:13:39.575454,2699.6,50213.0,85115.0
2025-06-20 10:13:40.674725,2699.6,50667.0,85075.0
2025-06-20 10:13:41.774279,2699.6,50870.0,84847.0
2025-06-20 10:13:42.911618,2701.4,50946.0,84614.0
2025-06-20 10:13:43.597001,2701.4,50946.0,84614.0
2025-06-20 10:13:43.775905,2701.4,50981.0,84536.0
2025-06-20 10:13:44.915485,2701.4,50410.0,85652.0
2025-06-20 10:13:45.981607,2701.4,50782.0,85161.0
2025-06-20 10:13:47.080121,2701.4,50752.0,85106.0
2025-06-20 10:13:48.191189,2701.4,50968.0,85053.0
2025-06-20 10:13:48.599446,2701.4,50968.0,85053.0
2025-06-20 10:13:49.278212,2701.4,50944.0,85026.0
2025-06-20 10:13:50.396003,2701.4,50926.0,85131.0
2025-06-20 10:13:51.484394,2701.4,49926.0,86043.0
2025-06-20 10:13:52.583617,2700.6,50234.0,86125.0
2025-06-20 10:13:52.602200,2700.6,50234.0,86125.0
2025-06-20 10:13:53.685440,2700.6,50250.0,85576.0
2025-06-20 10:13:54.789282,2700.6,49957.0,86043.0
2025-06-20 10:13:55.787204,2700.6,50263.0,85605.0
2025-06-20 10:13:56.899902,2700.6,49517.0,86368.0
2025-06-20 10:13:57.983999,2700.6,49811.0,86422.0
2025-06-20 10:13:59.087494,2700.6,49523.0,86512.0
2025-06-20 10:13:59.597318,2699.7,49523.0,86512.0
2025-06-20 10:14:00.087410,2699.7,49733.0,86476.0
2025-06-20 10:14:01.716178,2699.7,49001.0,86293.0
2025-06-20 10:14:02.650497,2699.4,49001.0,86293.0
2025-06-20 10:14:02.687787,2699.4,49428.0,86656.0
2025-06-20 10:14:03.689262,2699.4,49438.0,86616.0
2025-06-20 10:14:04.603745,2699.4,49438.0,86616.0
2025-06-20 10:14:04.789797,2699.4,48200.0,87154.0
2025-06-20 10:14:05.791261,2699.4,49233.0,87086.0
2025-06-20 10:14:06.904621,2699.4,49231.0,86968.0
2025-06-20 10:14:07.991504,2699.4,49038.0,86834.0
2025-06-20 10:14:08.605740,2699.2,49038.0,86834.0
2025-06-20 10:14:08.992149,2699.2,49015.0,86660.0
2025-06-20 10:14:10.090981,2699.2,49381.0,86325.0
2025-06-20 10:14:11.193488,2699.2,49425.0,86580.0
2025-06-20 10:14:12.195686,2699.2,49497.0,85217.0
2025-06-20 10:14:13.197418,2700.1,49794.0,85826.0
2025-06-20 10:14:13.607439,2700.1,49794.0,85826.0
2025-06-20 10:14:14.202010,2700.1,48919.0,86879.0
2025-06-20 10:14:15.199001,2698.3,49192.0,86659.0
2025-06-20 10:14:15.600382,2698.3,49192.0,86659.0
2025-06-20 10:14:16.300647,2698.3,49534.0,86396.0
2025-06-20 10:14:17.200097,2698.3,49641.0,86377.0
2025-06-20 10:14:18.299562,2698.3,49629.0,86385.0
2025-06-20 10:14:19.410315,2698.3,49708.0,86441.0
2025-06-20 10:14:20.413374,2698.3,48463.0,86895.0
2025-06-20 10:14:20.603002,2698.3,48463.0,86895.0
2025-06-20 10:14:21.502794,2698.3,48939.0,87177.0
2025-06-20 10:14:22.616432,2698.3,49215.0,87012.0
2025-06-20 10:14:23.604259,2699.4,49215.0,87012.0
2025-06-20 10:14:23.617910,2699.4,49215.0,87050.0
2025-06-20 10:14:24.619842,2699.4,49787.0,86182.0
2025-06-20 10:14:25.612286,2699.4,49002.0,86813.0
2025-06-20 10:14:26.703810,2699.4,48394.0,87716.0
2025-06-20 10:14:27.601574,2698.3,48394.0,87716.0
2025-06-20 10:14:27.808194,2699.1,48110.0,87073.0
2025-06-20 10:14:28.598900,2699.1,48110.0,87073.0
2025-06-20 10:14:28.704555,2699.1,48785.0,87504.0
2025-06-20 10:14:29.704376,2699.1,48783.0,87506.0
2025-06-20 10:14:30.708199,2699.1,48713.0,87529.0
2025-06-20 10:14:31.706546,2699.1,48713.0,87529.0
2025-06-20 10:14:32.710401,2699.1,48665.0,87415.0
2025-06-20 10:14:33.603657,2699.1,48665.0,87415.0
2025-06-20 10:14:33.707776,2699.1,48557.0,87774.0
2025-06-20 10:14:34.707328,2699.1,48557.0,87663.0
2025-06-20 10:14:35.821903,2699.0,48563.0,87584.0
2025-06-20 10:14:36.612515,2699.0,48563.0,87584.0
2025-06-20 10:14:36.916834,2699.0,48563.0,87618.0
2025-06-20 10:14:38.025127,2699.0,48565.0,87598.0
2025-06-20 10:14:38.602411,2698.3,48565.0,87598.0
2025-06-20 10:14:39.110102,2698.3,48036.0,88211.0
2025-06-20 10:14:40.211551,2698.3,48531.0,88073.0
2025-06-20 10:14:41.273093,2698.3,48524.0,88244.0
2025-06-20 10:14:42.344847,2698.7,48506.0,87668.0
2025-06-20 10:14:42.602227,2698.7,48506.0,87668.0
2025-06-20 10:14:43.423127,2698.7,48443.0,87598.0
2025-06-20 10:14:44.514555,2698.7,48426.0,87826.0
2025-06-20 10:14:45.516932,2697.9,46939.0,88713.0
2025-06-20 10:14:45.605491,2697.9,46939.0,88713.0
2025-06-20 10:14:46.438002,2697.9,47502.0,89035.0
2025-06-20 10:14:47.421642,2697.9,47330.0,89071.0
2025-06-20 10:14:48.599646,2697.8,47330.0,89071.0
2025-06-20 10:14:48.630041,2697.8,46957.0,88559.0
2025-06-20 10:14:49.720102,2697.8,47613.0,88435.0
2025-06-20 10:14:50.646052,2697.8,47767.0,88412.0
2025-06-20 10:14:51.630813,2697.8,47795.0,88690.0
2025-06-20 10:14:52.651569,2697.8,47795.0,88693.0
2025-06-20 10:14:53.628387,2697.8,47474.0,88761.0
2025-06-20 10:14:54.629517,2697.8,47494.0,88773.0
2025-06-20 10:14:55.639707,2697.8,47515.0,88363.0
2025-06-20 10:14:56.601008,2698.2,47515.0,88363.0
2025-06-20 10:14:56.627477,2698.2,48114.0,86610.0
2025-06-20 10:14:57.721494,2698.2,48407.0,87126.0
2025-06-20 10:14:58.723126,2698.2,48225.0,87406.0
2025-06-20 10:14:59.637636,2698.2,48226.0,87455.0
2025-06-20 10:15:00.937905,2698.2,48593.0,86932.0
2025-06-20 10:15:02.026484,2698.2,48482.0,87302.0
2025-06-20 10:15:03.127186,2698.2,48046.0,87469.0
2025-06-20 10:15:04.130751,2698.2,48433.0,87375.0
2025-06-20 10:15:04.604657,2698.2,48433.0,87375.0
2025-06-20 10:15:05.231746,2698.2,48083.0,87002.0
2025-06-20 10:15:05.604836,2698.2,48083.0,87002.0
2025-06-20 10:15:06.229001,2698.2,48599.0,86727.0
2025-06-20 10:15:07.230914,2700.4,49409.0,85938.0
2025-06-20 10:15:07.603544,2699.9,49409.0,85938.0
2025-06-20 10:15:08.229947,2699.9,49599.0,85890.0
2025-06-20 10:15:08.602495,2699.8,49599.0,85890.0
2025-06-20 10:15:09.444691,2699.8,49129.0,86817.0
2025-06-20 10:15:10.436663,2699.8,49416.0,86451.0
2025-06-20 10:15:11.534026,2698.9,49157.0,86426.0
2025-06-20 10:15:11.604134,2698.9,49157.0,86426.0
2025-06-20 10:15:12.603996,2698.9,49157.0,86426.0
2025-06-20 10:15:12.643070,2698.9,49457.0,85781.0
2025-06-20 10:15:13.603470,2700.1,49457.0,85781.0
2025-06-20 10:15:13.734663,2700.1,50151.0,85651.0
2025-06-20 10:15:14.846967,2700.1,49830.0,85756.0
2025-06-20 10:15:15.936296,2700.1,49821.0,85750.0
2025-06-20 10:15:16.938792,2700.1,50272.0,85364.0
2025-06-20 10:15:17.938188,2700.1,50381.0,85495.0
2025-06-20 10:15:18.939265,2700.1,50381.0,85766.0
2025-06-20 10:15:19.938932,2700.1,50357.0,85551.0
2025-06-20 10:15:21.039668,2700.1,50354.0,86229.0
2025-06-20 10:15:22.140171,2700.1,50324.0,86243.0
2025-06-20 10:15:22.613841,2700.1,50324.0,86243.0
2025-06-20 10:15:23.240715,2700.8,50398.0,85232.0
2025-06-20 10:15:23.604845,2700.8,50398.0,85232.0
2025-06-20 10:15:24.147408,2700.8,50593.0,85335.0
2025-06-20 10:15:25.243894,2700.8,50524.0,84966.0
2025-06-20 10:15:25.604156,2700.8,50524.0,84966.0
2025-06-20 10:15:26.353018,2700.8,50585.0,84906.0
2025-06-20 10:15:27.446633,2700.1,50546.0,85707.0
2025-06-20 10:15:27.605252,2700.1,50546.0,85707.0
2025-06-20 10:15:28.548416,2701.2,50434.0,85709.0
2025-06-20 10:15:28.606959,2701.2,50434.0,85709.0
2025-06-20 10:15:29.613469,2700.1,50434.0,85709.0
2025-06-20 10:15:29.671617,2700.1,50494.0,85066.0
2025-06-20 10:15:30.657761,2700.1,50524.0,85126.0
2025-06-20 10:15:31.661179,2700.1,50404.0,84762.0
2025-06-20 10:15:32.747165,2700.1,50689.0,85128.0
2025-06-20 10:15:33.862055,2700.1,50583.0,85024.0
2025-06-20 10:15:34.867233,2700.1,50622.0,85031.0
2025-06-20 10:15:35.751273,2700.1,50591.0,85024.0
2025-06-20 10:15:36.751376,2700.1,50588.0,85111.0
2025-06-20 10:15:37.606093,2700.1,50588.0,85111.0
2025-06-20 10:15:37.865668,2700.1,50410.0,84993.0
2025-06-20 10:15:38.888835,2700.1,50371.0,84908.0
2025-06-20 10:15:39.865286,2700.1,50807.0,84991.0
2025-06-20 10:15:40.867314,2700.1,50805.0,84953.0
2025-06-20 10:15:40.964042,2700.1,50805.0,84953.0
2025-06-20 10:15:41.372782,2700.1,50805.0,84953.0
2025-06-20 10:15:41.953840,2700.1,50883.0,84940.0
2025-06-20 10:15:42.166781,2700.1,50883.0,84940.0
2025-06-20 10:15:42.957681,2701.2,51011.0,84676.0
2025-06-20 10:15:43.461768,2701.2,51011.0,84676.0
2025-06-20 10:15:43.608295,2701.2,51011.0,84676.0
2025-06-20 10:15:43.856586,2701.2,51011.0,84676.0
2025-06-20 10:15:43.957521,2701.2,51028.0,84099.0
2025-06-20 10:15:44.460337,2701.2,51028.0,84099.0
2025-06-20 10:15:44.608633,2701.2,51028.0,84099.0
2025-06-20 10:15:44.828318,2701.2,51028.0,84099.0
2025-06-20 10:15:45.092035,2701.5,51581.0,83223.0
2025-06-20 10:15:45.605801,2702.7,51581.0,83223.0
2025-06-20 10:15:45.776542,2702.7,51581.0,83223.0
2025-06-20 10:15:46.166410,2702.7,52023.0,83621.0
2025-06-20 10:15:46.606877,2703.4,52023.0,83621.0
2025-06-20 10:15:47.108104,2703.4,52023.0,83621.0
2025-06-20 10:15:47.172520,2703.4,52747.0,82523.0
2025-06-20 10:15:48.073839,2703.4,52747.0,82523.0
2025-06-20 10:15:48.169720,2703.6,52611.0,81719.0
2025-06-20 10:15:48.607532,2703.6,52611.0,81719.0
2025-06-20 10:15:49.184361,2703.6,52936.0,81832.0
2025-06-20 10:15:49.649482,2703.6,52936.0,81832.0
2025-06-20 10:15:50.172405,2703.4,52560.0,82283.0
2025-06-20 10:15:50.605992,2703.4,52560.0,82283.0
2025-06-20 10:15:50.885787,2703.4,52560.0,82283.0
2025-06-20 10:15:51.260612,2703.4,52685.0,82373.0
2025-06-20 10:15:52.115697,2703.4,52685.0,82373.0
2025-06-20 10:15:52.260266,2703.4,52800.0,82339.0
2025-06-20 10:15:53.262537,2704.2,52799.0,82167.0
2025-06-20 10:15:53.604969,2704.2,52799.0,82167.0
2025-06-20 10:15:53.690902,2704.2,52799.0,82167.0
2025-06-20 10:15:54.174117,2704.2,52845.0,82226.0
2025-06-20 10:15:55.796059,2704.2,53047.0,82302.0
2025-06-20 10:15:56.174610,2704.2,53138.0,82469.0
2025-06-20 10:15:56.608013,2703.4,53138.0,82469.0
2025-06-20 10:15:57.266591,2701.2,50320.0,83947.0
2025-06-20 10:15:57.676676,2701.2,50320.0,83947.0
2025-06-20 10:15:58.372745,2703.2,52265.0,83582.0
2025-06-20 10:15:58.605762,2703.2,52265.0,83582.0
2025-06-20 10:15:59.466341,2703.2,52177.0,83333.0
2025-06-20 10:16:00.379514,2703.2,52265.0,83401.0
2025-06-20 10:16:01.571053,2703.2,52668.0,82991.0
2025-06-20 10:16:02.568830,2703.2,52437.0,83775.0
2025-06-20 10:16:03.606682,2703.5,52437.0,83775.0
2025-06-20 10:16:03.680679,2703.5,52552.0,83434.0
2025-06-20 10:16:04.612396,2703.5,52552.0,83434.0
2025-06-20 10:16:04.772935,2703.5,52520.0,83354.0
2025-06-20 10:16:05.878143,2703.5,52576.0,83397.0
2025-06-20 10:16:06.611601,2703.5,52576.0,83397.0
2025-06-20 10:16:06.772788,2703.5,52613.0,83526.0
2025-06-20 10:16:07.609294,2701.9,52613.0,83526.0
2025-06-20 10:16:07.771204,2701.9,52472.0,83561.0
2025-06-20 10:16:08.878380,2701.9,52313.0,83923.0
2025-06-20 10:16:09.873327,2701.9,52337.0,84121.0
2025-06-20 10:16:10.972761,2701.9,52337.0,84182.0
2025-06-20 10:16:12.075454,2701.9,52223.0,84307.0
2025-06-20 10:16:13.173944,2701.9,51220.0,84817.0
2025-06-20 10:16:14.174602,2701.9,50393.0,84006.0
2025-06-20 10:16:15.174536,2701.9,51072.0,84819.0
2025-06-20 10:16:16.175563,2701.9,51401.0,85006.0
2025-06-20 10:16:17.175712,2701.9,51294.0,84863.0
2025-06-20 10:16:18.276841,2701.7,51442.0,84860.0
2025-06-20 10:16:18.613259,2701.7,51442.0,84860.0
2025-06-20 10:16:19.384158,2701.7,50847.0,85008.0
2025-06-20 10:16:20.476626,2701.7,51353.0,85073.0
2025-06-20 10:16:20.609694,2701.0,51353.0,85073.0
2025-06-20 10:16:21.578970,2700.4,49355.0,85854.0
2025-06-20 10:16:21.608010,2700.4,49355.0,85854.0
2025-06-20 10:16:22.678243,2700.4,50646.0,85698.0
2025-06-20 10:16:23.780011,2700.4,50574.0,85701.0
2025-06-20 10:16:24.888632,2700.4,50566.0,85675.0
2025-06-20 10:16:25.888586,2700.4,50098.0,86172.0
2025-06-20 10:16:26.980717,2700.4,49109.0,87483.0
2025-06-20 10:16:27.982683,2700.4,49399.0,87498.0
2025-06-20 10:16:29.082655,2700.4,49803.0,85839.0
2025-06-20 10:16:30.083064,2700.4,49803.0,85980.0
2025-06-20 10:16:31.084101,2700.4,49750.0,86074.0
2025-06-20 10:16:31.984800,2700.4,49606.0,86316.0
2025-06-20 10:16:32.984750,2699.5,49305.0,86585.0
2025-06-20 10:16:33.607471,2699.5,49305.0,86585.0
2025-06-20 10:16:34.086225,2699.5,49504.0,87008.0
2025-06-20 10:16:35.186887,2699.5,49509.0,87068.0
2025-06-20 10:16:36.297350,2699.5,49466.0,87002.0
2025-06-20 10:16:37.400745,2699.5,49555.0,86756.0
2025-06-20 10:16:38.403559,2699.5,47999.0,87246.0
2025-06-20 10:16:39.488730,2699.5,49038.0,87358.0
2025-06-20 10:16:40.491147,2699.5,49034.0,87603.0
2025-06-20 10:16:41.492543,2699.5,49109.0,87611.0
2025-06-20 10:16:42.493713,2699.5,49069.0,87631.0
2025-06-20 10:16:43.494185,2698.7,49095.0,87536.0
2025-06-20 10:16:43.614785,2698.7,49095.0,87536.0
2025-06-20 10:16:44.495704,2698.7,48405.0,87574.0
2025-06-20 10:16:45.492461,2698.7,48726.0,87514.0
2025-06-20 10:16:46.515540,2698.7,48659.0,87542.0
2025-06-20 10:16:47.499695,2698.7,48723.0,87573.0
2025-06-20 10:16:48.505331,2698.7,48657.0,87355.0
2025-06-20 10:16:48.610770,2698.7,48657.0,87355.0
2025-06-20 10:16:49.500236,2698.7,48426.0,87828.0
2025-06-20 10:16:50.602106,2698.7,47899.0,87913.0
2025-06-20 10:16:51.601712,2698.3,48464.0,88157.0
2025-06-20 10:16:51.611837,2698.3,48464.0,88157.0
2025-06-20 10:16:52.603905,2698.3,48458.0,88117.0
2025-06-20 10:16:53.599301,2698.3,48443.0,88008.0
2025-06-20 10:16:54.658659,2698.3,48408.0,88129.0
2025-06-20 10:16:55.708327,2698.3,48408.0,88140.0
2025-06-20 10:16:56.802941,2698.3,48408.0,88162.0
2025-06-20 10:16:57.658100,2698.3,48408.0,88162.0
2025-06-20 10:16:57.802881,2698.3,48438.0,88024.0
2025-06-20 10:16:58.611527,2698.3,48438.0,88024.0
2025-06-20 10:16:58.917377,2698.3,48456.0,88022.0
2025-06-20 10:17:00.004079,2698.3,48456.0,88021.0
2025-06-20 10:17:01.103678,2698.3,48744.0,87190.0
2025-06-20 10:17:01.612656,2698.0,48744.0,87190.0
2025-06-20 10:17:02.006363,2698.0,48674.0,87202.0
2025-06-20 10:17:02.615149,2698.0,48674.0,87202.0
2025-06-20 10:17:03.005963,2698.0,48451.0,87818.0
2025-06-20 10:17:04.006135,2698.0,48439.0,87857.0
2025-06-20 10:17:05.006762,2698.0,48456.0,87853.0
2025-06-20 10:17:06.008739,2698.0,48461.0,88048.0
2025-06-20 10:17:07.012935,2698.0,48421.0,88217.0
2025-06-20 10:17:08.010574,2698.0,48440.0,88140.0
2025-06-20 10:17:08.619150,2696.4,48440.0,88140.0
2025-06-20 10:17:09.012791,2696.4,46273.0,89675.0
2025-06-20 10:17:10.011878,2696.4,47538.0,89737.0
2025-06-20 10:17:10.919896,2696.4,47455.0,89803.0
2025-06-20 10:17:11.920828,2696.4,46447.0,90159.0
2025-06-20 10:17:12.923663,2696.9,47011.0,90080.0
2025-06-20 10:17:13.615203,2695.5,47011.0,90080.0
2025-06-20 10:17:13.922534,2695.2,46955.0,89707.0
2025-06-20 10:17:14.633782,2695.2,46955.0,89707.0
2025-06-20 10:17:14.821297,2695.2,47106.0,89766.0
2025-06-20 10:17:15.715267,2695.2,47279.0,88982.0
2025-06-20 10:17:16.714905,2695.2,47219.0,89006.0
2025-06-20 10:17:17.821374,2695.2,47252.0,88983.0
2025-06-20 10:17:18.618466,2695.9,47252.0,88983.0
2025-06-20 10:17:18.715637,2695.9,47270.0,88972.0
2025-06-20 10:17:19.717323,2695.9,47254.0,88972.0
2025-06-20 10:17:20.626799,2695.9,47257.0,88942.0
2025-06-20 10:17:21.626805,2695.9,47324.0,89008.0
2025-06-20 10:17:22.519865,2695.9,47319.0,88970.0
2025-06-20 10:17:23.521032,2695.9,47299.0,88949.0
2025-06-20 10:17:24.520536,2695.9,47305.0,88670.0
2025-06-20 10:17:25.523286,2696.8,47661.0,88683.0
2025-06-20 10:17:25.619920,2696.8,47661.0,88683.0
2025-06-20 10:17:26.444312,2696.8,47576.0,88729.0
2025-06-20 10:17:27.446903,2696.8,47487.0,88800.0
2025-06-20 10:17:27.615067,2696.8,47487.0,88800.0
2025-06-20 10:17:28.431503,2697.0,47567.0,88810.0
2025-06-20 10:17:28.614397,2697.0,47567.0,88810.0
2025-06-20 10:17:29.432998,2697.0,47506.0,88607.0
2025-06-20 10:17:30.446988,2697.0,47461.0,88593.0
2025-06-20 10:17:31.451264,2697.0,47495.0,88678.0
2025-06-20 10:17:32.448570,2697.0,47515.0,88233.0
2025-06-20 10:17:33.339260,2697.0,47605.0,88289.0
2025-06-20 10:17:34.366983,2697.7,48965.0,85884.0
2025-06-20 10:17:34.619565,2697.7,48965.0,85884.0
2025-06-20 10:17:35.352886,2697.7,48205.0,87058.0
2025-06-20 10:17:36.355370,2699.8,48275.0,86537.0
2025-06-20 10:17:36.615890,2699.8,48275.0,86537.0
2025-06-20 10:17:37.366300,2699.8,48588.0,86722.0
2025-06-20 10:17:38.229211,2699.8,48659.0,86368.0
2025-06-20 10:17:39.229068,2699.8,48562.0,86957.0
2025-06-20 10:17:40.229438,2699.8,48509.0,86376.0
2025-06-20 10:17:41.131044,2699.8,48814.0,86405.0
2025-06-20 10:17:42.131395,2699.8,48882.0,86406.0
2025-06-20 10:17:43.032156,2699.2,48932.0,86363.0
2025-06-20 10:17:43.643737,2699.2,48932.0,86363.0
2025-06-20 10:17:44.039255,2699.2,49034.0,86019.0
2025-06-20 10:17:45.034042,2699.2,48912.0,86577.0
2025-06-20 10:17:46.031158,2699.2,48934.0,86667.0
2025-06-20 10:17:47.033080,2699.2,48950.0,86622.0
2025-06-20 10:17:48.033211,2699.2,49092.0,86315.0
2025-06-20 10:17:48.617825,2699.2,49092.0,86315.0
2025-06-20 10:17:49.032740,2699.2,48913.0,86599.0
2025-06-20 10:17:50.033497,2699.2,48897.0,86374.0
2025-06-20 10:17:50.617637,2696.6,48897.0,86374.0
2025-06-20 10:17:51.034751,2696.6,47704.0,87658.0
2025-06-20 10:17:52.034366,2696.6,48454.0,87312.0
2025-06-20 10:17:53.036269,2696.6,48541.0,87235.0
2025-06-20 10:17:54.037117,2696.6,48477.0,87286.0
2025-06-20 10:17:55.036891,2696.6,48507.0,87286.0
2025-06-20 10:17:56.038339,2696.6,48493.0,87323.0
2025-06-20 10:17:56.942693,2696.6,47392.0,88548.0
2025-06-20 10:17:57.938679,2696.6,47898.0,88629.0
2025-06-20 10:17:58.865179,2696.6,47899.0,88617.0
2025-06-20 10:17:59.868406,2696.6,47919.0,88173.0
2025-06-20 10:18:01.239733,2696.6,47678.0,88547.0
2025-06-20 10:18:02.143371,2697.7,48021.0,87413.0
2025-06-20 10:18:02.623718,2697.7,48021.0,87413.0
2025-06-20 10:18:03.142902,2697.7,48301.0,87669.0
2025-06-20 10:18:04.043256,2697.7,48062.0,88062.0
2025-06-20 10:18:04.620749,2697.7,48062.0,88062.0
2025-06-20 10:18:05.043716,2697.7,48102.0,87871.0
2025-06-20 10:18:06.045568,2697.7,48077.0,88122.0
2025-06-20 10:18:07.045279,2697.7,48059.0,88049.0
2025-06-20 10:18:07.945596,2697.7,48109.0,88137.0
2025-06-20 10:18:08.952231,2698.4,49026.0,85677.0
2025-06-20 10:18:09.619957,2698.4,49026.0,85677.0
2025-06-20 10:18:09.862105,2698.4,49269.0,85792.0
2025-06-20 10:18:10.864491,2698.4,49340.0,86046.0
2025-06-20 10:18:11.863829,2698.4,49321.0,86007.0
2025-06-20 10:18:12.877285,2698.9,49338.0,85998.0
2025-06-20 10:18:13.621852,2698.9,49338.0,85998.0
2025-06-20 10:18:13.863022,2698.9,49314.0,85998.0
2025-06-20 10:18:14.859669,2698.9,48555.0,86723.0
2025-06-20 10:18:15.861078,2698.9,48995.0,86771.0
2025-06-20 10:18:16.864822,2698.9,48909.0,86751.0
2025-06-20 10:18:17.862229,2698.9,48952.0,86425.0
2025-06-20 10:18:18.622995,2698.9,48952.0,86425.0
2025-06-20 10:18:18.868370,2698.9,48932.0,86676.0
2025-06-20 10:18:19.864304,2698.9,48877.0,86754.0
2025-06-20 10:18:20.869691,2698.9,47832.0,87962.0
2025-06-20 10:18:21.756154,2698.9,47519.0,87670.0
2025-06-20 10:18:22.757335,2698.9,48008.0,87656.0
2025-06-20 10:18:23.913641,2698.9,47993.0,87775.0
2025-06-20 10:18:24.622203,2697.0,47993.0,87775.0
2025-06-20 10:18:24.756847,2697.0,48260.0,87727.0
2025-06-20 10:18:25.756494,2697.0,47981.0,87477.0
2025-06-20 10:18:26.757304,2697.0,48164.0,87185.0
2025-06-20 10:18:27.758781,2697.0,47900.0,87452.0
2025-06-20 10:18:28.670003,2697.0,47902.0,87509.0
2025-06-20 10:18:29.664957,2697.0,47951.0,87651.0
2025-06-20 10:18:30.670356,2697.0,48219.0,87450.0
2025-06-20 10:18:31.661368,2697.0,48282.0,87362.0
2025-06-20 10:18:32.669307,2697.0,48216.0,87477.0
2025-06-20 10:18:33.661551,2697.0,48219.0,87739.0
2025-06-20 10:18:34.667113,2697.0,48232.0,87653.0
2025-06-20 10:18:35.567528,2697.0,48181.0,87597.0
2025-06-20 10:18:36.564776,2697.0,47875.0,87244.0
2025-06-20 10:18:37.562466,2697.0,48212.0,87322.0
2025-06-20 10:18:38.569243,2697.0,47765.0,88116.0
2025-06-20 10:18:39.576677,2697.0,47981.0,87832.0
2025-06-20 10:18:40.465446,2697.0,48206.0,87700.0
2025-06-20 10:18:40.628159,2697.0,48206.0,87700.0
2025-06-20 10:18:41.583002,2697.0,48206.0,87700.0
2025-06-20 10:18:41.591970,2697.0,48208.0,87701.0
2025-06-20 10:18:41.672819,2697.0,48208.0,87701.0
2025-06-20 10:18:42.124786,2697.0,48208.0,87701.0
2025-06-20 10:18:42.634569,2697.0,48300.0,87498.0
2025-06-20 10:18:42.731094,2697.0,48300.0,87498.0
2025-06-20 10:18:43.308038,2697.0,48300.0,87498.0
2025-06-20 10:18:43.569877,2698.0,48993.0,86806.0
2025-06-20 10:18:43.624629,2698.0,48993.0,86806.0
2025-06-20 10:18:43.947080,2698.0,48993.0,86806.0
2025-06-20 10:18:44.436113,2698.0,48993.0,86806.0
2025-06-20 10:18:44.641377,2697.9,48599.0,87041.0
2025-06-20 10:18:44.692338,2697.9,48599.0,87041.0
2025-06-20 10:18:45.018918,2697.9,48599.0,87041.0
2025-06-20 10:18:45.431532,2697.9,48599.0,87041.0
2025-06-20 10:18:45.465969,2697.9,48636.0,87420.0
2025-06-20 10:18:46.390225,2697.9,48636.0,87420.0
2025-06-20 10:18:46.470073,2697.9,48220.0,87333.0
2025-06-20 10:18:47.468762,2697.9,48710.0,87243.0
2025-06-20 10:18:47.682588,2697.9,48710.0,87243.0
2025-06-20 10:18:48.470865,2697.9,48788.0,86390.0
2025-06-20 10:18:48.682321,2697.9,48788.0,86390.0
2025-06-20 10:18:49.470358,2697.9,48754.0,86775.0
2025-06-20 10:18:50.190003,2697.9,48754.0,86775.0
2025-06-20 10:18:50.472637,2697.9,48774.0,86753.0
2025-06-20 10:18:50.626820,2697.8,48774.0,86753.0
2025-06-20 10:18:51.458937,2697.8,48774.0,86753.0
2025-06-20 10:18:51.471340,2697.8,48133.0,87790.0
2025-06-20 10:18:52.383686,2697.8,48310.0,87588.0
2025-06-20 10:18:52.719596,2697.8,48310.0,87588.0
2025-06-20 10:18:53.386344,2697.8,48148.0,87123.0
2025-06-20 10:18:54.435908,2697.8,48148.0,87123.0
2025-06-20 10:18:54.438921,2697.8,48622.0,87638.0
2025-06-20 10:18:55.385949,2698.1,49213.0,86146.0
2025-06-20 10:18:55.642036,2698.1,49213.0,86146.0
2025-06-20 10:18:56.384532,2699.0,49122.0,86789.0
2025-06-20 10:18:56.624705,2699.0,49122.0,86789.0
2025-06-20 10:18:57.385290,2699.0,49047.0,86941.0
2025-06-20 10:18:58.274178,2699.0,49085.0,86836.0
2025-06-20 10:18:59.273968,2699.0,49099.0,87102.0
2025-06-20 10:19:00.280860,2699.0,49054.0,87108.0
2025-06-20 10:19:01.588704,2699.0,49179.0,87110.0
2025-06-20 10:19:02.629002,2698.3,49179.0,87110.0
2025-06-20 10:19:02.674904,2698.3,47915.0,87372.0
2025-06-20 10:19:03.778888,2698.3,48757.0,87230.0
2025-06-20 10:19:04.782749,2698.3,48780.0,86738.0
2025-06-20 10:19:05.880068,2698.3,48799.0,87282.0
2025-06-20 10:19:06.976594,2698.3,48801.0,87272.0
2025-06-20 10:19:08.078066,2698.3,48803.0,86890.0
2025-06-20 10:19:09.086813,2698.3,48751.0,87282.0
2025-06-20 10:19:10.077151,2698.3,48764.0,87118.0
2025-06-20 10:19:10.637343,2698.8,48764.0,87118.0
2025-06-20 10:19:11.079115,2698.8,48772.0,87120.0
2025-06-20 10:19:12.182531,2698.3,48390.0,87718.0
2025-06-20 10:19:12.624785,2698.3,48390.0,87718.0
2025-06-20 10:19:13.279929,2698.8,48686.0,87271.0
2025-06-20 10:19:13.632051,2698.8,48686.0,87271.0
2025-06-20 10:19:14.397463,2698.3,48267.0,87636.0
2025-06-20 10:19:14.635425,2698.3,48267.0,87636.0
2025-06-20 10:19:15.481432,2698.6,48347.0,87512.0
2025-06-20 10:19:15.638765,2697.0,48347.0,87512.0
2025-06-20 10:19:16.589961,2697.0,48456.0,87967.0
2025-06-20 10:19:17.683351,2697.0,48447.0,88003.0
2025-06-20 10:19:18.692991,2698.6,48447.0,88003.0
2025-06-20 10:19:18.830671,2698.6,48397.0,88097.0
2025-06-20 10:19:19.895117,2698.6,48084.0,88106.0
2025-06-20 10:19:20.987878,2698.6,48459.0,87494.0
2025-06-20 10:19:21.678217,2697.9,48459.0,87494.0
2025-06-20 10:19:22.088866,2697.9,49098.0,86684.0
2025-06-20 10:19:23.188191,2697.9,48808.0,86770.0
2025-06-20 10:19:24.289939,2697.9,48836.0,86736.0
2025-06-20 10:19:25.403587,2697.9,48858.0,87004.0
2025-06-20 10:19:26.492312,2697.9,47646.0,87580.0
2025-06-20 10:19:27.593267,2698.5,48008.0,87783.0
2025-06-20 10:19:27.681733,2698.5,48008.0,87783.0
2025-06-20 10:19:28.684618,2698.5,48008.0,87783.0
2025-06-20 10:19:28.693117,2698.5,48530.0,87887.0
2025-06-20 10:19:29.873298,2697.1,48530.0,87887.0
2025-06-20 10:19:29.885388,2697.1,48461.0,88032.0
2025-06-20 10:19:30.907449,2697.1,48408.0,88140.0
2025-06-20 10:19:31.997743,2697.1,48415.0,88185.0
2025-06-20 10:19:33.098811,2697.1,47750.0,88786.0
2025-06-20 10:19:33.647098,2697.1,47750.0,88786.0
2025-06-20 10:19:34.204756,2697.1,47704.0,88789.0
2025-06-20 10:19:35.203837,2697.1,47703.0,89189.0
2025-06-20 10:19:36.299925,2697.1,47183.0,89199.0
2025-06-20 10:19:36.628728,2697.1,47183.0,89199.0
2025-06-20 10:19:37.477517,2697.1,47657.0,89402.0
2025-06-20 10:19:37.697049,2697.1,47657.0,89402.0
2025-06-20 10:19:38.626882,2697.1,47657.0,89402.0
2025-06-20 10:19:39.005998,2697.1,47663.0,89239.0
2025-06-20 10:19:40.104074,2697.1,47589.0,89549.0
2025-06-20 10:19:41.183272,2697.1,47629.0,89012.0
2025-06-20 10:19:42.105550,2697.1,47391.0,89047.0
2025-06-20 10:19:43.205393,2697.1,47480.0,89132.0
2025-06-20 10:19:44.305034,2697.1,47409.0,89281.0
2025-06-20 10:19:45.420480,2697.1,47401.0,89372.0
2025-06-20 10:19:46.510259,2697.1,47434.0,89254.0
2025-06-20 10:19:47.512425,2697.1,47360.0,89237.0
2025-06-20 10:19:48.614503,2697.1,47479.0,89017.0
2025-06-20 10:19:49.716197,2697.1,47505.0,89204.0
2025-06-20 10:19:50.634569,2697.4,47505.0,89204.0
2025-06-20 10:19:50.816210,2697.4,47579.0,89097.0
2025-06-20 10:19:51.926817,2697.4,47573.0,89139.0
2025-06-20 10:19:52.932282,2697.4,47613.0,88996.0
2025-06-20 10:19:54.019860,2697.4,47539.0,89194.0
2025-06-20 10:19:54.635317,2697.5,47539.0,89194.0
2025-06-20 10:19:55.121164,2697.5,47531.0,89192.0
2025-06-20 10:19:56.226428,2697.5,47531.0,89191.0
2025-06-20 10:19:57.327660,2697.5,47490.0,89180.0
2025-06-20 10:19:58.433074,2697.5,47559.0,89119.0
2025-06-20 10:19:58.631495,2697.5,47559.0,89119.0
2025-06-20 10:19:59.436111,2697.5,47548.0,89129.0
2025-06-20 10:20:02.228747,2697.5,47335.0,88683.0
2025-06-20 10:20:03.229548,2698.3,48741.0,86629.0
2025-06-20 10:20:03.638749,2698.3,48741.0,86629.0
2025-06-20 10:20:04.234251,2698.3,48743.0,86852.0
2025-06-20 10:20:04.638625,2699.1,48743.0,86852.0
2025-06-20 10:20:06.131781,2699.1,48521.0,87240.0
2025-06-20 10:20:07.035013,2699.1,48611.0,87122.0
2025-06-20 10:20:08.034871,2699.1,48642.0,87312.0
2025-06-20 10:20:08.641865,2696.1,48642.0,87312.0
2025-06-20 10:20:08.939863,2696.1,46060.0,89229.0
2025-06-20 10:20:09.841272,2696.1,47302.0,89797.0
2025-06-20 10:20:10.914668,2696.1,46932.0,89237.0
2025-06-20 10:20:11.842896,2696.1,46837.0,89523.0
2025-06-20 10:20:12.849104,2696.1,47134.0,89622.0
2025-06-20 10:20:13.850217,2696.1,46811.0,89345.0
2025-06-20 10:20:14.760224,2696.1,47056.0,89608.0
2025-06-20 10:20:15.747688,2696.1,47064.0,89616.0
2025-06-20 10:20:16.685328,2696.1,47019.0,89688.0
2025-06-20 10:20:17.684464,2696.1,47020.0,89672.0
2025-06-20 10:20:18.539683,2696.8,47129.0,89554.0
2025-06-20 10:20:18.639019,2696.8,47129.0,89554.0
2025-06-20 10:20:19.439925,2696.8,47065.0,89471.0
2025-06-20 10:20:19.638903,2696.8,47065.0,89471.0
2025-06-20 10:20:20.451489,2696.8,47085.0,89425.0
2025-06-20 10:20:21.442101,2696.8,47319.0,89447.0
2025-06-20 10:20:22.446342,2696.8,47319.0,89454.0
2025-06-20 10:20:23.446268,2696.8,47270.0,89464.0
2025-06-20 10:20:25.249216,2696.8,47276.0,89521.0
2025-06-20 10:20:26.253452,2696.8,47691.0,89208.0
2025-06-20 10:20:27.291265,2696.9,48007.0,88338.0
2025-06-20 10:20:27.701496,2696.9,48007.0,88338.0
2025-06-20 10:20:28.422337,2697.1,47985.0,88646.0
2025-06-20 10:20:28.646310,2697.1,47985.0,88646.0
2025-06-20 10:20:29.276525,2697.1,47960.0,88631.0
2025-06-20 10:20:30.152510,2697.1,47960.0,88657.0
2025-06-20 10:20:31.157205,2697.1,47972.0,88814.0
2025-06-20 10:20:32.165928,2697.1,47959.0,88862.0
2025-06-20 10:20:33.154741,2697.1,47954.0,88877.0
2025-06-20 10:20:34.157841,2697.1,47973.0,88909.0
2025-06-20 10:20:35.156823,2697.1,47977.0,88923.0
2025-06-20 10:20:36.161401,2697.1,47989.0,88938.0
2025-06-20 10:20:37.158291,2697.1,47989.0,88576.0
2025-06-20 10:20:38.160345,2697.2,47981.0,88625.0
2025-06-20 10:20:38.643321,2697.2,47981.0,88625.0
2025-06-20 10:20:39.161645,2697.2,47845.0,88948.0
2025-06-20 10:20:40.160187,2697.2,47824.0,88979.0
2025-06-20 10:20:41.159987,2697.2,47852.0,89042.0
2025-06-20 10:20:42.163583,2697.2,47868.0,89011.0
2025-06-20 10:20:43.164312,2697.2,47865.0,89102.0
2025-06-20 10:20:43.646417,2697.2,47865.0,89102.0
2025-06-20 10:20:44.165657,2697.2,47833.0,89076.0
2025-06-20 10:20:45.165043,2697.2,47873.0,89011.0
2025-06-20 10:20:46.165386,2697.2,47873.0,89139.0
2025-06-20 10:20:46.641570,2697.2,47873.0,89139.0
2025-06-20 10:20:47.165928,2697.2,48434.0,88927.0
2025-06-20 10:20:48.168811,2697.2,48333.0,88942.0
2025-06-20 10:20:48.643770,2697.2,48333.0,88942.0
2025-06-20 10:20:49.172466,2697.2,48099.0,89246.0
2025-06-20 10:20:50.169466,2697.2,48008.0,89398.0
2025-06-20 10:20:51.168918,2697.2,47923.0,89328.0
2025-06-20 10:20:52.271536,2697.2,48009.0,89353.0
2025-06-20 10:20:53.276079,2697.2,48025.0,89389.0
2025-06-20 10:20:54.273135,2697.2,48041.0,89410.0
2025-06-20 10:20:55.384119,2697.2,48024.0,89441.0
2025-06-20 10:20:56.611711,2697.3,47953.0,89338.0
2025-06-20 10:20:56.643891,2697.3,47953.0,89338.0
2025-06-20 10:20:57.473629,2697.3,47975.0,89291.0
2025-06-20 10:20:57.646245,2697.3,47975.0,89291.0
2025-06-20 10:20:58.571745,2697.3,48011.0,89251.0
2025-06-20 10:20:58.642357,2697.3,48011.0,89251.0
2025-06-20 10:20:59.653420,2697.3,48011.0,89251.0
2025-06-20 10:20:59.682763,2697.3,47990.0,89251.0
2025-06-20 10:21:01.399155,2697.3,48022.0,89026.0
2025-06-20 10:21:02.405649,2697.3,48067.0,89016.0
2025-06-20 10:21:02.655673,2697.2,48067.0,89016.0
2025-06-20 10:21:03.452992,2697.2,48022.0,89109.0
2025-06-20 10:21:04.271953,2697.2,48012.0,89170.0
2025-06-20 10:21:05.274236,2697.1,47553.0,89357.0
2025-06-20 10:21:05.648508,2697.1,47553.0,89357.0
2025-06-20 10:21:06.271731,2697.1,47566.0,89409.0
2025-06-20 10:21:07.177697,2697.1,47585.0,89433.0
2025-06-20 10:21:08.279356,2697.1,47634.0,89349.0
2025-06-20 10:21:09.281368,2697.1,47641.0,89251.0
2025-06-20 10:21:10.176131,2697.1,47616.0,89222.0
2025-06-20 10:21:10.648380,2697.2,47616.0,89222.0
2025-06-20 10:21:11.079497,2697.2,47675.0,89223.0
2025-06-20 10:21:12.078448,2697.2,47674.0,89179.0
2025-06-20 10:21:13.077979,2697.2,47721.0,89241.0
2025-06-20 10:21:13.978038,2697.2,47711.0,89243.0
2025-06-20 10:21:15.127536,2697.2,47722.0,89243.0
2025-06-20 10:21:15.894364,2697.2,47783.0,89230.0
2025-06-20 10:21:16.909690,2697.2,47742.0,89257.0
2025-06-20 10:21:17.783582,2697.2,47734.0,89298.0
2025-06-20 10:21:18.646805,2697.2,47734.0,89298.0
2025-06-20 10:21:18.781547,2697.2,47829.0,88760.0
2025-06-20 10:21:19.684882,2697.2,47918.0,88957.0
2025-06-20 10:21:20.704788,2697.2,47623.0,88775.0
2025-06-20 10:21:21.686061,2697.2,47623.0,88776.0
2025-06-20 10:21:22.685207,2697.2,47600.0,88806.0
2025-06-20 10:21:23.684775,2697.2,47641.0,88834.0
2025-06-20 10:21:24.585992,2697.2,47670.0,88753.0
2025-06-20 10:21:25.491012,2697.2,47631.0,88848.0
2025-06-20 10:21:26.490072,2697.0,47750.0,88618.0
2025-06-20 10:21:26.647710,2697.0,47750.0,88618.0
2025-06-20 10:21:27.493068,2697.0,47741.0,88620.0
2025-06-20 10:21:28.614060,2697.0,47739.0,88646.0
2025-06-20 10:21:29.429107,2697.0,47791.0,88532.0
2025-06-20 10:21:30.428889,2697.0,47763.0,87783.0
2025-06-20 10:21:30.653420,2697.0,47763.0,87783.0
2025-06-20 10:21:31.405979,2697.0,47800.0,87768.0
2025-06-20 10:21:32.640167,2697.0,47406.0,87934.0
2025-06-20 10:21:33.482983,2697.0,47511.0,88528.0
2025-06-20 10:21:33.654327,2697.0,47511.0,88528.0
2025-06-20 10:21:34.403953,2697.0,47643.0,88306.0
2025-06-20 10:21:35.296886,2697.0,47728.0,87572.0
2025-06-20 10:21:36.294723,2697.0,47769.0,87756.0
2025-06-20 10:21:37.191072,2697.1,47878.0,87639.0
2025-06-20 10:21:37.697042,2697.5,47878.0,87639.0
2025-06-20 10:21:38.097882,2697.5,47509.0,87978.0
2025-06-20 10:21:38.992003,2697.5,47971.0,88227.0
2025-06-20 10:21:39.911840,2697.5,48060.0,88131.0
2025-06-20 10:21:40.922832,2697.5,48067.0,88042.0
2025-06-20 10:21:41.798353,2697.5,48079.0,88065.0
2025-06-20 10:21:41.806715,2697.5,48079.0,88065.0
2025-06-20 10:21:42.179463,2697.5,48079.0,88065.0
2025-06-20 10:21:42.805809,2697.5,48128.0,87504.0
2025-06-20 10:21:43.093026,2697.5,48128.0,87504.0
2025-06-20 10:21:43.706346,2697.5,48185.0,87789.0
2025-06-20 10:21:43.722598,2697.5,48185.0,87789.0
2025-06-20 10:21:44.434779,2697.5,48185.0,87789.0
2025-06-20 10:21:44.648051,2698.2,48185.0,87789.0
2025-06-20 10:21:44.700708,2698.2,47835.0,87810.0
2025-06-20 10:21:44.846591,2698.2,47835.0,87810.0
2025-06-20 10:21:45.476987,2698.2,47835.0,87810.0
2025-06-20 10:21:45.700281,2698.2,47824.0,88346.0
2025-06-20 10:21:45.823393,2698.2,47824.0,88346.0
2025-06-20 10:21:46.746882,2698.2,47803.0,88440.0
2025-06-20 10:21:46.834151,2698.2,47803.0,88440.0
2025-06-20 10:21:47.802413,2697.9,47304.0,88464.0
2025-06-20 10:21:48.141930,2697.9,47304.0,88464.0
2025-06-20 10:21:48.660531,2697.9,47304.0,88464.0
2025-06-20 10:21:48.934854,2697.9,47870.0,88478.0
2025-06-20 10:21:49.119088,2697.9,47870.0,88478.0
2025-06-20 10:21:49.806569,2697.9,47878.0,88347.0
2025-06-20 10:21:50.706894,2697.9,47878.0,88347.0
2025-06-20 10:21:50.802449,2697.9,47783.0,88878.0
2025-06-20 10:21:51.806206,2697.9,47723.0,88886.0
2025-06-20 10:21:51.954556,2697.9,47723.0,88886.0
2025-06-20 10:21:52.938551,2697.9,47725.0,89103.0
2025-06-20 10:21:53.187251,2697.9,47725.0,89103.0
2025-06-20 10:21:54.009819,2697.9,47748.0,89108.0
2025-06-20 10:21:54.801815,2697.9,47748.0,89108.0
2025-06-20 10:21:55.015163,2697.9,47731.0,89074.0
2025-06-20 10:21:56.111263,2697.9,47731.0,89034.0
2025-06-20 10:21:57.211387,2697.9,47730.0,89072.0
2025-06-20 10:21:58.211650,2697.9,47748.0,89040.0
2025-06-20 10:21:59.443377,2697.9,47742.0,88991.0
2025-06-20 10:22:00.309804,2697.3,47601.0,89234.0
2025-06-20 10:22:01.691495,2697.3,47601.0,89234.0
2025-06-20 10:22:01.707103,2697.3,47700.0,89093.0
2025-06-20 10:22:02.722491,2697.3,47754.0,88867.0
2025-06-20 10:22:03.646311,2697.3,47754.0,88867.0
2025-06-20 10:22:03.808730,2697.3,47818.0,88936.0
2025-06-20 10:22:04.935470,2697.3,47955.0,88895.0
2025-06-20 10:22:05.944051,2697.3,47907.0,88967.0
2025-06-20 10:22:06.811753,2697.3,47889.0,89008.0
2025-06-20 10:22:08.027108,2697.3,47879.0,89054.0
2025-06-20 10:22:09.013102,2697.3,47859.0,89010.0
2025-06-20 10:22:10.120668,2697.3,47864.0,89097.0
2025-06-20 10:22:11.513945,2697.3,47615.0,89196.0
2025-06-20 10:22:12.214539,2697.3,47620.0,89295.0
2025-06-20 10:22:13.432826,2697.3,47630.0,89538.0
2025-06-20 10:22:14.428267,2697.3,47666.0,89469.0
2025-06-20 10:22:15.515087,2697.3,47624.0,89428.0
2025-06-20 10:22:16.616808,2697.3,47739.0,89215.0
2025-06-20 10:22:17.619072,2697.3,47756.0,89334.0
2025-06-20 10:22:18.519364,2696.8,47705.0,89398.0
2025-06-20 10:22:18.689479,2696.8,47705.0,89398.0
2025-06-20 10:22:19.618901,2696.8,47708.0,89416.0
2025-06-20 10:22:20.723367,2696.8,47735.0,89416.0
2025-06-20 10:22:21.820879,2696.8,47752.0,89415.0
2025-06-20 10:22:22.934673,2696.8,48687.0,89285.0
2025-06-20 10:22:23.946076,2696.8,48710.0,89278.0
2025-06-20 10:22:24.937448,2696.8,48706.0,89502.0
2025-06-20 10:22:25.937922,2696.8,48721.0,89536.0
2025-06-20 10:22:26.938274,2696.8,48722.0,89536.0
2025-06-20 10:22:27.649153,2696.1,48722.0,89536.0
2025-06-20 10:22:28.033255,2696.1,48688.0,89500.0
2025-06-20 10:22:29.127386,2696.1,48715.0,89503.0
2025-06-20 10:22:30.226390,2696.1,48715.0,89536.0
2025-06-20 10:22:31.226558,2696.1,48716.0,89536.0
2025-06-20 10:22:32.330123,2696.1,48716.0,89536.0
2025-06-20 10:22:33.332417,2696.1,48678.0,89546.0
2025-06-20 10:22:34.527122,2696.1,48689.0,89524.0
2025-06-20 10:22:35.627340,2696.1,48652.0,89488.0
2025-06-20 10:22:36.531383,2696.6,48647.0,89482.0
2025-06-20 10:22:36.652699,2696.6,48647.0,89482.0
2025-06-20 10:22:37.732976,2696.6,48666.0,89583.0
2025-06-20 10:22:38.831805,2696.6,48666.0,89620.0
2025-06-20 10:22:39.834315,2696.6,48667.0,89621.0
2025-06-20 10:22:40.940660,2696.6,48630.0,89629.0
2025-06-20 10:22:41.943479,2696.6,48675.0,89582.0
2025-06-20 10:22:43.039844,2696.5,48703.0,89559.0
2025-06-20 10:22:43.660028,2696.5,48703.0,89559.0
2025-06-20 10:22:44.137230,2696.5,48707.0,89544.0
2025-06-20 10:22:45.136880,2696.5,48714.0,89574.0
2025-06-20 10:22:46.235917,2696.5,48730.0,89636.0
2025-06-20 10:22:47.339900,2696.5,48775.0,89684.0
2025-06-20 10:22:48.238935,2696.4,48778.0,89637.0
2025-06-20 10:22:48.659909,2696.4,48778.0,89637.0
2025-06-20 10:22:49.442448,2696.4,48918.0,88834.0
2025-06-20 10:22:50.551393,2696.4,48912.0,89230.0
2025-06-20 10:22:51.539675,2696.4,48864.0,89300.0
2025-06-20 10:22:52.555997,2696.4,48915.0,89290.0
2025-06-20 10:22:53.449692,2696.4,48899.0,89247.0
2025-06-20 10:22:54.443121,2696.4,48900.0,89298.0
2025-06-20 10:22:55.540377,2696.4,48818.0,89385.0
2025-06-20 10:22:56.641116,2696.4,48759.0,89523.0
2025-06-20 10:22:57.546141,2696.4,48781.0,89523.0
2025-06-20 10:22:58.661186,2696.4,48778.0,89562.0
2025-06-20 10:22:59.645016,2696.4,48813.0,89562.0
2025-06-20 10:23:01.157266,2696.4,48834.0,89549.0
2025-06-20 10:23:03.726217,2696.4,48834.0,89549.0
2025-06-20 10:23:07.163161,2696.4,48798.0,89425.0
2025-06-20 10:23:12.855847,2696.4,48808.0,89478.0
2025-06-20 10:23:13.657836,2696.1,48808.0,89478.0
2025-06-20 10:23:18.616110,2696.0,48102.0,89584.0
2025-06-20 10:23:19.668112,2696.0,48102.0,89584.0
2025-06-20 10:23:24.461247,2696.0,48368.0,89276.0
2025-06-20 10:23:30.265574,2696.0,48495.0,89191.0
2025-06-20 10:23:31.699640,2696.0,48495.0,89191.0
2025-06-20 10:23:33.660944,2696.3,48495.0,89191.0
2025-06-20 10:23:35.665650,2696.3,48495.0,89191.0
2025-06-20 10:23:35.895252,2696.3,48331.0,89563.0
2025-06-20 10:23:41.987140,2696.3,48583.0,89272.0
2025-06-20 10:23:43.665522,2696.1,48583.0,89272.0
2025-06-20 10:23:45.685021,2696.3,48583.0,89272.0
2025-06-20 10:23:47.981160,2696.3,48674.0,89321.0
2025-06-20 10:23:49.661650,2696.3,48674.0,89321.0
2025-06-20 10:23:51.701121,2696.3,48674.0,89321.0
2025-06-20 10:23:53.708647,2696.3,48586.0,89379.0
2025-06-20 10:23:55.669455,2696.2,48586.0,89379.0
2025-06-20 10:23:59.623270,2696.0,46855.0,90549.0
2025-06-20 10:23:59.664096,2695.4,46855.0,90549.0
2025-06-20 10:24:03.663141,2696.2,46855.0,90549.0
2025-06-20 10:24:04.786944,2695.9,47316.0,89346.0
2025-06-20 10:24:05.666405,2695.9,47316.0,89346.0
2025-06-20 10:24:09.770844,2695.3,47316.0,89346.0
2025-06-20 10:24:10.568662,2695.1,46921.0,90488.0
2025-06-20 10:24:11.704214,2695.1,46921.0,90488.0
2025-06-20 10:24:16.330786,2695.1,47242.0,90227.0
2025-06-20 10:24:21.801212,2695.1,52101.0,90063.0
2025-06-20 10:24:27.438915,2695.1,52076.0,90360.0
2025-06-20 10:24:29.671199,2695.7,52076.0,90360.0
2025-06-20 10:24:33.210395,2695.7,52142.0,90390.0
2025-06-20 10:24:33.665521,2695.7,52142.0,90390.0
2025-06-20 10:24:39.110364,2695.7,51979.0,90417.0
2025-06-20 10:24:42.293902,2695.7,51979.0,90417.0
2025-06-20 10:24:43.503115,2695.7,51979.0,90417.0
2025-06-20 10:24:44.036256,2695.7,51979.0,90417.0
2025-06-20 10:24:44.948668,2695.7,51952.0,90618.0
2025-06-20 10:24:45.060738,2695.7,51952.0,90618.0
2025-06-20 10:24:46.076843,2695.7,51952.0,90618.0
2025-06-20 10:24:47.695826,2695.7,51952.0,90618.0
2025-06-20 10:24:48.787182,2695.7,51952.0,90618.0
2025-06-20 10:24:49.677901,2695.4,51952.0,90618.0
2025-06-20 10:24:49.798088,2695.4,51952.0,90618.0
2025-06-20 10:24:50.715059,2695.4,52063.0,90378.0
2025-06-20 10:24:51.293598,2695.4,52063.0,90378.0
2025-06-20 10:24:52.570754,2695.4,52063.0,90378.0
2025-06-20 10:24:53.668843,2695.3,52063.0,90378.0
2025-06-20 10:24:53.818785,2695.3,52063.0,90378.0
2025-06-20 10:24:55.456665,2695.3,52063.0,90378.0
2025-06-20 10:24:56.449923,2695.3,51657.0,90573.0
2025-06-20 10:24:59.664455,2695.3,51657.0,90573.0
2025-06-20 10:25:01.319297,2695.2,51682.0,90469.0
2025-06-20 10:25:01.663224,2695.2,51682.0,90469.0
2025-06-20 10:25:02.323538,2695.1,51645.0,90288.0
2025-06-20 10:25:02.660061,2695.1,51645.0,90288.0
2025-06-20 10:25:03.451951,2695.1,51680.0,90189.0
2025-06-20 10:25:04.519139,2695.1,51681.0,90362.0
2025-06-20 10:25:05.455257,2695.1,51708.0,90364.0
2025-06-20 10:25:06.521903,2695.1,51677.0,90418.0
2025-06-20 10:25:07.526931,2695.1,51732.0,90197.0
2025-06-20 10:25:08.624121,2695.1,51655.0,90396.0
2025-06-20 10:25:09.655142,2695.1,51646.0,90256.0
2025-06-20 10:25:10.628078,2695.1,51629.0,90506.0
2025-06-20 10:25:11.627680,2695.1,51683.0,90214.0
2025-06-20 10:25:12.731368,2695.1,51679.0,90038.0
2025-06-20 10:25:13.656901,2695.1,51679.0,90038.0
2025-06-20 10:25:13.727963,2695.1,51735.0,90089.0
2025-06-20 10:25:14.727280,2695.1,51618.0,89761.0
2025-06-20 10:25:15.733698,2695.1,51648.0,90036.0
2025-06-20 10:25:16.669300,2695.2,51648.0,90036.0
2025-06-20 10:25:16.727352,2695.2,50825.0,90106.0
2025-06-20 10:25:17.728786,2695.2,51583.0,90089.0
2025-06-20 10:25:18.662140,2695.2,51583.0,90089.0
2025-06-20 10:25:19.513901,2695.2,51344.0,90089.0
2025-06-20 10:25:20.533548,2695.2,51600.0,90202.0
2025-06-20 10:25:21.631001,2695.2,51687.0,89909.0
2025-06-20 10:25:21.655829,2695.2,51687.0,89909.0
2025-06-20 10:25:22.659088,2695.7,51687.0,89909.0
2025-06-20 10:25:22.730431,2695.7,52185.0,88749.0
2025-06-20 10:25:23.858125,2695.7,52098.0,88947.0
2025-06-20 10:25:24.946517,2695.7,52131.0,88956.0
2025-06-20 10:25:25.834580,2695.7,52077.0,89292.0
2025-06-20 10:25:27.013384,2695.7,52117.0,89327.0
2025-06-20 10:25:28.035471,2695.7,52164.0,89296.0
2025-06-20 10:25:29.134239,2695.7,52098.0,88962.0
2025-06-20 10:25:29.657602,2695.5,52098.0,88962.0
2025-06-20 10:25:30.263321,2695.5,51783.0,89448.0
2025-06-20 10:25:31.238650,2695.5,51807.0,89150.0
2025-06-20 10:25:32.338538,2695.8,51864.0,88890.0
2025-06-20 10:25:32.660606,2695.4,51864.0,88890.0
2025-06-20 10:25:33.338370,2695.4,51636.0,88219.0
2025-06-20 10:25:34.447695,2695.4,51943.0,88390.0
2025-06-20 10:25:35.343125,2695.4,51932.0,88347.0
2025-06-20 10:25:36.543747,2695.4,51837.0,88343.0
2025-06-20 10:25:37.542972,2695.4,51865.0,88605.0
2025-06-20 10:25:38.552935,2696.1,51946.0,88236.0
2025-06-20 10:25:38.659627,2696.1,51946.0,88236.0
2025-06-20 10:25:39.644405,2696.1,51940.0,88235.0
2025-06-20 10:25:40.891805,2696.1,51908.0,88188.0
2025-06-20 10:25:41.955952,2696.1,51908.0,88255.0
2025-06-20 10:25:43.047786,2695.4,51901.0,88514.0
2025-06-20 10:25:43.737975,2695.4,51901.0,88514.0
2025-06-20 10:25:43.978185,2695.4,51947.0,88172.0
2025-06-20 10:25:45.151238,2695.4,51932.0,88544.0
2025-06-20 10:25:46.250136,2695.2,51930.0,88472.0
2025-06-20 10:25:46.662388,2695.2,51930.0,88472.0
2025-06-20 10:25:47.350083,2695.2,51903.0,88443.0
2025-06-20 10:25:48.463254,2695.2,51912.0,88457.0
2025-06-20 10:25:49.552357,2695.2,51880.0,88544.0
2025-06-20 10:25:50.553731,2695.2,51906.0,88634.0
2025-06-20 10:25:51.552573,2695.2,51916.0,88391.0
2025-06-20 10:25:52.655348,2695.2,51953.0,88613.0
2025-06-20 10:25:53.752434,2695.2,51945.0,88436.0
2025-06-20 10:25:54.667787,2695.4,51945.0,88436.0
2025-06-20 10:25:54.856122,2695.4,51934.0,88783.0
2025-06-20 10:25:55.856406,2695.4,51848.0,88765.0
2025-06-20 10:25:56.954920,2696.0,52957.0,87363.0
2025-06-20 10:25:57.670704,2696.0,52957.0,87363.0
2025-06-20 10:25:57.958327,2696.1,53088.0,87989.0
2025-06-20 10:25:58.665865,2696.1,53088.0,87989.0
2025-06-20 10:25:59.059298,2696.1,53083.0,88021.0
2025-06-20 10:26:00.257191,2696.1,53037.0,88060.0
2025-06-20 10:26:01.575958,2696.1,53007.0,88200.0
2025-06-20 10:26:02.566057,2696.1,53038.0,88137.0
2025-06-20 10:26:03.571970,2696.1,52855.0,88114.0
2025-06-20 10:26:03.664245,2696.1,52855.0,88114.0
2025-06-20 10:26:04.571280,2696.1,53093.0,88156.0
2025-06-20 10:26:05.666175,2696.1,52870.0,88231.0
2025-06-20 10:26:06.767063,2696.1,53121.0,88346.0
2025-06-20 10:26:07.764221,2696.1,53230.0,88082.0
2025-06-20 10:26:08.661224,2696.2,53230.0,88082.0
2025-06-20 10:26:08.866712,2696.2,53551.0,87840.0
2025-06-20 10:26:09.964287,2696.2,53319.0,87735.0
2025-06-20 10:26:10.662442,2696.5,53319.0,87735.0
2025-06-20 10:26:10.967421,2696.5,53676.0,87682.0
2025-06-20 10:26:12.075273,2696.5,53075.0,87614.0
2025-06-20 10:26:13.173693,2696.5,53202.0,87781.0
2025-06-20 10:26:14.173578,2697.1,53514.0,86346.0
2025-06-20 10:26:14.662739,2697.1,53514.0,86346.0
2025-06-20 10:26:15.171807,2697.1,53281.0,86484.0
2025-06-20 10:26:16.270411,2697.1,53548.0,86619.0
2025-06-20 10:26:17.372052,2697.1,53531.0,87019.0
2025-06-20 10:26:18.479354,2697.1,53931.0,86077.0
2025-06-20 10:26:19.586747,2697.1,53904.0,86044.0
2025-06-20 10:26:20.582024,2697.1,53913.0,86424.0
2025-06-20 10:26:21.686758,2697.1,53495.0,86433.0
2025-06-20 10:26:22.777139,2697.1,53498.0,86580.0
2025-06-20 10:26:23.776995,2697.1,53785.0,86618.0
2025-06-20 10:26:24.778890,2697.1,53934.0,86560.0
2025-06-20 10:26:25.778468,2697.1,53884.0,86627.0
2025-06-20 10:26:26.777171,2697.1,53834.0,86701.0
2025-06-20 10:26:27.781275,2697.1,54059.0,86529.0
2025-06-20 10:26:28.663553,2698.6,54059.0,86529.0
2025-06-20 10:26:28.790842,2698.6,54119.0,85797.0
2025-06-20 10:26:29.783322,2698.6,54061.0,86197.0
2025-06-20 10:26:30.781948,2698.6,54045.0,86150.0
2025-06-20 10:26:31.670250,2698.6,54045.0,86150.0
2025-06-20 10:26:31.888656,2698.6,54041.0,85953.0
2025-06-20 10:26:32.888932,2698.6,53943.0,85923.0
2025-06-20 10:26:33.660771,2698.6,53943.0,85923.0
2025-06-20 10:26:33.937190,2698.6,53957.0,85919.0
2025-06-20 10:26:34.984235,2698.6,54256.0,85503.0
2025-06-20 10:26:35.675355,2698.6,54256.0,85503.0
2025-06-20 10:26:35.984038,2698.6,54313.0,85476.0
2025-06-20 10:26:36.667799,2698.9,54313.0,85476.0
2025-06-20 10:26:36.984620,2698.9,54004.0,85422.0
2025-06-20 10:26:37.985354,2698.9,54161.0,85411.0
2025-06-20 10:26:38.987613,2698.9,53692.0,85484.0
2025-06-20 10:26:39.671481,2698.9,53692.0,85484.0
2025-06-20 10:26:39.893907,2698.9,53873.0,85508.0
2025-06-20 10:26:40.897544,2698.9,53860.0,85717.0
2025-06-20 10:26:41.896568,2698.9,53921.0,85716.0
2025-06-20 10:26:42.987758,2698.9,53959.0,85761.0
2025-06-20 10:26:44.087681,2697.9,53802.0,85801.0
2025-06-20 10:26:44.808601,2697.9,53802.0,85801.0
2025-06-20 10:26:45.089273,2697.9,53771.0,86154.0
2025-06-20 10:26:46.096235,2698.8,54199.0,85514.0
2025-06-20 10:26:46.709639,2698.8,54199.0,85514.0
2025-06-20 10:26:47.197383,2698.8,54137.0,85954.0
2025-06-20 10:26:48.312256,2698.8,53881.0,85915.0
2025-06-20 10:26:48.662303,2698.8,53881.0,85915.0
2025-06-20 10:26:49.412016,2698.8,53779.0,86134.0
2025-06-20 10:26:49.696326,2698.8,53779.0,86134.0
2025-06-20 10:26:50.502115,2698.8,53811.0,85992.0
2025-06-20 10:26:51.675306,2698.9,53965.0,85709.0
2025-06-20 10:26:51.689394,2698.9,53965.0,85709.0
2025-06-20 10:26:52.601058,2698.9,53764.0,85629.0
2025-06-20 10:26:53.712565,2698.9,53849.0,85387.0
2025-06-20 10:26:54.804062,2698.9,53820.0,85371.0
2025-06-20 10:26:56.073450,2698.9,53820.0,85371.0
2025-06-20 10:26:56.104472,2698.9,54269.0,85152.0
2025-06-20 10:26:57.019832,2698.9,54001.0,85296.0
2025-06-20 10:26:58.010753,2698.9,53758.0,85560.0
2025-06-20 10:26:59.105202,2698.9,53864.0,85675.0
2025-06-20 10:27:00.209055,2698.9,54143.0,85677.0
2025-06-20 10:27:01.511839,2698.8,54379.0,85199.0
2025-06-20 10:27:01.672898,2698.8,54379.0,85199.0
2025-06-20 10:27:02.607382,2700.0,55434.0,82380.0
2025-06-20 10:27:02.677805,2700.0,55434.0,82380.0
2025-06-20 10:27:03.675911,2702.2,55434.0,82380.0
2025-06-20 10:27:03.736330,2702.2,53798.0,83067.0
2025-06-20 10:27:04.830053,2702.2,53764.0,83023.0
2025-06-20 10:27:05.817121,2702.2,53823.0,83232.0
2025-06-20 10:27:06.696225,2700.4,53823.0,83232.0
2025-06-20 10:27:06.812056,2700.4,53789.0,83216.0
2025-06-20 10:27:07.813634,2700.4,53873.0,83262.0
2025-06-20 10:27:08.945387,2700.4,53580.0,83375.0
2025-06-20 10:27:10.012911,2700.4,53963.0,83123.0
2025-06-20 10:27:10.949981,2700.4,54011.0,82969.0
2025-06-20 10:27:12.024888,2700.4,54048.0,83020.0
2025-06-20 10:27:12.662528,2702.2,54048.0,83020.0
2025-06-20 10:27:13.114512,2702.8,53374.0,82684.0
2025-06-20 10:27:13.662615,2702.8,53374.0,82684.0
2025-06-20 10:27:14.216961,2702.8,53853.0,82642.0
2025-06-20 10:27:15.316503,2702.8,54229.0,81848.0
2025-06-20 10:27:16.438134,2702.8,53976.0,82031.0
2025-06-20 10:27:17.525203,2702.8,54080.0,81917.0
2025-06-20 10:27:18.555658,2702.8,54000.0,81937.0
2025-06-20 10:27:18.666134,2702.8,54000.0,81937.0
2025-06-20 10:27:19.624379,2702.8,53709.0,82499.0
2025-06-20 10:27:19.657267,2702.8,53709.0,82499.0
2025-06-20 10:27:20.731571,2702.8,53762.0,82447.0
2025-06-20 10:27:21.825766,2702.8,53715.0,82434.0
2025-06-20 10:27:22.668585,2702.7,53715.0,82434.0
2025-06-20 10:27:22.955481,2702.7,54517.0,81949.0
2025-06-20 10:27:24.172534,2702.7,53924.0,81988.0
2025-06-20 10:27:24.673384,2702.7,53924.0,81988.0
2025-06-20 10:27:25.380173,2702.7,53690.0,82769.0
2025-06-20 10:27:26.230380,2702.7,53024.0,83531.0
2025-06-20 10:27:27.328050,2702.7,53501.0,83521.0
2025-06-20 10:27:28.326594,2701.9,52868.0,83349.0
2025-06-20 10:27:28.676134,2701.9,52868.0,83349.0
2025-06-20 10:27:29.448512,2701.9,53571.0,82893.0
2025-06-20 10:27:30.455563,2701.9,53737.0,82181.0
2025-06-20 10:27:31.535062,2701.9,53859.0,82420.0
2025-06-20 10:27:31.665924,2702.8,53859.0,82420.0
2025-06-20 10:27:32.468594,2702.8,54509.0,82065.0
2025-06-20 10:27:33.555822,2702.8,54736.0,82039.0
2025-06-20 10:27:34.633609,2702.8,54363.0,81966.0
2025-06-20 10:27:35.746027,2702.8,54665.0,81896.0
2025-06-20 10:27:36.667157,2702.9,54665.0,81896.0
2025-06-20 10:27:36.840384,2702.9,54219.0,81819.0
2025-06-20 10:27:37.665288,2702.9,54219.0,81819.0
2025-06-20 10:27:37.773934,2703.4,54363.0,81499.0
2025-06-20 10:27:38.703526,2703.4,54363.0,81499.0
2025-06-20 10:27:38.853632,2703.4,54491.0,81604.0
2025-06-20 10:27:39.671224,2702.9,54491.0,81604.0
2025-06-20 10:27:40.041491,2702.9,54172.0,81674.0
2025-06-20 10:27:41.041655,2702.9,54185.0,81667.0
2025-06-20 10:27:41.663377,2704.1,54185.0,81667.0
2025-06-20 10:27:42.141413,2704.2,54196.0,81192.0
2025-06-20 10:27:42.668417,2704.2,54196.0,81192.0
2025-06-20 10:27:42.705903,2702.9,54196.0,81192.0
2025-06-20 10:27:43.024866,2702.9,54196.0,81192.0
2025-06-20 10:27:43.241529,2703.9,54138.0,81836.0
2025-06-20 10:27:43.324859,2703.9,54138.0,81836.0
2025-06-20 10:27:43.673094,2704.0,54138.0,81836.0
2025-06-20 10:27:43.689323,2704.0,54138.0,81836.0
2025-06-20 10:27:44.268269,2704.0,54138.0,81836.0
2025-06-20 10:27:44.269561,2704.0,53568.0,82223.0
2025-06-20 10:27:44.625672,2704.0,53568.0,82223.0
2025-06-20 10:27:45.274144,2704.0,53568.0,82223.0
2025-06-20 10:27:45.342334,2703.6,53716.0,81680.0
2025-06-20 10:27:45.666016,2703.6,53716.0,81680.0
2025-06-20 10:27:45.768183,2703.6,53716.0,81680.0
2025-06-20 10:27:46.291245,2703.6,53716.0,81680.0
2025-06-20 10:27:46.461641,2703.6,54116.0,81897.0
2025-06-20 10:27:46.738550,2703.6,54116.0,81897.0
2025-06-20 10:27:47.552164,2703.6,54062.0,81996.0
2025-06-20 10:27:47.710039,2703.6,54062.0,81996.0
2025-06-20 10:27:48.648801,2703.6,53581.0,82174.0
2025-06-20 10:27:48.668838,2703.6,53581.0,82174.0
2025-06-20 10:27:49.007908,2703.6,53581.0,82174.0
2025-06-20 10:27:49.757450,2703.6,53817.0,82230.0
2025-06-20 10:27:49.998430,2703.6,53817.0,82230.0
2025-06-20 10:27:50.755586,2703.6,53646.0,81911.0
2025-06-20 10:27:51.516153,2703.6,53646.0,81911.0
2025-06-20 10:27:51.752192,2703.6,53918.0,82209.0
2025-06-20 10:27:52.816793,2703.6,53918.0,82209.0
2025-06-20 10:27:52.853954,2703.6,53966.0,81636.0
2025-06-20 10:27:53.961183,2703.6,53727.0,81879.0
2025-06-20 10:27:54.021757,2703.6,53727.0,81879.0
2025-06-20 10:27:55.051578,2703.6,53925.0,82056.0
2025-06-20 10:27:55.618858,2703.6,53925.0,82056.0
2025-06-20 10:27:56.152677,2703.6,53980.0,81990.0
2025-06-20 10:27:56.673032,2702.9,53980.0,81990.0
2025-06-20 10:27:57.176267,2702.9,53966.0,82271.0
2025-06-20 10:27:58.156828,2702.9,53697.0,81915.0
2025-06-20 10:27:59.155305,2702.9,54006.0,82055.0
2025-06-20 10:28:00.157248,2702.9,54068.0,81747.0
2025-06-20 10:28:01.661097,2702.8,53128.0,82674.0
2025-06-20 10:28:01.711595,2702.8,53128.0,82674.0
2025-06-20 10:28:02.559499,2702.8,53550.0,82637.0
2025-06-20 10:28:03.469342,2702.8,53827.0,82745.0
2025-06-20 10:28:03.678043,2703.7,53827.0,82745.0
2025-06-20 10:28:04.559441,2702.6,53116.0,83546.0
2025-06-20 10:28:04.665048,2702.6,53116.0,83546.0
2025-06-20 10:28:05.663178,2702.6,53172.0,83505.0
2025-06-20 10:28:06.762665,2702.6,53103.0,84092.0
2025-06-20 10:28:07.761765,2702.6,52991.0,84104.0
2025-06-20 10:28:08.864851,2702.6,53168.0,83560.0
2025-06-20 10:28:09.970901,2702.6,53115.0,84088.0
2025-06-20 10:28:11.062534,2702.6,53390.0,84122.0
2025-06-20 10:28:12.171741,2702.6,53298.0,84061.0
2025-06-20 10:28:13.267146,2702.6,53105.0,84117.0
2025-06-20 10:28:14.366169,2702.6,53040.0,84231.0
2025-06-20 10:28:15.470202,2702.6,52950.0,84955.0
2025-06-20 10:28:16.572441,2702.6,53122.0,84283.0
2025-06-20 10:28:17.678919,2702.6,53183.0,84442.0
2025-06-20 10:28:18.663498,2701.1,53183.0,84442.0
2025-06-20 10:28:18.772088,2701.1,52944.0,84637.0
2025-06-20 10:28:19.886559,2701.1,53196.0,85109.0
2025-06-20 10:28:20.989126,2701.1,53168.0,84906.0
2025-06-20 10:28:21.663371,2700.9,53168.0,84906.0
2025-06-20 10:28:21.972910,2700.9,53385.0,84430.0
2025-06-20 10:28:23.070475,2700.9,53381.0,84243.0
2025-06-20 10:28:24.179449,2700.9,53434.0,84323.0
2025-06-20 10:28:24.666277,2700.9,53434.0,84323.0
2025-06-20 10:28:25.273005,2700.9,53205.0,84448.0
2025-06-20 10:28:26.381822,2700.9,53077.0,84039.0
2025-06-20 10:28:27.485385,2700.9,53162.0,84009.0
2025-06-20 10:28:28.584806,2700.9,53175.0,84029.0
2025-06-20 10:28:29.687451,2700.9,53155.0,84167.0
2025-06-20 10:28:30.782480,2700.9,53385.0,84018.0
2025-06-20 10:28:32.107968,2700.9,53422.0,84093.0
2025-06-20 10:28:32.982613,2700.9,53503.0,84124.0
2025-06-20 10:28:33.893818,2700.9,53434.0,84166.0
2025-06-20 10:28:35.119074,2700.9,53448.0,84171.0
2025-06-20 10:28:35.985637,2700.9,53513.0,83868.0
2025-06-20 10:28:36.673383,2701.2,53513.0,83868.0
2025-06-20 10:28:37.085390,2701.2,53550.0,84011.0
2025-06-20 10:28:38.187344,2701.2,53573.0,84039.0
2025-06-20 10:28:39.186618,2701.2,53529.0,84159.0
2025-06-20 10:28:40.285360,2701.2,53724.0,84046.0
2025-06-20 10:28:41.288635,2701.2,53684.0,84053.0
2025-06-20 10:28:42.387407,2701.2,53826.0,83458.0
2025-06-20 10:28:43.386676,2701.2,54208.0,82977.0
2025-06-20 10:28:44.489172,2702.8,53584.0,82756.0
2025-06-20 10:28:44.667242,2702.8,53584.0,82756.0
2025-06-20 10:28:45.387212,2702.8,53637.0,83411.0
2025-06-20 10:28:46.487093,2702.8,54055.0,82764.0
2025-06-20 10:28:47.587065,2702.8,53654.0,83065.0
2025-06-20 10:28:48.789113,2702.8,54172.0,82763.0
2025-06-20 10:28:49.803961,2702.8,53841.0,82415.0
2025-06-20 10:28:50.913032,2702.8,54182.0,82482.0
2025-06-20 10:28:51.902093,2702.8,53874.0,82423.0
2025-06-20 10:28:52.996383,2702.8,53597.0,82423.0
2025-06-20 10:28:53.666553,2702.8,53597.0,82423.0
2025-06-20 10:28:54.089306,2702.8,53714.0,82308.0
2025-06-20 10:28:55.192850,2702.8,53889.0,82180.0
2025-06-20 10:28:56.294226,2702.8,53577.0,82346.0
2025-06-20 10:28:57.397115,2702.8,53780.0,82344.0
2025-06-20 10:28:58.497131,2703.3,53875.0,82216.0
2025-06-20 10:28:58.668022,2703.3,53875.0,82216.0
2025-06-20 10:28:59.595143,2703.3,53905.0,82261.0
2025-06-20 10:29:00.792055,2703.3,53920.0,82289.0
2025-06-20 10:29:01.792007,2703.3,53970.0,81968.0
2025-06-20 10:29:02.901210,2703.3,54408.0,81303.0
2025-06-20 10:29:03.996831,2704.9,54547.0,81809.0
2025-06-20 10:29:04.708900,2704.8,54547.0,81809.0
2025-06-20 10:29:05.010746,2704.8,53861.0,81054.0
2025-06-20 10:29:05.997908,2704.8,54465.0,81461.0
2025-06-20 10:29:06.996961,2704.9,53737.0,81732.0
2025-06-20 10:29:07.666675,2704.9,53737.0,81732.0
2025-06-20 10:29:07.999158,2704.9,53787.0,81714.0
2025-06-20 10:29:08.666149,2704.9,53787.0,81714.0
2025-06-20 10:29:09.003413,2704.9,54247.0,81878.0
2025-06-20 10:29:09.999625,2704.9,54209.0,81950.0
2025-06-20 10:29:10.907784,2704.9,54257.0,81884.0
2025-06-20 10:29:11.909342,2704.9,54394.0,81286.0
2025-06-20 10:29:12.912112,2704.8,54369.0,81688.0
2025-06-20 10:29:13.667586,2704.8,54369.0,81688.0
2025-06-20 10:29:13.917049,2704.8,54367.0,81699.0
2025-06-20 10:29:14.667244,2703.4,54367.0,81699.0
2025-06-20 10:29:14.915134,2703.4,54231.0,81896.0
2025-06-20 10:29:15.670113,2703.0,54231.0,81896.0
2025-06-20 10:29:16.142807,2704.5,54201.0,81985.0
2025-06-20 10:29:16.669882,2704.5,54201.0,81985.0
2025-06-20 10:29:17.011686,2704.5,54248.0,81984.0
2025-06-20 10:29:18.006009,2704.5,54080.0,81714.0
2025-06-20 10:29:18.760840,2704.5,54080.0,81714.0
2025-06-20 10:29:19.029562,2704.5,54077.0,81744.0
2025-06-20 10:29:19.669495,2702.3,54077.0,81744.0
2025-06-20 10:29:20.017583,2702.3,53934.0,82485.0
2025-06-20 10:29:20.667869,2703.7,53934.0,82485.0
2025-06-20 10:29:21.012163,2703.7,53966.0,82536.0
2025-06-20 10:29:22.009538,2703.7,53959.0,82185.0
2025-06-20 10:29:23.018759,2703.7,53992.0,82477.0
2025-06-20 10:29:24.027626,2703.7,53788.0,82612.0
2025-06-20 10:29:24.668585,2701.7,53788.0,82612.0
2025-06-20 10:29:25.111480,2701.7,53093.0,83835.0
2025-06-20 10:29:26.214199,2701.7,51643.0,84144.0
2025-06-20 10:29:27.318744,2701.7,53151.0,83616.0
2025-06-20 10:29:28.322435,2701.7,53801.0,83897.0
2025-06-20 10:29:29.315437,2701.7,53866.0,83936.0
2025-06-20 10:29:30.467217,2701.7,53861.0,83634.0
2025-06-20 10:29:30.710787,2702.5,53861.0,83634.0
2025-06-20 10:29:31.433213,2701.3,53865.0,83648.0
2025-06-20 10:29:31.671216,2701.3,53865.0,83648.0
2025-06-20 10:29:32.516778,2701.3,53832.0,83721.0
2025-06-20 10:29:33.616697,2702.5,53781.0,83784.0
2025-06-20 10:29:33.672645,2702.5,53781.0,83784.0
2025-06-20 10:29:34.730290,2702.5,53546.0,83906.0
2025-06-20 10:29:35.821671,2702.5,53541.0,83845.0
2025-06-20 10:29:36.667175,2702.4,53541.0,83845.0
2025-06-20 10:29:36.935812,2702.4,53800.0,83769.0
2025-06-20 10:29:37.669039,2702.8,53800.0,83769.0
2025-06-20 10:29:38.046819,2702.8,53512.0,83591.0
2025-06-20 10:29:38.667728,2701.4,53512.0,83591.0
2025-06-20 10:29:39.035269,2701.4,53512.0,83766.0
2025-06-20 10:29:39.668756,2703.4,53512.0,83766.0
2025-06-20 10:29:40.132427,2703.4,53877.0,82551.0
2025-06-20 10:29:41.223766,2702.1,53807.0,83226.0
2025-06-20 10:29:41.667420,2702.1,53807.0,83226.0
2025-06-20 10:29:42.332632,2702.1,53828.0,83349.0
2025-06-20 10:29:43.439571,2702.7,53787.0,82733.0
2025-06-20 10:29:43.670697,2702.7,53787.0,82733.0
2025-06-20 10:29:44.714185,2702.7,53728.0,83705.0
2025-06-20 10:29:45.337928,2702.7,53742.0,83839.0
2025-06-20 10:29:46.474493,2702.7,53692.0,84215.0
2025-06-20 10:29:46.705278,2702.7,53692.0,84215.0
2025-06-20 10:29:47.527871,2702.7,53747.0,84547.0
2025-06-20 10:29:48.628436,2702.2,53538.0,84501.0
2025-06-20 10:29:48.668222,2702.2,53538.0,84501.0
2025-06-20 10:29:49.628103,2702.2,53750.0,84240.0
2025-06-20 10:29:50.628923,2702.2,53481.0,84335.0
2025-06-20 10:29:51.631399,2702.2,53396.0,84104.0
2025-06-20 10:29:52.629494,2702.2,53464.0,84384.0
2025-06-20 10:29:53.630932,2702.2,53464.0,84216.0
2025-06-20 10:29:54.731621,2702.2,53918.0,84125.0
2025-06-20 10:29:55.670085,2701.9,53918.0,84125.0
2025-06-20 10:29:55.851343,2701.9,53766.0,84324.0
2025-06-20 10:29:56.736906,2701.9,53746.0,84618.0
2025-06-20 10:29:57.833178,2701.9,53481.0,83809.0
2025-06-20 10:29:58.948665,2701.9,53838.0,84294.0
2025-06-20 10:30:00.035992,2701.9,53759.0,84701.0
2025-06-20 10:30:01.742236,2701.9,53834.0,84118.0
2025-06-20 10:30:02.638114,2701.9,53886.0,84051.0
2025-06-20 10:30:03.639113,2701.9,53810.0,82986.0
2025-06-20 10:30:03.672546,2701.9,53810.0,82986.0
2025-06-20 10:30:04.639940,2701.9,53530.0,84575.0
2025-06-20 10:30:04.672853,2701.9,53530.0,84575.0
2025-06-20 10:30:05.739426,2701.9,53547.0,84684.0
2025-06-20 10:30:06.674258,2701.9,53547.0,84684.0
2025-06-20 10:30:06.842514,2701.9,53695.0,84594.0
2025-06-20 10:30:07.678890,2702.2,53695.0,84594.0
2025-06-20 10:30:07.843149,2702.2,53672.0,84744.0
2025-06-20 10:30:08.844676,2702.2,53620.0,83102.0
2025-06-20 10:30:09.851482,2702.2,53888.0,83380.0
2025-06-20 10:30:10.846845,2702.2,53599.0,83420.0
2025-06-20 10:30:11.847307,2702.2,53893.0,83513.0
2025-06-20 10:30:12.847127,2702.2,53726.0,83126.0
2025-06-20 10:30:13.686916,2702.2,53726.0,83126.0
2025-06-20 10:30:13.847980,2702.2,53647.0,83247.0
2025-06-20 10:30:14.686730,2701.4,53647.0,83247.0
2025-06-20 10:30:14.747951,2701.4,53644.0,83270.0
2025-06-20 10:30:15.858004,2701.4,53908.0,83507.0
2025-06-20 10:30:16.983409,2701.4,53499.0,83763.0
2025-06-20 10:30:17.687375,2702.3,53499.0,83763.0
2025-06-20 10:30:18.049395,2702.3,53491.0,83147.0
2025-06-20 10:30:18.787261,2702.3,53491.0,83147.0
2025-06-20 10:30:19.165251,2702.3,53980.0,82957.0
2025-06-20 10:30:20.191012,2702.3,54258.0,83014.0
2025-06-20 10:30:20.678533,2703.2,54258.0,83014.0
2025-06-20 10:30:21.150943,2703.2,53798.0,83119.0
2025-06-20 10:30:22.252797,2701.5,53581.0,83824.0
2025-06-20 10:30:22.675345,2701.5,53581.0,83824.0
2025-06-20 10:30:23.352534,2702.6,54041.0,83093.0
2025-06-20 10:30:23.715830,2702.6,54041.0,83093.0
2025-06-20 10:30:24.553955,2702.6,52952.0,85161.0
2025-06-20 10:30:25.555502,2702.6,52528.0,84886.0
2025-06-20 10:30:26.554838,2702.6,53596.0,84989.0
2025-06-20 10:30:27.655753,2702.6,53618.0,85037.0
2025-06-20 10:30:28.756519,2702.6,53611.0,84927.0
2025-06-20 10:30:29.757207,2702.6,53609.0,84837.0
2025-06-20 10:30:31.337964,2701.4,53444.0,85020.0
2025-06-20 10:30:31.676130,2701.4,53444.0,85020.0
2025-06-20 10:30:31.860268,2701.4,53602.0,84790.0
2025-06-20 10:30:32.971447,2701.4,53577.0,84825.0
2025-06-20 10:30:34.061921,2701.4,53593.0,84352.0
2025-06-20 10:30:35.170646,2701.4,53659.0,84621.0
2025-06-20 10:30:36.263446,2701.4,53693.0,84657.0
2025-06-20 10:30:37.270593,2701.4,53674.0,84742.0
2025-06-20 10:30:38.365689,2701.4,53672.0,84700.0
2025-06-20 10:30:39.478662,2701.4,53637.0,84697.0
2025-06-20 10:30:40.573864,2701.4,53618.0,84627.0
2025-06-20 10:30:41.666284,2701.4,53661.0,84699.0
2025-06-20 10:30:42.771648,2701.4,53681.0,84600.0
2025-06-20 10:30:43.182477,2701.4,53681.0,84600.0
2025-06-20 10:30:43.678961,2701.9,53681.0,84600.0
2025-06-20 10:30:43.774706,2701.9,53716.0,84357.0
2025-06-20 10:30:43.849437,2701.9,53716.0,84357.0
2025-06-20 10:30:44.213477,2701.9,53716.0,84357.0
2025-06-20 10:30:44.675478,2701.0,53716.0,84357.0
2025-06-20 10:30:44.869986,2701.0,52730.0,85745.0
2025-06-20 10:30:44.933540,2701.0,52730.0,85745.0
2025-06-20 10:30:45.309029,2701.0,52730.0,85745.0
2025-06-20 10:30:46.016470,2701.0,52024.0,85778.0
2025-06-20 10:30:46.480587,2701.0,52024.0,85778.0
2025-06-20 10:30:46.674214,2698.6,52024.0,85778.0
2025-06-20 10:30:47.019470,2698.6,52024.0,85778.0
2025-06-20 10:30:47.069985,2698.6,52712.0,85907.0
2025-06-20 10:30:47.663596,2698.6,52712.0,85907.0
2025-06-20 10:30:48.182900,2698.6,52798.0,86158.0
2025-06-20 10:30:48.387441,2698.6,52798.0,86158.0
2025-06-20 10:30:49.434944,2698.6,52787.0,86091.0
2025-06-20 10:30:49.676648,2700.1,52787.0,86091.0
2025-06-20 10:30:49.725033,2700.1,52787.0,86091.0
2025-06-20 10:30:50.372614,2700.1,52850.0,85681.0
2025-06-20 10:30:50.757132,2700.1,52850.0,85681.0
2025-06-20 10:30:51.483595,2700.1,52928.0,85914.0
2025-06-20 10:30:51.679207,2701.0,52928.0,85914.0
2025-06-20 10:30:52.252521,2701.0,52928.0,85914.0
2025-06-20 10:30:52.572868,2701.0,52940.0,85341.0
2025-06-20 10:30:53.517089,2701.0,52940.0,85341.0
2025-06-20 10:30:53.706078,2700.2,52940.0,85341.0
2025-06-20 10:30:53.735591,2700.2,53021.0,83858.0
2025-06-20 10:30:54.777073,2700.2,53480.0,84057.0
2025-06-20 10:30:54.803327,2700.2,53480.0,84057.0
2025-06-20 10:30:55.907972,2700.2,53463.0,83796.0
2025-06-20 10:30:56.507530,2700.2,53463.0,83796.0
2025-06-20 10:30:57.489444,2700.7,53415.0,83453.0
2025-06-20 10:30:57.700876,2700.8,53415.0,83453.0
2025-06-20 10:30:58.680873,2700.2,53415.0,83453.0
2025-06-20 10:30:59.189923,2700.2,53422.0,83978.0
2025-06-20 10:30:59.679670,2700.3,53422.0,83978.0
2025-06-20 10:31:00.284784,2701.9,53634.0,83483.0
2025-06-20 10:31:00.687193,2701.9,53634.0,83483.0
2025-06-20 10:31:01.577082,2701.9,53631.0,83292.0
2025-06-20 10:31:02.685138,2701.9,53631.0,83292.0
2025-06-20 10:31:03.155674,2701.9,53551.0,82606.0
2025-06-20 10:31:03.682499,2701.9,53551.0,82606.0
2025-06-20 10:31:04.182169,2701.9,53236.0,83445.0
2025-06-20 10:31:05.278029,2701.9,53581.0,83380.0
2025-06-20 10:31:06.284101,2701.9,53016.0,83166.0
2025-06-20 10:31:07.282472,2701.9,53164.0,83062.0
2025-06-20 10:31:08.382679,2701.9,53286.0,82825.0
2025-06-20 10:31:09.486567,2701.9,53623.0,82720.0
2025-06-20 10:31:10.486054,2701.2,53546.0,82788.0
2025-06-20 10:31:10.686531,2701.2,53546.0,82788.0
2025-06-20 10:31:11.489233,2701.2,53552.0,83060.0
2025-06-20 10:31:12.587626,2701.2,53689.0,82984.0
2025-06-20 10:31:13.500198,2701.9,53676.0,82938.0
2025-06-20 10:31:13.745768,2701.9,53676.0,82938.0
2025-06-20 10:31:14.596736,2701.9,53816.0,82613.0
2025-06-20 10:31:14.690405,2702.2,53816.0,82613.0
2025-06-20 10:31:15.683567,2703.6,53816.0,82613.0
2025-06-20 10:31:15.704027,2703.6,53876.0,82921.0
2025-06-20 10:31:16.794676,2703.6,54065.0,81896.0
2025-06-20 10:31:17.684511,2703.3,54065.0,81896.0
2025-06-20 10:31:17.901325,2703.3,54802.0,81889.0
2025-06-20 10:31:18.690960,2703.3,54802.0,81889.0
2025-06-20 10:31:18.794958,2703.3,55020.0,81916.0
2025-06-20 10:31:19.900429,2703.3,55106.0,81719.0
2025-06-20 10:31:21.003121,2703.3,54902.0,82568.0
2025-06-20 10:31:21.693867,2703.3,54902.0,82568.0
2025-06-20 10:31:22.094641,2703.3,54982.0,82441.0
2025-06-20 10:31:23.206835,2703.3,54986.0,82384.0
2025-06-20 10:31:24.303606,2703.3,55003.0,82082.0
2025-06-20 10:31:25.300489,2703.3,54961.0,82186.0
2025-06-20 10:31:26.401752,2703.3,55291.0,82459.0
2025-06-20 10:31:26.683202,2703.3,55291.0,82459.0
2025-06-20 10:31:27.504230,2703.3,54976.0,82442.0
2025-06-20 10:31:28.676057,2703.3,54913.0,82524.0
2025-06-20 10:31:29.726769,2702.0,54913.0,82524.0
2025-06-20 10:31:29.750556,2702.0,54844.0,82422.0
2025-06-20 10:31:30.761576,2702.0,54850.0,82523.0
2025-06-20 10:31:31.805574,2701.9,55097.0,82637.0
2025-06-20 10:31:32.703731,2701.9,55097.0,82637.0
2025-06-20 10:31:32.911544,2701.9,54873.0,82953.0
2025-06-20 10:31:34.034661,2701.9,55068.0,82386.0
2025-06-20 10:31:35.103918,2701.9,55034.0,82395.0
2025-06-20 10:31:36.205234,2701.9,55362.0,82509.0
2025-06-20 10:31:37.207316,2701.9,55158.0,82295.0
2025-06-20 10:31:38.316625,2701.9,55009.0,82673.0
2025-06-20 10:31:39.420414,2701.9,55296.0,82375.0
2025-06-20 10:31:40.577507,2701.9,55301.0,82812.0
2025-06-20 10:31:41.607097,2701.9,55367.0,82663.0
2025-06-20 10:31:42.608067,2701.9,55245.0,82258.0
2025-06-20 10:31:42.685783,2701.9,55245.0,82258.0
2025-06-20 10:31:43.704607,2703.0,55245.0,82258.0
2025-06-20 10:31:43.747040,2703.0,55018.0,82466.0
2025-06-20 10:31:44.817145,2703.0,55343.0,82334.0
2025-06-20 10:31:45.721957,2703.0,55343.0,82334.0
2025-06-20 10:31:45.920491,2703.0,55309.0,82446.0
2025-06-20 10:31:47.030230,2703.0,55385.0,82386.0
2025-06-20 10:31:48.121721,2703.0,55388.0,82301.0
2025-06-20 10:31:49.112913,2703.0,55452.0,82175.0
2025-06-20 10:31:50.222459,2703.0,55395.0,82211.0
2025-06-20 10:31:51.340090,2703.0,55125.0,82341.0
2025-06-20 10:31:52.442174,2702.9,54739.0,83320.0
2025-06-20 10:31:52.696448,2702.9,54739.0,83320.0
2025-06-20 10:31:53.512850,2702.9,54847.0,83340.0
2025-06-20 10:31:54.650741,2702.9,54776.0,83334.0
2025-06-20 10:31:55.619959,2702.9,54807.0,83354.0
2025-06-20 10:31:56.684289,2701.9,54807.0,83354.0
2025-06-20 10:31:56.727961,2701.9,55095.0,83238.0
2025-06-20 10:31:57.821662,2701.9,55171.0,82896.0
2025-06-20 10:31:58.932869,2701.9,55200.0,82845.0
2025-06-20 10:31:59.935039,2701.9,55065.0,82973.0
2025-06-20 10:32:00.932560,2701.9,55096.0,82836.0
2025-06-20 10:32:01.935657,2701.9,55107.0,82957.0
2025-06-20 10:32:02.695032,2701.9,55107.0,82957.0
2025-06-20 10:32:03.030788,2701.9,55140.0,82996.0
2025-06-20 10:32:03.697482,2702.4,55140.0,82996.0
2025-06-20 10:32:04.037803,2702.4,55098.0,83066.0
2025-06-20 10:32:04.937851,2702.4,55089.0,83224.0
2025-06-20 10:32:05.948065,2702.4,54822.0,83216.0
2025-06-20 10:32:06.977112,2702.4,55100.0,83261.0
2025-06-20 10:32:07.941446,2702.4,55201.0,83176.0
2025-06-20 10:32:09.026704,2702.4,55150.0,83234.0
2025-06-20 10:32:10.158284,2702.4,55219.0,83205.0
2025-06-20 10:32:10.943097,2702.4,55223.0,83262.0
2025-06-20 10:32:12.039248,2701.9,55114.0,83238.0
2025-06-20 10:32:12.681857,2701.9,55114.0,83238.0
2025-06-20 10:32:12.831910,2702.5,54841.0,83265.0
2025-06-20 10:32:13.681872,2702.5,54841.0,83265.0
2025-06-20 10:32:13.733254,2702.5,54983.0,82985.0
2025-06-20 10:32:14.743497,2702.5,54979.0,82970.0
2025-06-20 10:32:15.744612,2702.5,55243.0,82923.0
2025-06-20 10:32:16.739565,2702.5,54968.0,82983.0
2025-06-20 10:32:17.685000,2701.5,54968.0,82983.0
2025-06-20 10:32:17.736315,2701.5,54687.0,83788.0
2025-06-20 10:32:18.683204,2702.3,54687.0,83788.0
2025-06-20 10:32:18.734585,2702.3,54974.0,83394.0
2025-06-20 10:32:19.635864,2702.3,54807.0,83172.0
2025-06-20 10:32:20.636009,2702.3,54704.0,83290.0
2025-06-20 10:32:21.635666,2702.3,55033.0,83244.0
2025-06-20 10:32:22.638328,2701.5,54818.0,83085.0
2025-06-20 10:32:22.694890,2701.5,54818.0,83085.0
2025-06-20 10:32:23.638330,2701.5,55128.0,83058.0
2025-06-20 10:32:24.638736,2701.5,55024.0,83197.0
2025-06-20 10:32:25.539596,2701.5,54782.0,83302.0
2025-06-20 10:32:26.539963,2701.5,55014.0,83446.0
2025-06-20 10:32:27.538827,2701.5,55047.0,83446.0
2025-06-20 10:32:28.539598,2702.3,54947.0,83610.0
2025-06-20 10:32:28.688846,2702.3,54947.0,83610.0
2025-06-20 10:32:29.541988,2701.1,54244.0,83295.0
2025-06-20 10:32:29.895784,2701.1,54244.0,83295.0
2025-06-20 10:32:30.626530,2701.1,54933.0,83448.0
2025-06-20 10:32:31.454255,2701.1,54980.0,83431.0
2025-06-20 10:32:32.456422,2701.1,54988.0,83265.0
2025-06-20 10:32:32.687276,2701.1,54988.0,83265.0
2025-06-20 10:32:33.506003,2701.1,55192.0,83310.0
2025-06-20 10:32:33.681069,2701.1,55192.0,83310.0
2025-06-20 10:32:34.344258,2701.1,54919.0,83236.0
2025-06-20 10:32:35.245959,2701.1,54941.0,83279.0
2025-06-20 10:32:36.270726,2701.1,54936.0,83282.0
2025-06-20 10:32:37.183769,2701.1,55169.0,83335.0
2025-06-20 10:32:38.048519,2701.1,54883.0,83418.0
2025-06-20 10:32:39.204857,2701.1,55197.0,83279.0
2025-06-20 10:32:40.046704,2701.1,55200.0,83573.0
2025-06-20 10:32:41.049996,2701.1,55206.0,83561.0
2025-06-20 10:32:41.682682,2701.1,55206.0,83561.0
2025-06-20 10:32:42.049408,2701.1,55187.0,83592.0
2025-06-20 10:32:42.682332,2701.1,55187.0,83592.0
2025-06-20 10:32:43.048122,2702.2,55235.0,83576.0
2025-06-20 10:32:43.686635,2702.2,55235.0,83576.0
2025-06-20 10:32:43.850081,2702.2,55326.0,83576.0
2025-06-20 10:32:44.685559,2702.3,55326.0,83576.0
2025-06-20 10:32:44.750019,2702.3,55839.0,82415.0
2025-06-20 10:32:45.681929,2702.3,55832.0,82678.0
2025-06-20 10:32:46.549538,2702.3,55821.0,82554.0
2025-06-20 10:32:47.551815,2702.3,55822.0,82523.0
2025-06-20 10:32:48.551552,2703.7,55637.0,79755.0
2025-06-20 10:32:48.689091,2703.7,55637.0,79755.0
2025-06-20 10:32:49.462476,2703.7,55686.0,81228.0
2025-06-20 10:32:50.463576,2703.7,55707.0,80800.0
2025-06-20 10:32:51.554234,2703.7,55338.0,80942.0
2025-06-20 10:32:52.352249,2703.7,55629.0,81607.0
2025-06-20 10:32:53.252694,2703.7,55664.0,81587.0
2025-06-20 10:32:53.736479,2703.6,55664.0,81587.0
2025-06-20 10:32:54.155044,2705.0,55888.0,80332.0
2025-06-20 10:32:54.689367,2705.0,55888.0,80332.0
2025-06-20 10:32:55.067143,2705.0,55420.0,79878.0
2025-06-20 10:32:56.059050,2705.0,55530.0,80005.0
2025-06-20 10:32:57.057369,2705.0,56386.0,79690.0
2025-06-20 10:32:57.684201,2705.0,56386.0,79690.0
2025-06-20 10:32:58.056703,2705.0,56735.0,79838.0
2025-06-20 10:32:58.685557,2705.0,56735.0,79838.0
2025-06-20 10:32:59.058087,2705.0,56781.0,79997.0
2025-06-20 10:32:59.971936,2705.0,56752.0,80047.0
2025-06-20 10:33:00.972059,2705.0,56861.0,80080.0
2025-06-20 10:33:01.970237,2705.0,57435.0,79857.0
2025-06-20 10:33:02.687654,2705.7,57435.0,79857.0
2025-06-20 10:33:03.057805,2705.7,57424.0,79813.0
2025-06-20 10:33:03.700206,2705.7,57424.0,79813.0
2025-06-20 10:33:04.127119,2705.7,57516.0,79833.0
2025-06-20 10:33:04.695979,2705.8,57516.0,79833.0
2025-06-20 10:33:05.166071,2705.8,57482.0,79697.0
2025-06-20 10:33:05.696340,2705.8,57482.0,79697.0
2025-06-20 10:33:06.360078,2705.8,57404.0,79759.0
2025-06-20 10:33:07.262819,2705.8,57452.0,79772.0
2025-06-20 10:33:09.108515,2706.0,57266.0,79591.0
2025-06-20 10:33:09.114673,2706.0,57266.0,79591.0
2025-06-20 10:33:09.567972,2706.0,57459.0,79663.0
2025-06-20 10:33:10.732140,2705.0,57098.0,80014.0
2025-06-20 10:33:10.771578,2705.0,57098.0,80014.0
2025-06-20 10:33:11.665571,2705.0,57442.0,79806.0
2025-06-20 10:33:12.865975,2705.0,57465.0,79861.0
2025-06-20 10:33:13.702231,2706.0,57465.0,79861.0
2025-06-20 10:33:13.867371,2706.0,57507.0,79984.0
2025-06-20 10:33:14.977384,2706.0,57505.0,80125.0
2025-06-20 10:33:16.065781,2706.0,57452.0,80159.0
2025-06-20 10:33:17.066730,2706.0,57411.0,79977.0
2025-06-20 10:33:18.167669,2705.9,57572.0,80109.0
2025-06-20 10:33:18.691028,2705.9,57572.0,80109.0
2025-06-20 10:33:19.168242,2705.9,57614.0,80087.0
2025-06-20 10:33:19.722992,2705.9,57614.0,80087.0
2025-06-20 10:33:20.169642,2705.9,57285.0,80133.0
2025-06-20 10:33:21.172433,2705.9,57475.0,80171.0
2025-06-20 10:33:22.271588,2705.9,57617.0,79962.0
2025-06-20 10:33:23.280952,2706.0,57699.0,79872.0
2025-06-20 10:33:23.744963,2706.0,57699.0,79872.0
2025-06-20 10:33:24.274184,2706.0,57654.0,79935.0
2025-06-20 10:33:24.683480,2705.0,57654.0,79935.0
2025-06-20 10:33:25.175976,2705.0,57070.0,81382.0
2025-06-20 10:33:26.088601,2705.0,57109.0,81364.0
2025-06-20 10:33:26.688016,2705.0,57109.0,81364.0
2025-06-20 10:33:27.278298,2705.0,57004.0,81250.0
2025-06-20 10:33:28.277425,2705.0,56966.0,80808.0
2025-06-20 10:33:29.377872,2703.4,56743.0,81081.0
2025-06-20 10:33:29.694458,2703.4,56743.0,81081.0
2025-06-20 10:33:30.490709,2703.4,56790.0,81089.0
2025-06-20 10:33:31.488454,2703.4,56817.0,81090.0
2025-06-20 10:33:32.712412,2703.4,57065.0,81095.0
2025-06-20 10:33:33.489527,2703.4,57025.0,81321.0
2025-06-20 10:33:34.511933,2703.4,57124.0,81139.0
2025-06-20 10:33:35.571825,2703.4,57158.0,81068.0
2025-06-20 10:33:36.579692,2703.4,57148.0,81187.0
2025-06-20 10:33:36.693861,2703.4,57148.0,81187.0
2025-06-20 10:33:37.492448,2703.4,57406.0,81006.0
2025-06-20 10:33:38.588014,2703.4,57403.0,81003.0
2025-06-20 10:33:39.684714,2703.4,57385.0,80943.0
2025-06-20 10:33:40.791575,2703.4,57198.0,80887.0
2025-06-20 10:33:41.884162,2703.4,57460.0,80963.0
2025-06-20 10:33:43.000524,2704.4,57709.0,80602.0
2025-06-20 10:33:43.683100,2704.4,57709.0,80602.0
2025-06-20 10:33:43.707794,2704.4,57709.0,80602.0
2025-06-20 10:33:43.887903,2704.4,57674.0,80670.0
2025-06-20 10:33:44.067448,2704.4,57674.0,80670.0
2025-06-20 10:33:44.685772,2704.4,57674.0,80670.0
2025-06-20 10:33:44.724480,2704.4,57674.0,80670.0
2025-06-20 10:33:44.990546,2704.4,57230.0,82514.0
2025-06-20 10:33:45.036024,2704.4,57230.0,82514.0
2025-06-20 10:33:45.999198,2704.4,57391.0,82601.0
2025-06-20 10:33:46.380919,2704.4,57391.0,82601.0
2025-06-20 10:33:47.185566,2704.4,54934.0,82408.0
2025-06-20 10:33:47.518359,2704.4,54934.0,82408.0
2025-06-20 10:33:48.190810,2703.9,55622.0,82436.0
2025-06-20 10:33:48.696228,2703.9,55622.0,82436.0
2025-06-20 10:33:48.792775,2703.9,55622.0,82436.0
2025-06-20 10:33:49.088833,2703.4,56749.0,81846.0
2025-06-20 10:33:49.686390,2703.5,56749.0,81846.0
2025-06-20 10:33:50.142569,2703.5,56749.0,81846.0
2025-06-20 10:33:50.186039,2703.5,56661.0,82300.0
2025-06-20 10:33:51.358243,2703.5,56661.0,82300.0
2025-06-20 10:33:51.365412,2703.5,56722.0,82108.0
2025-06-20 10:33:52.500664,2703.5,56711.0,82287.0
2025-06-20 10:33:52.665820,2703.5,56711.0,82287.0
2025-06-20 10:33:53.604244,2703.5,56637.0,81479.0
2025-06-20 10:33:53.686974,2703.5,56637.0,81479.0
2025-06-20 10:33:53.993570,2703.5,56637.0,81479.0
2025-06-20 10:33:54.615563,2703.5,56726.0,81557.0
2025-06-20 10:33:55.193826,2703.5,56726.0,81557.0
2025-06-20 10:33:55.499863,2703.5,56740.0,81231.0
2025-06-20 10:33:56.603437,2703.5,56988.0,81309.0
2025-06-20 10:33:56.842521,2703.5,56988.0,81309.0
2025-06-20 10:33:57.700287,2703.5,57152.0,81221.0
2025-06-20 10:33:58.795211,2703.5,57181.0,81221.0
2025-06-20 10:33:59.905090,2703.5,57236.0,81242.0
2025-06-20 10:34:00.930053,2703.5,57251.0,81232.0
2025-06-20 10:34:01.685711,2705.0,57251.0,81232.0
2025-06-20 10:34:02.000513,2705.0,57185.0,81189.0
2025-06-20 10:34:03.098937,2705.0,57167.0,81248.0
2025-06-20 10:34:03.686573,2705.0,57167.0,81248.0
2025-06-20 10:34:04.205116,2705.0,57219.0,81285.0
2025-06-20 10:34:04.686576,2703.6,57219.0,81285.0
2025-06-20 10:34:05.202297,2703.6,56155.0,82668.0
2025-06-20 10:34:06.202283,2703.5,54723.0,83227.0
2025-06-20 10:34:06.684722,2703.5,54723.0,83227.0
2025-06-20 10:34:07.203374,2703.5,55719.0,82401.0
2025-06-20 10:34:08.201213,2703.5,55867.0,82138.0
2025-06-20 10:34:09.301004,2703.5,55276.0,82128.0
2025-06-20 10:34:10.437619,2703.5,56209.0,82066.0
2025-06-20 10:34:11.515016,2703.5,56444.0,81828.0
2025-06-20 10:34:12.413869,2703.5,56414.0,81895.0
2025-06-20 10:34:13.610814,2703.5,56377.0,82040.0
2025-06-20 10:34:14.716300,2703.5,56438.0,82364.0
2025-06-20 10:34:15.803479,2703.5,56436.0,82455.0
2025-06-20 10:34:16.954542,2703.5,56408.0,82450.0
2025-06-20 10:34:17.686075,2703.6,56408.0,82450.0
2025-06-20 10:34:17.918000,2703.6,56750.0,82228.0
2025-06-20 10:34:18.684852,2703.6,56750.0,82228.0
2025-06-20 10:34:19.005700,2703.6,56570.0,82220.0
2025-06-20 10:34:20.143994,2703.6,56531.0,82021.0
2025-06-20 10:34:21.109409,2703.7,56951.0,81387.0
2025-06-20 10:34:21.689587,2703.7,56951.0,81387.0
2025-06-20 10:34:22.108903,2703.7,56712.0,82008.0
2025-06-20 10:34:22.693983,2703.6,56712.0,82008.0
2025-06-20 10:34:23.111156,2703.6,56754.0,81822.0
2025-06-20 10:34:24.209767,2703.6,55650.0,83594.0
2025-06-20 10:34:24.690725,2703.6,55650.0,83594.0
2025-06-20 10:34:25.209473,2703.6,55564.0,82766.0
2025-06-20 10:34:25.714091,2703.5,55564.0,82766.0
2025-06-20 10:34:26.312560,2703.5,56157.0,82545.0
2025-06-20 10:34:27.439741,2703.5,56133.0,82564.0
2025-06-20 10:34:27.697559,2703.7,56133.0,82564.0
2025-06-20 10:34:28.530190,2703.7,56102.0,82532.0
2025-06-20 10:34:29.523418,2703.7,56050.0,82607.0
2025-06-20 10:34:30.641365,2703.7,55991.0,82594.0
2025-06-20 10:34:31.614028,2703.7,55968.0,82548.0
2025-06-20 10:34:32.613776,2703.7,56228.0,82638.0
2025-06-20 10:34:33.619959,2703.6,56218.0,82280.0
2025-06-20 10:34:33.699090,2703.6,56218.0,82280.0
2025-06-20 10:34:34.723932,2703.6,55949.0,82609.0
2025-06-20 10:34:35.615699,2703.6,56190.0,82642.0
2025-06-20 10:34:36.816406,2703.6,56190.0,82646.0
2025-06-20 10:34:38.142828,2703.6,56264.0,82534.0
2025-06-20 10:34:38.698540,2703.6,56264.0,82534.0
2025-06-20 10:34:39.018496,2703.6,56216.0,82698.0
2025-06-20 10:34:40.120593,2703.7,56202.0,82511.0
2025-06-20 10:34:40.697268,2703.7,56202.0,82511.0
2025-06-20 10:34:41.220843,2703.7,56213.0,82673.0
2025-06-20 10:34:42.321836,2703.7,56252.0,82533.0
2025-06-20 10:34:43.453816,2703.7,56215.0,82637.0
2025-06-20 10:34:44.562130,2703.7,56214.0,82675.0
2025-06-20 10:34:45.630382,2703.7,56238.0,82615.0
2025-06-20 10:34:46.525720,2703.7,56268.0,82656.0
2025-06-20 10:34:47.627402,2703.7,56296.0,82545.0
2025-06-20 10:34:48.689383,2703.7,56296.0,82545.0
2025-06-20 10:34:48.736025,2703.7,56573.0,82341.0
2025-06-20 10:34:49.829282,2703.7,56576.0,82352.0
2025-06-20 10:34:50.952707,2703.7,56564.0,82397.0
2025-06-20 10:34:52.428261,2703.7,56545.0,82474.0
2025-06-20 10:34:53.031142,2703.7,56468.0,82477.0
2025-06-20 10:34:54.130711,2703.7,56425.0,82414.0
2025-06-20 10:34:55.232186,2703.7,55964.0,82967.0
2025-06-20 10:34:56.334306,2703.7,56026.0,82748.0
2025-06-20 10:34:57.536760,2703.7,56183.0,82519.0
2025-06-20 10:34:58.535535,2703.7,56206.0,82417.0
2025-06-20 10:34:59.637932,2703.7,56205.0,82734.0
2025-06-20 10:35:01.038120,2703.7,56310.0,82576.0
2025-06-20 10:35:02.041939,2703.7,56324.0,82546.0
2025-06-20 10:35:03.039652,2703.4,56543.0,82141.0
2025-06-20 10:35:03.692734,2703.4,56543.0,82141.0
2025-06-20 10:35:04.176496,2703.4,56565.0,82507.0
2025-06-20 10:35:05.237778,2703.4,56519.0,82443.0
2025-06-20 10:35:06.337887,2703.4,56530.0,82574.0
2025-06-20 10:35:07.451901,2703.4,56443.0,82562.0
2025-06-20 10:35:08.340869,2703.4,56446.0,82562.0
2025-06-20 10:35:09.242485,2703.4,56443.0,82559.0
2025-06-20 10:35:10.241280,2703.4,56386.0,82608.0
2025-06-20 10:35:11.238882,2703.4,56442.0,82530.0
2025-06-20 10:35:12.141561,2703.4,56442.0,82475.0
2025-06-20 10:35:13.140960,2703.4,56497.0,82459.0
2025-06-20 10:35:14.143108,2703.4,56469.0,82550.0
2025-06-20 10:35:15.143598,2703.4,56442.0,82621.0
2025-06-20 10:35:16.144275,2703.4,56388.0,82587.0
2025-06-20 10:35:17.145304,2703.4,56439.0,82683.0
2025-06-20 10:35:17.689160,2703.4,56439.0,82683.0
2025-06-20 10:35:18.145576,2703.4,56525.0,82325.0
2025-06-20 10:35:18.690243,2703.4,56525.0,82325.0
2025-06-20 10:35:20.047341,2703.4,56531.0,82523.0
2025-06-20 10:35:21.849294,2703.4,56512.0,82571.0
2025-06-20 10:35:22.849175,2703.4,56512.0,82510.0
2025-06-20 10:35:23.718683,2703.7,56512.0,82510.0
2025-06-20 10:35:23.849494,2703.7,56654.0,82162.0
2025-06-20 10:35:24.854584,2703.7,56629.0,82309.0
2025-06-20 10:35:25.851256,2703.7,56597.0,82445.0
2025-06-20 10:35:26.852153,2703.7,56605.0,82400.0
2025-06-20 10:35:27.852344,2703.9,56614.0,82380.0
2025-06-20 10:35:28.691365,2703.9,56614.0,82380.0
2025-06-20 10:35:28.853070,2703.9,56626.0,82429.0
2025-06-20 10:35:29.752370,2703.9,56603.0,82424.0
2025-06-20 10:35:30.766814,2703.9,56636.0,82499.0
2025-06-20 10:35:31.755522,2703.9,56635.0,82404.0
2025-06-20 10:35:32.658398,2703.9,56637.0,82397.0
2025-06-20 10:35:33.655974,2704.0,56680.0,82373.0
2025-06-20 10:35:33.689277,2704.0,56680.0,82373.0
2025-06-20 10:35:34.558910,2704.0,56667.0,82394.0
2025-06-20 10:35:35.556671,2704.0,56692.0,82434.0
2025-06-20 10:35:36.556976,2704.0,56671.0,82464.0
2025-06-20 10:35:37.486225,2704.1,56634.0,82196.0
2025-06-20 10:35:37.690847,2704.1,56634.0,82196.0
2025-06-20 10:35:38.757222,2704.1,56614.0,82386.0
2025-06-20 10:35:39.698359,2704.4,56614.0,82386.0
2025-06-20 10:35:39.759502,2704.4,56579.0,82341.0
2025-06-20 10:35:40.761199,2704.4,56625.0,82235.0
2025-06-20 10:35:41.761225,2704.4,56700.0,82041.0
2025-06-20 10:35:42.762873,2704.4,56844.0,81884.0
2025-06-20 10:35:43.700620,2704.6,56844.0,81884.0
2025-06-20 10:35:43.761291,2704.6,56865.0,81815.0
2025-06-20 10:35:44.767243,2704.6,56896.0,81818.0
2025-06-20 10:35:45.776373,2704.6,56896.0,81818.0
2025-06-20 10:35:46.762191,2704.6,56880.0,81881.0
2025-06-20 10:35:47.692107,2704.7,56880.0,81881.0
2025-06-20 10:35:47.763656,2704.7,56834.0,81940.0
2025-06-20 10:35:48.693767,2704.7,56834.0,81940.0
2025-06-20 10:35:48.762700,2704.7,56857.0,81904.0
2025-06-20 10:35:49.763751,2704.7,56846.0,81964.0
2025-06-20 10:35:50.766232,2704.7,56793.0,82093.0
2025-06-20 10:35:51.868791,2704.7,56812.0,82264.0
2025-06-20 10:35:52.744961,2704.5,56812.0,82264.0
2025-06-20 10:35:52.866138,2704.5,56831.0,82347.0
2025-06-20 10:35:53.698738,2704.4,56831.0,82347.0
2025-06-20 10:35:53.880346,2704.4,56858.0,82283.0
2025-06-20 10:35:54.694500,2703.8,56858.0,82283.0
2025-06-20 10:35:54.873314,2703.8,56853.0,82275.0
2025-06-20 10:35:55.770206,2703.8,56865.0,82182.0
2025-06-20 10:35:56.870885,2703.8,56865.0,82229.0
2025-06-20 10:35:57.994813,2703.8,56875.0,82184.0
2025-06-20 10:35:58.982001,2703.8,56875.0,82187.0
2025-06-20 10:36:00.070641,2703.8,56863.0,82191.0
2025-06-20 10:36:02.074121,2703.8,56821.0,82326.0
2025-06-20 10:36:05.702589,2703.8,56821.0,82326.0
2025-06-20 10:36:08.001603,2703.8,56848.0,82543.0
2025-06-20 10:36:08.733521,2703.4,56848.0,82543.0
2025-06-20 10:36:14.184046,2703.4,56629.0,82444.0
2025-06-20 10:36:14.727206,2704.0,56629.0,82444.0
2025-06-20 10:36:17.714927,2704.0,56629.0,82444.0
2025-06-20 10:36:20.080945,2704.0,56691.0,82923.0
2025-06-20 10:36:20.707631,2704.0,56691.0,82923.0
2025-06-20 10:36:26.016537,2704.0,56650.0,82403.0
2025-06-20 10:36:32.019265,2704.0,56645.0,82276.0
2025-06-20 10:36:35.712262,2703.6,56645.0,82276.0
2025-06-20 10:36:38.196883,2703.6,56572.0,82304.0
2025-06-20 10:36:43.904283,2703.6,56803.0,82319.0
2025-06-20 10:36:44.175977,2703.6,56803.0,82319.0
2025-06-20 10:36:44.714401,2703.4,56803.0,82319.0
2025-06-20 10:36:44.843926,2703.4,56803.0,82319.0
2025-06-20 10:36:45.238238,2703.4,56803.0,82319.0
2025-06-20 10:36:46.282741,2703.4,56803.0,82319.0
2025-06-20 10:36:46.707031,2703.4,56803.0,82319.0
2025-06-20 10:36:46.950093,2703.4,56803.0,82319.0
2025-06-20 10:36:47.414178,2703.4,56803.0,82319.0
2025-06-20 10:36:48.394609,2703.4,56803.0,82319.0
2025-06-20 10:36:49.352401,2703.4,56803.0,82319.0
2025-06-20 10:36:49.609229,2703.4,57960.0,82238.0
2025-06-20 10:36:50.689597,2703.4,57960.0,82238.0
2025-06-20 10:36:51.668497,2703.4,57960.0,82238.0
2025-06-20 10:36:52.703222,2704.0,57960.0,82238.0
2025-06-20 10:36:53.225900,2704.0,57960.0,82238.0
2025-06-20 10:36:54.512202,2704.0,57960.0,82238.0
2025-06-20 10:36:55.304713,2704.0,58210.0,81941.0
2025-06-20 10:36:55.759787,2704.0,58210.0,81941.0
2025-06-20 10:36:57.372717,2704.0,58210.0,81941.0
2025-06-20 10:36:58.705966,2704.8,58210.0,81941.0
2025-06-20 10:37:00.701748,2703.9,58210.0,81941.0
2025-06-20 10:37:00.904884,2703.9,57794.0,82180.0
2025-06-20 10:37:01.699916,2705.0,57794.0,82180.0
2025-06-20 10:37:02.021104,2705.0,58165.0,81377.0
2025-06-20 10:37:03.106513,2706.0,58245.0,81363.0
2025-06-20 10:37:03.698643,2706.0,58245.0,81363.0
2025-06-20 10:37:04.212308,2706.0,58300.0,81354.0
2025-06-20 10:37:04.702730,2706.0,58300.0,81354.0
2025-06-20 10:37:05.307421,2706.0,58436.0,79986.0
2025-06-20 10:37:06.209861,2706.0,59032.0,80093.0
2025-06-20 10:37:07.213083,2706.0,59008.0,80305.0
2025-06-20 10:37:07.701594,2706.0,59008.0,80305.0
2025-06-20 10:37:08.209795,2706.0,58961.0,80170.0
2025-06-20 10:37:09.218107,2706.0,58995.0,80273.0
2025-06-20 10:37:10.309953,2706.0,58993.0,80255.0
2025-06-20 10:37:10.704417,2706.0,58993.0,80255.0
2025-06-20 10:37:11.654336,2706.0,59159.0,80117.0
2025-06-20 10:37:12.425935,2705.2,59026.0,80184.0
2025-06-20 10:37:12.704762,2705.2,59026.0,80184.0
2025-06-20 10:37:13.516811,2706.0,59024.0,80045.0
2025-06-20 10:37:13.698057,2706.0,59024.0,80045.0
2025-06-20 10:37:14.614157,2706.0,59051.0,79949.0
2025-06-20 10:37:15.702020,2705.5,59051.0,79949.0
2025-06-20 10:37:15.720973,2705.5,59037.0,80084.0
2025-06-20 10:37:16.814676,2705.5,59056.0,80200.0
2025-06-20 10:37:17.814134,2705.5,59122.0,80245.0
2025-06-20 10:37:18.721853,2705.5,59122.0,80245.0
2025-06-20 10:37:18.928273,2705.5,59131.0,80242.0
2025-06-20 10:37:19.702144,2706.0,59131.0,80242.0
2025-06-20 10:37:20.044674,2706.0,59421.0,79487.0
2025-06-20 10:37:21.117576,2706.0,59769.0,79273.0
2025-06-20 10:37:22.217273,2706.0,59519.0,79456.0
2025-06-20 10:37:23.318493,2706.0,59557.0,79434.0
2025-06-20 10:37:24.429897,2706.0,59549.0,79457.0
2025-06-20 10:37:25.518947,2706.0,59191.0,79457.0
2025-06-20 10:37:26.621198,2706.0,59495.0,79428.0
2025-06-20 10:37:27.732132,2706.0,59531.0,79454.0
2025-06-20 10:37:28.749863,2707.0,59531.0,79454.0
2025-06-20 10:37:28.787432,2707.0,59827.0,79426.0
2025-06-20 10:37:29.824135,2707.0,59677.0,79466.0
2025-06-20 10:37:30.932634,2707.0,59688.0,79529.0
2025-06-20 10:37:32.027326,2707.0,59751.0,79451.0
2025-06-20 10:37:33.127548,2707.0,59655.0,79464.0
2025-06-20 10:37:34.226186,2707.0,59720.0,79249.0
2025-06-20 10:37:35.327019,2707.0,59913.0,79205.0
2025-06-20 10:37:36.433969,2707.3,59965.0,78949.0
2025-06-20 10:37:36.701405,2707.3,59965.0,78949.0
2025-06-20 10:37:37.532684,2707.3,59965.0,78951.0
2025-06-20 10:37:37.712611,2707.3,59965.0,78951.0
2025-06-20 10:37:38.630381,2707.5,60043.0,78732.0
2025-06-20 10:37:38.700286,2707.5,60043.0,78732.0
2025-06-20 10:37:39.738708,2707.5,60045.0,79037.0
2025-06-20 10:37:40.704381,2708.0,60045.0,79037.0
2025-06-20 10:37:40.835284,2708.0,60079.0,78692.0
2025-06-20 10:37:41.941222,2708.0,60130.0,78610.0
2025-06-20 10:37:42.705804,2708.0,60130.0,78610.0
2025-06-20 10:37:43.036662,2708.0,60169.0,78560.0
2025-06-20 10:37:43.722471,2708.0,60169.0,78560.0
2025-06-20 10:37:44.134823,2708.0,60141.0,78620.0
2025-06-20 10:37:45.138408,2708.0,60080.0,78697.0
2025-06-20 10:37:46.135022,2708.0,60110.0,78758.0
2025-06-20 10:37:46.701010,2708.0,60110.0,78758.0
2025-06-20 10:37:47.138834,2708.0,60337.0,78386.0
2025-06-20 10:37:48.238605,2708.0,60180.0,78484.0
2025-06-20 10:37:48.700597,2708.0,60180.0,78484.0
2025-06-20 10:37:49.343169,2708.0,60210.0,78443.0
2025-06-20 10:37:50.449465,2708.0,60235.0,78503.0
2025-06-20 10:37:51.538790,2707.6,60209.0,78567.0
2025-06-20 10:37:51.703512,2707.6,60209.0,78567.0
