timestamp,ltp,bid_qty,ask_qty
2025-06-20 10:10:48.253585,1715.1,123406.0,156270.0
2025-06-20 10:10:48.593922,1715.1,123406.0,156270.0
2025-06-20 10:10:52.590632,1716.2,123406.0,156270.0
2025-06-20 10:10:53.764300,1716.2,130276.0,148999.0
2025-06-20 10:10:56.593832,1716.6,130276.0,148999.0
2025-06-20 10:10:58.611153,1716.6,130276.0,148999.0
2025-06-20 10:10:59.269876,1716.6,129974.0,148871.0
2025-06-20 10:11:00.630511,1717.1,129974.0,148871.0
2025-06-20 10:11:01.375211,1717.1,130012.0,149068.0
2025-06-20 10:11:02.485673,1717.1,129988.0,149141.0
2025-06-20 10:11:03.476161,1716.9,129613.0,149538.0
2025-06-20 10:11:03.594463,1716.9,129613.0,149538.0
2025-06-20 10:11:04.590761,1716.9,129613.0,149538.0
2025-06-20 10:11:04.972772,1716.9,129660.0,149468.0
2025-06-20 10:11:06.072825,1716.2,129535.0,149380.0
2025-06-20 10:11:06.604038,1716.9,129535.0,149380.0
2025-06-20 10:11:07.175657,1716.9,129732.0,149426.0
2025-06-20 10:11:08.275066,1716.9,129738.0,149428.0
2025-06-20 10:11:09.274658,1716.9,129536.0,150781.0
2025-06-20 10:11:10.375171,1716.9,129571.0,150817.0
2025-06-20 10:11:11.475477,1716.6,129571.0,150762.0
2025-06-20 10:11:11.598534,1716.6,129571.0,150762.0
2025-06-20 10:11:12.594906,1716.6,129571.0,150762.0
2025-06-20 10:11:13.711250,1716.6,129571.0,150808.0
2025-06-20 10:11:14.596299,1716.1,129571.0,150808.0
2025-06-20 10:11:14.776131,1716.1,129539.0,150555.0
2025-06-20 10:11:15.883507,1716.6,129558.0,150294.0
2025-06-20 10:11:16.651353,1716.6,129558.0,150294.0
2025-06-20 10:11:18.481262,1716.4,128162.0,151734.0
2025-06-20 10:11:19.259822,1716.4,128162.0,151734.0
2025-06-20 10:11:19.593923,1716.4,128431.0,152085.0
2025-06-20 10:11:20.482692,1716.4,128423.0,152339.0
2025-06-20 10:11:20.597290,1716.1,128423.0,152339.0
2025-06-20 10:11:21.387852,1716.1,128547.0,151430.0
2025-06-20 10:11:22.906306,1716.1,128187.0,151465.0
2025-06-20 10:11:23.982472,1716.1,128763.0,151185.0
2025-06-20 10:11:25.107847,1716.1,128930.0,150620.0
2025-06-20 10:11:26.252152,1716.6,128930.0,150620.0
2025-06-20 10:11:26.286536,1716.6,130179.0,149604.0
2025-06-20 10:11:27.286348,1716.6,129536.0,149421.0
2025-06-20 10:11:28.397197,1716.6,129485.0,149421.0
2025-06-20 10:11:29.498949,1716.6,128947.0,150770.0
2025-06-20 10:11:30.868218,1716.6,129038.0,150932.0
2025-06-20 10:11:31.599245,1716.6,129038.0,150932.0
2025-06-20 10:11:31.690027,1716.6,129439.0,150791.0
2025-06-20 10:11:32.596546,1716.6,129439.0,150791.0
2025-06-20 10:11:32.796433,1716.6,129398.0,150751.0
2025-06-20 10:11:33.924385,1716.6,129408.0,150808.0
2025-06-20 10:11:34.992009,1716.6,129423.0,150804.0
2025-06-20 10:11:35.589814,1716.6,129423.0,150804.0
2025-06-20 10:11:36.190688,1716.6,129331.0,150935.0
2025-06-20 10:11:37.193614,1716.6,129265.0,150931.0
2025-06-20 10:11:38.214126,1716.6,129318.0,150928.0
2025-06-20 10:11:39.310236,1716.6,129332.0,150927.0
2025-06-20 10:11:40.418136,1716.6,129364.0,151040.0
2025-06-20 10:11:41.498003,1716.6,127710.0,151969.0
2025-06-20 10:11:42.593502,1716.5,127710.0,151969.0
2025-06-20 10:11:42.603473,1716.5,127506.0,152483.0
2025-06-20 10:11:43.617385,1716.5,127320.0,152438.0
2025-06-20 10:11:44.592147,1716.2,127320.0,152438.0
2025-06-20 10:11:44.699404,1716.2,127818.0,152355.0
2025-06-20 10:11:45.595217,1716.2,127818.0,152355.0
2025-06-20 10:11:46.024363,1716.2,127858.0,152372.0
2025-06-20 10:11:46.588617,1716.5,127858.0,152372.0
2025-06-20 10:11:46.925937,1716.5,127843.0,152300.0
2025-06-20 10:11:48.000671,1716.5,127843.0,152453.0
2025-06-20 10:11:49.101539,1716.5,127901.0,152343.0
2025-06-20 10:11:49.600010,1716.5,127901.0,152343.0
2025-06-20 10:11:50.202698,1716.5,127962.0,152264.0
2025-06-20 10:11:51.423937,1716.5,127936.0,152263.0
2025-06-20 10:11:51.599414,1716.5,127936.0,152263.0
2025-06-20 10:11:52.433540,1716.5,127940.0,152276.0
2025-06-20 10:11:53.533150,1716.5,127843.0,152244.0
2025-06-20 10:11:53.609367,1716.5,127843.0,152244.0
2025-06-20 10:11:54.506907,1716.5,128921.0,150180.0
2025-06-20 10:11:55.600500,1717.0,128921.0,150180.0
2025-06-20 10:11:55.621157,1717.0,128398.0,148405.0
2025-06-20 10:11:56.589387,1716.2,128398.0,148405.0
2025-06-20 10:11:57.534815,1716.1,129013.0,149037.0
2025-06-20 10:11:57.599083,1716.1,129013.0,149037.0
2025-06-20 10:11:58.417546,1716.1,130068.0,147958.0
2025-06-20 10:11:59.509314,1716.1,129794.0,147412.0
2025-06-20 10:12:02.511193,1717.7,129830.0,147414.0
2025-06-20 10:12:02.602706,1717.7,129830.0,147414.0
2025-06-20 10:12:05.605199,1717.2,129830.0,147414.0
2025-06-20 10:12:09.111523,1717.2,131560.0,146263.0
2025-06-20 10:12:11.608847,1717.7,131560.0,146263.0
2025-06-20 10:12:14.644093,1718.0,131560.0,146263.0
2025-06-20 10:12:15.630926,1718.0,131006.0,145683.0
2025-06-20 10:12:21.947133,1718.0,132261.0,145281.0
2025-06-20 10:12:23.601340,1717.8,132261.0,145281.0
2025-06-20 10:12:26.627594,1718.0,132261.0,145281.0
2025-06-20 10:12:28.027007,1718.0,132023.0,145911.0
2025-06-20 10:12:30.607138,1718.4,132023.0,145911.0
2025-06-20 10:12:34.228791,1718.4,131480.0,145242.0
2025-06-20 10:12:34.609747,1718.4,131480.0,145242.0
2025-06-20 10:12:36.615822,1718.6,131480.0,145242.0
2025-06-20 10:12:38.610356,1718.6,131480.0,145242.0
2025-06-20 10:12:40.037596,1718.6,131902.0,145431.0
2025-06-20 10:12:40.551309,1718.6,131902.0,145431.0
2025-06-20 10:12:40.602848,1718.6,131902.0,145431.0
2025-06-20 10:12:40.920375,1718.6,131902.0,145431.0
2025-06-20 10:12:41.169624,1718.6,131902.0,145431.0
2025-06-20 10:12:42.298459,1718.6,131902.0,145431.0
2025-06-20 10:12:43.452279,1718.6,131902.0,145431.0
2025-06-20 10:12:44.663202,1718.6,131902.0,145431.0
2025-06-20 10:12:44.678060,1718.6,131902.0,145431.0
2025-06-20 10:12:45.459512,1718.6,131902.0,145431.0
2025-06-20 10:12:46.035763,1718.6,131582.0,144779.0
2025-06-20 10:12:46.611548,1718.6,131582.0,144779.0
2025-06-20 10:12:46.697203,1718.6,131582.0,144779.0
2025-06-20 10:12:47.653661,1718.6,131582.0,144779.0
2025-06-20 10:12:49.159917,1718.6,131582.0,144779.0
2025-06-20 10:12:50.477440,1718.6,131582.0,144779.0
2025-06-20 10:12:50.602199,1718.6,131582.0,144779.0
2025-06-20 10:12:51.713888,1718.6,131582.0,144779.0
2025-06-20 10:12:51.864156,1718.6,131796.0,144351.0
2025-06-20 10:12:52.612542,1719.1,131796.0,144351.0
2025-06-20 10:12:53.282159,1719.1,131796.0,144351.0
2025-06-20 10:12:54.613059,1719.0,131796.0,144351.0
2025-06-20 10:12:57.750050,1719.0,131711.0,144602.0
2025-06-20 10:13:00.620000,1718.6,131711.0,144602.0
2025-06-20 10:13:02.606365,1718.0,131711.0,144602.0
2025-06-20 10:13:03.150685,1718.0,131101.0,145133.0
2025-06-20 10:13:04.608887,1718.6,131101.0,145133.0
2025-06-20 10:13:06.606728,1718.6,131101.0,145133.0
2025-06-20 10:13:08.866143,1718.6,131033.0,145267.0
2025-06-20 10:13:14.558939,1718.6,130855.0,145149.0
2025-06-20 10:13:16.617452,1718.0,130855.0,145149.0
2025-06-20 10:13:18.606541,1718.6,130855.0,145149.0
2025-06-20 10:13:20.565841,1718.6,132984.0,144031.0
2025-06-20 10:13:26.776363,1718.6,134087.0,142864.0
2025-06-20 10:13:32.620771,1718.8,134087.0,142864.0
2025-06-20 10:13:32.975969,1718.8,132610.0,144569.0
2025-06-20 10:13:36.611766,1718.5,132610.0,144569.0
2025-06-20 10:13:38.600417,1718.4,132610.0,144569.0
2025-06-20 10:13:39.177165,1718.4,132473.0,144142.0
2025-06-20 10:13:40.607946,1718.4,132473.0,144142.0
2025-06-20 10:13:42.606192,1718.4,132473.0,144142.0
2025-06-20 10:13:44.621490,1718.3,132473.0,144142.0
2025-06-20 10:13:45.186290,1718.3,132916.0,143585.0
2025-06-20 10:13:50.781123,1718.3,133535.0,143859.0
2025-06-20 10:13:56.287239,1718.8,132951.0,144112.0
2025-06-20 10:13:56.613332,1718.8,132951.0,144112.0
2025-06-20 10:14:00.607963,1718.8,132951.0,144112.0
2025-06-20 10:14:01.923049,1718.6,132409.0,144853.0
2025-06-20 10:14:02.659756,1718.6,132409.0,144853.0
2025-06-20 10:14:07.592949,1718.6,132621.0,145185.0
2025-06-20 10:14:10.612164,1718.2,132621.0,145185.0
2025-06-20 10:14:13.430819,1718.2,132742.0,145509.0
2025-06-20 10:14:14.614801,1718.3,132742.0,145509.0
2025-06-20 10:14:18.606636,1718.3,132742.0,145509.0
2025-06-20 10:14:19.202623,1718.3,133726.0,144385.0
2025-06-20 10:14:25.204901,1718.3,133639.0,144393.0
2025-06-20 10:14:26.609811,1718.3,133639.0,144393.0
2025-06-20 10:14:28.606323,1718.2,133639.0,144393.0
2025-06-20 10:14:31.107250,1718.2,132897.0,145688.0
2025-06-20 10:14:32.609840,1718.7,132897.0,145688.0
2025-06-20 10:14:34.662754,1718.7,132897.0,145688.0
2025-06-20 10:14:36.641947,1718.2,132897.0,145688.0
2025-06-20 10:14:36.709222,1718.2,133025.0,145269.0
2025-06-20 10:14:42.346879,1718.2,132984.0,145175.0
2025-06-20 10:14:42.614629,1718.2,132984.0,145175.0
2025-06-20 10:14:44.624078,1718.7,132984.0,145175.0
2025-06-20 10:14:46.606937,1718.2,132984.0,145175.0
2025-06-20 10:14:48.041547,1718.2,132980.0,144760.0
2025-06-20 10:14:53.861278,1718.2,133194.0,144310.0
2025-06-20 10:14:54.620559,1718.8,133194.0,144310.0
2025-06-20 10:14:56.609475,1719.0,133194.0,144310.0
2025-06-20 10:15:00.224184,1719.0,135281.0,141307.0
2025-06-20 10:15:02.611882,1719.5,135281.0,141307.0
2025-06-20 10:15:06.442952,1719.4,136349.0,140921.0
2025-06-20 10:15:06.613414,1720.0,136349.0,140921.0
2025-06-20 10:15:08.610689,1719.3,136349.0,140921.0
2025-06-20 10:15:10.613373,1720.0,136349.0,140921.0
2025-06-20 10:15:12.609942,1719.6,136349.0,140921.0
2025-06-20 10:15:12.936491,1719.6,136788.0,141175.0
2025-06-20 10:15:14.606548,1720.0,136788.0,141175.0
2025-06-20 10:15:16.616609,1720.9,136788.0,141175.0
2025-06-20 10:15:18.612638,1720.3,136788.0,141175.0
2025-06-20 10:15:19.141015,1720.3,136889.0,139266.0
2025-06-20 10:15:20.616561,1720.7,136889.0,139266.0
2025-06-20 10:15:22.629912,1720.0,136889.0,139266.0
2025-06-20 10:15:24.616730,1720.7,136889.0,139266.0
2025-06-20 10:15:25.654585,1720.7,137162.0,138915.0
2025-06-20 10:15:31.861195,1720.9,137927.0,139242.0
2025-06-20 10:15:32.614723,1720.9,137927.0,139242.0
2025-06-20 10:15:34.612595,1721.0,137927.0,139242.0
2025-06-20 10:15:36.619105,1721.0,137927.0,139242.0
2025-06-20 10:15:37.876550,1720.9,137167.0,138764.0
2025-06-20 10:15:38.612069,1720.9,137167.0,138764.0
2025-06-20 10:15:40.972292,1720.9,137167.0,138764.0
2025-06-20 10:15:41.376349,1720.9,137167.0,138764.0
2025-06-20 10:15:42.174933,1720.9,137167.0,138764.0
2025-06-20 10:15:42.624349,1721.4,137167.0,138764.0
2025-06-20 10:15:42.784131,1721.4,137167.0,138764.0
2025-06-20 10:15:43.472335,1721.4,137167.0,138764.0
2025-06-20 10:15:43.864077,1720.8,135018.0,141992.0
2025-06-20 10:15:44.467261,1720.8,135018.0,141992.0
2025-06-20 10:15:44.615217,1720.8,135018.0,141992.0
2025-06-20 10:15:44.823664,1720.8,135018.0,141992.0
2025-06-20 10:15:45.781754,1720.8,135018.0,141992.0
2025-06-20 10:15:47.117615,1720.8,135018.0,141992.0
2025-06-20 10:15:48.082298,1720.8,135018.0,141992.0
2025-06-20 10:15:48.611093,1719.9,135018.0,141992.0
2025-06-20 10:15:49.653585,1719.9,135018.0,141992.0
2025-06-20 10:15:49.758826,1719.9,137276.0,139523.0
2025-06-20 10:15:50.885197,1719.9,137276.0,139523.0
2025-06-20 10:15:51.619202,1720.4,137276.0,139523.0
2025-06-20 10:15:52.129621,1720.4,137276.0,139523.0
2025-06-20 10:15:53.703997,1720.4,137276.0,139523.0
2025-06-20 10:15:54.614533,1720.2,137276.0,139523.0
2025-06-20 10:15:56.265958,1720.2,136905.0,140648.0
2025-06-20 10:16:00.614250,1720.2,136905.0,140648.0
2025-06-20 10:16:01.271350,1721.4,138233.0,137820.0
2025-06-20 10:16:01.616686,1721.4,138233.0,137820.0
2025-06-20 10:16:02.237592,1721.7,138445.0,138545.0
2025-06-20 10:16:02.617683,1721.7,138445.0,138545.0
2025-06-20 10:16:03.272515,1721.7,138416.0,137711.0
2025-06-20 10:16:03.617455,1721.7,138416.0,137711.0
2025-06-20 10:16:04.375794,1721.7,138157.0,137985.0
2025-06-20 10:16:04.621395,1721.7,138157.0,137985.0
2025-06-20 10:16:05.475389,1721.7,137835.0,138345.0
2025-06-20 10:16:05.665501,1721.9,137835.0,138345.0
2025-06-20 10:16:06.495839,1721.4,137171.0,138923.0
2025-06-20 10:16:06.617101,1721.4,137171.0,138923.0
2025-06-20 10:16:07.500014,1721.1,137417.0,138344.0
2025-06-20 10:16:07.616848,1721.1,137417.0,138344.0
2025-06-20 10:16:08.472803,1721.1,137879.0,138067.0
2025-06-20 10:16:09.574268,1722.0,137880.0,138409.0
2025-06-20 10:16:09.615912,1722.0,137880.0,138409.0
2025-06-20 10:16:10.576102,1722.0,137536.0,138813.0
2025-06-20 10:16:11.678946,1722.0,137933.0,138828.0
2025-06-20 10:16:12.775914,1722.0,136574.0,139731.0
2025-06-20 10:16:13.883736,1722.0,135901.0,140210.0
2025-06-20 10:16:14.975410,1721.3,133953.0,141071.0
2025-06-20 10:16:15.616318,1721.3,133953.0,141071.0
2025-06-20 10:16:15.887991,1721.3,135980.0,141691.0
2025-06-20 10:16:16.615061,1720.5,135980.0,141691.0
2025-06-20 10:16:16.880225,1720.5,134336.0,142482.0
2025-06-20 10:16:17.621183,1721.3,134336.0,142482.0
2025-06-20 10:16:17.981055,1721.3,136419.0,141105.0
2025-06-20 10:16:19.130646,1721.3,136534.0,141571.0
2025-06-20 10:16:20.181197,1721.3,137173.0,140859.0
2025-06-20 10:16:21.277699,1721.4,137255.0,140187.0
2025-06-20 10:16:21.614354,1721.4,137255.0,140187.0
2025-06-20 10:16:22.390126,1721.4,136551.0,140446.0
2025-06-20 10:16:23.496916,1721.4,135758.0,141163.0
2025-06-20 10:16:24.581416,1721.4,135750.0,141314.0
2025-06-20 10:16:25.584544,1721.4,136251.0,141100.0
2025-06-20 10:16:26.706560,1721.4,136622.0,141164.0
2025-06-20 10:16:27.781380,1721.4,136593.0,141150.0
2025-06-20 10:16:28.780882,1721.1,135881.0,141846.0
2025-06-20 10:16:29.615076,1721.1,135881.0,141846.0
2025-06-20 10:16:29.888812,1721.1,136497.0,141913.0
2025-06-20 10:16:30.895776,1721.1,136218.0,142197.0
2025-06-20 10:16:31.644395,1720.8,136218.0,142197.0
2025-06-20 10:16:31.783646,1720.8,136026.0,142098.0
2025-06-20 10:16:32.784243,1720.8,136407.0,142217.0
2025-06-20 10:16:33.785177,1720.8,136429.0,142196.0
2025-06-20 10:16:34.891209,1720.8,136429.0,142207.0
2025-06-20 10:16:36.005015,1720.8,136362.0,142286.0
2025-06-20 10:16:37.089539,1720.8,136363.0,142286.0
2025-06-20 10:16:37.621675,1720.8,136363.0,142286.0
2025-06-20 10:16:38.092278,1720.8,136369.0,142108.0
2025-06-20 10:16:39.190442,1720.8,134777.0,142352.0
2025-06-20 10:16:40.303680,1720.8,136750.0,142331.0
2025-06-20 10:16:40.615874,1720.3,136750.0,142331.0
2025-06-20 10:16:41.298474,1720.3,136777.0,142331.0
2025-06-20 10:16:42.292624,1720.3,136743.0,142332.0
2025-06-20 10:16:42.619675,1720.8,136743.0,142332.0
2025-06-20 10:16:43.300589,1720.8,136849.0,142315.0
2025-06-20 10:16:44.297892,1720.3,135099.0,142315.0
2025-06-20 10:16:44.666737,1720.3,135099.0,142315.0
2025-06-20 10:16:45.303079,1720.3,136817.0,142235.0
2025-06-20 10:16:46.513936,1720.8,136698.0,140411.0
2025-06-20 10:16:46.617435,1720.8,136698.0,140411.0
2025-06-20 10:16:47.325614,1720.8,136600.0,142371.0
2025-06-20 10:16:48.301047,1720.8,136620.0,142346.0
2025-06-20 10:16:49.303883,1720.8,136620.0,142346.0
2025-06-20 10:16:50.308009,1720.8,136620.0,142348.0
2025-06-20 10:16:51.412242,1720.8,136620.0,142348.0
2025-06-20 10:16:52.443874,1720.8,136681.0,142540.0
2025-06-20 10:16:54.646976,1720.8,136623.0,142540.0
2025-06-20 10:16:55.428804,1720.3,136389.0,142640.0
2025-06-20 10:16:55.618348,1720.3,136389.0,142640.0
2025-06-20 10:16:56.502940,1720.3,135326.0,144020.0
2025-06-20 10:16:56.618822,1720.3,135326.0,144020.0
2025-06-20 10:16:57.655455,1720.3,135640.0,143572.0
2025-06-20 10:16:58.605111,1720.3,135640.0,143601.0
2025-06-20 10:16:59.704604,1720.3,135341.0,143390.0
2025-06-20 10:17:00.660184,1720.1,135341.0,143390.0
2025-06-20 10:17:02.625118,1720.8,135341.0,143390.0
2025-06-20 10:17:04.624557,1720.9,135341.0,143390.0
2025-06-20 10:17:04.813288,1720.9,135490.0,142939.0
2025-06-20 10:17:06.624295,1720.2,135490.0,142939.0
2025-06-20 10:17:10.818568,1720.2,135526.0,143085.0
2025-06-20 10:17:12.632108,1720.2,135526.0,143085.0
2025-06-20 10:17:16.618097,1720.9,135526.0,143085.0
2025-06-20 10:17:17.015185,1720.9,135860.0,143282.0
2025-06-20 10:17:22.623679,1720.5,135860.0,143282.0
2025-06-20 10:17:22.928944,1720.5,135977.0,142874.0
2025-06-20 10:17:24.623918,1720.6,135977.0,142874.0
2025-06-20 10:17:26.640482,1720.5,135977.0,142874.0
2025-06-20 10:17:28.860313,1720.0,135844.0,143295.0
2025-06-20 10:17:29.624460,1720.0,135844.0,143295.0
2025-06-20 10:17:35.030912,1720.0,136700.0,141320.0
2025-06-20 10:17:35.623468,1721.1,136700.0,141320.0
2025-06-20 10:17:38.656201,1721.1,136700.0,141320.0
2025-06-20 10:17:40.937780,1721.4,137730.0,141000.0
2025-06-20 10:17:41.628664,1721.4,137730.0,141000.0
2025-06-20 10:17:44.623414,1721.2,137730.0,141000.0
2025-06-20 10:17:46.734098,1721.2,138611.0,139456.0
2025-06-20 10:17:47.619551,1721.2,138611.0,139456.0
2025-06-20 10:17:50.628815,1721.3,138611.0,139456.0
2025-06-20 10:17:52.850965,1721.3,137691.0,140032.0
2025-06-20 10:17:53.627546,1721.3,137691.0,140032.0
2025-06-20 10:17:59.239875,1721.3,136837.0,140302.0
2025-06-20 10:17:59.624657,1721.3,136837.0,140302.0
2025-06-20 10:18:05.549273,1722.0,138738.0,138565.0
2025-06-20 10:18:05.627277,1722.0,138738.0,138565.0
2025-06-20 10:18:08.626551,1721.5,138738.0,138565.0
2025-06-20 10:18:11.627768,1722.9,138738.0,138565.0
2025-06-20 10:18:11.654766,1722.9,138596.0,137316.0
2025-06-20 10:18:14.680722,1723.0,138596.0,137316.0
2025-06-20 10:18:17.364525,1723.0,138355.0,137005.0
2025-06-20 10:18:17.629198,1722.4,138355.0,137005.0
2025-06-20 10:18:23.558846,1722.4,137209.0,138065.0
2025-06-20 10:18:26.660340,1722.4,137209.0,138065.0
2025-06-20 10:18:29.656474,1722.5,137209.0,138065.0
2025-06-20 10:18:30.572176,1722.5,137335.0,139268.0
2025-06-20 10:18:32.633010,1722.5,137335.0,139268.0
2025-06-20 10:18:35.631780,1722.5,137335.0,139268.0
2025-06-20 10:18:36.764289,1722.3,136875.0,140313.0
2025-06-20 10:18:38.633855,1722.3,136875.0,140313.0
2025-06-20 10:18:41.589386,1722.3,136875.0,140313.0
2025-06-20 10:18:42.135380,1722.3,136875.0,140313.0
2025-06-20 10:18:42.636359,1721.5,136912.0,140030.0
2025-06-20 10:18:42.776547,1721.5,136912.0,140030.0
2025-06-20 10:18:43.304848,1721.5,136912.0,140030.0
2025-06-20 10:18:44.443055,1721.5,136912.0,140030.0
2025-06-20 10:18:44.701943,1721.7,136912.0,140030.0
2025-06-20 10:18:45.023338,1721.7,136912.0,140030.0
2025-06-20 10:18:45.440498,1721.7,136912.0,140030.0
2025-06-20 10:18:46.389590,1721.7,136912.0,140030.0
2025-06-20 10:18:47.630467,1722.0,136912.0,140030.0
2025-06-20 10:18:47.703356,1722.0,136912.0,140030.0
2025-06-20 10:18:48.270769,1722.0,136843.0,140224.0
2025-06-20 10:18:48.692940,1722.0,136843.0,140224.0
2025-06-20 10:18:50.215381,1722.0,136843.0,140224.0
2025-06-20 10:18:50.634245,1722.0,136843.0,140224.0
2025-06-20 10:18:51.465964,1722.0,136843.0,140224.0
2025-06-20 10:18:52.728117,1722.0,136843.0,140224.0
2025-06-20 10:18:53.640591,1722.0,136843.0,140224.0
2025-06-20 10:18:54.175168,1722.0,136763.0,140032.0
2025-06-20 10:18:54.435348,1722.0,136763.0,140032.0
2025-06-20 10:18:56.632486,1722.5,136763.0,140032.0
2025-06-20 10:19:00.477023,1722.5,136083.0,138734.0
2025-06-20 10:19:01.385470,1722.5,136110.0,138109.0
2025-06-20 10:19:01.642418,1722.5,136110.0,138109.0
2025-06-20 10:19:02.882536,1722.5,136295.0,138309.0
2025-06-20 10:19:03.650825,1722.5,136295.0,138309.0
2025-06-20 10:19:03.981338,1722.5,135605.0,141015.0
2025-06-20 10:19:04.641582,1722.0,135605.0,141015.0
2025-06-20 10:19:04.978957,1722.0,136116.0,140258.0
2025-06-20 10:19:05.651153,1722.0,136116.0,140258.0
2025-06-20 10:19:06.082430,1722.0,136170.0,140249.0
2025-06-20 10:19:07.179578,1722.0,136120.0,140253.0
2025-06-20 10:19:08.280259,1722.0,136135.0,140219.0
2025-06-20 10:19:09.288059,1722.0,136152.0,140219.0
2025-06-20 10:19:10.280113,1722.0,136312.0,140176.0
2025-06-20 10:19:11.282976,1722.0,137011.0,138812.0
2025-06-20 10:19:12.480509,1722.0,136970.0,138816.0
2025-06-20 10:19:13.584873,1722.0,137044.0,138816.0
2025-06-20 10:19:14.648609,1722.0,137044.0,138816.0
2025-06-20 10:19:14.683832,1722.4,137392.0,138541.0
2025-06-20 10:19:15.665173,1722.4,137392.0,138541.0
2025-06-20 10:19:15.782410,1722.4,137389.0,138971.0
2025-06-20 10:19:16.895514,1722.4,137371.0,139006.0
2025-06-20 10:19:17.895121,1722.4,138092.0,139071.0
2025-06-20 10:19:19.096076,1722.1,137697.0,139118.0
2025-06-20 10:19:19.635001,1722.1,137697.0,139118.0
2025-06-20 10:19:20.185664,1722.1,137551.0,138996.0
2025-06-20 10:19:21.286004,1722.1,137936.0,138741.0
2025-06-20 10:19:21.686928,1722.4,137936.0,138741.0
2025-06-20 10:19:22.596213,1722.4,136825.0,140126.0
2025-06-20 10:19:23.489626,1722.0,136447.0,140602.0
2025-06-20 10:19:23.652689,1722.0,136447.0,140602.0
2025-06-20 10:19:24.590569,1722.0,136622.0,140651.0
2025-06-20 10:19:25.698762,1722.0,136587.0,139530.0
2025-06-20 10:19:26.673494,1722.0,136587.0,139530.0
2025-06-20 10:19:26.793262,1722.0,136551.0,139993.0
2025-06-20 10:19:27.922178,1722.0,136531.0,140606.0
2025-06-20 10:19:28.995931,1722.0,136515.0,140578.0
2025-06-20 10:19:30.097069,1722.0,136532.0,140279.0
2025-06-20 10:19:31.197861,1722.3,136578.0,140078.0
2025-06-20 10:19:31.671453,1722.3,136578.0,140078.0
2025-06-20 10:19:32.301608,1722.3,136595.0,140170.0
2025-06-20 10:19:33.434986,1721.8,131811.0,142550.0
2025-06-20 10:19:33.702864,1721.8,131811.0,142550.0
2025-06-20 10:19:34.500833,1721.8,134744.0,142203.0
2025-06-20 10:19:35.418350,1721.8,134745.0,142117.0
2025-06-20 10:19:36.602402,1721.8,135136.0,141099.0
2025-06-20 10:19:37.757336,1721.8,135034.0,140906.0
2025-06-20 10:19:38.803334,1721.1,134736.0,141984.0
2025-06-20 10:19:39.638727,1721.1,134736.0,141984.0
2025-06-20 10:19:39.920157,1721.1,134620.0,142135.0
2025-06-20 10:19:41.010990,1721.1,134702.0,142101.0
2025-06-20 10:19:41.920743,1721.1,134368.0,142148.0
2025-06-20 10:19:43.007254,1721.1,134353.0,142188.0
2025-06-20 10:19:44.116818,1721.1,134353.0,142188.0
2025-06-20 10:19:45.209350,1721.1,134535.0,141692.0
2025-06-20 10:19:45.637262,1721.0,134535.0,141692.0
2025-06-20 10:19:46.314385,1721.0,134135.0,142582.0
2025-06-20 10:19:47.925616,1721.0,134271.0,142499.0
2025-06-20 10:19:49.013700,1721.0,134673.0,142461.0
2025-06-20 10:19:50.116226,1721.0,134413.0,142268.0
2025-06-20 10:19:50.642233,1721.7,134413.0,142268.0
2025-06-20 10:19:51.225895,1721.7,135499.0,141595.0
2025-06-20 10:19:51.643525,1721.7,135499.0,141595.0
2025-06-20 10:19:52.317640,1721.7,134661.0,142400.0
2025-06-20 10:19:53.321373,1721.7,134681.0,142562.0
2025-06-20 10:19:54.428170,1721.7,134802.0,143271.0
2025-06-20 10:19:55.522111,1721.2,134521.0,143052.0
2025-06-20 10:19:55.641449,1721.2,134521.0,143052.0
2025-06-20 10:19:56.623943,1721.2,134553.0,143364.0
2025-06-20 10:19:57.641642,1721.7,134553.0,143364.0
2025-06-20 10:19:57.734358,1721.7,134661.0,143357.0
2025-06-20 10:19:58.732583,1721.7,134680.0,143408.0
2025-06-20 10:19:59.830448,1721.7,134810.0,142940.0
2025-06-20 10:20:00.754446,1721.7,134806.0,143302.0
2025-06-20 10:20:01.684310,1722.0,134806.0,143302.0
2025-06-20 10:20:04.677538,1722.0,134806.0,143302.0
2025-06-20 10:20:07.342707,1722.7,136103.0,140638.0
2025-06-20 10:20:07.685474,1722.7,136103.0,140638.0
2025-06-20 10:20:14.098731,1722.7,135625.0,140686.0
2025-06-20 10:20:16.683389,1722.1,135625.0,140686.0
2025-06-20 10:20:19.648366,1722.0,135625.0,140686.0
2025-06-20 10:20:20.144930,1722.0,136204.0,140689.0
2025-06-20 10:20:22.674638,1722.7,136204.0,140689.0
2025-06-20 10:20:25.650431,1722.8,136204.0,140689.0
2025-06-20 10:20:26.049981,1722.8,136910.0,140501.0
2025-06-20 10:20:28.684279,1722.0,136910.0,140501.0
2025-06-20 10:20:31.652400,1723.0,136910.0,140501.0
2025-06-20 10:20:32.166805,1723.0,138106.0,139214.0
2025-06-20 10:20:34.671214,1723.0,138106.0,139214.0
2025-06-20 10:20:37.655868,1722.4,138106.0,139214.0
2025-06-20 10:20:38.262182,1722.4,137718.0,139961.0
2025-06-20 10:20:40.651030,1722.8,137718.0,139961.0
2025-06-20 10:20:44.465766,1722.8,138830.0,140086.0
2025-06-20 10:20:46.649075,1723.0,138830.0,140086.0
2025-06-20 10:20:49.704475,1722.3,138830.0,140086.0
2025-06-20 10:20:50.379625,1722.4,137612.0,142476.0
2025-06-20 10:20:52.650118,1722.8,137612.0,142476.0
2025-06-20 10:20:56.613003,1722.2,139052.0,142114.0
2025-06-20 10:20:58.647923,1721.5,139052.0,142114.0
2025-06-20 10:21:01.397642,1722.4,140252.0,141131.0
2025-06-20 10:21:01.649633,1722.4,140252.0,141131.0
2025-06-20 10:21:02.277667,1722.7,140448.0,140475.0
2025-06-20 10:21:02.654395,1722.7,140448.0,140475.0
2025-06-20 10:21:03.276929,1722.7,140490.0,140452.0
2025-06-20 10:21:04.173374,1722.7,140500.0,140452.0
2025-06-20 10:21:05.172996,1722.7,141514.0,140460.0
2025-06-20 10:21:06.180454,1721.8,141089.0,140982.0
2025-06-20 10:21:06.643330,1722.5,141089.0,140982.0
2025-06-20 10:21:07.175888,1722.5,141079.0,140973.0
2025-06-20 10:21:07.672912,1722.7,141079.0,140973.0
2025-06-20 10:21:08.277342,1722.7,141378.0,140551.0
2025-06-20 10:21:08.646048,1722.7,141378.0,140551.0
2025-06-20 10:21:09.176656,1722.7,141396.0,140559.0
2025-06-20 10:21:10.116228,1722.7,141409.0,140605.0
2025-06-20 10:21:10.646304,1721.8,141409.0,140605.0
2025-06-20 10:21:10.984099,1721.8,141108.0,140840.0
2025-06-20 10:21:11.644463,1721.7,141108.0,140840.0
2025-06-20 10:21:11.993935,1721.7,140309.0,143550.0
2025-06-20 10:21:12.982299,1721.7,140018.0,143781.0
2025-06-20 10:21:13.892342,1721.7,140296.0,143701.0
2025-06-20 10:21:15.125061,1721.7,140363.0,143586.0
2025-06-20 10:21:15.786707,1721.7,140421.0,143638.0
2025-06-20 10:21:16.656470,1720.9,140421.0,143638.0
2025-06-20 10:21:16.782920,1720.9,140322.0,143677.0
2025-06-20 10:21:17.684838,1720.9,140356.0,144183.0
2025-06-20 10:21:18.683594,1721.4,140162.0,144226.0
2025-06-20 10:21:19.646024,1721.4,140162.0,144226.0
2025-06-20 10:21:19.682905,1721.4,140598.0,144202.0
2025-06-20 10:21:20.585718,1721.4,140547.0,144160.0
2025-06-20 10:21:21.618255,1720.6,140096.0,144345.0
2025-06-20 10:21:21.647085,1720.6,140096.0,144345.0
2025-06-20 10:21:22.588381,1720.6,140023.0,144534.0
2025-06-20 10:21:23.627343,1720.6,140138.0,146122.0
2025-06-20 10:21:24.489493,1721.0,140707.0,145436.0
2025-06-20 10:21:24.649292,1721.0,140707.0,145436.0
2025-06-20 10:21:25.489319,1721.0,140870.0,145161.0
2025-06-20 10:21:26.403580,1720.5,140476.0,145113.0
2025-06-20 10:21:26.645957,1720.5,140476.0,145113.0
2025-06-20 10:21:27.491459,1720.5,139638.0,146429.0
2025-06-20 10:21:28.612844,1720.5,140233.0,146421.0
2025-06-20 10:21:29.428137,1720.5,140747.0,143982.0
2025-06-20 10:21:30.292984,1720.5,140975.0,144291.0
2025-06-20 10:21:30.651771,1720.5,140975.0,144291.0
2025-06-20 10:21:31.306531,1721.0,140831.0,144218.0
2025-06-20 10:21:32.195798,1721.0,140831.0,144218.0
2025-06-20 10:21:32.637394,1721.0,140900.0,144372.0
2025-06-20 10:21:33.378926,1721.0,139863.0,145169.0
2025-06-20 10:21:34.295691,1721.0,140351.0,145027.0
2025-06-20 10:21:34.645469,1721.0,140351.0,145027.0
2025-06-20 10:21:35.194406,1721.0,140495.0,145049.0
2025-06-20 10:21:36.194861,1721.0,140597.0,145038.0
2025-06-20 10:21:36.645409,1721.0,140597.0,145038.0
2025-06-20 10:21:37.117969,1721.0,140435.0,144943.0
2025-06-20 10:21:37.994718,1721.0,140527.0,144946.0
2025-06-20 10:21:38.643713,1720.3,140527.0,144946.0
2025-06-20 10:21:38.942322,1720.3,140109.0,145563.0
2025-06-20 10:21:39.796657,1720.3,140112.0,145620.0
2025-06-20 10:21:40.800907,1720.3,140132.0,145461.0
2025-06-20 10:21:41.698182,1720.3,140195.0,145473.0
2025-06-20 10:21:41.852411,1720.3,140195.0,145473.0
2025-06-20 10:21:42.203968,1720.3,140195.0,145473.0
2025-06-20 10:21:42.697058,1720.3,140223.0,145462.0
2025-06-20 10:21:42.804116,1720.3,140223.0,145462.0
2025-06-20 10:21:43.098045,1720.3,140223.0,145462.0
2025-06-20 10:21:43.652397,1720.4,140223.0,145462.0
2025-06-20 10:21:43.701898,1720.4,140486.0,145216.0
2025-06-20 10:21:43.725712,1720.4,140486.0,145216.0
2025-06-20 10:21:44.448679,1720.4,140486.0,145216.0
2025-06-20 10:21:44.602649,1720.4,140381.0,145409.0
2025-06-20 10:21:44.846264,1720.4,140381.0,145409.0
2025-06-20 10:21:45.481346,1720.4,140381.0,145409.0
2025-06-20 10:21:45.699018,1720.3,140305.0,145421.0
2025-06-20 10:21:45.708227,1720.3,140305.0,145421.0
2025-06-20 10:21:45.828871,1720.3,140305.0,145421.0
2025-06-20 10:21:46.746405,1720.3,140558.0,145421.0
2025-06-20 10:21:46.843357,1720.3,140558.0,145421.0
2025-06-20 10:21:47.801679,1720.3,140565.0,145163.0
2025-06-20 10:21:48.162896,1720.3,140565.0,145163.0
2025-06-20 10:21:48.933325,1720.3,140674.0,145201.0
2025-06-20 10:21:49.118144,1720.3,140674.0,145201.0
2025-06-20 10:21:49.805369,1720.3,140724.0,145456.0
2025-06-20 10:21:50.719378,1720.3,140724.0,145456.0
2025-06-20 10:21:50.802140,1720.3,140661.0,145474.0
2025-06-20 10:21:51.803402,1720.4,140666.0,145450.0
2025-06-20 10:21:51.987380,1720.4,140666.0,145450.0
2025-06-20 10:21:52.709960,1720.4,140666.0,145450.0
2025-06-20 10:21:52.937656,1720.4,140715.0,145450.0
2025-06-20 10:21:53.218915,1720.4,140715.0,145450.0
2025-06-20 10:21:53.645000,1721.0,140715.0,145450.0
2025-06-20 10:21:54.008691,1721.0,140958.0,145351.0
2025-06-20 10:21:54.825363,1721.0,140958.0,145351.0
2025-06-20 10:21:55.013969,1721.0,140784.0,145216.0
2025-06-20 10:21:56.110072,1720.4,141195.0,145219.0
2025-06-20 10:21:56.659662,1721.0,141195.0,145219.0
2025-06-20 10:21:57.210169,1721.0,141598.0,144465.0
2025-06-20 10:21:58.210020,1720.7,141447.0,144416.0
2025-06-20 10:21:58.647251,1720.7,141447.0,144416.0
2025-06-20 10:21:59.312057,1720.7,141455.0,144427.0
2025-06-20 10:22:00.307341,1720.7,141295.0,144500.0
2025-06-20 10:22:01.312164,1720.7,141801.0,143571.0
2025-06-20 10:22:02.313030,1720.7,141665.0,143686.0
2025-06-20 10:22:03.420279,1720.7,141611.0,143987.0
2025-06-20 10:22:04.514722,1721.5,141224.0,144027.0
2025-06-20 10:22:04.648688,1721.5,141224.0,144027.0
2025-06-20 10:22:05.609312,1721.5,141299.0,143794.0
2025-06-20 10:22:06.509782,1721.5,141993.0,143495.0
2025-06-20 10:22:06.656711,1721.5,141993.0,143495.0
2025-06-20 10:22:07.773139,1721.3,141983.0,143266.0
2025-06-20 10:22:07.994273,1721.3,141983.0,143266.0
2025-06-20 10:22:08.681618,1721.3,142342.0,143239.0
2025-06-20 10:22:09.712060,1721.3,141668.0,143614.0
2025-06-20 10:22:11.417030,1721.3,141656.0,143594.0
2025-06-20 10:22:11.926845,1721.3,139455.0,145386.0
2025-06-20 10:22:12.817137,1721.3,140523.0,145280.0
2025-06-20 10:22:13.927496,1721.3,140516.0,145337.0
2025-06-20 10:22:15.028495,1721.3,140558.0,145218.0
2025-06-20 10:22:16.118129,1721.3,140629.0,144980.0
2025-06-20 10:22:17.219170,1721.3,140727.0,145012.0
2025-06-20 10:22:18.218683,1721.3,140603.0,144165.0
2025-06-20 10:22:19.216791,1721.3,140603.0,144210.0
2025-06-20 10:22:20.220249,1721.3,140603.0,144175.0
2025-06-20 10:22:21.322035,1721.3,140670.0,143754.0
2025-06-20 10:22:21.660823,1721.3,140670.0,143754.0
2025-06-20 10:22:22.431411,1721.3,140975.0,143955.0
2025-06-20 10:22:23.522719,1721.3,141030.0,143746.0
2025-06-20 10:22:24.435317,1721.3,141417.0,143715.0
2025-06-20 10:22:24.655511,1721.3,141417.0,143715.0
2025-06-20 10:22:25.525140,1721.3,141399.0,144020.0
2025-06-20 10:22:25.652559,1721.3,141399.0,144020.0
2025-06-20 10:22:26.525431,1721.8,141231.0,143484.0
2025-06-20 10:22:26.652360,1721.8,141231.0,143484.0
2025-06-20 10:22:27.625933,1721.8,141341.0,143642.0
2025-06-20 10:22:28.629953,1721.3,141143.0,143559.0
2025-06-20 10:22:28.659914,1721.3,141143.0,143559.0
2025-06-20 10:22:29.732967,1721.3,141059.0,144364.0
2025-06-20 10:22:31.177759,1721.3,141091.0,144348.0
2025-06-20 10:22:31.676058,1721.6,141091.0,144348.0
2025-06-20 10:22:31.937147,1721.6,141326.0,143470.0
2025-06-20 10:22:32.938721,1721.6,141115.0,143627.0
2025-06-20 10:22:33.942581,1721.6,141280.0,143597.0
2025-06-20 10:22:34.721238,1721.9,141280.0,143597.0
2025-06-20 10:22:35.031172,1721.9,141253.0,143641.0
2025-06-20 10:22:36.229155,1721.4,141385.0,143694.0
2025-06-20 10:22:36.653878,1721.4,141385.0,143694.0
2025-06-20 10:22:37.231365,1721.4,141540.0,143591.0
2025-06-20 10:22:38.332419,1721.4,141320.0,143984.0
2025-06-20 10:22:39.397637,1721.4,141446.0,143979.0
2025-06-20 10:22:40.623544,1721.4,141444.0,143960.0
2025-06-20 10:22:41.370254,1721.4,141472.0,143453.0
2025-06-20 10:22:41.700940,1722.0,141472.0,143453.0
2025-06-20 10:22:43.040856,1722.0,141376.0,143331.0
2025-06-20 10:22:44.138064,1722.0,141386.0,143383.0
2025-06-20 10:22:45.137656,1722.0,141391.0,143350.0
2025-06-20 10:22:46.237214,1721.8,141064.0,143586.0
2025-06-20 10:22:46.656253,1721.8,141064.0,143586.0
2025-06-20 10:22:47.340638,1721.5,141150.0,143576.0
2025-06-20 10:22:47.657060,1721.5,141150.0,143576.0
2025-06-20 10:22:48.239903,1721.5,141299.0,143644.0
2025-06-20 10:22:48.661088,1721.7,141299.0,143644.0
2025-06-20 10:22:49.444628,1721.7,141355.0,143059.0
2025-06-20 10:22:50.553250,1721.7,141349.0,142861.0
2025-06-20 10:22:51.541109,1721.7,141314.0,142847.0
2025-06-20 10:22:52.557660,1721.7,141460.0,143117.0
2025-06-20 10:22:53.451233,1721.7,141395.0,143316.0
2025-06-20 10:22:53.656474,1721.7,141395.0,143316.0
2025-06-20 10:22:54.445287,1721.7,141322.0,143466.0
2025-06-20 10:22:55.541933,1721.8,141328.0,143127.0
2025-06-20 10:22:55.657290,1721.8,141328.0,143127.0
2025-06-20 10:22:56.642627,1722.0,141028.0,142796.0
2025-06-20 10:22:56.655450,1722.0,141028.0,142796.0
2025-06-20 10:22:57.646309,1722.0,141001.0,142837.0
2025-06-20 10:22:58.662478,1722.0,141409.0,142860.0
2025-06-20 10:22:59.646430,1722.0,141417.0,143105.0
2025-06-20 10:23:01.642295,1722.0,141471.0,143632.0
2025-06-20 10:23:01.656504,1722.0,141471.0,143632.0
2025-06-20 10:23:02.545248,1722.0,141471.0,143632.0
2025-06-20 10:23:03.446604,1722.0,141460.0,143399.0
2025-06-20 10:23:03.724900,1722.0,141460.0,143399.0
2025-06-20 10:23:04.661036,1721.7,141460.0,143399.0
2025-06-20 10:23:05.471568,1721.7,141395.0,143853.0
2025-06-20 10:23:06.447098,1721.7,141395.0,143853.0
2025-06-20 10:23:07.415840,1722.0,141479.0,143647.0
2025-06-20 10:23:07.653858,1722.0,141479.0,143647.0
2025-06-20 10:23:08.256529,1722.0,141524.0,143562.0
2025-06-20 10:23:08.655777,1722.0,141524.0,143562.0
2025-06-20 10:23:09.253855,1722.0,141569.0,143299.0
2025-06-20 10:23:10.180130,1722.0,141609.0,143043.0
2025-06-20 10:23:11.049093,1722.0,141518.0,143298.0
2025-06-20 10:23:11.735221,1722.0,141518.0,143298.0
2025-06-20 10:23:12.051490,1722.0,141352.0,143128.0
2025-06-20 10:23:14.053580,1722.0,141368.0,143410.0
2025-06-20 10:23:16.053406,1722.0,141348.0,143371.0
2025-06-20 10:23:16.955475,1722.0,141378.0,143208.0
2025-06-20 10:23:17.653423,1722.0,141378.0,143208.0
2025-06-20 10:23:17.973944,1722.0,141320.0,143439.0
2025-06-20 10:23:19.973913,1722.0,141331.0,143439.0
2025-06-20 10:23:20.957005,1722.0,141344.0,143439.0
2025-06-20 10:23:21.662550,1722.0,141344.0,143439.0
2025-06-20 10:23:22.868897,1722.0,141457.0,142569.0
2025-06-20 10:23:23.658173,1722.1,141457.0,142569.0
2025-06-20 10:23:23.865649,1722.1,141488.0,142909.0
2025-06-20 10:23:24.656751,1722.1,141488.0,142909.0
2025-06-20 10:23:24.869511,1722.1,141446.0,142909.0
2025-06-20 10:23:26.657534,1722.4,141446.0,142909.0
2025-06-20 10:23:26.761592,1722.4,141612.0,141915.0
2025-06-20 10:23:27.761943,1722.4,141601.0,141910.0
2025-06-20 10:23:28.775310,1722.4,141701.0,141910.0
2025-06-20 10:23:29.667280,1722.4,141738.0,141885.0
2025-06-20 10:23:30.672405,1722.4,141738.0,141905.0
2025-06-20 10:23:31.684378,1722.7,141738.0,141905.0
2025-06-20 10:23:31.703928,1722.7,141999.0,141765.0
2025-06-20 10:23:32.659932,1722.8,141999.0,141765.0
2025-06-20 10:23:32.679380,1722.8,142289.0,141487.0
2025-06-20 10:23:33.682044,1722.8,142263.0,141506.0
2025-06-20 10:23:34.662672,1722.9,142263.0,141506.0
2025-06-20 10:23:34.677658,1722.9,142259.0,141010.0
2025-06-20 10:23:35.699941,1722.9,142259.0,141360.0
2025-06-20 10:23:36.662389,1722.5,142259.0,141360.0
2025-06-20 10:23:36.676901,1722.5,141336.0,142409.0
2025-06-20 10:23:37.677908,1722.5,141975.0,141474.0
2025-06-20 10:23:38.571142,1722.5,141935.0,141607.0
2025-06-20 10:23:39.570994,1722.5,141694.0,141863.0
2025-06-20 10:23:40.762076,1722.7,141694.0,141863.0
2025-06-20 10:23:40.766845,1722.7,141678.0,141891.0
2025-06-20 10:23:41.572705,1722.7,141842.0,142065.0
2025-06-20 10:23:42.473688,1722.7,141842.0,142060.0
2025-06-20 10:23:42.658859,1722.7,141842.0,142060.0
2025-06-20 10:23:43.474634,1722.7,142172.0,141538.0
2025-06-20 10:23:44.474370,1722.7,142062.0,141548.0
2025-06-20 10:23:46.275157,1722.9,141964.0,141538.0
2025-06-20 10:23:46.664527,1722.9,141964.0,141538.0
2025-06-20 10:23:47.275740,1722.9,142036.0,141563.0
2025-06-20 10:23:47.660507,1722.0,142036.0,141563.0
2025-06-20 10:23:48.177475,1722.0,141869.0,141815.0
2025-06-20 10:23:49.090117,1722.0,141883.0,141816.0
2025-06-20 10:23:50.077784,1722.0,141520.0,143422.0
2025-06-20 10:23:51.103199,1722.0,141442.0,143885.0
2025-06-20 10:23:53.109528,1723.3,142789.0,135768.0
2025-06-20 10:23:53.659512,1723.3,142789.0,135768.0
2025-06-20 10:23:54.078820,1723.8,142315.0,138353.0
2025-06-20 10:23:54.666844,1723.5,142315.0,138353.0
2025-06-20 10:23:55.099440,1723.5,142404.0,139796.0
2025-06-20 10:23:56.178090,1723.5,142302.0,139766.0
2025-06-20 10:23:56.662134,1723.5,142302.0,139766.0
2025-06-20 10:23:57.081995,1722.8,142186.0,139650.0
2025-06-20 10:23:57.659276,1722.8,142186.0,139650.0
2025-06-20 10:23:58.079506,1722.8,142233.0,139792.0
2025-06-20 10:23:58.983264,1722.8,142688.0,139045.0
2025-06-20 10:23:59.920992,1722.8,142294.0,140435.0
2025-06-20 10:24:01.706287,1723.2,142294.0,140435.0
2025-06-20 10:24:03.665585,1723.2,142294.0,140435.0
2025-06-20 10:24:05.300708,1723.2,141047.0,140534.0
2025-06-20 10:24:09.772241,1723.5,141047.0,140534.0
2025-06-20 10:24:11.046274,1723.5,140839.0,140216.0
2025-06-20 10:24:11.704764,1723.5,140839.0,140216.0
2025-06-20 10:24:15.700551,1723.5,140839.0,140216.0
2025-06-20 10:24:16.919421,1723.5,141288.0,139157.0
2025-06-20 10:24:19.700943,1723.5,141288.0,139157.0
2025-06-20 10:24:21.694391,1723.5,141288.0,139157.0
2025-06-20 10:24:22.347436,1723.5,151957.0,139724.0
2025-06-20 10:24:23.698365,1723.8,151957.0,139724.0
2025-06-20 10:24:25.670199,1723.5,151957.0,139724.0
2025-06-20 10:24:27.658899,1723.5,151957.0,139724.0
2025-06-20 10:24:28.003664,1723.5,152043.0,139692.0
2025-06-20 10:24:29.672412,1723.2,152043.0,139692.0
2025-06-20 10:24:31.660758,1723.7,152043.0,139692.0
2025-06-20 10:24:33.706710,1723.7,151931.0,139772.0
2025-06-20 10:24:35.664658,1723.2,151931.0,139772.0
2025-06-20 10:24:37.661448,1723.2,151931.0,139772.0
2025-06-20 10:24:39.611619,1722.9,151468.0,141905.0
2025-06-20 10:24:39.662473,1722.9,151468.0,141905.0
2025-06-20 10:24:41.667311,1723.2,151468.0,141905.0
2025-06-20 10:24:42.298430,1723.2,151468.0,141905.0
2025-06-20 10:24:43.506383,1723.2,151468.0,141905.0
2025-06-20 10:24:44.041406,1723.2,151468.0,141905.0
2025-06-20 10:24:45.090141,1723.2,151468.0,141905.0
2025-06-20 10:24:45.456282,1722.3,151629.0,142267.0
2025-06-20 10:24:45.515611,1722.3,151629.0,142267.0
2025-06-20 10:24:45.664212,1722.3,151629.0,142267.0
2025-06-20 10:24:46.104050,1722.3,151629.0,142267.0
2025-06-20 10:24:47.694653,1722.3,151629.0,142267.0
2025-06-20 10:24:47.704555,1722.0,151629.0,142267.0
2025-06-20 10:24:48.820295,1722.0,151629.0,142267.0
2025-06-20 10:24:49.678909,1722.7,151629.0,142267.0
2025-06-20 10:24:49.797675,1722.7,151629.0,142267.0
2025-06-20 10:24:51.214506,1722.7,151796.0,143132.0
2025-06-20 10:24:51.302855,1722.7,151796.0,143132.0
2025-06-20 10:24:51.666544,1722.7,151796.0,143132.0
2025-06-20 10:24:52.579039,1722.7,151796.0,143132.0
2025-06-20 10:24:53.837721,1722.7,151796.0,143132.0
2025-06-20 10:24:55.471827,1722.7,151796.0,143132.0
2025-06-20 10:24:56.931100,1722.7,150750.0,143038.0
2025-06-20 10:24:57.679827,1722.7,150750.0,143038.0
2025-06-20 10:24:59.665434,1722.9,150750.0,143038.0
2025-06-20 10:25:01.666413,1722.8,150750.0,143038.0
2025-06-20 10:25:02.819286,1722.8,150768.0,141832.0
2025-06-20 10:25:03.671473,1722.3,150768.0,141832.0
2025-06-20 10:25:07.669240,1722.3,150768.0,141832.0
2025-06-20 10:25:09.004541,1721.8,150425.0,143190.0
2025-06-20 10:25:09.699703,1721.8,150425.0,143190.0
2025-06-20 10:25:12.671639,1721.8,150425.0,143190.0
2025-06-20 10:25:15.237939,1721.6,150474.0,143680.0
2025-06-20 10:25:15.666834,1721.6,150474.0,143680.0
2025-06-20 10:25:18.666422,1721.6,150474.0,143680.0
2025-06-20 10:25:21.231526,1721.5,150008.0,144913.0
2025-06-20 10:25:21.659364,1721.5,150008.0,144913.0
2025-06-20 10:25:24.672111,1722.1,150008.0,144913.0
2025-06-20 10:25:27.385061,1722.1,151038.0,144236.0
2025-06-20 10:25:27.713850,1722.1,151038.0,144236.0
2025-06-20 10:25:30.669270,1722.1,151038.0,144236.0
2025-06-20 10:25:33.454142,1721.7,150429.0,144340.0
2025-06-20 10:25:33.668410,1721.7,150429.0,144340.0
2025-06-20 10:25:36.667629,1722.2,150429.0,144340.0
2025-06-20 10:25:39.743950,1722.2,150514.0,144615.0
2025-06-20 10:25:42.713383,1722.1,150514.0,144615.0
2025-06-20 10:25:45.665079,1721.5,150514.0,144615.0
2025-06-20 10:25:45.955826,1721.5,150373.0,144307.0
2025-06-20 10:25:48.679166,1722.1,150373.0,144307.0
2025-06-20 10:25:51.677942,1722.1,150373.0,144307.0
2025-06-20 10:25:52.060049,1722.1,150364.0,143651.0
2025-06-20 10:25:57.675711,1721.5,150364.0,143651.0
2025-06-20 10:25:57.959168,1721.5,150327.0,143665.0
2025-06-20 10:26:03.673234,1721.5,150327.0,143665.0
2025-06-20 10:26:03.761981,1721.5,150347.0,143964.0
2025-06-20 10:26:06.668766,1721.5,150347.0,143964.0
2025-06-20 10:26:09.672195,1722.0,150347.0,143964.0
2025-06-20 10:26:10.067348,1722.0,150268.0,144482.0
2025-06-20 10:26:12.666522,1722.0,150268.0,144482.0
2025-06-20 10:26:16.393513,1722.0,149964.0,143862.0
2025-06-20 10:26:18.674737,1721.5,149964.0,143862.0
2025-06-20 10:26:21.670029,1721.9,149964.0,143862.0
2025-06-20 10:26:22.589984,1721.9,150292.0,144310.0
2025-06-20 10:26:27.686420,1721.9,150292.0,144310.0
2025-06-20 10:26:28.886774,1721.9,150231.0,144447.0
2025-06-20 10:26:30.694332,1721.9,150231.0,144447.0
2025-06-20 10:26:33.670570,1722.0,150231.0,144447.0
2025-06-20 10:26:34.892347,1722.0,150112.0,144036.0
2025-06-20 10:26:36.677679,1722.1,150112.0,144036.0
2025-06-20 10:26:39.681186,1722.4,150112.0,144036.0
2025-06-20 10:26:41.491087,1722.4,150607.0,143562.0
2025-06-20 10:26:42.714437,1722.4,150607.0,143562.0
2025-06-20 10:26:45.676372,1722.6,150607.0,143562.0
2025-06-20 10:26:47.721222,1722.6,150905.0,142510.0
2025-06-20 10:26:51.746698,1722.9,150905.0,142510.0
2025-06-20 10:26:53.807924,1722.9,151333.0,141512.0
2025-06-20 10:26:57.702730,1722.9,151333.0,141512.0
2025-06-20 10:27:00.104943,1723.4,152076.0,140542.0
2025-06-20 10:27:00.678058,1723.4,152076.0,140542.0
2025-06-20 10:27:03.695583,1723.4,152076.0,140542.0
2025-06-20 10:27:06.446356,1723.9,152154.0,138620.0
2025-06-20 10:27:06.742919,1723.3,152154.0,138620.0
2025-06-20 10:27:09.697283,1723.9,152154.0,138620.0
2025-06-20 10:27:13.115516,1723.9,152477.0,137896.0
2025-06-20 10:27:18.679238,1724.8,152477.0,137896.0
2025-06-20 10:27:19.764082,1724.8,153175.0,136093.0
2025-06-20 10:27:21.707515,1724.8,153175.0,136093.0
2025-06-20 10:27:25.351527,1725.0,153175.0,136093.0
2025-06-20 10:27:26.133453,1725.0,152573.0,133360.0
2025-06-20 10:27:28.738914,1725.5,152573.0,133360.0
2025-06-20 10:27:32.719046,1725.6,152573.0,133360.0
2025-06-20 10:27:32.942308,1725.6,153295.0,133171.0
2025-06-20 10:27:34.700565,1725.6,153295.0,133171.0
2025-06-20 10:27:37.688220,1726.0,153295.0,133171.0
2025-06-20 10:27:39.552391,1725.9,152859.0,133725.0
2025-06-20 10:27:41.669747,1725.9,152859.0,133725.0
2025-06-20 10:27:42.703748,1725.9,152859.0,133725.0
2025-06-20 10:27:43.053664,1725.9,152859.0,133725.0
2025-06-20 10:27:44.267868,1725.9,152859.0,133725.0
2025-06-20 10:27:45.300172,1725.9,152859.0,133725.0
2025-06-20 10:27:45.681559,1726.0,152859.0,133725.0
2025-06-20 10:27:45.782702,1726.0,152859.0,133725.0
2025-06-20 10:27:45.957827,1726.0,153494.0,132990.0
2025-06-20 10:27:46.313187,1726.0,153494.0,132990.0
2025-06-20 10:27:47.698962,1726.0,153494.0,132990.0
2025-06-20 10:27:49.043812,1726.0,153494.0,132990.0
2025-06-20 10:27:49.680289,1725.9,153494.0,132990.0
2025-06-20 10:27:50.014808,1725.9,153494.0,132990.0
2025-06-20 10:27:51.512859,1725.9,153494.0,132990.0
2025-06-20 10:27:51.683046,1726.4,153494.0,132990.0
2025-06-20 10:27:52.247544,1726.4,153367.0,133320.0
2025-06-20 10:27:52.826661,1726.4,153367.0,133320.0
2025-06-20 10:27:54.027951,1726.4,153367.0,133320.0
2025-06-20 10:27:55.625936,1726.4,153367.0,133320.0
2025-06-20 10:27:57.683944,1726.4,153367.0,133320.0
2025-06-20 10:27:58.755196,1726.4,153858.0,133443.0
2025-06-20 10:28:00.669795,1725.9,153858.0,133443.0
2025-06-20 10:28:02.676883,1725.5,153858.0,133443.0
2025-06-20 10:28:04.677983,1725.5,153858.0,133443.0
2025-06-20 10:28:04.859926,1725.5,151766.0,135454.0
2025-06-20 10:28:06.678668,1725.5,151766.0,135454.0
2025-06-20 10:28:08.676203,1725.9,151766.0,135454.0
2025-06-20 10:28:10.677978,1725.5,151766.0,135454.0
2025-06-20 10:28:10.973931,1725.5,151615.0,134937.0
2025-06-20 10:28:12.679695,1725.5,151615.0,134937.0
2025-06-20 10:28:14.677234,1725.9,151615.0,134937.0
2025-06-20 10:28:16.971498,1725.7,151412.0,136533.0
2025-06-20 10:28:17.677413,1725.5,151412.0,136533.0
2025-06-20 10:28:20.679596,1725.4,151412.0,136533.0
2025-06-20 10:28:23.071250,1725.6,150053.0,137812.0
2025-06-20 10:28:23.698588,1725.6,150053.0,137812.0
2025-06-20 10:28:26.678202,1724.5,150053.0,137812.0
2025-06-20 10:28:28.980587,1724.5,150719.0,137606.0
2025-06-20 10:28:33.753114,1725.1,150719.0,137606.0
2025-06-20 10:28:35.284074,1725.1,150715.0,138139.0
2025-06-20 10:28:38.686887,1725.0,150715.0,138139.0
2025-06-20 10:28:41.289669,1725.0,150817.0,138699.0
2025-06-20 10:28:41.687139,1725.0,150817.0,138699.0
2025-06-20 10:28:44.680278,1725.0,150817.0,138699.0
2025-06-20 10:28:47.680939,1725.0,150817.0,138699.0
2025-06-20 10:28:53.677225,1725.5,150817.0,138699.0
2025-06-20 10:28:53.790894,1725.5,151291.0,137907.0
2025-06-20 10:28:56.681417,1725.4,151291.0,137907.0
2025-06-20 10:28:59.794782,1725.4,151062.0,138140.0
2025-06-20 10:29:01.681925,1725.4,151062.0,138140.0
2025-06-20 10:29:05.604314,1724.5,150971.0,137836.0
2025-06-20 10:29:05.683344,1724.5,150971.0,137836.0
2025-06-20 10:29:07.678413,1724.7,150971.0,137836.0
2025-06-20 10:29:11.694640,1725.3,150971.0,137836.0
2025-06-20 10:29:11.801670,1725.3,150892.0,138256.0
2025-06-20 10:29:13.680067,1725.4,150892.0,138256.0
2025-06-20 10:29:17.722483,1725.3,150892.0,138256.0
2025-06-20 10:29:18.009321,1725.3,151168.0,138948.0
2025-06-20 10:29:21.682293,1725.4,151168.0,138948.0
2025-06-20 10:29:23.686174,1725.6,151168.0,138948.0
2025-06-20 10:29:23.811201,1725.6,151586.0,135333.0
2025-06-20 10:29:25.681830,1725.3,151586.0,135333.0
2025-06-20 10:29:27.688644,1726.0,151586.0,135333.0
2025-06-20 10:29:29.431971,1726.0,151478.0,136459.0
2025-06-20 10:29:31.695795,1725.9,151478.0,136459.0
2025-06-20 10:29:33.685643,1725.9,151478.0,136459.0
2025-06-20 10:29:35.121618,1726.0,151276.0,136318.0
2025-06-20 10:29:35.683936,1726.0,151276.0,136318.0
2025-06-20 10:29:38.683772,1726.0,151276.0,136318.0
2025-06-20 10:29:40.936950,1726.0,152495.0,135680.0
2025-06-20 10:29:44.826609,1726.0,152495.0,135680.0
2025-06-20 10:29:46.963419,1726.0,152284.0,135685.0
2025-06-20 10:29:47.716237,1726.0,152284.0,135685.0
2025-06-20 10:29:50.719444,1725.6,152284.0,135685.0
2025-06-20 10:29:53.009209,1725.6,152117.0,135216.0
2025-06-20 10:29:53.717802,1725.6,152117.0,135216.0
2025-06-20 10:29:56.697328,1726.1,152117.0,135216.0
2025-06-20 10:29:58.471143,1726.1,152812.0,135302.0
2025-06-20 10:29:59.691131,1726.1,152812.0,135302.0
2025-06-20 10:30:01.711685,1726.4,152812.0,135302.0
2025-06-20 10:30:03.951939,1726.4,152139.0,135762.0
2025-06-20 10:30:04.685824,1726.4,152139.0,135762.0
2025-06-20 10:30:07.697028,1726.4,152139.0,135762.0
2025-06-20 10:30:09.779420,1726.5,152139.0,135762.0
2025-06-20 10:30:10.049586,1726.5,152794.0,133575.0
2025-06-20 10:30:11.706845,1726.4,152794.0,133575.0
2025-06-20 10:30:15.730332,1726.4,152794.0,133575.0
2025-06-20 10:30:16.050439,1726.4,151896.0,134863.0
2025-06-20 10:30:17.697070,1726.3,151896.0,134863.0
2025-06-20 10:30:21.969921,1726.3,152309.0,136668.0
2025-06-20 10:30:23.726873,1726.8,152309.0,136668.0
2025-06-20 10:30:25.716985,1726.3,152309.0,136668.0
2025-06-20 10:30:27.658478,1726.7,151888.0,135845.0
2025-06-20 10:30:27.718638,1726.7,151888.0,135845.0
2025-06-20 10:30:31.335804,1726.8,151888.0,135845.0
2025-06-20 10:30:33.264971,1726.7,152593.0,134755.0
2025-06-20 10:30:33.689156,1727.4,152593.0,134755.0
2025-06-20 10:30:36.686328,1727.4,152593.0,134755.0
2025-06-20 10:30:39.179128,1726.8,152365.0,134604.0
2025-06-20 10:30:39.697396,1726.8,152365.0,134604.0
2025-06-20 10:30:42.688334,1727.4,152365.0,134604.0
2025-06-20 10:30:43.225563,1727.4,152365.0,134604.0
2025-06-20 10:30:44.249079,1727.4,152365.0,134604.0
2025-06-20 10:30:45.009573,1727.4,152522.0,134820.0
2025-06-20 10:30:45.318747,1727.4,152522.0,134820.0
2025-06-20 10:30:45.705145,1726.8,152522.0,134820.0
2025-06-20 10:30:46.015550,1726.8,152522.0,134820.0
2025-06-20 10:30:46.505143,1726.8,152522.0,134820.0
2025-06-20 10:30:47.700338,1726.8,152522.0,134820.0
2025-06-20 10:30:48.387030,1726.8,152522.0,134820.0
2025-06-20 10:30:48.682924,1726.7,152522.0,134820.0
2025-06-20 10:30:49.733874,1726.7,152522.0,134820.0
2025-06-20 10:30:50.504752,1727.4,153036.0,134489.0
2025-06-20 10:30:50.766338,1727.4,153036.0,134489.0
2025-06-20 10:30:51.689895,1727.4,153036.0,134489.0
2025-06-20 10:30:52.261048,1727.4,153036.0,134489.0
2025-06-20 10:30:53.533694,1727.4,153036.0,134489.0
2025-06-20 10:30:54.690600,1727.5,153036.0,134489.0
2025-06-20 10:30:54.820009,1727.5,153036.0,134489.0
2025-06-20 10:30:56.080536,1727.5,152531.0,134502.0
2025-06-20 10:30:56.522978,1727.5,152531.0,134502.0
2025-06-20 10:30:57.730780,1727.9,152531.0,134502.0
2025-06-20 10:31:00.689338,1728.0,152531.0,134502.0
2025-06-20 10:31:02.303838,1728.0,153050.0,133402.0
2025-06-20 10:31:03.693877,1727.5,153050.0,133402.0
2025-06-20 10:31:06.723036,1728.3,153050.0,133402.0
2025-06-20 10:31:08.590721,1727.6,152662.0,132794.0
2025-06-20 10:31:09.951330,1728.3,152662.0,132794.0
2025-06-20 10:31:12.709672,1727.7,152662.0,132794.0
2025-06-20 10:31:14.796727,1728.4,153444.0,132645.0
2025-06-20 10:31:15.697892,1728.4,153444.0,132645.0
2025-06-20 10:31:18.744150,1728.0,153444.0,132645.0
2025-06-20 10:31:20.709473,1728.0,152943.0,133338.0
2025-06-20 10:31:21.710408,1728.4,152943.0,133338.0
2025-06-20 10:31:26.600004,1728.4,153255.0,133524.0
2025-06-20 10:31:27.736248,1728.0,153255.0,133524.0
2025-06-20 10:31:30.760189,1727.9,153255.0,133524.0
2025-06-20 10:31:32.205393,1728.0,155091.0,135188.0
2025-06-20 10:31:33.740792,1728.0,155091.0,135188.0
2025-06-20 10:31:36.717202,1728.0,155091.0,135188.0
2025-06-20 10:31:38.653049,1728.0,154802.0,136649.0
2025-06-20 10:31:39.759391,1728.2,154802.0,136649.0
2025-06-20 10:31:42.739886,1728.0,154802.0,136649.0
2025-06-20 10:31:44.514852,1728.4,154867.0,136062.0
2025-06-20 10:31:46.703269,1727.9,154867.0,136062.0
2025-06-20 10:31:48.710223,1727.9,154867.0,136062.0
2025-06-20 10:31:50.352337,1728.0,154812.0,136013.0
2025-06-20 10:31:51.701747,1727.8,154812.0,136013.0
2025-06-20 10:31:56.226095,1727.0,153726.0,140846.0
2025-06-20 10:31:57.738600,1726.5,153726.0,140846.0
2025-06-20 10:32:00.738486,1726.7,153726.0,140846.0
2025-06-20 10:32:01.545104,1726.7,151778.0,143343.0
2025-06-20 10:32:01.730536,1726.7,151778.0,143343.0
2025-06-20 10:32:02.524344,1726.1,151714.0,143322.0
2025-06-20 10:32:02.706988,1726.1,151714.0,143322.0
2025-06-20 10:32:03.652251,1726.8,150452.0,143785.0
2025-06-20 10:32:03.699852,1726.1,150452.0,143785.0
2025-06-20 10:32:04.452344,1725.9,147265.0,146934.0
2025-06-20 10:32:04.742647,1725.9,147265.0,146934.0
2025-06-20 10:32:05.554173,1725.6,148825.0,146586.0
2025-06-20 10:32:05.700475,1725.6,148825.0,146586.0
2025-06-20 10:32:06.558891,1725.6,149036.0,145992.0
2025-06-20 10:32:07.648797,1725.6,149307.0,145343.0
2025-06-20 10:32:07.729376,1726.0,149307.0,145343.0
2025-06-20 10:32:08.653226,1726.0,149337.0,145438.0
2025-06-20 10:32:09.464406,1725.6,149428.0,145575.0
2025-06-20 10:32:09.707044,1725.6,149428.0,145575.0
2025-06-20 10:32:10.527541,1725.6,149353.0,145264.0
2025-06-20 10:32:10.704030,1725.6,149353.0,145264.0
2025-06-20 10:32:11.655258,1725.3,149238.0,144943.0
2025-06-20 10:32:11.707039,1725.3,149238.0,144943.0
2025-06-20 10:32:12.443396,1725.3,147691.0,146175.0
2025-06-20 10:32:12.692286,1725.3,147691.0,146175.0
2025-06-20 10:32:13.344902,1725.3,148243.0,146386.0
2025-06-20 10:32:13.692946,1725.0,148243.0,146386.0
2025-06-20 10:32:14.232227,1725.0,148454.0,146488.0
2025-06-20 10:32:15.234560,1725.0,148076.0,145769.0
2025-06-20 10:32:15.709625,1725.0,148076.0,145769.0
2025-06-20 10:32:16.236495,1725.0,148413.0,146391.0
2025-06-20 10:32:16.697864,1725.0,148413.0,146391.0
2025-06-20 10:32:17.235724,1725.0,148393.0,146648.0
2025-06-20 10:32:17.692944,1725.2,148393.0,146648.0
2025-06-20 10:32:18.236886,1725.2,148752.0,147261.0
2025-06-20 10:32:19.237050,1725.2,148929.0,147135.0
2025-06-20 10:32:20.139052,1725.2,149090.0,146154.0
2025-06-20 10:32:21.138611,1725.2,148268.0,146976.0
2025-06-20 10:32:22.198426,1725.2,148769.0,146197.0
2025-06-20 10:32:22.709024,1725.2,148769.0,146197.0
2025-06-20 10:32:23.138796,1725.2,148570.0,146600.0
2025-06-20 10:32:23.690380,1725.2,148570.0,146600.0
2025-06-20 10:32:24.139245,1725.2,148593.0,146413.0
2025-06-20 10:32:24.696498,1725.8,148593.0,146413.0
2025-06-20 10:32:25.137766,1725.8,148655.0,146374.0
2025-06-20 10:32:26.041304,1725.8,148614.0,146399.0
2025-06-20 10:32:26.691595,1725.8,148614.0,146399.0
2025-06-20 10:32:27.044300,1725.8,148542.0,146497.0
2025-06-20 10:32:28.174205,1725.8,148507.0,146575.0
2025-06-20 10:32:29.168041,1725.8,148669.0,146335.0
2025-06-20 10:32:30.043719,1725.8,147574.0,146499.0
2025-06-20 10:32:31.044608,1725.8,148786.0,146550.0
2025-06-20 10:32:31.698680,1725.8,148786.0,146550.0
2025-06-20 10:32:31.979994,1725.2,148683.0,146143.0
2025-06-20 10:32:32.725853,1725.0,148683.0,146143.0
2025-06-20 10:32:32.997295,1725.0,148511.0,146079.0
2025-06-20 10:32:33.970565,1725.0,148664.0,146471.0
2025-06-20 10:32:34.851006,1725.0,148720.0,146471.0
2025-06-20 10:32:35.752587,1725.0,148447.0,146780.0
2025-06-20 10:32:36.647791,1725.0,148620.0,146859.0
2025-06-20 10:32:37.647439,1725.0,148606.0,146864.0
2025-06-20 10:32:38.546494,1725.0,148590.0,146865.0
2025-06-20 10:32:39.549032,1725.0,148512.0,147390.0
2025-06-20 10:32:39.733189,1725.0,148512.0,147390.0
2025-06-20 10:32:40.552730,1725.7,148483.0,146576.0
2025-06-20 10:32:40.732121,1725.7,148483.0,146576.0
2025-06-20 10:32:41.548685,1725.8,148519.0,146783.0
2025-06-20 10:32:41.728295,1725.8,148519.0,146783.0
2025-06-20 10:32:42.462734,1725.8,148454.0,147410.0
2025-06-20 10:32:43.461047,1725.8,148452.0,147281.0
2025-06-20 10:32:44.348372,1725.8,148452.0,147281.0
2025-06-20 10:32:45.253087,1725.0,148747.0,146607.0
2025-06-20 10:32:45.726389,1725.0,148747.0,146607.0
2025-06-20 10:32:46.151110,1725.0,148805.0,146587.0
2025-06-20 10:32:46.702403,1725.0,148805.0,146587.0
2025-06-20 10:32:47.053667,1725.0,149287.0,146300.0
2025-06-20 10:32:48.060358,1725.0,149708.0,144967.0
2025-06-20 10:32:48.711275,1725.8,149708.0,144967.0
2025-06-20 10:32:49.051980,1725.6,149782.0,143307.0
2025-06-20 10:32:49.690034,1725.6,149782.0,143307.0
2025-06-20 10:32:49.987374,1725.8,150055.0,143017.0
2025-06-20 10:32:50.693220,1725.8,150055.0,143017.0
2025-06-20 10:32:51.054561,1725.8,150249.0,143611.0
2025-06-20 10:32:51.872155,1726.0,150249.0,143611.0
2025-06-20 10:32:51.985675,1726.0,150401.0,142592.0
2025-06-20 10:32:52.729720,1725.8,150401.0,142592.0
2025-06-20 10:32:52.855056,1725.8,150310.0,142627.0
2025-06-20 10:32:53.767154,1725.8,150300.0,142814.0
2025-06-20 10:32:54.658287,1725.8,150221.0,143310.0
2025-06-20 10:32:55.559682,1725.8,150485.0,143673.0
2025-06-20 10:32:56.558838,1726.0,150463.0,143558.0
2025-06-20 10:32:56.751569,1726.0,150463.0,143558.0
2025-06-20 10:32:57.559997,1726.0,149890.0,143447.0
2025-06-20 10:32:58.560574,1726.0,149934.0,143361.0
2025-06-20 10:32:59.562309,1726.0,149934.0,143734.0
2025-06-20 10:33:01.358261,1726.5,150065.0,143227.0
2025-06-20 10:33:01.711198,1726.6,150065.0,143227.0
2025-06-20 10:33:02.261119,1726.6,149270.0,144505.0
2025-06-20 10:33:02.699073,1726.4,149270.0,144505.0
2025-06-20 10:33:03.362109,1726.4,149254.0,144743.0
2025-06-20 10:33:04.497224,1726.4,149604.0,144418.0
2025-06-20 10:33:05.561590,1726.4,149788.0,145126.0
2025-06-20 10:33:06.665871,1726.0,149727.0,145282.0
2025-06-20 10:33:06.706173,1726.0,149727.0,145282.0
2025-06-20 10:33:07.693967,1726.0,149815.0,145289.0
2025-06-20 10:33:07.715785,1725.8,149815.0,145289.0
2025-06-20 10:33:09.154127,1725.8,149877.0,145314.0
2025-06-20 10:33:09.868789,1725.8,149852.0,145314.0
2025-06-20 10:33:10.777486,1726.0,149852.0,145314.0
2025-06-20 10:33:11.054053,1726.0,149944.0,145562.0
2025-06-20 10:33:11.706492,1725.8,149944.0,145562.0
2025-06-20 10:33:12.492958,1725.8,150812.0,145584.0
2025-06-20 10:33:13.610543,1726.0,151078.0,145611.0
2025-06-20 10:33:13.750030,1726.0,151078.0,145611.0
2025-06-20 10:33:14.567825,1725.5,151296.0,144608.0
2025-06-20 10:33:14.693170,1725.5,151296.0,144608.0
2025-06-20 10:33:15.670373,1725.5,151385.0,144644.0
2025-06-20 10:33:16.671074,1725.5,151315.0,144653.0
2025-06-20 10:33:17.702266,1726.0,151315.0,144653.0
2025-06-20 10:33:17.772875,1726.0,151417.0,144655.0
2025-06-20 10:33:18.769627,1726.0,152394.0,144233.0
2025-06-20 10:33:19.768511,1726.0,152416.0,144769.0
2025-06-20 10:33:20.690636,1726.0,152416.0,144769.0
2025-06-20 10:33:20.773405,1726.0,152068.0,144963.0
2025-06-20 10:33:21.695788,1726.0,152068.0,144963.0
2025-06-20 10:33:21.779361,1726.0,151879.0,145059.0
2025-06-20 10:33:22.875445,1726.0,151781.0,145386.0
2025-06-20 10:33:23.752299,1725.6,151781.0,145386.0
2025-06-20 10:33:23.880887,1725.6,151891.0,145324.0
2025-06-20 10:33:24.875850,1725.6,151864.0,145413.0
2025-06-20 10:33:25.784391,1725.6,151850.0,145428.0
2025-06-20 10:33:26.695902,1725.8,151850.0,145428.0
2025-06-20 10:33:26.878738,1725.8,150697.0,147509.0
2025-06-20 10:33:28.535582,1725.8,151146.0,147280.0
2025-06-20 10:33:29.581608,1725.8,151068.0,147260.0
2025-06-20 10:33:30.686028,1725.8,150993.0,147143.0
2025-06-20 10:33:31.683107,1725.5,151922.0,147274.0
2025-06-20 10:33:31.698156,1725.5,151922.0,147274.0
2025-06-20 10:33:32.799064,1725.5,153199.0,147299.0
2025-06-20 10:33:33.682148,1725.5,152765.0,146984.0
2025-06-20 10:33:34.691018,1725.5,152900.0,147049.0
2025-06-20 10:33:35.753442,1725.5,152883.0,147057.0
2025-06-20 10:33:36.701740,1725.5,152883.0,147057.0
2025-06-20 10:33:36.788292,1725.5,152751.0,147085.0
2025-06-20 10:33:37.685351,1725.5,152797.0,147113.0
2025-06-20 10:33:38.786990,1725.5,152814.0,146779.0
2025-06-20 10:33:39.887923,1725.5,152849.0,147046.0
2025-06-20 10:33:40.698812,1725.5,152849.0,147046.0
2025-06-20 10:33:41.013376,1725.5,152886.0,147000.0
2025-06-20 10:33:41.690315,1724.7,152886.0,147000.0
2025-06-20 10:33:42.084176,1724.7,152761.0,147026.0
2025-06-20 10:33:43.084359,1724.7,152823.0,147002.0
2025-06-20 10:33:43.685787,1724.7,152823.0,147002.0
2025-06-20 10:33:44.066529,1724.7,152823.0,147002.0
2025-06-20 10:33:44.084430,1724.7,153512.0,145542.0
2025-06-20 10:33:44.346622,1724.7,153512.0,145542.0
2025-06-20 10:33:45.041247,1724.7,153512.0,145542.0
2025-06-20 10:33:45.190479,1724.7,153575.0,146690.0
2025-06-20 10:33:45.306613,1724.7,153575.0,146690.0
2025-06-20 10:33:46.286954,1725.5,153036.0,146650.0
2025-06-20 10:33:46.411774,1725.5,153036.0,146650.0
2025-06-20 10:33:46.697262,1725.5,153036.0,146650.0
2025-06-20 10:33:46.850124,1725.5,153036.0,146650.0
2025-06-20 10:33:47.392123,1725.0,152439.0,146900.0
2025-06-20 10:33:47.527802,1725.0,152439.0,146900.0
2025-06-20 10:33:47.688078,1725.0,152439.0,146900.0
2025-06-20 10:33:47.832084,1725.0,152439.0,146900.0
2025-06-20 10:33:48.499899,1725.0,152036.0,147849.0
2025-06-20 10:33:48.799118,1725.0,152036.0,147849.0
2025-06-20 10:33:49.386006,1725.3,152281.0,148057.0
2025-06-20 10:33:49.692432,1725.3,152281.0,148057.0
2025-06-20 10:33:50.148020,1725.3,152281.0,148057.0
2025-06-20 10:33:50.499100,1725.3,147617.0,148248.0
2025-06-20 10:33:51.364170,1725.3,147617.0,148248.0
2025-06-20 10:33:51.598358,1725.2,151459.0,148215.0
2025-06-20 10:33:51.689864,1725.2,151459.0,148215.0
2025-06-20 10:33:52.674808,1725.2,151459.0,148215.0
2025-06-20 10:33:52.715958,1725.2,151590.0,148404.0
2025-06-20 10:33:53.795255,1725.2,151458.0,148676.0
2025-06-20 10:33:54.003483,1725.2,151458.0,148676.0
2025-06-20 10:33:54.745619,1725.2,151476.0,148623.0
2025-06-20 10:33:55.211150,1725.2,151476.0,148623.0
2025-06-20 10:33:55.689383,1725.1,151476.0,148623.0
2025-06-20 10:33:55.719945,1725.1,151476.0,148490.0
2025-06-20 10:33:56.797764,1725.1,152225.0,146949.0
2025-06-20 10:33:56.858236,1725.1,152225.0,146949.0
2025-06-20 10:33:57.907526,1725.1,152246.0,147135.0
2025-06-20 10:33:58.692562,1725.3,152246.0,147135.0
2025-06-20 10:33:59.010361,1725.3,152719.0,146731.0
2025-06-20 10:34:00.099437,1725.3,152485.0,146937.0
2025-06-20 10:34:02.414979,1725.5,152953.0,145451.0
2025-06-20 10:34:03.697449,1725.5,152953.0,145451.0
2025-06-20 10:34:06.699661,1726.0,152953.0,145451.0
2025-06-20 10:34:08.202913,1726.5,152995.0,144991.0
2025-06-20 10:34:09.698398,1725.6,152995.0,144991.0
2025-06-20 10:34:12.698548,1726.8,152995.0,144991.0
2025-06-20 10:34:14.205495,1726.8,153874.0,143553.0
2025-06-20 10:34:18.696203,1726.9,153874.0,143553.0
2025-06-20 10:34:19.955559,1726.9,153678.0,143593.0
2025-06-20 10:34:21.702642,1726.9,153678.0,143593.0
2025-06-20 10:34:25.545105,1726.9,153886.0,143694.0
2025-06-20 10:34:27.747004,1726.2,153886.0,143694.0
2025-06-20 10:34:31.117448,1726.5,153765.0,143354.0
2025-06-20 10:34:33.722485,1726.9,153765.0,143354.0
2025-06-20 10:34:36.739992,1726.9,153765.0,143354.0
2025-06-20 10:34:36.970179,1726.9,153766.0,144150.0
2025-06-20 10:34:39.707979,1726.9,153766.0,144150.0
2025-06-20 10:34:42.623346,1726.9,153775.0,143780.0
2025-06-20 10:34:42.742242,1726.9,153775.0,143780.0
2025-06-20 10:34:45.749382,1726.9,153775.0,143780.0
2025-06-20 10:34:48.128556,1726.5,153688.0,143981.0
2025-06-20 10:34:48.701881,1726.5,153688.0,143981.0
2025-06-20 10:34:52.412927,1726.5,153688.0,143981.0
2025-06-20 10:34:53.761159,1726.5,153631.0,144056.0
2025-06-20 10:34:56.763784,1726.9,153631.0,144056.0
2025-06-20 10:34:59.138178,1726.9,153573.0,143872.0
2025-06-20 10:35:00.768920,1726.5,153573.0,143872.0
2025-06-20 10:35:02.710866,1726.9,153573.0,143872.0
2025-06-20 10:35:04.342517,1726.5,153867.0,143915.0
2025-06-20 10:35:04.696969,1726.5,153867.0,143915.0
2025-06-20 10:35:06.701728,1726.9,153867.0,143915.0
2025-06-20 10:35:09.701267,1726.9,153867.0,143915.0
2025-06-20 10:35:10.142291,1726.9,153794.0,143827.0
2025-06-20 10:35:12.734152,1726.9,153794.0,143827.0
2025-06-20 10:35:15.980265,1726.9,153796.0,143755.0
2025-06-20 10:35:18.703509,1726.5,153796.0,143755.0
2025-06-20 10:35:21.698694,1726.9,153796.0,143755.0
2025-06-20 10:35:21.849955,1726.9,153749.0,143856.0
2025-06-20 10:35:25.705388,1726.8,153749.0,143856.0
2025-06-20 10:35:27.655230,1726.9,153568.0,144284.0
2025-06-20 10:35:27.704745,1726.9,153568.0,144284.0
2025-06-20 10:35:29.703570,1726.5,153568.0,144284.0
2025-06-20 10:35:31.707711,1727.0,153568.0,144284.0
2025-06-20 10:35:33.658124,1727.2,154075.0,144109.0
2025-06-20 10:35:33.703589,1727.2,154075.0,144109.0
2025-06-20 10:35:39.498116,1727.2,154356.0,141722.0
2025-06-20 10:35:41.698660,1727.5,154356.0,141722.0
2025-06-20 10:35:43.715072,1727.2,154356.0,141722.0
2025-06-20 10:35:45.263110,1727.2,154040.0,142668.0
2025-06-20 10:35:45.702664,1727.2,154040.0,142668.0
2025-06-20 10:35:47.716874,1727.2,154040.0,142668.0
2025-06-20 10:35:49.759849,1726.8,154040.0,142668.0
2025-06-20 10:35:51.201226,1726.7,152673.0,144953.0
2025-06-20 10:35:51.709241,1726.7,152673.0,144953.0
2025-06-20 10:35:53.713216,1726.7,152673.0,144953.0
2025-06-20 10:35:55.723864,1726.7,152673.0,144953.0
2025-06-20 10:35:56.995431,1726.7,153497.0,144647.0
2025-06-20 10:35:59.712072,1726.2,153497.0,144647.0
2025-06-20 10:36:01.716451,1726.9,153497.0,144647.0
2025-06-20 10:36:02.673958,1726.9,153162.0,145544.0
2025-06-20 10:36:03.712341,1726.1,153162.0,145544.0
2025-06-20 10:36:08.578641,1726.6,152755.0,145728.0
2025-06-20 10:36:08.734833,1726.6,152755.0,145728.0
2025-06-20 10:36:11.712381,1726.6,152755.0,145728.0
2025-06-20 10:36:14.776128,1726.6,153099.0,145731.0
2025-06-20 10:36:20.580715,1726.5,153150.0,146350.0
2025-06-20 10:36:20.708524,1726.5,153150.0,146350.0
2025-06-20 10:36:23.713987,1725.9,153150.0,146350.0
2025-06-20 10:36:26.496615,1726.4,152867.0,147208.0
2025-06-20 10:36:26.726471,1726.4,152867.0,147208.0
2025-06-20 10:36:29.725711,1725.9,152867.0,147208.0
2025-06-20 10:36:32.590064,1725.9,152452.0,147632.0
2025-06-20 10:36:32.705139,1725.9,152452.0,147632.0
2025-06-20 10:36:35.716739,1725.2,152452.0,147632.0
2025-06-20 10:36:38.702399,1726.0,152452.0,147632.0
2025-06-20 10:36:38.792700,1726.0,152326.0,147603.0
2025-06-20 10:36:41.717129,1725.9,152326.0,147603.0
2025-06-20 10:36:44.147073,1725.9,152326.0,147603.0
2025-06-20 10:36:44.403526,1725.9,152235.0,147583.0
2025-06-20 10:36:44.526216,1725.9,152235.0,147583.0
2025-06-20 10:36:44.715930,1725.9,152235.0,147583.0
2025-06-20 10:36:44.848700,1725.9,152235.0,147583.0
2025-06-20 10:36:45.243186,1725.9,152235.0,147583.0
2025-06-20 10:36:46.288139,1725.9,152235.0,147583.0
2025-06-20 10:36:47.445928,1725.9,152235.0,147583.0
2025-06-20 10:36:48.399157,1725.9,152235.0,147583.0
2025-06-20 10:36:48.703772,1725.9,152235.0,147583.0
2025-06-20 10:36:49.352251,1725.9,152235.0,147583.0
2025-06-20 10:36:50.202164,1725.9,153108.0,147440.0
2025-06-20 10:36:50.694730,1725.9,153108.0,147440.0
2025-06-20 10:36:51.680489,1725.9,153108.0,147440.0
2025-06-20 10:36:52.705889,1725.5,153108.0,147440.0
2025-06-20 10:36:53.229735,1725.5,153108.0,147440.0
2025-06-20 10:36:54.529408,1725.5,153108.0,147440.0
2025-06-20 10:36:55.766955,1725.5,153108.0,147440.0
2025-06-20 10:36:55.803855,1725.9,152682.0,147568.0
2025-06-20 10:36:56.704352,1725.3,152682.0,147568.0
2025-06-20 10:36:57.384030,1725.3,152682.0,147568.0
2025-06-20 10:37:01.412991,1725.3,152290.0,149228.0
2025-06-20 10:37:04.709921,1725.7,152290.0,149228.0
2025-06-20 10:37:06.723350,1725.8,152290.0,149228.0
2025-06-20 10:37:07.516140,1725.8,152683.0,149044.0
2025-06-20 10:37:13.424956,1725.8,152701.0,148450.0
2025-06-20 10:37:14.707140,1725.9,152701.0,148450.0
2025-06-20 10:37:16.713947,1725.9,152701.0,148450.0
2025-06-20 10:37:19.121644,1725.9,152688.0,149212.0
2025-06-20 10:37:19.714230,1725.9,152688.0,149212.0
2025-06-20 10:37:22.713986,1725.9,152688.0,149212.0
2025-06-20 10:37:24.734568,1725.9,151619.0,150228.0
2025-06-20 10:37:30.224253,1725.7,151583.0,150070.0
2025-06-20 10:37:31.708393,1725.7,151583.0,150070.0
2025-06-20 10:37:35.827294,1725.7,151483.0,149906.0
2025-06-20 10:37:37.723745,1725.7,151483.0,149906.0
2025-06-20 10:37:40.715321,1725.7,151483.0,149906.0
2025-06-20 10:37:41.444727,1725.7,151843.0,150218.0
2025-06-20 10:37:43.743789,1725.8,151843.0,150218.0
2025-06-20 10:37:46.716494,1725.3,151843.0,150218.0
2025-06-20 10:37:47.139722,1725.3,151576.0,150128.0
2025-06-20 10:37:49.748944,1726.0,151576.0,150128.0
2025-06-20 10:37:52.757380,1726.0,151576.0,150128.0
2025-06-20 10:37:52.760944,1726.0,151652.0,150136.0
2025-06-20 10:37:55.710062,1726.0,151652.0,150136.0
2025-06-20 10:37:58.450370,1726.0,151934.0,150025.0
2025-06-20 10:38:01.712118,1726.0,151934.0,150025.0
2025-06-20 10:38:04.128116,1725.0,151839.0,150086.0
2025-06-20 10:38:04.739016,1725.0,151839.0,150086.0
2025-06-20 10:38:09.755579,1725.0,151090.0,151408.0
2025-06-20 10:38:11.762637,1725.6,151090.0,151408.0
2025-06-20 10:38:13.713901,1725.1,151090.0,151408.0
2025-06-20 10:38:15.257712,1725.1,151499.0,150733.0
2025-06-20 10:38:19.718213,1725.1,151499.0,150733.0
2025-06-20 10:38:20.973284,1725.5,151430.0,154297.0
2025-06-20 10:38:21.712889,1725.5,151430.0,154297.0
2025-06-20 10:38:23.720639,1725.0,151430.0,154297.0
2025-06-20 10:38:26.369761,1725.0,151592.0,154232.0
2025-06-20 10:38:27.710603,1725.0,151592.0,154232.0
2025-06-20 10:38:29.715049,1725.0,151592.0,154232.0
2025-06-20 10:38:31.776536,1725.5,151592.0,154232.0
2025-06-20 10:38:31.872830,1725.5,151012.0,154380.0
2025-06-20 10:38:33.736290,1725.5,151012.0,154380.0
2025-06-20 10:38:37.378872,1725.0,151500.0,154684.0
2025-06-20 10:38:37.720789,1725.0,151500.0,154684.0
2025-06-20 10:38:43.187366,1725.0,151331.0,155274.0
2025-06-20 10:38:43.717746,1725.0,151331.0,155274.0
2025-06-20 10:38:47.734966,1725.5,151331.0,155274.0
2025-06-20 10:38:48.885251,1725.5,151392.0,154604.0
2025-06-20 10:38:51.715441,1725.3,151392.0,154604.0
2025-06-20 10:38:53.716919,1725.0,151392.0,154604.0
2025-06-20 10:38:54.392355,1724.9,150712.0,158594.0
2025-06-20 10:38:55.714369,1724.9,150712.0,158594.0
2025-06-20 10:38:59.693451,1724.9,150504.0,158028.0
2025-06-20 10:38:59.744973,1724.9,150504.0,158028.0
2025-06-20 10:39:01.752272,1724.9,150504.0,158028.0
2025-06-20 10:39:05.533687,1724.9,150575.0,157308.0
2025-06-20 10:39:05.743145,1724.7,150575.0,157308.0
2025-06-20 10:39:07.744295,1724.9,150575.0,157308.0
2025-06-20 10:39:11.304462,1724.2,150587.0,156789.0
2025-06-20 10:39:11.719710,1724.2,150587.0,156789.0
2025-06-20 10:39:13.743378,1724.9,150587.0,156789.0
2025-06-20 10:39:15.713727,1724.2,150587.0,156789.0
2025-06-20 10:39:16.719858,1724.8,150426.0,156887.0
2025-06-20 10:39:17.722656,1724.8,150426.0,156887.0
2025-06-20 10:39:21.718560,1724.2,150426.0,156887.0
2025-06-20 10:39:22.215623,1724.2,150069.0,157416.0
2025-06-20 10:39:27.718742,1724.2,150069.0,157416.0
2025-06-20 10:39:27.930617,1724.2,150262.0,156974.0
2025-06-20 10:39:31.731518,1724.6,150262.0,156974.0
2025-06-20 10:39:34.070392,1724.6,150154.0,157546.0
2025-06-20 10:39:35.722342,1724.7,150154.0,157546.0
2025-06-20 10:39:37.720942,1724.1,150154.0,157546.0
2025-06-20 10:39:40.128966,1724.1,150032.0,157967.0
2025-06-20 10:39:41.723315,1724.9,150032.0,157967.0
2025-06-20 10:39:43.726822,1724.2,150032.0,157967.0
2025-06-20 10:39:44.648601,1724.2,150032.0,157967.0
2025-06-20 10:39:45.041958,1724.2,150032.0,157967.0
2025-06-20 10:39:46.064005,1724.2,150032.0,157967.0
2025-06-20 10:39:46.232871,1724.2,150117.0,157766.0
2025-06-20 10:39:46.389429,1724.2,150117.0,157766.0
2025-06-20 10:39:47.457906,1724.2,150117.0,157766.0
2025-06-20 10:39:47.723465,1724.1,150117.0,157766.0
2025-06-20 10:39:47.884265,1724.1,150117.0,157766.0
2025-06-20 10:39:48.457126,1724.1,150117.0,157766.0
2025-06-20 10:39:49.829906,1724.1,150117.0,157766.0
2025-06-20 10:39:51.260275,1724.1,150117.0,157766.0
2025-06-20 10:39:51.719675,1724.2,150117.0,157766.0
2025-06-20 10:39:52.136161,1724.2,150281.0,157395.0
2025-06-20 10:39:52.159509,1724.2,150281.0,157395.0
2025-06-20 10:39:53.836536,1724.2,150281.0,157395.0
2025-06-20 10:39:53.844436,1724.7,150281.0,157395.0
2025-06-20 10:39:55.047011,1724.7,150281.0,157395.0
2025-06-20 10:39:55.731880,1724.7,150281.0,157395.0
2025-06-20 10:39:56.266272,1724.7,150281.0,157395.0
2025-06-20 10:39:57.757201,1724.0,150281.0,157395.0
2025-06-20 10:39:57.888202,1724.0,150281.0,157395.0
2025-06-20 10:39:58.051526,1724.1,147860.0,159598.0
2025-06-20 10:39:59.725744,1724.1,147860.0,159598.0
2025-06-20 10:40:01.774492,1723.7,147860.0,159598.0
2025-06-20 10:40:03.947705,1723.7,147465.0,160295.0
2025-06-20 10:40:09.960576,1723.7,147553.0,160378.0
2025-06-20 10:40:11.729497,1723.7,147553.0,160378.0
2025-06-20 10:40:14.778798,1723.1,147553.0,160378.0
2025-06-20 10:40:16.063009,1723.0,147102.0,160947.0
2025-06-20 10:40:17.726510,1723.0,147102.0,160947.0
2025-06-20 10:40:20.746921,1723.0,147102.0,160947.0
2025-06-20 10:40:21.862761,1723.0,146710.0,162423.0
2025-06-20 10:40:24.182532,1723.4,146710.0,162423.0
2025-06-20 10:40:26.825997,1723.4,146710.0,162423.0
2025-06-20 10:40:27.772891,1723.4,146575.0,162232.0
2025-06-20 10:40:28.739982,1722.0,146575.0,162232.0
2025-06-20 10:40:30.758579,1721.8,146575.0,162232.0
2025-06-20 10:40:32.742052,1722.5,146575.0,162232.0
2025-06-20 10:40:33.377691,1722.5,145489.0,163657.0
2025-06-20 10:40:38.757841,1722.5,145489.0,163657.0
2025-06-20 10:40:38.793165,1722.5,145274.0,163828.0
2025-06-20 10:40:40.740897,1722.5,145274.0,163828.0
2025-06-20 10:40:44.379231,1722.5,145550.0,163531.0
2025-06-20 10:40:48.739293,1722.5,145550.0,163531.0
2025-06-20 10:40:50.082330,1722.0,145768.0,163792.0
2025-06-20 10:40:50.731713,1722.0,145768.0,163792.0
2025-06-20 10:40:53.795053,1722.0,145768.0,163792.0
2025-06-20 10:40:55.888815,1722.5,146086.0,162608.0
2025-06-20 10:40:57.725849,1722.5,146086.0,162608.0
2025-06-20 10:41:01.692138,1723.4,146767.0,160126.0
2025-06-20 10:41:03.736090,1722.9,146767.0,160126.0
2025-06-20 10:41:07.729000,1722.9,146767.0,160126.0
2025-06-20 10:41:08.005702,1722.9,145913.0,161773.0
2025-06-20 10:41:14.098599,1722.9,145791.0,162215.0
2025-06-20 10:41:15.740240,1722.3,145791.0,162215.0
2025-06-20 10:41:20.018351,1722.3,145804.0,162272.0
2025-06-20 10:41:24.819605,1723.2,145804.0,162272.0
2025-06-20 10:41:25.626453,1723.2,146140.0,162460.0
2025-06-20 10:41:27.751453,1722.3,146140.0,162460.0
2025-06-20 10:41:30.733479,1722.1,146140.0,162460.0
2025-06-20 10:41:31.814461,1722.4,144972.0,164102.0
2025-06-20 10:41:35.762411,1722.0,144972.0,164102.0
2025-06-20 10:41:38.224763,1722.4,145607.0,163260.0
2025-06-20 10:41:38.838182,1722.4,145607.0,163260.0
2025-06-20 10:41:41.748828,1722.0,145607.0,163260.0
2025-06-20 10:41:44.456105,1722.4,145531.0,163934.0
2025-06-20 10:41:44.744088,1722.4,145531.0,163934.0
2025-06-20 10:41:50.051887,1721.7,145547.0,164197.0
2025-06-20 10:41:50.765970,1721.7,145547.0,164197.0
2025-06-20 10:41:52.762537,1722.4,145547.0,164197.0
2025-06-20 10:41:54.890538,1721.7,145547.0,164197.0
2025-06-20 10:41:55.324367,1721.7,144418.0,164961.0
2025-06-20 10:41:56.766849,1721.5,144418.0,164961.0
2025-06-20 10:41:58.738153,1721.5,144418.0,164961.0
2025-06-20 10:42:00.539585,1721.5,144003.0,164608.0
2025-06-20 10:42:00.739270,1721.5,144003.0,164608.0
2025-06-20 10:42:01.565675,1721.7,143609.0,165239.0
2025-06-20 10:42:01.751460,1721.7,143609.0,165239.0
2025-06-20 10:42:02.540215,1721.7,143233.0,165344.0
2025-06-20 10:42:03.641983,1721.7,141666.0,165361.0
2025-06-20 10:42:03.795364,1721.7,141666.0,165361.0
2025-06-20 10:42:04.643681,1721.5,142630.0,165951.0
2025-06-20 10:42:04.735619,1721.5,142630.0,165951.0
2025-06-20 10:42:05.756732,1721.5,142769.0,165986.0
2025-06-20 10:42:06.837748,1721.5,142771.0,165752.0
2025-06-20 10:42:07.942768,1721.5,142776.0,165875.0
2025-06-20 10:42:09.074746,1721.5,142821.0,165890.0
2025-06-20 10:42:10.147417,1721.5,142421.0,165994.0
2025-06-20 10:42:10.771189,1721.0,142421.0,165994.0
2025-06-20 10:42:11.241195,1721.0,142383.0,166903.0
2025-06-20 10:42:12.341151,1721.0,142472.0,166940.0
2025-06-20 10:42:13.464936,1721.2,142595.0,166812.0
2025-06-20 10:42:13.736296,1721.2,142595.0,166812.0
2025-06-20 10:42:14.699658,1721.2,141834.0,167459.0
2025-06-20 10:42:15.689394,1721.2,141920.0,167208.0
2025-06-20 10:42:16.838546,1721.2,142307.0,166488.0
2025-06-20 10:42:17.841493,1721.2,142372.0,166345.0
2025-06-20 10:42:18.944829,1721.2,142390.0,166358.0
2025-06-20 10:42:19.748474,1721.2,142390.0,166358.0
2025-06-20 10:42:19.953048,1721.2,142393.0,166308.0
2025-06-20 10:42:20.730840,1721.2,142393.0,166308.0
2025-06-20 10:42:20.948255,1721.2,142863.0,165637.0
2025-06-20 10:42:21.730584,1721.2,142863.0,165637.0
2025-06-20 10:42:22.054683,1721.2,143336.0,164785.0
2025-06-20 10:42:22.734894,1721.2,143336.0,164785.0
2025-06-20 10:42:23.150071,1721.2,143492.0,164591.0
2025-06-20 10:42:24.148374,1721.2,142843.0,164650.0
2025-06-20 10:42:25.310253,1721.2,142702.0,164663.0
2025-06-20 10:42:26.410442,1721.2,142306.0,165122.0
2025-06-20 10:42:27.348801,1721.2,142269.0,165568.0
2025-06-20 10:42:28.348741,1721.2,142332.0,165512.0
2025-06-20 10:42:29.461050,1721.2,142670.0,165286.0
2025-06-20 10:42:30.559100,1720.9,141771.0,166541.0
2025-06-20 10:42:30.995511,1720.9,141771.0,166541.0
2025-06-20 10:42:31.651467,1721.6,141724.0,166640.0
2025-06-20 10:42:31.781174,1721.6,141724.0,166640.0
2025-06-20 10:42:32.560357,1721.6,141966.0,166987.0
2025-06-20 10:42:33.569138,1721.6,141955.0,167096.0
2025-06-20 10:42:34.649165,1721.6,141986.0,167074.0
2025-06-20 10:42:35.781112,1721.6,142035.0,166827.0
2025-06-20 10:42:36.741683,1720.2,142035.0,166827.0
2025-06-20 10:42:36.762150,1720.2,142139.0,166967.0
2025-06-20 10:42:37.854357,1720.2,142328.0,166923.0
2025-06-20 10:42:38.786813,1721.2,142328.0,166923.0
2025-06-20 10:42:38.853533,1721.2,142314.0,166751.0
2025-06-20 10:42:39.854487,1721.2,137822.0,167498.0
2025-06-20 10:42:40.774869,1720.9,137822.0,167498.0
2025-06-20 10:42:41.012580,1720.9,141803.0,167667.0
2025-06-20 10:42:41.981218,1721.0,141803.0,167667.0
2025-06-20 10:42:42.059958,1721.0,141631.0,167150.0
2025-06-20 10:42:42.783894,1721.0,141631.0,167150.0
2025-06-20 10:42:43.137437,1721.0,141640.0,167340.0
2025-06-20 10:42:44.058684,1721.0,141593.0,167422.0
2025-06-20 10:42:45.065053,1721.0,141593.0,167422.0
2025-06-20 10:42:45.069976,1720.4,141585.0,167468.0
2025-06-20 10:42:45.397980,1720.4,141585.0,167468.0
2025-06-20 10:42:45.757493,1720.4,141585.0,167468.0
2025-06-20 10:42:46.164627,1720.4,141585.0,167468.0
2025-06-20 10:42:46.167425,1720.4,141612.0,168545.0
2025-06-20 10:42:46.696436,1720.4,141612.0,168545.0
2025-06-20 10:42:46.802636,1720.2,141612.0,168545.0
2025-06-20 10:42:47.255480,1720.2,141703.0,168235.0
2025-06-20 10:42:47.478002,1720.2,141703.0,168235.0
2025-06-20 10:42:48.100979,1720.2,141703.0,168235.0
2025-06-20 10:42:48.356373,1720.2,141769.0,167868.0
2025-06-20 10:42:48.555015,1720.2,141769.0,167868.0
2025-06-20 10:42:49.117683,1720.2,141769.0,167868.0
2025-06-20 10:42:49.457582,1720.5,142233.0,166812.0
2025-06-20 10:42:49.545549,1720.5,142233.0,166812.0
2025-06-20 10:42:49.783198,1720.5,142233.0,166812.0
2025-06-20 10:42:50.551769,1720.5,142233.0,166812.0
2025-06-20 10:42:50.807900,1720.4,142233.0,166812.0
2025-06-20 10:42:50.959922,1720.4,142063.0,167431.0
2025-06-20 10:42:51.759273,1718.4,142063.0,167431.0
2025-06-20 10:42:51.864414,1718.4,142063.0,167431.0
2025-06-20 10:42:52.067682,1718.2,133110.0,173580.0
2025-06-20 10:42:52.799641,1719.0,133110.0,173580.0
2025-06-20 10:42:52.871357,1719.0,133110.0,173580.0
2025-06-20 10:42:53.061835,1719.0,137429.0,171540.0
2025-06-20 10:42:54.160089,1719.0,137471.0,171418.0
2025-06-20 10:42:54.389028,1719.0,137471.0,171418.0
2025-06-20 10:42:55.261437,1718.5,137221.0,172028.0
2025-06-20 10:42:55.669856,1718.5,137221.0,172028.0
2025-06-20 10:42:55.740887,1718.5,137221.0,172028.0
2025-06-20 10:42:56.259975,1718.5,137592.0,171645.0
2025-06-20 10:42:56.901526,1718.5,137592.0,171645.0
2025-06-20 10:42:57.362036,1718.5,137664.0,172014.0
2025-06-20 10:42:57.744305,1719.2,137664.0,172014.0
2025-06-20 10:42:58.468101,1719.2,137893.0,171729.0
2025-06-20 10:42:58.590759,1719.2,137893.0,171729.0
2025-06-20 10:42:58.740167,1719.2,137893.0,171729.0
2025-06-20 10:43:01.177331,1719.2,137851.0,171732.0
2025-06-20 10:43:01.254214,1719.8,139585.0,168122.0
2025-06-20 10:43:01.736664,1719.8,139585.0,168122.0
2025-06-20 10:43:02.160441,1719.8,139528.0,167565.0
2025-06-20 10:43:02.737456,1719.8,139528.0,167565.0
2025-06-20 10:43:03.263042,1719.8,138968.0,168196.0
2025-06-20 10:43:04.360838,1720.4,139264.0,167392.0
2025-06-20 10:43:04.729615,1720.4,139264.0,167392.0
2025-06-20 10:43:05.495573,1720.4,139756.0,167337.0
2025-06-20 10:43:06.473803,1720.4,139624.0,167343.0
2025-06-20 10:43:06.732288,1720.4,139624.0,167343.0
2025-06-20 10:43:07.567930,1720.7,139756.0,166996.0
2025-06-20 10:43:07.736030,1720.7,139756.0,166996.0
2025-06-20 10:43:08.665666,1720.4,138762.0,168577.0
2025-06-20 10:43:08.734289,1720.4,138762.0,168577.0
2025-06-20 10:43:09.664172,1720.4,138970.0,168182.0
2025-06-20 10:43:10.796349,1720.4,138989.0,168246.0
2025-06-20 10:43:11.729660,1719.8,138989.0,168246.0
2025-06-20 10:43:11.799961,1719.8,138952.0,168602.0
2025-06-20 10:43:12.809338,1719.8,138968.0,168302.0
2025-06-20 10:43:13.735894,1719.8,138968.0,168302.0
2025-06-20 10:43:13.867359,1719.8,138810.0,169540.0
2025-06-20 10:43:14.868176,1719.8,138841.0,169417.0
2025-06-20 10:43:15.967829,1719.8,138767.0,169215.0
2025-06-20 10:43:16.738843,1719.8,138767.0,169215.0
2025-06-20 10:43:16.970301,1719.8,138592.0,169239.0
2025-06-20 10:43:17.869498,1719.8,139000.0,168327.0
2025-06-20 10:43:18.981584,1719.8,138997.0,168421.0
2025-06-20 10:43:20.069533,1719.8,138959.0,168570.0
2025-06-20 10:43:21.171996,1719.8,138961.0,168712.0
2025-06-20 10:43:22.272834,1719.8,138989.0,168669.0
2025-06-20 10:43:23.374420,1720.3,138318.0,168596.0
2025-06-20 10:43:23.743278,1720.3,138318.0,168596.0
2025-06-20 10:43:24.376620,1720.3,138679.0,168761.0
2025-06-20 10:43:25.485141,1720.2,138653.0,169321.0
2025-06-20 10:43:25.730639,1720.2,138653.0,169321.0
2025-06-20 10:43:26.585050,1720.2,138713.0,169316.0
2025-06-20 10:43:27.786261,1720.2,138712.0,169275.0
2025-06-20 10:43:28.585758,1720.2,138831.0,169034.0
2025-06-20 10:43:29.681822,1720.2,138358.0,169564.0
2025-06-20 10:43:30.734466,1719.8,138358.0,169564.0
2025-06-20 10:43:30.794429,1719.8,137867.0,170399.0
2025-06-20 10:43:31.884182,1719.8,138149.0,170299.0
2025-06-20 10:43:32.988440,1719.8,138207.0,170314.0
2025-06-20 10:43:34.093689,1719.8,138344.0,170313.0
2025-06-20 10:43:34.731899,1720.2,138344.0,170313.0
2025-06-20 10:43:34.888660,1720.2,138299.0,169673.0
2025-06-20 10:43:35.742949,1719.9,138299.0,169673.0
2025-06-20 10:43:35.997093,1719.9,138686.0,169165.0
2025-06-20 10:43:36.730462,1719.9,138686.0,169165.0
2025-06-20 10:43:37.092370,1719.9,138306.0,169526.0
2025-06-20 10:43:38.185699,1719.9,138314.0,169327.0
2025-06-20 10:43:39.286587,1719.9,138277.0,169323.0
2025-06-20 10:43:39.733679,1720.0,138277.0,169323.0
2025-06-20 10:43:40.391306,1720.0,138391.0,169610.0
2025-06-20 10:43:41.707260,1720.0,138458.0,169087.0
2025-06-20 10:43:42.588291,1720.0,138458.0,169087.0
2025-06-20 10:43:43.719659,1720.0,138517.0,169117.0
2025-06-20 10:43:44.733752,1720.0,138517.0,169117.0
2025-06-20 10:43:44.795997,1720.0,138447.0,169854.0
2025-06-20 10:43:45.894820,1720.0,138396.0,169972.0
2025-06-20 10:43:47.002563,1720.0,138397.0,169983.0
2025-06-20 10:43:48.089683,1720.0,138397.0,169728.0
2025-06-20 10:43:49.191860,1719.8,137269.0,170154.0
2025-06-20 10:43:49.763749,1719.6,137269.0,170154.0
2025-06-20 10:43:50.739992,1719.2,137269.0,170154.0
2025-06-20 10:43:50.904776,1719.2,137924.0,171274.0
2025-06-20 10:43:51.744923,1719.2,137924.0,171274.0
2025-06-20 10:43:52.005738,1719.2,138188.0,170615.0
2025-06-20 10:43:52.897602,1719.2,138239.0,170754.0
2025-06-20 10:43:53.908424,1719.2,138149.0,170835.0
2025-06-20 10:43:55.028971,1719.2,138176.0,170813.0
2025-06-20 10:43:56.100174,1719.1,138195.0,170437.0
2025-06-20 10:43:56.744640,1719.1,138195.0,170437.0
2025-06-20 10:43:57.099047,1719.1,138210.0,170599.0
2025-06-20 10:43:58.200928,1719.1,138165.0,170747.0
2025-06-20 10:43:59.301427,1719.1,138097.0,170864.0
2025-06-20 10:44:00.416469,1719.1,138096.0,170829.0
2025-06-20 10:44:01.413540,1719.9,138284.0,170784.0
2025-06-20 10:44:01.750123,1719.9,138284.0,170784.0
2025-06-20 10:44:02.418141,1719.9,138632.0,170661.0
2025-06-20 10:44:03.537634,1719.9,138490.0,170319.0
2025-06-20 10:44:04.621264,1720.0,138476.0,169829.0
2025-06-20 10:44:04.768182,1720.0,138476.0,169829.0
2025-06-20 10:44:05.603132,1720.0,138665.0,169955.0
2025-06-20 10:44:06.704618,1719.2,138273.0,170004.0
2025-06-20 10:44:06.748973,1719.2,138273.0,170004.0
2025-06-20 10:44:07.646748,1719.2,138266.0,170501.0
2025-06-20 10:44:08.705182,1719.2,138268.0,170500.0
2025-06-20 10:44:08.740486,1719.2,138268.0,170500.0
2025-06-20 10:44:09.808013,1719.2,138302.0,170503.0
2025-06-20 10:44:10.789147,1719.1,138302.0,170503.0
2025-06-20 10:44:10.921853,1719.1,138032.0,170305.0
2025-06-20 10:44:11.754100,1719.4,138032.0,170305.0
2025-06-20 10:44:12.019204,1719.4,136536.0,171807.0
2025-06-20 10:44:12.925303,1719.4,136209.0,172934.0
2025-06-20 10:44:13.924162,1719.4,136257.0,172914.0
2025-06-20 10:44:15.040731,1718.5,134402.0,173759.0
2025-06-20 10:44:15.758295,1718.5,134402.0,173759.0
2025-06-20 10:44:16.113606,1718.7,134625.0,173913.0
2025-06-20 10:44:16.757994,1718.7,134625.0,173913.0
2025-06-20 10:44:17.116888,1718.7,134495.0,173912.0
2025-06-20 10:44:17.786920,1718.1,134495.0,173912.0
2025-06-20 10:44:18.047635,1718.1,134508.0,173675.0
2025-06-20 10:44:19.252910,1718.1,134711.0,173325.0
2025-06-20 10:44:20.215865,1718.1,134819.0,173335.0
2025-06-20 10:44:21.314308,1718.1,134847.0,173416.0
2025-06-20 10:44:22.487147,1718.1,134809.0,173551.0
2025-06-20 10:44:23.551377,1718.1,134746.0,173834.0
2025-06-20 10:44:23.770125,1718.1,134746.0,173834.0
2025-06-20 10:44:24.559176,1718.1,134809.0,173894.0
2025-06-20 10:44:25.615925,1718.1,135089.0,173680.0
2025-06-20 10:44:26.720134,1718.2,135017.0,173417.0
2025-06-20 10:44:26.749583,1718.2,135017.0,173417.0
2025-06-20 10:44:27.742394,1718.2,135017.0,173417.0
2025-06-20 10:44:27.819309,1718.2,135069.0,173591.0
2025-06-20 10:44:28.932287,1718.2,135069.0,173592.0
2025-06-20 10:44:29.821114,1718.2,135069.0,173598.0
2025-06-20 10:44:30.934312,1718.2,135069.0,173599.0
2025-06-20 10:44:31.753421,1718.6,135069.0,173599.0
2025-06-20 10:44:32.035594,1718.6,135412.0,173526.0
2025-06-20 10:44:32.746892,1718.6,135412.0,173526.0
2025-06-20 10:44:33.122992,1718.6,135458.0,173631.0
2025-06-20 10:44:34.223698,1718.6,135495.0,173638.0
2025-06-20 10:44:35.326316,1718.6,135330.0,173237.0
2025-06-20 10:44:36.323271,1718.6,135371.0,173564.0
2025-06-20 10:44:37.434939,1718.6,135358.0,173630.0
2025-06-20 10:44:38.629263,1718.6,135383.0,173630.0
2025-06-20 10:44:39.627993,1718.6,135384.0,173586.0
2025-06-20 10:44:39.751931,1718.6,135384.0,173586.0
2025-06-20 10:44:40.628907,1718.6,135352.0,173593.0
2025-06-20 10:44:41.539395,1718.6,135753.0,173621.0
2025-06-20 10:44:42.628827,1718.6,135800.0,173379.0
2025-06-20 10:44:43.730211,1718.6,135800.0,173406.0
2025-06-20 10:44:44.829906,1718.6,135823.0,173411.0
2025-06-20 10:44:45.942794,1718.6,135750.0,173494.0
2025-06-20 10:44:46.941399,1718.6,135751.0,173494.0
2025-06-20 10:44:47.939758,1718.6,135789.0,173518.0
2025-06-20 10:44:48.942994,1718.6,135789.0,173488.0
2025-06-20 10:44:49.944732,1718.6,135789.0,173488.0
2025-06-20 10:44:50.754268,1718.6,135789.0,173488.0
2025-06-20 10:44:51.048023,1718.6,135789.0,173764.0
2025-06-20 10:44:51.751877,1718.3,135789.0,173764.0
2025-06-20 10:44:52.043932,1718.3,135719.0,173981.0
2025-06-20 10:44:52.945646,1718.3,135670.0,174036.0
2025-06-20 10:44:53.745063,1718.3,135670.0,174036.0
2025-06-20 10:44:54.047487,1718.3,135680.0,174036.0
2025-06-20 10:44:55.133517,1718.3,135681.0,174009.0
2025-06-20 10:44:56.638699,1718.3,135681.0,173754.0
2025-06-20 10:44:57.550527,1718.3,135785.0,173757.0
2025-06-20 10:44:58.640819,1718.3,135651.0,173743.0
2025-06-20 10:44:58.743322,1718.3,135651.0,173743.0
2025-06-20 10:44:59.644322,1718.3,135643.0,173390.0
2025-06-20 10:44:59.759984,1718.3,135643.0,173390.0
2025-06-20 10:45:01.768896,1719.0,135643.0,173390.0
2025-06-20 10:45:03.951938,1719.1,138998.0,167647.0
2025-06-20 10:45:04.753786,1719.1,138998.0,167647.0
2025-06-20 10:45:07.774497,1718.8,138998.0,167647.0
2025-06-20 10:45:09.456036,1718.8,137805.0,168736.0
2025-06-20 10:45:14.778099,1720.0,137935.0,167534.0
2025-06-20 10:45:16.783697,1719.3,137935.0,167534.0
2025-06-20 10:45:19.767241,1719.3,137935.0,167534.0
2025-06-20 10:45:20.459677,1719.3,136689.0,171273.0
2025-06-20 10:45:22.764047,1719.0,136689.0,171273.0
2025-06-20 10:45:25.768106,1719.0,136689.0,171273.0
2025-06-20 10:45:26.303039,1719.0,136858.0,170814.0
2025-06-20 10:45:27.795003,1719.0,136858.0,170814.0
2025-06-20 10:45:29.762356,1718.8,136858.0,170814.0
2025-06-20 10:45:31.275972,1718.8,136701.0,171291.0
2025-06-20 10:45:31.752981,1718.3,136701.0,171291.0
2025-06-20 10:45:33.757090,1718.3,136701.0,171291.0
2025-06-20 10:45:35.765659,1718.2,136701.0,171291.0
2025-06-20 10:45:36.368950,1718.2,136140.0,171492.0
2025-06-20 10:45:39.758511,1718.8,136140.0,171492.0
2025-06-20 10:45:41.975820,1718.8,135817.0,171869.0
2025-06-20 10:45:43.757511,1718.8,135817.0,171869.0
2025-06-20 10:45:45.475504,1718.8,135817.0,171869.0
2025-06-20 10:45:46.206591,1718.8,135817.0,171869.0
2025-06-20 10:45:47.184355,1718.8,135817.0,171869.0
2025-06-20 10:45:47.282620,1718.6,135883.0,171499.0
2025-06-20 10:45:47.593434,1718.6,135883.0,171499.0
2025-06-20 10:45:47.758580,1718.6,135883.0,171499.0
2025-06-20 10:45:48.276167,1718.6,135883.0,171499.0
2025-06-20 10:45:49.314543,1718.6,135883.0,171499.0
2025-06-20 10:45:49.744241,1718.8,135883.0,171499.0
2025-06-20 10:45:50.715997,1718.8,135883.0,171499.0
2025-06-20 10:45:51.757695,1718.6,135883.0,171499.0
2025-06-20 10:45:52.157296,1718.6,135883.0,171499.0
2025-06-20 10:45:52.798951,1718.8,135859.0,171498.0
2025-06-20 10:45:53.088910,1718.8,135859.0,171498.0
2025-06-20 10:45:53.751171,1718.8,135859.0,171498.0
2025-06-20 10:45:54.663618,1718.8,135859.0,171498.0
2025-06-20 10:45:55.752009,1718.6,135859.0,171498.0
2025-06-20 10:45:55.880466,1718.6,135859.0,171498.0
2025-06-20 10:45:57.231762,1718.6,135859.0,171498.0
2025-06-20 10:45:57.751459,1718.6,135859.0,171498.0
2025-06-20 10:45:58.493744,1718.6,136118.0,171364.0
2025-06-20 10:45:58.855295,1718.6,136118.0,171364.0
2025-06-20 10:45:59.752345,1718.8,136118.0,171364.0
2025-06-20 10:46:01.779014,1718.8,136118.0,171364.0
2025-06-20 10:46:03.694595,1718.8,136686.0,170392.0
2025-06-20 10:46:07.751442,1718.6,136686.0,170392.0
2025-06-20 10:46:09.004061,1718.6,136417.0,170615.0
2025-06-20 10:46:14.504308,1718.8,136349.0,170759.0
2025-06-20 10:46:15.764497,1718.8,136349.0,170759.0
2025-06-20 10:46:17.749943,1718.8,136349.0,170759.0
2025-06-20 10:46:19.902821,1718.8,136107.0,171048.0
2025-06-20 10:46:21.761676,1718.6,136107.0,171048.0
2025-06-20 10:46:24.776579,1718.7,136107.0,171048.0
2025-06-20 10:46:25.788374,1718.7,135718.0,171324.0
2025-06-20 10:46:27.764514,1718.0,135718.0,171324.0
2025-06-20 10:46:30.784830,1718.5,135718.0,171324.0
2025-06-20 10:46:31.711608,1718.5,135040.0,171726.0
2025-06-20 10:46:33.760048,1718.6,135040.0,171726.0
2025-06-20 10:46:36.783098,1718.7,135040.0,171726.0
2025-06-20 10:46:37.261591,1718.7,135396.0,171504.0
2025-06-20 10:46:40.783294,1719.0,135396.0,171504.0
2025-06-20 10:46:42.220775,1719.0,135559.0,170836.0
2025-06-20 10:46:47.536372,1719.0,135735.0,170496.0
2025-06-20 10:46:50.752309,1719.0,135735.0,170496.0
2025-06-20 10:46:52.950171,1719.0,136311.0,170379.0
2025-06-20 10:46:54.753714,1719.0,136311.0,170379.0
2025-06-20 10:46:56.771488,1718.5,136311.0,170379.0
2025-06-20 10:46:58.328025,1718.1,135477.0,171834.0
2025-06-20 10:46:58.804247,1718.1,135477.0,171834.0
2025-06-20 10:47:00.755989,1719.0,135477.0,171834.0
2025-06-20 10:47:02.761323,1718.6,135477.0,171834.0
2025-06-20 10:47:03.542401,1719.0,134639.0,170838.0
2025-06-20 10:47:04.770615,1719.0,134639.0,170838.0
2025-06-20 10:47:06.760875,1718.6,134639.0,170838.0
2025-06-20 10:47:08.755687,1718.6,134639.0,170838.0
2025-06-20 10:47:08.830832,1718.6,136590.0,170841.0
2025-06-20 10:47:14.135104,1718.6,137023.0,169960.0
2025-06-20 10:47:18.794867,1718.6,137023.0,169960.0
2025-06-20 10:47:19.638964,1718.2,137046.0,171591.0
2025-06-20 10:47:20.778879,1718.2,137046.0,171591.0
2025-06-20 10:47:25.857313,1718.6,136799.0,172598.0
2025-06-20 10:47:26.755645,1718.6,136799.0,172598.0
2025-06-20 10:47:29.778855,1718.2,136799.0,172598.0
2025-06-20 10:47:31.769536,1718.6,136903.0,172561.0
2025-06-20 10:47:32.762419,1718.2,136903.0,172561.0
2025-06-20 10:47:37.277419,1718.6,136766.0,173015.0
2025-06-20 10:47:38.756349,1718.6,136766.0,173015.0
2025-06-20 10:47:40.760068,1718.2,136766.0,173015.0
2025-06-20 10:47:42.567617,1718.2,136966.0,172647.0
2025-06-20 10:47:44.774666,1718.2,136966.0,172647.0
2025-06-20 10:47:46.762989,1718.2,136966.0,172647.0
2025-06-20 10:47:48.072331,1718.2,135116.0,172760.0
2025-06-20 10:47:48.778725,1718.6,135116.0,172760.0
2025-06-20 10:47:50.758543,1718.6,135116.0,172760.0
2025-06-20 10:47:53.595148,1718.6,135867.0,172184.0
2025-06-20 10:47:54.765365,1718.2,135867.0,172184.0
2025-06-20 10:47:56.800653,1718.6,135867.0,172184.0
2025-06-20 10:47:58.757176,1718.6,135867.0,172184.0
2025-06-20 10:47:59.471571,1718.6,135812.0,172184.0
2025-06-20 10:48:02.767204,1718.6,135812.0,172184.0
2025-06-20 10:48:04.767512,1718.2,135812.0,172184.0
2025-06-20 10:48:05.085102,1718.2,135945.0,171804.0
2025-06-20 10:48:10.578059,1718.2,135811.0,171707.0
2025-06-20 10:48:14.765347,1718.2,135811.0,171707.0
2025-06-20 10:48:15.977329,1718.2,135817.0,171713.0
2025-06-20 10:48:18.761753,1718.7,135817.0,171713.0
2025-06-20 10:48:20.767838,1719.0,135817.0,171713.0
2025-06-20 10:48:21.380005,1719.1,139871.0,167849.0
2025-06-20 10:48:22.795532,1719.1,139871.0,167849.0
2025-06-20 10:48:24.765920,1719.1,139871.0,167849.0
2025-06-20 10:48:26.982972,1719.1,140269.0,167624.0
2025-06-20 10:48:28.764913,1719.2,140269.0,167624.0
2025-06-20 10:48:30.769639,1719.2,140269.0,167624.0
2025-06-20 10:48:32.596917,1719.8,140673.0,167132.0
2025-06-20 10:48:32.811865,1719.8,140673.0,167132.0
2025-06-20 10:48:34.787211,1720.0,140673.0,167132.0
2025-06-20 10:48:37.888647,1719.0,139382.0,168272.0
2025-06-20 10:48:38.794839,1719.1,139382.0,168272.0
2025-06-20 10:48:40.806918,1719.9,139382.0,168272.0
2025-06-20 10:48:42.817855,1719.2,139382.0,168272.0
2025-06-20 10:48:43.597871,1719.2,140173.0,167392.0
2025-06-20 10:48:46.016930,1719.2,140173.0,167392.0
2025-06-20 10:48:46.360430,1719.2,140173.0,167392.0
2025-06-20 10:48:46.785698,1719.0,140173.0,167392.0
2025-06-20 10:48:47.110828,1719.0,140173.0,167392.0
2025-06-20 10:48:48.113895,1719.0,140173.0,167392.0
2025-06-20 10:48:49.198869,1719.0,139194.0,169522.0
2025-06-20 10:48:49.334205,1719.0,139194.0,169522.0
2025-06-20 10:48:50.321504,1719.0,139194.0,169522.0
2025-06-20 10:48:51.285495,1719.0,139194.0,169522.0
2025-06-20 10:48:52.688599,1719.0,139194.0,169522.0
2025-06-20 10:48:52.792416,1718.8,139194.0,169522.0
2025-06-20 10:48:53.632481,1718.8,139194.0,169522.0
2025-06-20 10:48:54.501927,1719.2,139274.0,170234.0
2025-06-20 10:48:55.173334,1719.2,139274.0,170234.0
2025-06-20 10:48:55.787039,1719.2,139274.0,170234.0
2025-06-20 10:48:56.526241,1719.2,139274.0,170234.0
2025-06-20 10:48:57.718645,1719.2,139274.0,170234.0
2025-06-20 10:48:58.767761,1719.0,139274.0,170234.0
2025-06-20 10:48:59.341313,1719.0,139274.0,170234.0
2025-06-20 10:49:00.008561,1718.7,139506.0,170006.0
2025-06-20 10:49:01.206641,1719.0,139573.0,169863.0
2025-06-20 10:49:01.821529,1719.0,139573.0,169863.0
2025-06-20 10:49:02.308297,1719.0,139979.0,170004.0
2025-06-20 10:49:02.763739,1719.0,139979.0,170004.0
2025-06-20 10:49:03.425439,1719.0,140092.0,170054.0
2025-06-20 10:49:03.759111,1719.0,140092.0,170054.0
2025-06-20 10:49:04.425468,1718.7,139549.0,170341.0
2025-06-20 10:49:04.783544,1718.7,139549.0,170341.0
2025-06-20 10:49:05.521836,1718.7,139450.0,170222.0
2025-06-20 10:49:06.612728,1718.7,139433.0,170481.0
2025-06-20 10:49:07.710139,1718.7,139449.0,170448.0
2025-06-20 10:49:08.810180,1718.7,139449.0,170395.0
2025-06-20 10:49:10.313496,1718.7,139449.0,170371.0
2025-06-20 10:49:11.451018,1718.7,139449.0,170390.0
2025-06-20 10:49:13.111958,1719.0,139472.0,170437.0
2025-06-20 10:49:13.762362,1719.0,139472.0,170437.0
2025-06-20 10:49:14.114184,1719.0,139472.0,170417.0
2025-06-20 10:49:15.033094,1719.0,139414.0,170537.0
2025-06-20 10:49:16.022576,1719.0,139500.0,170550.0
2025-06-20 10:49:17.116160,1719.0,139546.0,170074.0
2025-06-20 10:49:18.218391,1719.0,139999.0,169756.0
2025-06-20 10:49:18.762107,1719.0,139999.0,169756.0
2025-06-20 10:49:19.219688,1719.0,139962.0,170044.0
2025-06-20 10:49:20.325412,1719.0,140028.0,170184.0
2025-06-20 10:49:20.762163,1719.0,140028.0,170184.0
2025-06-20 10:49:21.221625,1719.0,140126.0,170185.0
2025-06-20 10:49:22.322183,1719.0,140126.0,170185.0
2025-06-20 10:49:22.758190,1719.0,140126.0,170185.0
2025-06-20 10:49:23.435439,1719.3,141034.0,168642.0
2025-06-20 10:49:23.796400,1719.3,141034.0,168642.0
2025-06-20 10:49:24.540305,1719.4,141360.0,168051.0
2025-06-20 10:49:24.762635,1719.4,141360.0,168051.0
2025-06-20 10:49:25.722788,1719.4,140775.0,168073.0
2025-06-20 10:49:25.769259,1719.4,140775.0,168073.0
2025-06-20 10:49:26.636873,1719.4,140443.0,167997.0
2025-06-20 10:49:26.777490,1719.4,140443.0,167997.0
2025-06-20 10:49:27.725545,1719.4,140782.0,167969.0
2025-06-20 10:49:27.769788,1720.0,140782.0,167969.0
2025-06-20 10:49:28.767080,1719.6,140782.0,167969.0
2025-06-20 10:49:28.823698,1719.6,140857.0,166951.0
2025-06-20 10:49:29.771899,1719.6,140857.0,166951.0
2025-06-20 10:49:29.935918,1719.6,141240.0,167041.0
2025-06-20 10:49:30.934726,1719.6,141034.0,166699.0
2025-06-20 10:49:31.762859,1720.2,141034.0,166699.0
2025-06-20 10:49:31.942577,1720.2,141668.0,166348.0
2025-06-20 10:49:33.079452,1720.2,141788.0,166679.0
2025-06-20 10:49:34.127352,1720.2,141723.0,166699.0
2025-06-20 10:49:34.764470,1720.0,141723.0,166699.0
2025-06-20 10:49:35.232515,1720.0,141611.0,166767.0
2025-06-20 10:49:35.765206,1720.0,141611.0,166767.0
2025-06-20 10:49:36.230467,1720.0,141544.0,167034.0
2025-06-20 10:49:36.764707,1720.0,141544.0,167034.0
2025-06-20 10:49:37.332301,1720.0,141579.0,167026.0
2025-06-20 10:49:38.445713,1720.0,141663.0,167088.0
2025-06-20 10:49:38.764221,1720.0,141663.0,167088.0
2025-06-20 10:49:39.545486,1720.0,141606.0,167078.0
2025-06-20 10:49:40.657544,1720.0,141630.0,167002.0
2025-06-20 10:49:41.738786,1720.0,141676.0,167108.0
2025-06-20 10:49:42.737614,1720.0,141901.0,166548.0
2025-06-20 10:49:43.734652,1720.0,141991.0,166600.0
2025-06-20 10:49:44.835535,1720.0,142021.0,166570.0
2025-06-20 10:49:45.944315,1720.0,142151.0,166569.0
2025-06-20 10:49:47.053674,1720.0,142397.0,166513.0
2025-06-20 10:49:47.961317,1720.0,142560.0,166446.0
2025-06-20 10:49:49.141979,1720.0,142576.0,166429.0
2025-06-20 10:49:50.245544,1720.0,142616.0,166183.0
2025-06-20 10:49:51.340675,1720.1,142646.0,166405.0
2025-06-20 10:49:51.830621,1720.1,142646.0,166405.0
2025-06-20 10:49:52.448817,1720.4,142252.0,166148.0
2025-06-20 10:49:52.763055,1720.4,142252.0,166148.0
2025-06-20 10:49:53.587283,1720.4,141924.0,166150.0
2025-06-20 10:49:54.642018,1720.4,142150.0,166028.0
2025-06-20 10:49:54.777164,1720.4,142150.0,166028.0
2025-06-20 10:49:55.645409,1720.1,142438.0,165380.0
2025-06-20 10:49:55.778222,1720.1,142438.0,165380.0
2025-06-20 10:49:56.745511,1720.4,143551.0,164366.0
2025-06-20 10:49:56.781010,1720.4,143551.0,164366.0
2025-06-20 10:49:57.769446,1721.7,143551.0,164366.0
2025-06-20 10:49:57.844134,1721.7,144308.0,163546.0
2025-06-20 10:49:58.845349,1721.7,144223.0,164094.0
2025-06-20 10:49:59.819284,1721.6,144223.0,164094.0
2025-06-20 10:49:59.957092,1721.6,144220.0,164095.0
2025-06-20 10:50:01.148190,1721.5,143714.0,164054.0
2025-06-20 10:50:01.798295,1721.5,143714.0,164054.0
2025-06-20 10:50:02.150771,1721.5,144051.0,163806.0
2025-06-20 10:50:03.153289,1720.8,144102.0,164144.0
