timestamp,ltp,bid_qty,ask_qty
2025-06-20 10:10:48.216241,1949.9,281359.0,496291.0
2025-06-20 10:10:48.565757,1949.9,281597.0,497162.0
2025-06-20 10:10:48.587484,1949.9,281597.0,497162.0
2025-06-20 10:10:49.564271,1950.0,283502.0,494968.0
2025-06-20 10:10:49.586321,1950.0,283502.0,494968.0
2025-06-20 10:10:50.583080,1950.0,283502.0,494968.0
2025-06-20 10:10:50.662745,1950.0,283639.0,494138.0
2025-06-20 10:10:51.563332,1950.0,283828.0,494845.0
2025-06-20 10:10:51.586929,1950.0,283828.0,494845.0
2025-06-20 10:10:52.568194,1950.0,283450.0,490860.0
2025-06-20 10:10:52.583875,1950.0,283450.0,490860.0
2025-06-20 10:10:53.575489,1949.9,283958.0,492012.0
2025-06-20 10:10:53.583981,1949.9,283958.0,492012.0
2025-06-20 10:10:54.568285,1949.9,283892.0,491898.0
2025-06-20 10:10:54.584961,1949.9,283892.0,491898.0
2025-06-20 10:10:55.568075,1950.0,283870.0,492344.0
2025-06-20 10:10:55.584647,1950.0,283870.0,492344.0
2025-06-20 10:10:56.591238,1949.9,283870.0,492344.0
2025-06-20 10:10:56.666585,1950.0,282935.0,492623.0
2025-06-20 10:10:57.584705,1950.0,282935.0,492623.0
2025-06-20 10:10:57.665545,1950.0,283036.0,492620.0
2025-06-20 10:10:58.607887,1949.9,283036.0,492620.0
2025-06-20 10:10:58.765344,1949.9,283009.0,492654.0
2025-06-20 10:10:59.589571,1950.0,283009.0,492654.0
2025-06-20 10:10:59.873924,1949.9,283025.0,492503.0
2025-06-20 10:11:01.470397,1950.0,282951.0,492606.0
2025-06-20 10:11:01.660593,1949.9,282951.0,492606.0
2025-06-20 10:11:03.603647,1950.0,282951.0,492606.0
2025-06-20 10:11:05.601783,1950.0,282951.0,492606.0
2025-06-20 10:11:07.479207,1950.0,282947.0,491763.0
2025-06-20 10:11:07.607086,1950.0,282947.0,491763.0
2025-06-20 10:11:09.621828,1950.0,282947.0,491763.0
2025-06-20 10:11:11.599352,1949.9,282947.0,491763.0
2025-06-20 10:11:13.383768,1949.9,283143.0,491354.0
2025-06-20 10:11:13.642486,1949.9,283143.0,491354.0
2025-06-20 10:11:15.630016,1950.0,283143.0,491354.0
2025-06-20 10:11:17.618451,1950.0,283143.0,491354.0
2025-06-20 10:11:19.312286,1950.0,282942.0,492337.0
2025-06-20 10:11:19.636223,1949.9,282942.0,492337.0
2025-06-20 10:11:21.657417,1950.0,282942.0,492337.0
2025-06-20 10:11:22.670314,1949.9,282942.0,492337.0
2025-06-20 10:11:23.984189,1950.0,281958.0,488868.0
2025-06-20 10:11:26.256186,1950.0,281958.0,488868.0
2025-06-20 10:11:27.665722,1950.0,281958.0,488868.0
2025-06-20 10:11:29.612835,1949.9,281958.0,488868.0
2025-06-20 10:11:29.703763,1949.9,282854.0,491416.0
2025-06-20 10:11:31.601015,1950.0,282854.0,491416.0
2025-06-20 10:11:33.593566,1950.0,282854.0,491416.0
2025-06-20 10:11:35.091749,1949.9,283530.0,492289.0
2025-06-20 10:11:35.600540,1950.0,283530.0,492289.0
2025-06-20 10:11:37.599205,1949.9,283530.0,492289.0
2025-06-20 10:11:39.598071,1950.0,283530.0,492289.0
2025-06-20 10:11:40.998087,1950.0,281006.0,493723.0
2025-06-20 10:11:41.593149,1950.0,281006.0,493723.0
2025-06-20 10:11:43.602926,1950.0,281006.0,493723.0
2025-06-20 10:11:45.597037,1950.0,281006.0,493723.0
2025-06-20 10:11:47.000349,1949.9,281583.0,496153.0
2025-06-20 10:11:47.596065,1949.9,281583.0,496153.0
2025-06-20 10:11:49.603443,1949.8,281583.0,496153.0
2025-06-20 10:11:51.601840,1949.9,281583.0,496153.0
2025-06-20 10:11:53.033934,1950.0,281862.0,495367.0
2025-06-20 10:11:53.621310,1950.0,281862.0,495367.0
2025-06-20 10:11:55.602179,1950.0,281862.0,495367.0
2025-06-20 10:11:57.601258,1950.0,281862.0,495367.0
2025-06-20 10:11:58.707672,1949.9,283958.0,491827.0
2025-06-20 10:11:59.600558,1950.0,283958.0,491827.0
2025-06-20 10:12:01.112709,1949.9,282876.0,489740.0
2025-06-20 10:12:01.602206,1950.0,282876.0,489740.0
2025-06-20 10:12:02.433660,1949.9,283914.0,492009.0
2025-06-20 10:12:02.601764,1949.9,283914.0,492009.0
2025-06-20 10:12:03.432014,1950.0,283792.0,492218.0
2025-06-20 10:12:03.597910,1950.0,283792.0,492218.0
2025-06-20 10:12:04.423177,1949.9,283808.0,489661.0
2025-06-20 10:12:04.604177,1950.0,283808.0,489661.0
2025-06-20 10:12:05.514213,1949.9,286001.0,489806.0
2025-06-20 10:12:05.600641,1950.0,286001.0,489806.0
2025-06-20 10:12:06.597947,1949.9,286001.0,489806.0
2025-06-20 10:12:06.736847,1949.9,288047.0,487826.0
2025-06-20 10:12:07.594433,1950.0,288047.0,487826.0
2025-06-20 10:12:07.622514,1950.0,288803.0,487261.0
2025-06-20 10:12:08.597674,1950.0,288803.0,487261.0
2025-06-20 10:12:08.836550,1950.0,288425.0,487168.0
2025-06-20 10:12:09.598230,1950.0,288425.0,487168.0
2025-06-20 10:12:09.719568,1950.0,288562.0,487592.0
2025-06-20 10:12:10.601579,1949.9,288562.0,487592.0
2025-06-20 10:12:10.723248,1949.9,288819.0,487779.0
2025-06-20 10:12:11.598172,1950.0,288819.0,487779.0
2025-06-20 10:12:11.721299,1950.0,288966.0,487701.0
2025-06-20 10:12:12.599748,1949.9,288966.0,487701.0
2025-06-20 10:12:12.728276,1949.9,288795.0,487706.0
2025-06-20 10:12:13.595254,1950.0,288795.0,487706.0
2025-06-20 10:12:13.859251,1950.0,288725.0,487469.0
2025-06-20 10:12:14.623736,1949.9,288725.0,487469.0
2025-06-20 10:12:14.927660,1950.1,289435.0,486423.0
2025-06-20 10:12:15.592841,1950.2,289435.0,486423.0
2025-06-20 10:12:16.014138,1950.1,290338.0,486010.0
2025-06-20 10:12:16.598552,1950.2,290338.0,486010.0
2025-06-20 10:12:17.116373,1950.2,288593.0,486770.0
2025-06-20 10:12:17.606462,1950.6,288593.0,486770.0
2025-06-20 10:12:18.123950,1950.4,287951.0,486904.0
2025-06-20 10:12:18.602603,1950.4,287951.0,486904.0
2025-06-20 10:12:19.219047,1950.4,284573.0,487273.0
2025-06-20 10:12:19.593852,1950.5,284573.0,487273.0
2025-06-20 10:12:20.218185,1950.5,286351.0,487726.0
2025-06-20 10:12:20.598258,1950.5,286351.0,487726.0
2025-06-20 10:12:21.221940,1950.5,286485.0,484794.0
2025-06-20 10:12:21.594912,1950.8,286485.0,484794.0
2025-06-20 10:12:22.241769,1951.0,285529.0,485483.0
2025-06-20 10:12:22.596378,1951.0,285529.0,485483.0
2025-06-20 10:12:23.222768,1950.8,285031.0,485812.0
2025-06-20 10:12:23.593677,1950.9,285031.0,485812.0
2025-06-20 10:12:24.224086,1950.8,285381.0,485689.0
2025-06-20 10:12:24.600676,1950.9,285381.0,485689.0
2025-06-20 10:12:25.363350,1950.9,285146.0,486006.0
2025-06-20 10:12:25.608840,1950.9,285146.0,486006.0
2025-06-20 10:12:26.407922,1950.9,283887.0,487501.0
2025-06-20 10:12:26.608149,1951.0,283887.0,487501.0
2025-06-20 10:12:27.432470,1951.0,284964.0,486499.0
2025-06-20 10:12:27.596184,1950.8,284964.0,486499.0
2025-06-20 10:12:28.434545,1950.8,284900.0,487388.0
2025-06-20 10:12:28.594724,1950.9,284900.0,487388.0
2025-06-20 10:12:29.527322,1950.9,285041.0,486569.0
2025-06-20 10:12:29.592952,1950.9,285041.0,486569.0
2025-06-20 10:12:30.599696,1951.0,285041.0,486569.0
2025-06-20 10:12:30.663155,1951.0,285066.0,487066.0
2025-06-20 10:12:31.598767,1951.0,285066.0,487066.0
2025-06-20 10:12:31.755731,1951.0,285222.0,486506.0
2025-06-20 10:12:32.606807,1950.8,285222.0,486506.0
2025-06-20 10:12:32.741450,1950.8,283817.0,487066.0
2025-06-20 10:12:33.596397,1950.8,283817.0,487066.0
2025-06-20 10:12:33.874152,1950.8,284184.0,486990.0
2025-06-20 10:12:34.599645,1950.9,284184.0,486990.0
2025-06-20 10:12:34.937442,1950.9,284340.0,486957.0
2025-06-20 10:12:35.599618,1951.0,284340.0,486957.0
2025-06-20 10:12:36.030893,1950.9,284424.0,486790.0
2025-06-20 10:12:36.605104,1950.8,284424.0,486790.0
2025-06-20 10:12:37.030139,1950.9,284257.0,484970.0
2025-06-20 10:12:37.603798,1950.9,284257.0,484970.0
2025-06-20 10:12:38.131815,1951.0,284311.0,486157.0
2025-06-20 10:12:38.602265,1951.0,284311.0,486157.0
2025-06-20 10:12:39.231804,1950.8,284852.0,486218.0
2025-06-20 10:12:39.597043,1951.0,284852.0,486218.0
2025-06-20 10:12:40.346925,1951.0,284928.0,486904.0
2025-06-20 10:12:40.550332,1951.0,284928.0,486904.0
2025-06-20 10:12:40.598805,1950.9,284928.0,486904.0
2025-06-20 10:12:40.919804,1950.9,284928.0,486904.0
2025-06-20 10:12:41.168589,1950.9,284928.0,486904.0
2025-06-20 10:12:41.439959,1951.0,284770.0,486727.0
2025-06-20 10:12:41.601521,1950.8,284770.0,486727.0
2025-06-20 10:12:41.701117,1950.8,284770.0,486727.0
2025-06-20 10:12:42.296338,1950.8,284770.0,486727.0
2025-06-20 10:12:42.534293,1950.8,284493.0,486355.0
2025-06-20 10:12:42.595803,1950.9,284493.0,486355.0
2025-06-20 10:12:42.958114,1950.9,284493.0,486355.0
2025-06-20 10:12:43.451869,1950.9,284493.0,486355.0
2025-06-20 10:12:43.596859,1950.8,284493.0,486355.0
2025-06-20 10:12:43.644827,1950.8,284855.0,485943.0
2025-06-20 10:12:43.944316,1950.8,284855.0,485943.0
2025-06-20 10:12:44.656349,1950.8,284855.0,485943.0
2025-06-20 10:12:44.666235,1950.9,284884.0,486750.0
2025-06-20 10:12:44.675925,1950.9,284884.0,486750.0
2025-06-20 10:12:45.452079,1950.9,284884.0,486750.0
2025-06-20 10:12:45.635261,1951.0,284884.0,486750.0
2025-06-20 10:12:45.678254,1951.0,284904.0,486614.0
2025-06-20 10:12:46.610145,1951.0,284904.0,486614.0
2025-06-20 10:12:46.685599,1951.0,284904.0,486614.0
2025-06-20 10:12:46.735741,1951.0,284475.0,484900.0
2025-06-20 10:12:47.604014,1950.8,284475.0,484900.0
2025-06-20 10:12:47.652744,1950.8,284475.0,484900.0
2025-06-20 10:12:47.737163,1951.0,284570.0,486510.0
2025-06-20 10:12:48.601318,1950.9,284570.0,486510.0
2025-06-20 10:12:48.936086,1950.8,285507.0,485832.0
2025-06-20 10:12:49.157581,1950.8,285507.0,485832.0
2025-06-20 10:12:49.601296,1950.9,285507.0,485832.0
2025-06-20 10:12:49.938984,1951.0,287545.0,485429.0
2025-06-20 10:12:50.476041,1951.0,287545.0,485429.0
2025-06-20 10:12:50.596636,1950.5,287545.0,485429.0
2025-06-20 10:12:51.138373,1950.7,287186.0,487482.0
2025-06-20 10:12:51.609372,1950.7,287186.0,487482.0
2025-06-20 10:12:51.712766,1950.7,287186.0,487482.0
2025-06-20 10:12:52.237534,1950.7,287295.0,487539.0
2025-06-20 10:12:52.607607,1950.8,287295.0,487539.0
2025-06-20 10:12:53.281450,1950.8,287295.0,487539.0
2025-06-20 10:12:53.371895,1950.6,288970.0,486708.0
2025-06-20 10:12:53.614017,1950.7,288970.0,486708.0
2025-06-20 10:12:54.444731,1950.7,288597.0,487312.0
2025-06-20 10:12:54.607141,1950.8,288597.0,487312.0
2025-06-20 10:12:55.543094,1950.8,288062.0,487130.0
2025-06-20 10:12:55.600532,1950.8,288062.0,487130.0
2025-06-20 10:12:56.541570,1951.0,291317.0,486081.0
2025-06-20 10:12:56.600316,1950.9,291317.0,486081.0
2025-06-20 10:12:57.636492,1951.4,291317.0,486081.0
2025-06-20 10:12:57.649276,1951.4,285735.0,480939.0
2025-06-20 10:12:58.600833,1951.6,285735.0,480939.0
2025-06-20 10:12:58.654808,1951.6,286152.0,480954.0
2025-06-20 10:12:59.598206,1951.5,286152.0,480954.0
2025-06-20 10:12:59.752249,1951.6,287428.0,481039.0
2025-06-20 10:13:00.946161,1951.6,287215.0,481420.0
2025-06-20 10:13:01.595204,1951.8,287215.0,481420.0
2025-06-20 10:13:01.949835,1951.5,286350.0,482330.0
2025-06-20 10:13:02.599297,1951.6,286350.0,482330.0
2025-06-20 10:13:03.050929,1951.6,286592.0,481129.0
2025-06-20 10:13:03.602645,1951.6,286592.0,481129.0
2025-06-20 10:13:04.597488,1951.3,286592.0,481129.0
2025-06-20 10:13:04.749302,1951.3,283326.0,484827.0
2025-06-20 10:13:05.604979,1951.4,283326.0,484827.0
2025-06-20 10:13:05.954944,1951.3,284876.0,484057.0
2025-06-20 10:13:06.601891,1951.4,284876.0,484057.0
2025-06-20 10:13:06.950886,1951.4,285125.0,484123.0
2025-06-20 10:13:07.596528,1951.3,285125.0,484123.0
2025-06-20 10:13:08.051797,1951.3,285223.0,484292.0
2025-06-20 10:13:08.602443,1951.2,285223.0,484292.0
2025-06-20 10:13:09.153458,1951.2,284534.0,483824.0
2025-06-20 10:13:09.641857,1951.2,284534.0,483824.0
2025-06-20 10:13:10.367771,1951.2,285000.0,484894.0
2025-06-20 10:13:10.599790,1951.1,285000.0,484894.0
2025-06-20 10:13:11.367626,1951.0,284942.0,485216.0
2025-06-20 10:13:11.596837,1951.1,284942.0,485216.0
2025-06-20 10:13:12.601002,1951.2,284942.0,485216.0
2025-06-20 10:13:12.957245,1951.2,285312.0,484446.0
2025-06-20 10:13:13.601303,1951.3,285312.0,484446.0
2025-06-20 10:13:13.959245,1951.2,285554.0,484818.0
2025-06-20 10:13:14.602885,1951.3,285554.0,484818.0
2025-06-20 10:13:15.059353,1951.2,285127.0,482841.0
2025-06-20 10:13:15.601802,1951.2,285127.0,482841.0
2025-06-20 10:13:16.160202,1951.0,285639.0,484823.0
2025-06-20 10:13:16.607127,1951.1,285639.0,484823.0
2025-06-20 10:13:17.263267,1951.1,289097.0,481925.0
2025-06-20 10:13:17.600070,1951.0,289097.0,481925.0
2025-06-20 10:13:18.373963,1951.2,286684.0,485231.0
2025-06-20 10:13:18.598533,1951.2,286684.0,485231.0
2025-06-20 10:13:19.369984,1951.0,286715.0,485126.0
2025-06-20 10:13:19.603838,1951.1,286715.0,485126.0
2025-06-20 10:13:20.377350,1951.1,287106.0,483846.0
2025-06-20 10:13:20.603109,1951.2,287106.0,483846.0
2025-06-20 10:13:21.373953,1951.1,287142.0,485744.0
2025-06-20 10:13:21.602422,1951.1,287142.0,485744.0
2025-06-20 10:13:22.469854,1951.2,287206.0,485651.0
2025-06-20 10:13:22.600070,1951.2,287206.0,485651.0
2025-06-20 10:13:23.470375,1951.1,287014.0,486164.0
2025-06-20 10:13:23.603541,1951.1,287014.0,486164.0
2025-06-20 10:13:24.568624,1951.1,288881.0,486138.0
2025-06-20 10:13:24.606272,1951.1,288881.0,486138.0
2025-06-20 10:13:25.472393,1951.1,288732.0,486152.0
2025-06-20 10:13:25.598545,1951.1,288732.0,486152.0
2025-06-20 10:13:26.468304,1951.0,286881.0,486962.0
2025-06-20 10:13:26.607173,1951.2,286881.0,486962.0
2025-06-20 10:13:27.466694,1951.1,287435.0,486282.0
2025-06-20 10:13:27.599395,1951.2,287435.0,486282.0
2025-06-20 10:13:28.517379,1951.2,278732.0,485635.0
2025-06-20 10:13:28.596628,1951.2,278732.0,485635.0
2025-06-20 10:13:29.568596,1951.3,286533.0,486304.0
2025-06-20 10:13:29.600794,1951.4,286533.0,486304.0
2025-06-20 10:13:30.572786,1951.3,286700.0,485625.0
2025-06-20 10:13:30.600445,1951.3,286700.0,485625.0
2025-06-20 10:13:31.599020,1951.0,286700.0,485625.0
2025-06-20 10:13:31.680088,1951.0,286580.0,487167.0
2025-06-20 10:13:32.610031,1951.0,286580.0,487167.0
2025-06-20 10:13:32.774538,1951.0,286535.0,487599.0
2025-06-20 10:13:33.596172,1951.1,286535.0,487599.0
2025-06-20 10:13:33.887461,1951.0,285128.0,487985.0
2025-06-20 10:13:34.597992,1951.0,285128.0,487985.0
2025-06-20 10:13:34.971929,1950.9,285866.0,488205.0
2025-06-20 10:13:35.600452,1951.0,285866.0,488205.0
2025-06-20 10:13:36.076088,1950.9,285579.0,487966.0
2025-06-20 10:13:36.603998,1951.1,285579.0,487966.0
2025-06-20 10:13:37.071069,1951.1,285710.0,487780.0
2025-06-20 10:13:37.608440,1951.1,285710.0,487780.0
2025-06-20 10:13:38.172630,1951.0,285954.0,487083.0
2025-06-20 10:13:38.596810,1950.9,285954.0,487083.0
2025-06-20 10:13:39.276330,1950.9,285955.0,487924.0
2025-06-20 10:13:39.597240,1951.1,285955.0,487924.0
2025-06-20 10:13:40.374276,1951.1,285952.0,488513.0
2025-06-20 10:13:40.603986,1951.3,285952.0,488513.0
2025-06-20 10:13:41.478325,1951.2,285092.0,487032.0
2025-06-20 10:13:41.601675,1951.2,285092.0,487032.0
2025-06-20 10:13:42.580900,1951.1,284439.0,488265.0
2025-06-20 10:13:42.600624,1951.1,284439.0,488265.0
2025-06-20 10:13:43.476659,1951.0,283441.0,488418.0
2025-06-20 10:13:43.597740,1951.1,283441.0,488418.0
2025-06-20 10:13:44.577248,1950.9,283298.0,488954.0
2025-06-20 10:13:44.601219,1950.9,283298.0,488954.0
2025-06-20 10:13:45.604136,1950.9,283298.0,488954.0
2025-06-20 10:13:45.677081,1950.9,283741.0,488356.0
2025-06-20 10:13:46.599291,1950.9,283741.0,488356.0
2025-06-20 10:13:46.778428,1950.9,283691.0,488276.0
2025-06-20 10:13:47.625859,1951.0,283691.0,488276.0
2025-06-20 10:13:47.886973,1951.0,283932.0,488157.0
2025-06-20 10:13:48.606980,1950.9,283932.0,488157.0
2025-06-20 10:13:48.977981,1950.9,283832.0,489006.0
2025-06-20 10:13:49.643933,1950.8,283832.0,489006.0
2025-06-20 10:13:50.082324,1950.8,283500.0,489682.0
2025-06-20 10:13:50.604613,1950.8,283500.0,489682.0
2025-06-20 10:13:51.184176,1950.3,284520.0,489848.0
2025-06-20 10:13:51.597515,1950.9,284520.0,489848.0
2025-06-20 10:13:52.282813,1950.8,285148.0,488386.0
2025-06-20 10:13:52.610480,1950.8,285148.0,488386.0
2025-06-20 10:13:53.398576,1950.3,285304.0,488609.0
2025-06-20 10:13:53.601190,1950.3,285304.0,488609.0
2025-06-20 10:13:54.485193,1950.4,285193.0,488712.0
2025-06-20 10:13:54.596700,1950.4,285193.0,488712.0
2025-06-20 10:13:55.485122,1950.4,285237.0,489120.0
2025-06-20 10:13:56.588397,1950.7,285262.0,488751.0
2025-06-20 10:13:56.605761,1950.7,285262.0,488751.0
2025-06-20 10:13:57.600393,1950.8,285262.0,488751.0
2025-06-20 10:13:57.687293,1950.8,285353.0,488836.0
2025-06-20 10:13:58.609454,1950.8,285353.0,488836.0
2025-06-20 10:13:58.786549,1950.8,285362.0,488455.0
2025-06-20 10:13:59.600423,1950.6,285362.0,488455.0
2025-06-20 10:13:59.899968,1950.6,285136.0,487418.0
2025-06-20 10:14:01.100665,1950.4,285678.0,488026.0
2025-06-20 10:14:01.603391,1950.5,285678.0,488026.0
2025-06-20 10:14:02.202156,1950.5,285276.0,488173.0
2025-06-20 10:14:02.653534,1950.5,285276.0,488173.0
2025-06-20 10:14:03.190051,1950.5,284421.0,488554.0
2025-06-20 10:14:03.600943,1950.4,284421.0,488554.0
2025-06-20 10:14:04.295294,1950.3,284803.0,489119.0
2025-06-20 10:14:04.609659,1950.3,284803.0,489119.0
2025-06-20 10:14:05.414808,1950.3,284719.0,488691.0
2025-06-20 10:14:05.651262,1950.4,284719.0,488691.0
2025-06-20 10:14:06.403245,1950.4,284645.0,488482.0
2025-06-20 10:14:06.607641,1950.4,284645.0,488482.0
2025-06-20 10:14:07.497190,1950.8,284552.0,486821.0
2025-06-20 10:14:07.621502,1950.8,284552.0,486821.0
2025-06-20 10:14:08.593534,1950.3,284633.0,486931.0
2025-06-20 10:14:08.608374,1950.3,284633.0,486931.0
2025-06-20 10:14:09.593751,1950.7,284561.0,487059.0
2025-06-20 10:14:09.609165,1950.7,284561.0,487059.0
2025-06-20 10:14:10.603000,1950.6,284561.0,487059.0
2025-06-20 10:14:10.692086,1950.6,285421.0,487518.0
2025-06-20 10:14:11.614889,1950.7,285421.0,487518.0
2025-06-20 10:14:11.697996,1950.6,285282.0,487699.0
2025-06-20 10:14:12.612485,1950.7,285282.0,487699.0
2025-06-20 10:14:12.800772,1950.7,285196.0,488735.0
2025-06-20 10:14:13.621429,1950.8,285196.0,488735.0
2025-06-20 10:14:13.800165,1950.8,285239.0,488739.0
2025-06-20 10:14:14.605242,1950.8,285239.0,488739.0
2025-06-20 10:14:15.429178,1950.7,285909.0,487307.0
2025-06-20 10:14:15.602234,1950.8,285909.0,487307.0
2025-06-20 10:14:16.498103,1950.8,285493.0,487302.0
2025-06-20 10:14:16.605147,1950.8,285493.0,487302.0
2025-06-20 10:14:17.423460,1950.7,286033.0,486188.0
2025-06-20 10:14:17.599860,1950.7,286033.0,486188.0
2025-06-20 10:14:18.498147,1950.7,286691.0,485847.0
2025-06-20 10:14:18.600523,1950.8,286691.0,485847.0
2025-06-20 10:14:19.500806,1950.8,286547.0,486628.0
2025-06-20 10:14:19.648513,1950.8,286547.0,486628.0
2025-06-20 10:14:20.608192,1950.8,286547.0,486628.0
2025-06-20 10:14:20.616777,1950.8,285818.0,486969.0
2025-06-20 10:14:21.608727,1950.7,285818.0,486969.0
2025-06-20 10:14:21.701950,1950.7,285797.0,487559.0
2025-06-20 10:14:22.610680,1950.7,285797.0,487559.0
2025-06-20 10:14:22.811722,1950.7,284405.0,489114.0
2025-06-20 10:14:23.604974,1950.7,284405.0,489114.0
2025-06-20 10:14:23.811715,1950.7,284410.0,488617.0
2025-06-20 10:14:24.602488,1950.7,284410.0,488617.0
2025-06-20 10:14:24.811261,1950.7,284381.0,488876.0
2025-06-20 10:14:25.603443,1950.8,284381.0,488876.0
2025-06-20 10:14:25.812716,1950.8,284056.0,490220.0
2025-06-20 10:14:26.604856,1950.7,284056.0,490220.0
2025-06-20 10:14:26.916210,1950.8,285322.0,489607.0
2025-06-20 10:14:27.607504,1950.8,285322.0,489607.0
2025-06-20 10:14:27.914221,1950.7,284328.0,489217.0
2025-06-20 10:14:28.601283,1950.7,284328.0,489217.0
2025-06-20 10:14:28.914266,1950.7,284429.0,487813.0
2025-06-20 10:14:29.602073,1950.8,284429.0,487813.0
2025-06-20 10:14:29.916073,1951.1,285135.0,484581.0
2025-06-20 10:14:30.606663,1950.7,285135.0,484581.0
2025-06-20 10:14:30.916433,1951.1,285487.0,486262.0
2025-06-20 10:14:31.664451,1951.1,285487.0,486262.0
2025-06-20 10:14:31.914304,1951.1,285444.0,487703.0
2025-06-20 10:14:32.602447,1951.0,285444.0,487703.0
2025-06-20 10:14:32.920012,1951.1,286233.0,487039.0
2025-06-20 10:14:33.611868,1951.1,286233.0,487039.0
2025-06-20 10:14:33.933544,1951.1,285970.0,486654.0
2025-06-20 10:14:34.656662,1951.2,285970.0,486654.0
2025-06-20 10:14:34.915706,1951.2,285337.0,487479.0
2025-06-20 10:14:35.606553,1951.3,285337.0,487479.0
2025-06-20 10:14:36.025640,1951.3,285091.0,488097.0
2025-06-20 10:14:36.615796,1951.4,285091.0,488097.0
2025-06-20 10:14:37.108387,1951.4,285171.0,487837.0
2025-06-20 10:14:37.603306,1951.4,285171.0,487837.0
2025-06-20 10:14:38.207909,1950.9,285277.0,485280.0
2025-06-20 10:14:38.608209,1950.9,285277.0,485280.0
2025-06-20 10:14:39.318089,1951.3,285212.0,488101.0
2025-06-20 10:14:39.602753,1951.3,285212.0,488101.0
2025-06-20 10:14:40.397817,1951.3,285398.0,487026.0
2025-06-20 10:14:40.603506,1951.3,285398.0,487026.0
2025-06-20 10:14:41.513509,1950.9,285268.0,486499.0
2025-06-20 10:14:41.604643,1950.9,285268.0,486499.0
2025-06-20 10:14:42.424863,1951.3,285815.0,486257.0
2025-06-20 10:14:42.604570,1950.9,285815.0,486257.0
2025-06-20 10:14:43.512073,1950.9,285551.0,487065.0
2025-06-20 10:14:43.607539,1951.1,285551.0,487065.0
2025-06-20 10:14:44.611743,1951.1,285551.0,487065.0
2025-06-20 10:14:44.635016,1951.1,282312.0,487051.0
2025-06-20 10:14:45.617548,1950.7,282312.0,487051.0
2025-06-20 10:14:45.716113,1950.9,285637.0,486664.0
2025-06-20 10:14:46.604674,1951.0,285637.0,486664.0
2025-06-20 10:14:46.650270,1951.0,285643.0,486990.0
2025-06-20 10:14:47.658653,1951.0,285643.0,486990.0
2025-06-20 10:14:47.663274,1951.0,285624.0,486470.0
2025-06-20 10:14:48.606388,1950.9,285624.0,486470.0
2025-06-20 10:14:48.718313,1950.9,285532.0,487486.0
2025-06-20 10:14:49.603061,1950.9,285532.0,487486.0
2025-06-20 10:14:49.933316,1950.9,285599.0,486919.0
2025-06-20 10:14:50.601626,1950.8,285599.0,486919.0
2025-06-20 10:14:50.850394,1950.9,286300.0,487247.0
2025-06-20 10:14:51.605139,1950.9,286300.0,487247.0
2025-06-20 10:14:51.720267,1950.9,286296.0,487184.0
2025-06-20 10:14:52.603361,1951.0,286296.0,487184.0
2025-06-20 10:14:52.832499,1951.0,287155.0,486538.0
2025-06-20 10:14:53.600922,1950.8,287155.0,486538.0
2025-06-20 10:14:53.849999,1950.8,286026.0,487215.0
2025-06-20 10:14:54.607383,1951.0,286026.0,487215.0
2025-06-20 10:14:54.850163,1950.9,290278.0,484916.0
2025-06-20 10:14:55.633968,1951.0,290278.0,484916.0
2025-06-20 10:14:55.833612,1951.0,289250.0,483291.0
2025-06-20 10:14:56.603072,1951.4,289250.0,483291.0
2025-06-20 10:14:56.859463,1951.5,291215.0,479929.0
2025-06-20 10:14:57.618144,1951.4,291215.0,479929.0
2025-06-20 10:14:57.854516,1951.4,290656.0,483171.0
2025-06-20 10:14:58.607316,1951.4,290656.0,483171.0
2025-06-20 10:14:58.834120,1951.4,288933.0,483447.0
2025-06-20 10:14:59.604414,1951.5,288933.0,483447.0
2025-06-20 10:14:59.862699,1951.5,288978.0,481712.0
2025-06-20 10:15:01.125977,1951.5,290821.0,481120.0
2025-06-20 10:15:01.676331,1951.3,290821.0,481120.0
2025-06-20 10:15:02.228946,1951.4,289128.0,482589.0
2025-06-20 10:15:02.608161,1951.4,289128.0,482589.0
2025-06-20 10:15:03.342355,1951.4,288186.0,483084.0
2025-06-20 10:15:03.661810,1951.4,288186.0,483084.0
2025-06-20 10:15:04.448099,1951.4,288165.0,482928.0
2025-06-20 10:15:04.606695,1951.5,288165.0,482928.0
2025-06-20 10:15:05.436655,1951.4,288852.0,481106.0
2025-06-20 10:15:05.610960,1951.4,288852.0,481106.0
2025-06-20 10:15:06.437006,1951.4,289087.0,481272.0
2025-06-20 10:15:06.610790,1951.4,289087.0,481272.0
2025-06-20 10:15:07.443878,1951.8,289614.0,479979.0
2025-06-20 10:15:07.611025,1951.5,289614.0,479979.0
2025-06-20 10:15:08.554615,1951.5,289323.0,482593.0
2025-06-20 10:15:08.607818,1951.6,289323.0,482593.0
2025-06-20 10:15:09.531950,1951.4,288956.0,481823.0
2025-06-20 10:15:09.608950,1951.4,288956.0,481823.0
2025-06-20 10:15:10.610646,1951.4,288956.0,481823.0
2025-06-20 10:15:10.642294,1951.4,289207.0,481720.0
2025-06-20 10:15:11.607839,1951.6,289207.0,481720.0
2025-06-20 10:15:11.739600,1951.8,289510.0,481529.0
2025-06-20 10:15:12.606018,1951.8,289510.0,481529.0
2025-06-20 10:15:12.934351,1951.8,292934.0,479752.0
2025-06-20 10:15:13.606440,1951.8,292934.0,479752.0
2025-06-20 10:15:13.940824,1951.7,293814.0,481107.0
2025-06-20 10:15:14.604290,1951.7,293814.0,481107.0
2025-06-20 10:15:15.037278,1951.6,292429.0,481600.0
2025-06-20 10:15:15.607835,1951.6,292429.0,481600.0
2025-06-20 10:15:16.151376,1951.7,291904.0,482014.0
2025-06-20 10:15:16.611716,1951.7,291904.0,482014.0
2025-06-20 10:15:17.037830,1951.7,291694.0,480152.0
2025-06-20 10:15:17.607875,1951.5,291694.0,480152.0
2025-06-20 10:15:18.137233,1951.5,291992.0,480087.0
2025-06-20 10:15:19.138792,1951.4,292605.0,481116.0
2025-06-20 10:15:19.606196,1951.4,292605.0,481116.0
2025-06-20 10:15:20.143455,1951.4,293046.0,481803.0
2025-06-20 10:15:20.609295,1951.6,293046.0,481803.0
2025-06-20 10:15:21.239931,1951.6,293050.0,481704.0
2025-06-20 10:15:21.608644,1951.6,293050.0,481704.0
2025-06-20 10:15:22.351445,1951.6,292399.0,482102.0
2025-06-20 10:15:22.619538,1951.7,292399.0,482102.0
2025-06-20 10:15:23.403415,1951.7,287732.0,481394.0
2025-06-20 10:15:23.607936,1951.7,287732.0,481394.0
2025-06-20 10:15:24.353387,1951.3,286913.0,482297.0
2025-06-20 10:15:24.611680,1951.3,286913.0,482297.0
2025-06-20 10:15:25.453830,1951.6,287809.0,482342.0
2025-06-20 10:15:25.607449,1951.5,287809.0,482342.0
2025-06-20 10:15:26.543372,1951.5,288616.0,482133.0
2025-06-20 10:15:26.608766,1951.5,288616.0,482133.0
2025-06-20 10:15:27.610859,1951.5,288616.0,482133.0
2025-06-20 10:15:27.658992,1951.5,288769.0,479918.0
2025-06-20 10:15:28.607989,1951.5,288769.0,479918.0
2025-06-20 10:15:28.744375,1951.5,288776.0,481098.0
2025-06-20 10:15:29.616416,1951.8,288776.0,481098.0
2025-06-20 10:15:29.748562,1951.8,289691.0,476100.0
2025-06-20 10:15:30.612355,1951.8,289691.0,476100.0
2025-06-20 10:15:30.857654,1951.8,289590.0,475861.0
2025-06-20 10:15:31.614229,1952.2,289590.0,475861.0
2025-06-20 10:15:31.858464,1952.2,288311.0,472559.0
2025-06-20 10:15:32.609505,1952.3,288311.0,472559.0
2025-06-20 10:15:32.949260,1952.3,288874.0,474402.0
2025-06-20 10:15:33.606277,1952.2,288874.0,474402.0
2025-06-20 10:15:34.048647,1952.4,286059.0,472063.0
2025-06-20 10:15:34.609158,1952.5,286059.0,472063.0
2025-06-20 10:15:35.052797,1952.5,286666.0,471966.0
2025-06-20 10:15:35.613492,1952.6,286666.0,471966.0
2025-06-20 10:15:35.949738,1952.6,286176.0,470750.0
2025-06-20 10:15:36.613699,1952.8,286176.0,470750.0
2025-06-20 10:15:36.951842,1952.8,286014.0,470468.0
2025-06-20 10:15:37.615095,1952.7,286014.0,470468.0
2025-06-20 10:15:38.053264,1952.8,285571.0,472282.0
2025-06-20 10:15:38.608655,1952.7,285571.0,472282.0
2025-06-20 10:15:39.052705,1952.7,288245.0,470970.0
2025-06-20 10:15:39.616561,1952.8,288245.0,470970.0
2025-06-20 10:15:40.054234,1952.8,288721.0,470849.0
2025-06-20 10:15:40.623322,1952.7,288721.0,470849.0
2025-06-20 10:15:40.969989,1952.7,288721.0,470849.0
2025-06-20 10:15:41.054652,1952.7,289327.0,471639.0
2025-06-20 10:15:41.375163,1952.7,289327.0,471639.0
2025-06-20 10:15:41.611108,1953.0,289327.0,471639.0
2025-06-20 10:15:41.915182,1953.0,289327.0,471639.0
2025-06-20 10:15:42.174227,1953.0,289327.0,471639.0
2025-06-20 10:15:42.175255,1952.8,287131.0,468618.0
2025-06-20 10:15:42.438437,1952.8,287131.0,468618.0
2025-06-20 10:15:42.609656,1952.9,287131.0,468618.0
2025-06-20 10:15:42.783681,1952.9,287131.0,468618.0
2025-06-20 10:15:43.163941,1952.8,288231.0,471313.0
2025-06-20 10:15:43.465193,1952.8,288231.0,471313.0
2025-06-20 10:15:43.612585,1953.0,288231.0,471313.0
2025-06-20 10:15:43.859246,1953.0,288231.0,471313.0
2025-06-20 10:15:44.167096,1953.0,288438.0,471751.0
2025-06-20 10:15:44.466350,1953.0,288438.0,471751.0
2025-06-20 10:15:44.611063,1953.0,288438.0,471751.0
2025-06-20 10:15:44.823354,1953.0,288438.0,471751.0
2025-06-20 10:15:45.258293,1953.0,288236.0,471595.0
2025-06-20 10:15:45.611028,1953.2,288236.0,471595.0
2025-06-20 10:15:45.779570,1953.2,288236.0,471595.0
2025-06-20 10:15:46.368334,1952.9,288368.0,472415.0
2025-06-20 10:15:46.612173,1952.9,288368.0,472415.0
2025-06-20 10:15:47.116855,1952.9,288368.0,472415.0
2025-06-20 10:15:47.368375,1953.2,286354.0,468274.0
2025-06-20 10:15:47.610391,1953.2,286354.0,468274.0
2025-06-20 10:15:48.080763,1953.2,286354.0,468274.0
2025-06-20 10:15:48.364222,1953.3,287634.0,470961.0
2025-06-20 10:15:48.608253,1953.3,287634.0,470961.0
2025-06-20 10:15:49.359724,1952.9,288789.0,472182.0
2025-06-20 10:15:49.652235,1952.9,288789.0,472182.0
2025-06-20 10:15:49.661112,1952.9,288789.0,472182.0
2025-06-20 10:15:50.366550,1952.9,288755.0,474545.0
2025-06-20 10:15:50.613441,1953.1,288755.0,474545.0
2025-06-20 10:15:50.884210,1953.1,288755.0,474545.0
2025-06-20 10:15:51.463779,1953.1,288322.0,475452.0
2025-06-20 10:15:51.611840,1953.1,288322.0,475452.0
2025-06-20 10:15:52.128789,1953.1,288322.0,475452.0
2025-06-20 10:15:52.461184,1952.9,289221.0,475124.0
2025-06-20 10:15:52.614105,1953.1,289221.0,475124.0
2025-06-20 10:15:53.460273,1952.9,289174.0,479043.0
2025-06-20 10:15:53.610401,1952.9,289174.0,479043.0
2025-06-20 10:15:53.701722,1952.9,289174.0,479043.0
2025-06-20 10:15:54.365653,1952.7,287179.0,479873.0
2025-06-20 10:15:54.609856,1952.6,287179.0,479873.0
2025-06-20 10:15:55.797647,1952.6,287179.0,479779.0
2025-06-20 10:15:55.799330,1952.6,287179.0,479779.0
2025-06-20 10:15:56.371697,1952.5,288795.0,478923.0
2025-06-20 10:15:56.612617,1952.5,288795.0,478923.0
2025-06-20 10:15:57.464772,1952.5,288163.0,478885.0
2025-06-20 10:15:57.679849,1952.5,288163.0,478885.0
2025-06-20 10:15:58.566080,1952.3,289170.0,478028.0
2025-06-20 10:15:58.608764,1952.4,289170.0,478028.0
2025-06-20 10:15:59.614460,1952.3,289170.0,478028.0
2025-06-20 10:15:59.669584,1952.7,288733.0,476171.0
2025-06-20 10:16:00.880373,1952.5,289085.0,474117.0
2025-06-20 10:16:01.610574,1952.5,289085.0,474117.0
2025-06-20 10:16:01.969356,1952.7,290031.0,473907.0
2025-06-20 10:16:02.606414,1952.4,290031.0,473907.0
2025-06-20 10:16:03.070584,1952.6,292359.0,473595.0
2025-06-20 10:16:03.611051,1952.0,292359.0,473595.0
2025-06-20 10:16:04.180188,1952.1,287154.0,477377.0
2025-06-20 10:16:04.614187,1952.5,287154.0,477377.0
2025-06-20 10:16:05.269993,1952.1,290332.0,476954.0
2025-06-20 10:16:05.660629,1952.4,290332.0,476954.0
2025-06-20 10:16:06.273783,1952.5,291762.0,473804.0
2025-06-20 10:16:06.613324,1953.0,291762.0,473804.0
2025-06-20 10:16:07.269500,1953.0,291017.0,473261.0
2025-06-20 10:16:07.610993,1952.9,291017.0,473261.0
2025-06-20 10:16:08.271302,1953.0,291164.0,475668.0
2025-06-20 10:16:08.608224,1953.0,291164.0,475668.0
2025-06-20 10:16:09.376660,1953.0,290457.0,474610.0
2025-06-20 10:16:09.609324,1953.3,290457.0,474610.0
2025-06-20 10:16:10.382036,1953.1,290017.0,475969.0
2025-06-20 10:16:10.609910,1953.3,290017.0,475969.0
2025-06-20 10:16:11.474951,1953.1,289537.0,476217.0
2025-06-20 10:16:11.608375,1953.1,289537.0,476217.0
2025-06-20 10:16:12.572952,1953.0,287314.0,477824.0
2025-06-20 10:16:12.611882,1953.0,287314.0,477824.0
2025-06-20 10:16:13.607080,1952.8,287314.0,477824.0
2025-06-20 10:16:13.678836,1952.9,287994.0,478248.0
2025-06-20 10:16:14.609233,1952.6,287994.0,478248.0
2025-06-20 10:16:14.678071,1952.6,288428.0,478389.0
2025-06-20 10:16:15.610112,1952.9,288428.0,478389.0
2025-06-20 10:16:15.674468,1952.9,288903.0,479126.0
2025-06-20 10:16:16.610994,1952.9,288903.0,479126.0
2025-06-20 10:16:16.679676,1952.9,287723.0,477708.0
2025-06-20 10:16:17.609978,1952.8,287723.0,477708.0
2025-06-20 10:16:17.775916,1952.9,288348.0,478722.0
2025-06-20 10:16:18.613464,1952.9,288348.0,478722.0
2025-06-20 10:16:18.883078,1952.7,289614.0,477176.0
2025-06-20 10:16:19.609704,1953.3,289614.0,477176.0
2025-06-20 10:16:19.977993,1953.3,289931.0,476452.0
2025-06-20 10:16:20.611428,1952.9,289931.0,476452.0
2025-06-20 10:16:21.076622,1952.9,290357.0,478539.0
2025-06-20 10:16:21.611048,1953.0,290357.0,478539.0
2025-06-20 10:16:22.177345,1953.1,290651.0,478214.0
2025-06-20 10:16:22.612751,1953.2,290651.0,478214.0
2025-06-20 10:16:23.300325,1952.9,288483.0,479006.0
2025-06-20 10:16:23.609036,1953.0,288483.0,479006.0
2025-06-20 10:16:24.390670,1952.9,287909.0,479868.0
2025-06-20 10:16:24.621993,1952.9,287909.0,479868.0
2025-06-20 10:16:25.408113,1952.6,287004.0,482961.0
2025-06-20 10:16:25.609383,1952.6,287004.0,482961.0
2025-06-20 10:16:26.480796,1951.9,287442.0,483491.0
2025-06-20 10:16:26.643678,1951.9,287442.0,483491.0
2025-06-20 10:16:27.583026,1952.4,287794.0,483531.0
2025-06-20 10:16:27.615938,1952.4,287794.0,483531.0
2025-06-20 10:16:28.581341,1952.4,288972.0,483641.0
2025-06-20 10:16:28.609591,1952.4,288972.0,483641.0
2025-06-20 10:16:29.610412,1952.3,288972.0,483641.0
2025-06-20 10:16:29.689564,1952.3,288226.0,483639.0
2025-06-20 10:16:30.611774,1952.2,288226.0,483639.0
2025-06-20 10:16:30.682327,1952.2,289562.0,483118.0
2025-06-20 10:16:31.586351,1952.1,284313.0,484901.0
2025-06-20 10:16:31.642753,1952.1,284313.0,484901.0
2025-06-20 10:16:32.583502,1952.1,288975.0,484094.0
2025-06-20 10:16:32.610334,1952.1,288975.0,484094.0
2025-06-20 10:16:33.586296,1952.1,289354.0,484134.0
2025-06-20 10:16:33.610326,1952.1,289354.0,484134.0
2025-06-20 10:16:34.658342,1952.1,289354.0,484134.0
2025-06-20 10:16:34.689982,1952.0,289285.0,485126.0
2025-06-20 10:16:35.611451,1952.0,289285.0,485126.0
2025-06-20 10:16:35.785329,1952.0,287211.0,484719.0
2025-06-20 10:16:36.622258,1952.0,287211.0,484719.0
2025-06-20 10:16:36.915631,1952.0,286801.0,485563.0
2025-06-20 10:16:37.609633,1952.0,286801.0,485563.0
2025-06-20 10:16:37.988789,1952.0,286693.0,485076.0
2025-06-20 10:16:38.615052,1952.0,286693.0,485076.0
2025-06-20 10:16:38.989518,1952.0,287737.0,484248.0
2025-06-20 10:16:39.646517,1952.2,287737.0,484248.0
2025-06-20 10:16:40.088721,1952.1,287845.0,485775.0
2025-06-20 10:16:40.610804,1952.1,287845.0,485775.0
2025-06-20 10:16:41.090791,1952.1,289163.0,483486.0
2025-06-20 10:16:41.615200,1952.2,289163.0,483486.0
2025-06-20 10:16:42.091397,1952.1,290027.0,485457.0
2025-06-20 10:16:42.614977,1952.2,290027.0,485457.0
2025-06-20 10:16:43.093243,1952.1,290587.0,486279.0
2025-06-20 10:16:43.615134,1952.2,290587.0,486279.0
2025-06-20 10:16:44.092197,1952.2,285588.0,486178.0
2025-06-20 10:16:44.663884,1952.1,285588.0,486178.0
2025-06-20 10:16:45.093148,1952.5,287891.0,486764.0
2025-06-20 10:16:45.613888,1952.5,287891.0,486764.0
2025-06-20 10:16:46.093432,1952.4,289778.0,488251.0
2025-06-20 10:16:46.611961,1952.3,289778.0,488251.0
2025-06-20 10:16:47.093120,1952.3,290342.0,488388.0
2025-06-20 10:16:47.614903,1952.4,290342.0,488388.0
2025-06-20 10:16:48.094207,1952.7,288486.0,478341.0
2025-06-20 10:16:48.613756,1952.7,288486.0,478341.0
2025-06-20 10:16:49.095712,1952.6,288397.0,488006.0
2025-06-20 10:16:49.613479,1952.6,288397.0,488006.0
2025-06-20 10:16:50.098075,1952.7,288185.0,488436.0
2025-06-20 10:16:50.610505,1952.7,288185.0,488436.0
2025-06-20 10:16:51.197588,1952.5,290117.0,489136.0
2025-06-20 10:16:51.613954,1952.5,290117.0,489136.0
2025-06-20 10:16:52.198428,1952.4,288353.0,489031.0
2025-06-20 10:16:52.613670,1952.4,288353.0,489031.0
2025-06-20 10:16:53.199729,1952.4,288187.0,489168.0
2025-06-20 10:16:53.612011,1952.5,288187.0,489168.0
2025-06-20 10:16:54.199483,1952.6,287577.0,489914.0
2025-06-20 10:16:54.670410,1952.4,287577.0,489914.0
2025-06-20 10:16:55.199649,1952.6,287663.0,487986.0
2025-06-20 10:16:55.611931,1952.6,287663.0,487986.0
2025-06-20 10:16:56.311422,1952.4,288280.0,489847.0
2025-06-20 10:16:56.612340,1952.4,288280.0,489847.0
2025-06-20 10:16:57.419766,1952.4,288299.0,488039.0
2025-06-20 10:16:57.659000,1952.5,288299.0,488039.0
2025-06-20 10:16:58.416607,1952.5,288893.0,489849.0
2025-06-20 10:16:58.617078,1952.5,288893.0,489849.0
2025-06-20 10:16:59.505400,1952.5,288786.0,490009.0
2025-06-20 10:16:59.617778,1952.6,288786.0,490009.0
2025-06-20 10:17:01.009942,1952.4,288881.0,489382.0
2025-06-20 10:17:01.612000,1952.5,288881.0,489382.0
2025-06-20 10:17:02.005225,1952.4,288965.0,490144.0
2025-06-20 10:17:02.614786,1952.4,288965.0,490144.0
2025-06-20 10:17:02.913696,1952.4,290852.0,490239.0
2025-06-20 10:17:03.613470,1952.5,290852.0,490239.0
2025-06-20 10:17:03.914988,1952.5,291212.0,488651.0
2025-06-20 10:17:04.612571,1952.5,291212.0,488651.0
2025-06-20 10:17:04.916600,1952.4,291381.0,489047.0
2025-06-20 10:17:05.612652,1952.4,291381.0,489047.0
2025-06-20 10:17:05.919640,1952.4,291108.0,489221.0
2025-06-20 10:17:06.611621,1952.6,291108.0,489221.0
2025-06-20 10:17:06.920619,1952.4,290738.0,488752.0
2025-06-20 10:17:07.613690,1952.8,290738.0,488752.0
2025-06-20 10:17:07.921697,1952.8,288908.0,488619.0
2025-06-20 10:17:08.616608,1952.6,288908.0,488619.0
2025-06-20 10:17:08.918080,1952.6,288697.0,489179.0
2025-06-20 10:17:09.615679,1952.7,288697.0,489179.0
2025-06-20 10:17:09.920798,1952.7,289119.0,489156.0
2025-06-20 10:17:10.612467,1952.7,289119.0,489156.0
2025-06-20 10:17:10.817366,1952.6,289032.0,489168.0
2025-06-20 10:17:11.612259,1952.6,289032.0,489168.0
2025-06-20 10:17:11.817253,1952.6,288401.0,489345.0
2025-06-20 10:17:12.618838,1952.5,288401.0,489345.0
2025-06-20 10:17:12.819076,1952.5,289206.0,488912.0
2025-06-20 10:17:13.615004,1952.6,289206.0,488912.0
2025-06-20 10:17:13.823720,1952.6,289328.0,487020.0
2025-06-20 10:17:14.632296,1952.7,289328.0,487020.0
2025-06-20 10:17:14.714752,1952.7,288272.0,487685.0
2025-06-20 10:17:15.613475,1952.6,288272.0,487685.0
2025-06-20 10:17:15.623855,1952.6,288306.0,488211.0
2025-06-20 10:17:16.611918,1952.8,288306.0,488211.0
2025-06-20 10:17:16.620519,1952.8,288954.0,488177.0
2025-06-20 10:17:17.618541,1953.0,288954.0,488177.0
2025-06-20 10:17:17.714835,1953.0,288637.0,488750.0
2025-06-20 10:17:18.618279,1952.8,288637.0,488750.0
2025-06-20 10:17:18.624993,1952.8,288201.0,488779.0
2025-06-20 10:17:19.614944,1952.9,288201.0,488779.0
2025-06-20 10:17:19.630087,1952.9,288496.0,488656.0
2025-06-20 10:17:20.518859,1953.0,288853.0,488370.0
2025-06-20 10:17:20.615366,1953.0,288853.0,488370.0
2025-06-20 10:17:21.519105,1952.6,288579.0,488160.0
2025-06-20 10:17:21.611133,1952.6,288579.0,488160.0
2025-06-20 10:17:22.445720,1952.8,290188.0,488205.0
2025-06-20 10:17:22.612319,1952.7,290188.0,488205.0
2025-06-20 10:17:23.424790,1952.9,288552.0,487897.0
2025-06-20 10:17:23.617587,1952.8,288552.0,487897.0
2025-06-20 10:17:24.438087,1952.8,291254.0,485452.0
2025-06-20 10:17:24.617341,1952.9,291254.0,485452.0
2025-06-20 10:17:25.449578,1953.0,291320.0,487041.0
2025-06-20 10:17:25.619555,1952.9,291320.0,487041.0
2025-06-20 10:17:26.443134,1952.7,290998.0,488273.0
2025-06-20 10:17:26.616033,1952.9,290998.0,488273.0
2025-06-20 10:17:27.446000,1952.9,290064.0,489426.0
2025-06-20 10:17:27.614506,1952.9,290064.0,489426.0
2025-06-20 10:17:28.336606,1952.8,290580.0,488355.0
2025-06-20 10:17:28.613848,1952.9,290580.0,488355.0
2025-06-20 10:17:29.365096,1952.7,290491.0,488291.0
2025-06-20 10:17:29.616728,1952.9,290491.0,488291.0
2025-06-20 10:17:30.338685,1952.7,289050.0,488614.0
2025-06-20 10:17:30.616213,1952.7,289050.0,488614.0
2025-06-20 10:17:31.450558,1953.0,288984.0,488527.0
2025-06-20 10:17:31.615269,1953.0,288984.0,488527.0
2025-06-20 10:17:32.447634,1952.9,290887.0,488536.0
2025-06-20 10:17:32.613265,1952.9,290887.0,488536.0
2025-06-20 10:17:33.226992,1952.8,290747.0,488473.0
2025-06-20 10:17:33.639999,1952.9,290747.0,488473.0
2025-06-20 10:17:34.238991,1952.8,291393.0,486607.0
2025-06-20 10:17:34.618039,1952.8,291393.0,486607.0
2025-06-20 10:17:35.226451,1952.8,291584.0,487976.0
2025-06-20 10:17:35.616615,1952.9,291584.0,487976.0
2025-06-20 10:17:36.227924,1952.8,292198.0,487668.0
2025-06-20 10:17:36.615037,1952.8,292198.0,487668.0
2025-06-20 10:17:37.230303,1952.8,292639.0,487871.0
2025-06-20 10:17:37.615715,1952.8,292639.0,487871.0
2025-06-20 10:17:38.126711,1952.8,294037.0,488300.0
2025-06-20 10:17:38.642924,1952.8,294037.0,488300.0
2025-06-20 10:17:39.128564,1952.8,294802.0,488333.0
2025-06-20 10:17:39.618009,1952.5,294802.0,488333.0
2025-06-20 10:17:40.130689,1952.9,292978.0,488436.0
2025-06-20 10:17:40.618678,1952.6,292978.0,488436.0
2025-06-20 10:17:41.029791,1952.6,294390.0,488786.0
2025-06-20 10:17:41.619737,1952.5,294390.0,488786.0
2025-06-20 10:17:42.036316,1952.6,294442.0,486908.0
2025-06-20 10:17:42.617452,1952.6,294442.0,486908.0
2025-06-20 10:17:42.933341,1952.9,294426.0,487387.0
2025-06-20 10:17:43.637652,1952.9,294426.0,487387.0
2025-06-20 10:17:43.949863,1952.8,295248.0,487089.0
2025-06-20 10:17:44.612899,1952.8,295248.0,487089.0
2025-06-20 10:17:44.936654,1952.8,293762.0,486812.0
2025-06-20 10:17:45.616029,1952.9,293762.0,486812.0
2025-06-20 10:17:45.932691,1952.8,294089.0,487843.0
2025-06-20 10:17:46.614253,1952.9,294089.0,487843.0
2025-06-20 10:17:46.937189,1952.9,294009.0,487681.0
2025-06-20 10:17:47.614879,1952.7,294009.0,487681.0
2025-06-20 10:17:47.939794,1952.7,294145.0,488372.0
2025-06-20 10:17:48.616965,1952.8,294145.0,488372.0
2025-06-20 10:17:48.941426,1952.8,294000.0,488788.0
2025-06-20 10:17:49.614817,1952.9,294000.0,488788.0
2025-06-20 10:17:49.932553,1952.8,294132.0,489118.0
2025-06-20 10:17:50.616847,1952.9,294132.0,489118.0
2025-06-20 10:17:50.936851,1952.9,293041.0,489186.0
2025-06-20 10:17:51.615661,1952.6,293041.0,489186.0
2025-06-20 10:17:51.934720,1952.8,293473.0,488385.0
2025-06-20 10:17:52.616399,1952.9,293473.0,488385.0
2025-06-20 10:17:52.938853,1952.9,293100.0,488966.0
2025-06-20 10:17:53.618763,1952.9,293100.0,488966.0
2025-06-20 10:17:53.935221,1952.9,294142.0,489101.0
2025-06-20 10:17:54.616860,1952.8,294142.0,489101.0
2025-06-20 10:17:54.936040,1953.0,293521.0,488656.0
2025-06-20 10:17:55.617756,1952.8,293521.0,488656.0
2025-06-20 10:17:55.945902,1953.0,293772.0,488238.0
2025-06-20 10:17:56.618931,1953.0,293772.0,488238.0
2025-06-20 10:17:56.940346,1952.8,293482.0,489180.0
2025-06-20 10:17:57.618694,1952.8,293482.0,489180.0
2025-06-20 10:17:57.852350,1952.8,292261.0,489351.0
2025-06-20 10:17:58.617259,1952.9,292261.0,489351.0
2025-06-20 10:17:58.743013,1952.9,293451.0,488902.0
2025-06-20 10:17:59.618459,1952.7,293451.0,488902.0
2025-06-20 10:17:59.644849,1952.8,293620.0,488449.0
2025-06-20 10:18:00.627922,1952.8,293620.0,488449.0
2025-06-20 10:18:01.240908,1952.8,295646.0,487459.0
2025-06-20 10:18:01.621660,1953.0,295646.0,487459.0
2025-06-20 10:18:02.143959,1953.2,296698.0,482092.0
2025-06-20 10:18:02.624059,1953.2,296698.0,482092.0
2025-06-20 10:18:03.143673,1953.3,296497.0,483295.0
2025-06-20 10:18:03.621994,1953.2,296497.0,483295.0
2025-06-20 10:18:04.043980,1953.3,295142.0,484278.0
2025-06-20 10:18:04.621071,1953.3,295142.0,484278.0
2025-06-20 10:18:05.044397,1953.2,296737.0,482960.0
2025-06-20 10:18:05.622524,1953.5,296737.0,482960.0
2025-06-20 10:18:06.046049,1953.5,296471.0,484437.0
2025-06-20 10:18:06.620948,1953.6,296471.0,484437.0
2025-06-20 10:18:07.045799,1953.8,293865.0,484212.0
2025-06-20 10:18:07.620080,1953.4,293865.0,484212.0
2025-06-20 10:18:07.946371,1953.5,293099.0,484539.0
2025-06-20 10:18:08.620908,1953.8,293099.0,484539.0
2025-06-20 10:18:08.952807,1953.7,293293.0,484400.0
2025-06-20 10:18:09.620195,1953.7,293293.0,484400.0
2025-06-20 10:18:09.862751,1953.7,293660.0,484380.0
2025-06-20 10:18:10.621259,1953.8,293660.0,484380.0
2025-06-20 10:18:10.864904,1953.8,291099.0,484659.0
2025-06-20 10:18:11.623327,1953.8,291099.0,484659.0
2025-06-20 10:18:11.864501,1953.8,294119.0,484513.0
2025-06-20 10:18:12.620422,1953.8,294119.0,484513.0
2025-06-20 10:18:12.878338,1953.8,293906.0,484481.0
2025-06-20 10:18:13.623062,1953.7,293906.0,484481.0
2025-06-20 10:18:13.864094,1953.9,293411.0,482185.0
2025-06-20 10:18:14.674012,1953.9,293411.0,482185.0
2025-06-20 10:18:14.860249,1953.8,293889.0,483942.0
2025-06-20 10:18:15.619085,1953.8,293889.0,483942.0
2025-06-20 10:18:15.861709,1953.8,294126.0,483731.0
2025-06-20 10:18:16.620093,1953.8,294126.0,483731.0
2025-06-20 10:18:16.865633,1953.7,293999.0,484048.0
2025-06-20 10:18:17.622637,1953.7,293999.0,484048.0
2025-06-20 10:18:17.862746,1953.9,293513.0,484492.0
2025-06-20 10:18:18.624151,1953.7,293513.0,484492.0
2025-06-20 10:18:18.868857,1953.7,294295.0,484154.0
2025-06-20 10:18:19.623559,1953.7,294295.0,484154.0
2025-06-20 10:18:19.864978,1953.8,293216.0,485005.0
2025-06-20 10:18:20.623019,1953.7,293216.0,485005.0
2025-06-20 10:18:20.870266,1953.8,292803.0,485257.0
2025-06-20 10:18:21.623055,1953.8,292803.0,485257.0
2025-06-20 10:18:21.757163,1953.8,290438.0,485482.0
2025-06-20 10:18:22.622571,1953.7,290438.0,485482.0
2025-06-20 10:18:22.757772,1953.7,290142.0,486260.0
2025-06-20 10:18:23.622953,1953.4,290142.0,486260.0
2025-06-20 10:18:23.914047,1953.6,291835.0,486951.0
2025-06-20 10:18:24.622656,1953.4,291835.0,486951.0
2025-06-20 10:18:24.757499,1953.4,292423.0,486894.0
2025-06-20 10:18:25.627279,1953.7,292423.0,486894.0
2025-06-20 10:18:25.757103,1953.7,293179.0,484215.0
2025-06-20 10:18:26.652922,1953.7,293179.0,484215.0
2025-06-20 10:18:26.757872,1953.7,294288.0,483981.0
2025-06-20 10:18:27.622963,1953.8,294288.0,483981.0
2025-06-20 10:18:27.759477,1953.6,292536.0,484597.0
2025-06-20 10:18:28.624543,1953.6,292536.0,484597.0
2025-06-20 10:18:28.670186,1953.6,294465.0,484662.0
2025-06-20 10:18:29.621039,1953.8,294465.0,484662.0
2025-06-20 10:18:29.665325,1953.8,292262.0,486456.0
2025-06-20 10:18:30.620957,1953.1,292262.0,486456.0
2025-06-20 10:18:30.671082,1953.5,292814.0,487270.0
2025-06-20 10:18:31.627982,1953.7,292814.0,487270.0
2025-06-20 10:18:31.661800,1953.7,293101.0,486779.0
2025-06-20 10:18:32.625397,1953.7,293101.0,486779.0
2025-06-20 10:18:32.669695,1953.7,293158.0,486878.0
2025-06-20 10:18:33.623130,1953.6,293158.0,486878.0
2025-06-20 10:18:33.661751,1953.6,293341.0,486686.0
2025-06-20 10:18:34.631619,1953.7,293341.0,486686.0
2025-06-20 10:18:34.667697,1953.7,293402.0,486008.0
2025-06-20 10:18:35.568296,1953.6,294413.0,485791.0
2025-06-20 10:18:35.624405,1953.7,294413.0,485791.0
2025-06-20 10:18:36.565497,1953.7,293226.0,485523.0
2025-06-20 10:18:36.623713,1953.7,293226.0,485523.0
2025-06-20 10:18:37.563498,1953.6,291648.0,481987.0
2025-06-20 10:18:37.623952,1953.3,291648.0,481987.0
2025-06-20 10:18:38.569965,1953.6,292329.0,481653.0
2025-06-20 10:18:38.625589,1953.6,292329.0,481653.0
2025-06-20 10:18:39.577283,1953.4,292469.0,482407.0
2025-06-20 10:18:39.623935,1953.5,292469.0,482407.0
2025-06-20 10:18:40.466133,1953.4,293525.0,483051.0
2025-06-20 10:18:40.628918,1953.4,293525.0,483051.0
2025-06-20 10:18:41.587056,1953.4,293525.0,483051.0
2025-06-20 10:18:41.592256,1953.4,294092.0,483519.0
2025-06-20 10:18:41.623742,1953.5,294092.0,483519.0
2025-06-20 10:18:41.678449,1953.5,294092.0,483519.0
2025-06-20 10:18:42.128935,1953.5,294092.0,483519.0
2025-06-20 10:18:42.635467,1953.6,293021.0,483015.0
2025-06-20 10:18:42.678591,1953.6,293021.0,483015.0
2025-06-20 10:18:42.774944,1953.6,293021.0,483015.0
2025-06-20 10:18:43.304011,1953.6,293021.0,483015.0
2025-06-20 10:18:43.570427,1953.6,295044.0,482637.0
2025-06-20 10:18:43.625035,1953.5,295044.0,482637.0
2025-06-20 10:18:43.951966,1953.5,295044.0,482637.0
2025-06-20 10:18:44.441774,1953.5,295044.0,482637.0
2025-06-20 10:18:44.642139,1953.4,293608.0,484360.0
2025-06-20 10:18:44.693244,1953.4,293608.0,484360.0
2025-06-20 10:18:45.022310,1953.4,293608.0,484360.0
2025-06-20 10:18:45.439093,1953.4,293608.0,484360.0
2025-06-20 10:18:45.466332,1953.7,292472.0,484199.0
2025-06-20 10:18:45.643259,1953.7,292472.0,484199.0
2025-06-20 10:18:46.387431,1953.7,292472.0,484199.0
2025-06-20 10:18:46.470678,1953.4,293270.0,485016.0
2025-06-20 10:18:46.628443,1953.4,293270.0,485016.0
2025-06-20 10:18:47.469696,1953.2,293882.0,485017.0
2025-06-20 10:18:47.623969,1953.4,293882.0,485017.0
2025-06-20 10:18:47.699711,1953.4,293882.0,485017.0
2025-06-20 10:18:48.471798,1953.4,294362.0,484988.0
2025-06-20 10:18:48.625732,1953.4,294362.0,484988.0
2025-06-20 10:18:48.692619,1953.4,294362.0,484988.0
2025-06-20 10:18:49.471182,1953.4,293139.0,485403.0
2025-06-20 10:18:49.652375,1953.6,293139.0,485403.0
2025-06-20 10:18:50.213416,1953.6,293139.0,485403.0
2025-06-20 10:18:50.473057,1953.7,294466.0,485045.0
2025-06-20 10:18:50.627086,1953.7,294466.0,485045.0
2025-06-20 10:18:51.464604,1953.7,294466.0,485045.0
2025-06-20 10:18:51.472299,1953.8,293101.0,484685.0
2025-06-20 10:18:51.628369,1953.8,293101.0,484685.0
2025-06-20 10:18:52.384293,1953.8,292489.0,484499.0
2025-06-20 10:18:52.623695,1953.9,292489.0,484499.0
2025-06-20 10:18:52.726601,1953.9,292489.0,484499.0
2025-06-20 10:18:53.386846,1953.8,293370.0,484602.0
2025-06-20 10:18:53.636069,1953.9,293370.0,484602.0
2025-06-20 10:18:54.434394,1953.9,293370.0,484602.0
2025-06-20 10:18:54.439358,1953.6,293204.0,485033.0
2025-06-20 10:18:54.639699,1953.9,293204.0,485033.0
2025-06-20 10:18:55.386551,1953.6,294001.0,484078.0
2025-06-20 10:18:55.642503,1953.7,294001.0,484078.0
2025-06-20 10:18:56.385585,1953.7,294063.0,483641.0
2025-06-20 10:18:56.625176,1953.8,294063.0,483641.0
2025-06-20 10:18:57.386016,1953.8,293633.0,484006.0
2025-06-20 10:18:57.634102,1953.9,293633.0,484006.0
2025-06-20 10:18:58.274726,1953.8,291982.0,484463.0
2025-06-20 10:18:58.632959,1953.8,291982.0,484463.0
2025-06-20 10:18:59.274486,1953.8,291733.0,484776.0
2025-06-20 10:18:59.640553,1953.8,291733.0,484776.0
2025-06-20 10:19:00.281858,1953.6,292981.0,485073.0
2025-06-20 10:19:00.644261,1953.9,292981.0,485073.0
2025-06-20 10:19:01.589467,1953.6,292083.0,485105.0
2025-06-20 10:19:01.629298,1953.6,292083.0,485105.0
2025-06-20 10:19:02.635261,1953.7,292083.0,485105.0
2025-06-20 10:19:02.675835,1953.7,290570.0,486289.0
2025-06-20 10:19:03.626461,1953.7,290570.0,486289.0
2025-06-20 10:19:03.779793,1953.7,289862.0,486206.0
2025-06-20 10:19:04.636062,1953.8,289862.0,486206.0
2025-06-20 10:19:04.783499,1953.6,291663.0,483454.0
2025-06-20 10:19:05.637557,1953.7,291663.0,483454.0
2025-06-20 10:19:05.880802,1953.6,291274.0,485898.0
2025-06-20 10:19:06.628005,1954.0,291274.0,485898.0
2025-06-20 10:19:06.977637,1954.0,291290.0,484761.0
2025-06-20 10:19:07.627670,1954.0,291290.0,484761.0
2025-06-20 10:19:08.079369,1953.9,293195.0,485494.0
2025-06-20 10:19:08.623442,1953.6,293195.0,485494.0
2025-06-20 10:19:09.088326,1953.6,294004.0,485486.0
2025-06-20 10:19:09.624848,1953.6,294004.0,485486.0
2025-06-20 10:19:10.078323,1953.7,293852.0,485786.0
2025-06-20 10:19:10.638005,1953.8,293852.0,485786.0
2025-06-20 10:19:11.080076,1953.8,293934.0,485967.0
2025-06-20 10:19:11.632249,1953.6,293934.0,485967.0
2025-06-20 10:19:12.183416,1953.6,294049.0,487366.0
2025-06-20 10:19:12.625118,1953.5,294049.0,487366.0
2025-06-20 10:19:13.281204,1953.7,292147.0,487020.0
2025-06-20 10:19:13.632394,1953.8,292147.0,487020.0
2025-06-20 10:19:14.398255,1953.7,292133.0,486933.0
2025-06-20 10:19:14.635931,1953.8,292133.0,486933.0
2025-06-20 10:19:15.482329,1953.6,293332.0,487694.0
2025-06-20 10:19:15.639483,1953.6,293332.0,487694.0
2025-06-20 10:19:16.591024,1953.6,293361.0,487683.0
2025-06-20 10:19:17.637701,1953.6,293361.0,487683.0
2025-06-20 10:19:17.684081,1953.6,295970.0,490953.0
2025-06-20 10:19:18.693102,1953.3,295970.0,490953.0
2025-06-20 10:19:18.831410,1953.3,296222.0,490672.0
2025-06-20 10:19:19.624828,1953.5,296222.0,490672.0
2025-06-20 10:19:19.895621,1953.5,296636.0,491000.0
2025-06-20 10:19:20.637539,1953.6,296636.0,491000.0
2025-06-20 10:19:20.988730,1953.5,298829.0,489688.0
2025-06-20 10:19:21.679396,1953.5,298829.0,489688.0
2025-06-20 10:19:22.089890,1953.4,298923.0,490127.0
2025-06-20 10:19:22.641102,1953.4,298923.0,490127.0
2025-06-20 10:19:23.188975,1953.4,298797.0,490397.0
2025-06-20 10:19:23.635100,1953.5,298797.0,490397.0
2025-06-20 10:19:24.290688,1953.5,296454.0,490161.0
2025-06-20 10:19:24.882780,1953.6,296454.0,490161.0
2025-06-20 10:19:25.404978,1953.7,296886.0,488502.0
2025-06-20 10:19:25.684535,1953.9,296886.0,488502.0
2025-06-20 10:19:26.493451,1954.0,296797.0,489919.0
2025-06-20 10:19:26.657500,1954.0,296797.0,489919.0
2025-06-20 10:19:27.594115,1953.9,296789.0,489794.0
2025-06-20 10:19:27.682633,1953.9,296789.0,489794.0
2025-06-20 10:19:28.684730,1953.9,296789.0,489794.0
2025-06-20 10:19:28.693226,1953.9,297171.0,490075.0
2025-06-20 10:19:29.874259,1954.0,297171.0,490075.0
2025-06-20 10:19:29.885711,1953.9,295458.0,490196.0
2025-06-20 10:19:30.632151,1953.9,295458.0,490196.0
2025-06-20 10:19:30.908759,1953.9,295561.0,490120.0
2025-06-20 10:19:31.640174,1954.0,295561.0,490120.0
2025-06-20 10:19:31.998906,1954.0,296718.0,489887.0
2025-06-20 10:19:32.641013,1953.9,296718.0,489887.0
2025-06-20 10:19:33.099846,1954.0,296708.0,489890.0
2025-06-20 10:19:33.647715,1954.0,296708.0,489890.0
2025-06-20 10:19:34.205645,1953.7,294415.0,491875.0
2025-06-20 10:19:34.633283,1953.7,294415.0,491875.0
2025-06-20 10:19:35.204586,1953.7,294134.0,492283.0
2025-06-20 10:19:35.633242,1953.8,294134.0,492283.0
2025-06-20 10:19:36.301635,1953.7,293782.0,493429.0
2025-06-20 10:19:36.630862,1953.7,293782.0,493429.0
2025-06-20 10:19:37.478829,1953.7,294395.0,492917.0
2025-06-20 10:19:37.698004,1953.7,294395.0,492917.0
2025-06-20 10:19:38.500616,1953.8,294441.0,493139.0
2025-06-20 10:19:38.627589,1953.8,294441.0,493139.0
2025-06-20 10:19:39.607939,1953.7,293880.0,493212.0
2025-06-20 10:19:39.632182,1953.8,293880.0,493212.0
2025-06-20 10:19:40.807076,1953.4,292688.0,492589.0
2025-06-20 10:19:40.905365,1953.4,292688.0,492589.0
2025-06-20 10:19:41.662967,1953.7,293292.0,493531.0
2025-06-20 10:19:41.670788,1953.7,293292.0,493531.0
2025-06-20 10:19:42.639939,1953.5,293292.0,493531.0
2025-06-20 10:19:42.713409,1953.5,293439.0,493913.0
2025-06-20 10:19:43.627022,1953.4,293439.0,493913.0
2025-06-20 10:19:43.805086,1953.4,293198.0,494146.0
2025-06-20 10:19:44.627538,1953.5,293198.0,494146.0
2025-06-20 10:19:44.919425,1953.5,293489.0,494301.0
2025-06-20 10:19:45.633357,1953.5,293489.0,494301.0
2025-06-20 10:19:46.008668,1953.5,294347.0,494414.0
2025-06-20 10:19:46.634848,1953.6,294347.0,494414.0
2025-06-20 10:19:47.110832,1953.5,294274.0,494588.0
2025-06-20 10:19:47.635396,1953.6,294274.0,494588.0
2025-06-20 10:19:48.124057,1953.4,293176.0,495631.0
2025-06-20 10:19:48.633092,1953.5,293176.0,495631.0
2025-06-20 10:19:49.216651,1953.4,291503.0,496131.0
2025-06-20 10:19:49.631713,1953.0,291503.0,496131.0
2025-06-20 10:19:50.318870,1953.3,292172.0,497055.0
2025-06-20 10:19:50.635140,1953.3,292172.0,497055.0
2025-06-20 10:19:51.428408,1953.3,292320.0,497017.0
2025-06-20 10:19:51.636228,1953.2,292320.0,497017.0
2025-06-20 10:19:52.518059,1953.1,292316.0,497057.0
2025-06-20 10:19:52.695911,1953.1,292316.0,497057.0
2025-06-20 10:19:53.520272,1953.1,292920.0,497600.0
2025-06-20 10:19:53.631012,1953.1,292920.0,497600.0
2025-06-20 10:19:54.620217,1953.5,290926.0,495352.0
2025-06-20 10:19:54.635626,1953.5,290926.0,495352.0
2025-06-20 10:19:55.635846,1953.2,290926.0,495352.0
2025-06-20 10:19:55.720638,1953.4,293286.0,496669.0
2025-06-20 10:19:56.630819,1953.4,293286.0,496669.0
2025-06-20 10:19:56.831474,1953.3,293378.0,496613.0
2025-06-20 10:19:57.629361,1953.3,293378.0,496613.0
2025-06-20 10:19:57.932244,1953.4,293276.0,496866.0
2025-06-20 10:19:58.631824,1953.5,293276.0,496866.0
2025-06-20 10:19:58.929494,1953.5,293022.0,496630.0
2025-06-20 10:19:59.633346,1953.5,293022.0,496630.0
2025-06-20 10:20:00.025786,1953.5,293474.0,492465.0
2025-06-20 10:20:00.668747,1953.5,293474.0,492465.0
2025-06-20 10:20:01.034635,1953.3,293614.0,496476.0
2025-06-20 10:20:01.638081,1953.6,293614.0,496476.0
2025-06-20 10:20:02.027707,1953.8,296771.0,486270.0
2025-06-20 10:20:02.635345,1953.7,296771.0,486270.0
2025-06-20 10:20:03.027966,1953.7,295833.0,493546.0
2025-06-20 10:20:03.635504,1953.6,295833.0,493546.0
2025-06-20 10:20:04.033299,1953.8,295343.0,494327.0
2025-06-20 10:20:04.636011,1953.8,295343.0,494327.0
2025-06-20 10:20:04.947549,1953.7,296966.0,495001.0
2025-06-20 10:20:05.637213,1953.7,296966.0,495001.0
2025-06-20 10:20:05.933732,1953.7,294805.0,494719.0
2025-06-20 10:20:06.635948,1953.7,294805.0,494719.0
2025-06-20 10:20:06.839603,1953.7,296734.0,494926.0
2025-06-20 10:20:07.634605,1953.6,296734.0,494926.0
2025-06-20 10:20:07.842339,1953.6,296624.0,495454.0
2025-06-20 10:20:08.637702,1953.6,296624.0,495454.0
2025-06-20 10:20:08.744986,1953.6,290984.0,496003.0
2025-06-20 10:20:09.635603,1953.8,290984.0,496003.0
2025-06-20 10:20:09.642108,1953.8,292382.0,496250.0
2025-06-20 10:20:10.635761,1953.7,292382.0,496250.0
2025-06-20 10:20:10.677333,1953.7,293336.0,496217.0
2025-06-20 10:20:11.584015,1953.7,292782.0,496873.0
2025-06-20 10:20:11.634926,1953.7,292782.0,496873.0
2025-06-20 10:20:12.536675,1953.6,294155.0,496449.0
2025-06-20 10:20:12.635055,1953.8,294155.0,496449.0
2025-06-20 10:20:13.635484,1953.9,294155.0,496449.0
2025-06-20 10:20:13.684483,1953.9,296143.0,494944.0
2025-06-20 10:20:14.536223,1954.0,295936.0,496064.0
2025-06-20 10:20:14.642118,1954.0,295936.0,496064.0
2025-06-20 10:20:15.537881,1953.8,295553.0,495937.0
2025-06-20 10:20:15.635758,1953.6,295553.0,495937.0
2025-06-20 10:20:16.446634,1953.8,295469.0,497077.0
2025-06-20 10:20:16.637459,1953.7,295469.0,497077.0
2025-06-20 10:20:17.440339,1953.7,296105.0,497033.0
2025-06-20 10:20:17.645616,1953.7,296105.0,497033.0
2025-06-20 10:20:18.346406,1953.8,295158.0,496921.0
2025-06-20 10:20:18.635682,1953.8,295158.0,496921.0
2025-06-20 10:20:19.241388,1953.6,297104.0,497461.0
2025-06-20 10:20:19.636937,1953.6,297104.0,497461.0
2025-06-20 10:20:20.243115,1953.8,297670.0,496464.0
2025-06-20 10:20:20.635209,1953.7,297670.0,496464.0
2025-06-20 10:20:21.242447,1953.7,297814.0,496272.0
2025-06-20 10:20:21.638022,1953.6,297814.0,496272.0
2025-06-20 10:20:22.143162,1953.6,297849.0,495915.0
2025-06-20 10:20:22.636085,1953.7,297849.0,495915.0
2025-06-20 10:20:23.143610,1953.6,297302.0,496893.0
2025-06-20 10:20:23.639416,1953.6,297302.0,496893.0
2025-06-20 10:20:24.045652,1953.8,297189.0,496568.0
2025-06-20 10:20:24.640478,1953.6,297189.0,496568.0
2025-06-20 10:20:25.144774,1953.6,297270.0,497275.0
2025-06-20 10:20:25.639467,1954.0,297270.0,497275.0
2025-06-20 10:20:26.146949,1954.0,296824.0,496851.0
2025-06-20 10:20:26.637519,1953.7,296824.0,496851.0
2025-06-20 10:20:27.147738,1953.9,297423.0,496990.0
2025-06-20 10:20:27.698318,1953.9,297423.0,496990.0
2025-06-20 10:20:28.236233,1953.9,296264.0,495550.0
2025-06-20 10:20:28.639077,1953.8,296264.0,495550.0
2025-06-20 10:20:29.149054,1953.8,298210.0,496686.0
2025-06-20 10:20:29.636411,1953.8,298210.0,496686.0
2025-06-20 10:20:30.050120,1953.9,295062.0,493230.0
2025-06-20 10:20:30.637829,1953.9,295062.0,493230.0
2025-06-20 10:20:31.053074,1953.8,294887.0,493537.0
2025-06-20 10:20:31.640989,1954.0,294887.0,493537.0
2025-06-20 10:20:32.052116,1953.8,294664.0,493122.0
2025-06-20 10:20:32.702205,1953.8,294664.0,493122.0
2025-06-20 10:20:32.957431,1953.9,293643.0,492560.0
2025-06-20 10:20:33.638828,1954.0,293643.0,492560.0
2025-06-20 10:20:33.970972,1953.8,294084.0,493137.0
2025-06-20 10:20:34.636890,1953.8,294084.0,493137.0
2025-06-20 10:20:34.961020,1953.9,294865.0,493319.0
2025-06-20 10:20:35.638049,1953.9,294865.0,493319.0
2025-06-20 10:20:35.965756,1954.0,294455.0,492816.0
2025-06-20 10:20:36.662032,1953.9,294455.0,492816.0
2025-06-20 10:20:36.965679,1954.0,294484.0,492880.0
2025-06-20 10:20:37.643686,1953.9,294484.0,492880.0
2025-06-20 10:20:37.963195,1954.0,294438.0,492713.0
2025-06-20 10:20:38.638778,1953.9,294438.0,492713.0
2025-06-20 10:20:38.975011,1954.0,293855.0,492708.0
2025-06-20 10:20:39.641496,1953.9,293855.0,492708.0
2025-06-20 10:20:39.966593,1954.1,294131.0,492534.0
2025-06-20 10:20:40.641251,1953.9,294131.0,492534.0
2025-06-20 10:20:40.970064,1954.1,296147.0,492267.0
2025-06-20 10:20:41.637367,1954.1,296147.0,492267.0
2025-06-20 10:20:42.065111,1954.0,296465.0,492494.0
2025-06-20 10:20:42.639948,1954.0,296465.0,492494.0
2025-06-20 10:20:43.062590,1954.0,296290.0,491820.0
2025-06-20 10:20:43.640528,1954.0,296290.0,491820.0
2025-06-20 10:20:44.063221,1954.3,295282.0,490453.0
2025-06-20 10:20:44.640893,1954.0,295282.0,490453.0
2025-06-20 10:20:45.062766,1954.0,283744.0,492224.0
2025-06-20 10:20:46.064094,1954.1,294455.0,493010.0
2025-06-20 10:20:46.639664,1954.3,294455.0,493010.0
2025-06-20 10:20:47.069501,1954.3,295529.0,492710.0
2025-06-20 10:20:47.640430,1954.0,295529.0,492710.0
2025-06-20 10:20:48.166861,1954.1,294718.0,492594.0
2025-06-20 10:20:48.639688,1954.2,294718.0,492594.0
2025-06-20 10:20:49.067933,1954.1,294596.0,492781.0
2025-06-20 10:20:49.693765,1954.2,294596.0,492781.0
2025-06-20 10:20:50.068069,1954.2,294276.0,493480.0
2025-06-20 10:20:50.672852,1954.2,294276.0,493480.0
2025-06-20 10:20:51.069662,1954.3,297436.0,493738.0
2025-06-20 10:20:51.639206,1954.2,297436.0,493738.0
2025-06-20 10:20:52.170271,1954.2,297429.0,496085.0
2025-06-20 10:20:52.640422,1954.3,297429.0,496085.0
2025-06-20 10:20:53.170277,1954.3,297783.0,493972.0
2025-06-20 10:20:53.648161,1954.1,297783.0,493972.0
2025-06-20 10:20:54.169910,1954.3,297956.0,495160.0
2025-06-20 10:20:54.639270,1954.1,297956.0,495160.0
2025-06-20 10:20:55.276737,1954.1,297871.0,496106.0
2025-06-20 10:20:55.642131,1954.1,297871.0,496106.0
2025-06-20 10:20:56.276229,1954.1,298764.0,496434.0
2025-06-20 10:20:56.638706,1954.1,298764.0,496434.0
2025-06-20 10:20:57.396309,1954.3,298962.0,496300.0
2025-06-20 10:20:57.642287,1954.1,298962.0,496300.0
2025-06-20 10:20:58.473348,1954.1,298387.0,496285.0
2025-06-20 10:20:58.639277,1954.3,298387.0,496285.0
2025-06-20 10:20:59.575599,1954.4,299725.0,492172.0
2025-06-20 10:20:59.646322,1954.4,299725.0,492172.0
2025-06-20 10:21:00.901309,1954.4,301944.0,492246.0
2025-06-20 10:21:01.641544,1954.4,301944.0,492246.0
2025-06-20 10:21:02.646335,1954.4,301944.0,492246.0
2025-06-20 10:21:03.644339,1954.6,301944.0,492246.0
2025-06-20 10:21:03.769774,1954.6,303069.0,493510.0
2025-06-20 10:21:04.651612,1954.5,303069.0,493510.0
2025-06-20 10:21:04.769947,1954.5,302649.0,493625.0
2025-06-20 10:21:05.642138,1954.6,302649.0,493625.0
2025-06-20 10:21:05.771648,1954.6,302616.0,493709.0
2025-06-20 10:21:06.638318,1954.8,302616.0,493709.0
2025-06-20 10:21:06.771808,1954.8,301053.0,492390.0
2025-06-20 10:21:07.667897,1954.5,301053.0,492390.0
2025-06-20 10:21:07.679036,1954.7,301298.0,493161.0
2025-06-20 10:21:08.640097,1954.8,301298.0,493161.0
2025-06-20 10:21:08.772124,1954.8,298201.0,491994.0
2025-06-20 10:21:09.640651,1954.9,298201.0,491994.0
2025-06-20 10:21:10.577002,1954.7,302174.0,491487.0
2025-06-20 10:21:10.640130,1954.7,302174.0,491487.0
2025-06-20 10:21:11.638971,1954.7,302174.0,491487.0
2025-06-20 10:21:12.576968,1954.8,300926.0,493174.0
2025-06-20 10:21:12.641046,1954.9,300926.0,493174.0
2025-06-20 10:21:13.491846,1954.8,300096.0,490142.0
2025-06-20 10:21:13.646690,1954.8,300096.0,490142.0
2025-06-20 10:21:14.647935,1954.9,300096.0,490142.0
2025-06-20 10:21:15.698475,1954.8,300096.0,490142.0
2025-06-20 10:21:16.647306,1954.8,300096.0,490142.0
2025-06-20 10:21:17.643112,1954.8,300096.0,490142.0
2025-06-20 10:21:18.642066,1955.3,300096.0,490142.0
2025-06-20 10:21:19.483995,1955.1,302270.0,476953.0
2025-06-20 10:21:19.642573,1955.1,302270.0,476953.0
2025-06-20 10:21:20.648056,1955.1,302270.0,476953.0
2025-06-20 10:21:21.641693,1955.4,302270.0,476953.0
2025-06-20 10:21:22.095250,1955.2,300319.0,476746.0
2025-06-20 10:21:22.642644,1955.5,300319.0,476746.0
2025-06-20 10:21:23.647073,1955.3,300319.0,476746.0
2025-06-20 10:21:24.641271,1955.5,300319.0,476746.0
2025-06-20 10:21:25.397867,1955.5,299743.0,475918.0
2025-06-20 10:21:25.645859,1955.8,299743.0,475918.0
2025-06-20 10:21:26.641087,1955.6,299743.0,475918.0
2025-06-20 10:21:26.988960,1955.8,298139.0,474928.0
2025-06-20 10:21:27.640439,1955.5,298139.0,474928.0
2025-06-20 10:21:28.647979,1955.4,298139.0,474928.0
2025-06-20 10:21:28.688808,1955.4,295049.0,476322.0
2025-06-20 10:21:29.645607,1955.4,295049.0,476322.0
2025-06-20 10:21:30.646048,1955.6,295049.0,476322.0
2025-06-20 10:21:30.905128,1955.6,295681.0,475840.0
2025-06-20 10:21:32.156946,1955.5,295681.0,475840.0
2025-06-20 10:21:32.202898,1955.6,296016.0,475560.0
2025-06-20 10:21:32.657577,1955.5,296016.0,475560.0
2025-06-20 10:21:33.113730,1955.7,295132.0,475656.0
2025-06-20 10:21:33.644436,1955.7,295132.0,475656.0
2025-06-20 10:21:34.639041,1955.9,295132.0,475656.0
2025-06-20 10:21:34.804162,1955.7,295929.0,474694.0
2025-06-20 10:21:35.640071,1955.9,295929.0,474694.0
2025-06-20 10:21:36.640409,1955.9,295929.0,474694.0
2025-06-20 10:21:37.297095,1955.9,296553.0,472694.0
2025-06-20 10:21:37.683967,1955.8,296553.0,472694.0
2025-06-20 10:21:38.491611,1955.8,296720.0,473676.0
2025-06-20 10:21:38.640524,1955.8,296720.0,473676.0
2025-06-20 10:21:39.405449,1955.8,295955.0,474367.0
2025-06-20 10:21:39.640059,1955.9,295955.0,474367.0
2025-06-20 10:21:40.640565,1955.8,295955.0,474367.0
2025-06-20 10:21:41.296714,1955.9,296062.0,474078.0
2025-06-20 10:21:41.640826,1955.9,296062.0,474078.0
2025-06-20 10:21:41.851282,1955.9,296062.0,474078.0
2025-06-20 10:21:42.203231,1955.9,296062.0,474078.0
2025-06-20 10:21:42.648194,1955.8,296062.0,474078.0
2025-06-20 10:21:42.803317,1955.8,296062.0,474078.0
2025-06-20 10:21:43.097030,1955.8,296062.0,474078.0
2025-06-20 10:21:43.197889,1956.2,296817.0,470041.0
2025-06-20 10:21:43.383699,1956.2,296817.0,470041.0
2025-06-20 10:21:43.648352,1956.3,296817.0,470041.0
2025-06-20 10:21:43.725290,1956.3,296817.0,470041.0
2025-06-20 10:21:44.198540,1956.3,298686.0,470352.0
2025-06-20 10:21:44.439748,1956.3,298686.0,470352.0
2025-06-20 10:21:44.643864,1956.2,298686.0,470352.0
2025-06-20 10:21:44.843288,1956.2,298686.0,470352.0
2025-06-20 10:21:45.315173,1956.4,296894.0,470728.0
2025-06-20 10:21:45.480692,1956.4,296894.0,470728.0
2025-06-20 10:21:45.703584,1956.6,296894.0,470728.0
2025-06-20 10:21:45.827976,1956.6,296894.0,470728.0
2025-06-20 10:21:46.542351,1956.8,294745.0,471408.0
2025-06-20 10:21:46.684722,1956.8,294745.0,471408.0
2025-06-20 10:21:46.838133,1956.8,294745.0,471408.0
2025-06-20 10:21:47.501170,1956.6,295923.0,471717.0
2025-06-20 10:21:47.646144,1956.6,295923.0,471717.0
2025-06-20 10:21:48.144813,1956.6,295923.0,471717.0
2025-06-20 10:21:48.605647,1956.7,294537.0,472182.0
2025-06-20 10:21:48.649489,1956.7,294537.0,472182.0
2025-06-20 10:21:49.116814,1956.7,294537.0,472182.0
2025-06-20 10:21:49.505212,1956.6,295909.0,471651.0
2025-06-20 10:21:49.689077,1956.6,295909.0,471651.0
2025-06-20 10:21:50.504138,1956.7,294812.0,474337.0
2025-06-20 10:21:50.657648,1956.5,294812.0,474337.0
2025-06-20 10:21:50.713356,1956.5,294812.0,474337.0
2025-06-20 10:21:51.504824,1956.5,295382.0,474470.0
2025-06-20 10:21:51.691860,1956.7,295382.0,474470.0
2025-06-20 10:21:51.986631,1956.7,295382.0,474470.0
2025-06-20 10:21:52.608752,1956.5,294762.0,474900.0
2025-06-20 10:21:52.696773,1956.5,294762.0,474900.0
2025-06-20 10:21:53.217675,1956.5,294762.0,474900.0
2025-06-20 10:21:53.640624,1956.5,294762.0,474900.0
2025-06-20 10:21:53.707357,1956.5,294519.0,474962.0
2025-06-20 10:21:54.647171,1956.6,294519.0,474962.0
2025-06-20 10:21:54.706151,1956.6,295109.0,474909.0
2025-06-20 10:21:54.820976,1956.6,295109.0,474909.0
2025-06-20 10:21:55.659403,1956.7,295109.0,474909.0
2025-06-20 10:21:55.806544,1956.4,291559.0,475792.0
2025-06-20 10:21:56.653843,1956.4,291559.0,475792.0
2025-06-20 10:21:57.024307,1956.4,296939.0,474279.0
2025-06-20 10:21:57.647542,1956.4,296939.0,474279.0
2025-06-20 10:21:58.024990,1956.5,296467.0,473499.0
2025-06-20 10:21:58.643264,1956.4,296467.0,473499.0
2025-06-20 10:21:59.009833,1956.4,297535.0,474412.0
2025-06-20 10:21:59.653677,1956.4,297535.0,474412.0
2025-06-20 10:22:00.127344,1956.5,296092.0,475251.0
2025-06-20 10:22:01.609620,1956.7,294630.0,474611.0
2025-06-20 10:22:01.658595,1956.7,294630.0,474611.0
2025-06-20 10:22:02.612445,1956.7,294256.0,474778.0
2025-06-20 10:22:02.680866,1956.7,294256.0,474778.0
2025-06-20 10:22:03.643871,1956.6,294256.0,474778.0
2025-06-20 10:22:03.710982,1956.6,294496.0,475064.0
2025-06-20 10:22:04.640448,1956.6,294496.0,475064.0
2025-06-20 10:22:04.810286,1956.6,294567.0,475039.0
2025-06-20 10:22:05.710233,1956.6,294567.0,475039.0
2025-06-20 10:22:05.823005,1956.7,295892.0,475575.0
2025-06-20 10:22:06.646598,1956.7,295892.0,475575.0
2025-06-20 10:22:06.711905,1956.7,294643.0,475731.0
2025-06-20 10:22:07.988848,1956.6,294643.0,475731.0
2025-06-20 10:22:08.026228,1956.7,294723.0,474377.0
2025-06-20 10:22:08.686472,1956.6,294723.0,474377.0
2025-06-20 10:22:08.937936,1956.7,294199.0,474146.0
2025-06-20 10:22:09.647798,1956.7,294199.0,474146.0
2025-06-20 10:22:10.016580,1956.7,294814.0,474246.0
2025-06-20 10:22:10.738556,1956.7,294814.0,474246.0
2025-06-20 10:22:11.512705,1956.7,293843.0,474329.0
2025-06-20 10:22:11.692486,1956.7,293843.0,474329.0
2025-06-20 10:22:12.113357,1956.6,295224.0,474277.0
2025-06-20 10:22:12.647193,1956.6,295224.0,474277.0
2025-06-20 10:22:13.116056,1956.7,295258.0,473785.0
2025-06-20 10:22:13.694382,1956.6,295258.0,473785.0
2025-06-20 10:22:14.218517,1956.7,295350.0,473999.0
2025-06-20 10:22:14.654550,1956.5,295350.0,473999.0
2025-06-20 10:22:15.319402,1956.5,295052.0,475051.0
2025-06-20 10:22:15.646125,1956.6,295052.0,475051.0
2025-06-20 10:22:16.448432,1956.7,295421.0,474300.0
2025-06-20 10:22:16.649341,1956.5,295421.0,474300.0
2025-06-20 10:22:17.432973,1956.5,294525.0,474861.0
2025-06-20 10:22:17.648559,1956.6,294525.0,474861.0
2025-06-20 10:22:18.324997,1956.4,294728.0,475484.0
2025-06-20 10:22:18.684042,1956.4,294728.0,475484.0
2025-06-20 10:22:19.429861,1956.5,295126.0,475125.0
2025-06-20 10:22:19.646035,1956.5,295126.0,475125.0
2025-06-20 10:22:20.519463,1956.5,295069.0,475545.0
2025-06-20 10:22:20.646380,1956.5,295069.0,475545.0
2025-06-20 10:22:21.621170,1956.5,295130.0,475891.0
2025-06-20 10:22:21.649849,1956.5,295130.0,475891.0
2025-06-20 10:22:22.668661,1956.6,295130.0,475891.0
2025-06-20 10:22:22.722097,1956.6,296438.0,475595.0
2025-06-20 10:22:23.648558,1956.6,296438.0,475595.0
2025-06-20 10:22:23.727311,1956.5,296821.0,474566.0
2025-06-20 10:22:24.651310,1956.5,296821.0,474566.0
2025-06-20 10:22:24.725749,1956.5,298757.0,473684.0
2025-06-20 10:22:25.648140,1956.4,298757.0,473684.0
2025-06-20 10:22:25.737326,1956.6,298124.0,476024.0
2025-06-20 10:22:26.646955,1956.5,298124.0,476024.0
2025-06-20 10:22:26.727428,1956.6,298491.0,475586.0
2025-06-20 10:22:27.644756,1956.3,298491.0,475586.0
2025-06-20 10:22:27.826483,1956.6,299439.0,475402.0
2025-06-20 10:22:28.651929,1956.4,299439.0,475402.0
2025-06-20 10:22:28.951694,1956.6,299912.0,476622.0
2025-06-20 10:22:29.681850,1956.4,299912.0,476622.0
2025-06-20 10:22:30.039555,1956.4,299871.0,476674.0
2025-06-20 10:22:31.046441,1956.5,299871.0,476674.0
2025-06-20 10:22:31.181240,1956.4,301394.0,474929.0
2025-06-20 10:22:31.654403,1956.3,301394.0,474929.0
2025-06-20 10:22:32.130897,1956.3,300619.0,476322.0
2025-06-20 10:22:32.658466,1956.3,300619.0,476322.0
2025-06-20 10:22:33.128895,1956.5,301546.0,476844.0
2025-06-20 10:22:33.654265,1956.4,301546.0,476844.0
2025-06-20 10:22:34.230463,1956.6,300356.0,476064.0
2025-06-20 10:22:34.713853,1956.5,300356.0,476064.0
2025-06-20 10:22:35.332347,1956.4,300799.0,476898.0
2025-06-20 10:22:35.647571,1956.5,300799.0,476898.0
2025-06-20 10:22:36.443974,1956.5,300720.0,476940.0
2025-06-20 10:22:36.646830,1956.5,300720.0,476940.0
2025-06-20 10:22:37.439793,1956.5,300394.0,477162.0
2025-06-20 10:22:37.651200,1956.4,300394.0,477162.0
2025-06-20 10:22:38.531580,1956.4,300257.0,477833.0
2025-06-20 10:22:38.654189,1956.4,300257.0,477833.0
2025-06-20 10:22:39.584089,1956.4,300370.0,477334.0
2025-06-20 10:22:39.653859,1956.4,300370.0,477334.0
2025-06-20 10:22:40.627086,1956.5,300208.0,477432.0
2025-06-20 10:22:40.713400,1956.5,300208.0,477432.0
2025-06-20 10:22:41.636745,1956.4,300594.0,475634.0
2025-06-20 10:22:41.653844,1956.4,300594.0,475634.0
2025-06-20 10:22:42.693285,1956.5,300594.0,475634.0
2025-06-20 10:22:42.744230,1956.5,300624.0,477602.0
2025-06-20 10:22:43.656345,1956.4,300624.0,477602.0
2025-06-20 10:22:43.840745,1956.4,300562.0,477652.0
2025-06-20 10:22:44.657324,1956.5,300562.0,477652.0
2025-06-20 10:22:44.839875,1956.4,300354.0,477443.0
2025-06-20 10:22:45.648558,1956.3,300354.0,477443.0
2025-06-20 10:22:45.946307,1956.4,300363.0,480753.0
2025-06-20 10:22:46.651357,1956.4,300363.0,480753.0
2025-06-20 10:22:47.038388,1956.4,300398.0,479279.0
2025-06-20 10:22:47.653240,1956.4,300398.0,479279.0
2025-06-20 10:22:47.949755,1956.5,300094.0,480795.0
2025-06-20 10:22:48.653089,1956.5,300094.0,480795.0
2025-06-20 10:22:49.139672,1956.4,300446.0,478024.0
2025-06-20 10:22:49.650722,1956.4,300446.0,478024.0
2025-06-20 10:22:50.245482,1956.5,300515.0,480271.0
2025-06-20 10:22:50.647217,1956.4,300515.0,480271.0
2025-06-20 10:22:51.240748,1956.4,301051.0,478695.0
2025-06-20 10:22:51.646878,1956.6,301051.0,478695.0
2025-06-20 10:22:52.240747,1956.4,302421.0,479294.0
2025-06-20 10:22:52.649229,1956.4,302421.0,479294.0
2025-06-20 10:22:53.241782,1956.4,302492.0,479280.0
2025-06-20 10:22:53.652210,1956.6,302492.0,479280.0
2025-06-20 10:22:54.142752,1956.9,302071.0,476564.0
2025-06-20 10:22:54.649836,1956.6,302071.0,476564.0
2025-06-20 10:22:55.242053,1956.3,301272.0,477741.0
2025-06-20 10:22:55.650479,1956.4,301272.0,477741.0
2025-06-20 10:22:56.341806,1956.6,301013.0,479248.0
2025-06-20 10:22:56.650283,1956.6,301013.0,479248.0
2025-06-20 10:22:57.346872,1956.5,298805.0,479002.0
2025-06-20 10:22:57.651069,1956.7,298805.0,479002.0
2025-06-20 10:22:58.344984,1956.7,303535.0,479005.0
2025-06-20 10:22:58.671904,1956.6,303535.0,479005.0
2025-06-20 10:22:59.347255,1956.7,304347.0,480037.0
2025-06-20 10:22:59.649252,1956.7,304347.0,480037.0
2025-06-20 10:23:00.650339,1956.7,304347.0,480037.0
2025-06-20 10:23:01.063789,1956.8,304625.0,479441.0
2025-06-20 10:23:01.650351,1957.3,304625.0,479441.0
2025-06-20 10:23:02.043715,1957.3,304114.0,473732.0
2025-06-20 10:23:02.981590,1957.7,302209.0,470921.0
2025-06-20 10:23:03.703775,1957.7,302209.0,470921.0
2025-06-20 10:23:03.950992,1957.8,302134.0,473038.0
2025-06-20 10:23:04.654430,1957.8,302134.0,473038.0
2025-06-20 10:23:04.951215,1957.6,302369.0,472897.0
2025-06-20 10:23:05.651192,1957.8,302369.0,472897.0
2025-06-20 10:23:05.848788,1957.7,302415.0,474592.0
2025-06-20 10:23:06.655792,1957.7,302415.0,474592.0
2025-06-20 10:23:06.860864,1957.8,300759.0,474617.0
2025-06-20 10:23:07.650187,1957.7,300759.0,474617.0
2025-06-20 10:23:07.749125,1957.6,299030.0,476457.0
2025-06-20 10:23:08.651783,1957.6,299030.0,476457.0
2025-06-20 10:23:08.752805,1957.6,300232.0,476554.0
2025-06-20 10:23:09.700795,1957.6,300232.0,476554.0
2025-06-20 10:23:09.708993,1957.6,300664.0,476288.0
2025-06-20 10:23:10.550171,1957.7,301617.0,475292.0
2025-06-20 10:23:10.650645,1957.8,301617.0,475292.0
2025-06-20 10:23:11.456726,1957.7,300116.0,475736.0
2025-06-20 10:23:11.732505,1957.7,300116.0,475736.0
2025-06-20 10:23:12.551941,1957.1,300439.0,475930.0
2025-06-20 10:23:12.656008,1957.1,300439.0,475930.0
2025-06-20 10:23:13.551211,1957.5,301258.0,475695.0
2025-06-20 10:23:13.650813,1957.6,301258.0,475695.0
2025-06-20 10:23:14.552025,1957.6,300516.0,475981.0
2025-06-20 10:23:14.652050,1957.6,300516.0,475981.0
2025-06-20 10:23:15.551532,1957.5,298300.0,475962.0
2025-06-20 10:23:15.660173,1957.5,298300.0,475962.0
2025-06-20 10:23:16.553578,1957.5,300692.0,474415.0
2025-06-20 10:23:17.458685,1957.6,301152.0,475481.0
2025-06-20 10:23:17.650791,1957.6,301152.0,475481.0
2025-06-20 10:23:18.454737,1957.8,300893.0,475215.0
2025-06-20 10:23:18.707970,1957.8,300893.0,475215.0
2025-06-20 10:23:19.482532,1957.6,301153.0,475830.0
2025-06-20 10:23:19.662193,1957.7,301153.0,475830.0
2025-06-20 10:23:20.455589,1957.7,300403.0,475874.0
2025-06-20 10:23:20.653142,1957.7,300403.0,475874.0
2025-06-20 10:23:21.358896,1957.9,298287.0,475950.0
2025-06-20 10:23:21.655069,1957.9,298287.0,475950.0
2025-06-20 10:23:22.361193,1957.6,296157.0,476968.0
2025-06-20 10:23:22.650927,1957.6,296157.0,476968.0
2025-06-20 10:23:23.363279,1957.9,297003.0,476142.0
2025-06-20 10:23:23.651168,1957.9,297003.0,476142.0
2025-06-20 10:23:24.365429,1957.5,297903.0,477081.0
2025-06-20 10:23:24.652415,1957.5,297903.0,477081.0
2025-06-20 10:23:25.368027,1957.5,298288.0,476579.0
2025-06-20 10:23:25.657184,1957.6,298288.0,476579.0
2025-06-20 10:23:26.260299,1957.5,296891.0,476472.0
2025-06-20 10:23:26.652460,1957.5,296891.0,476472.0
2025-06-20 10:23:27.259527,1957.7,299185.0,476822.0
2025-06-20 10:23:27.650352,1957.6,299185.0,476822.0
2025-06-20 10:23:28.297472,1957.6,298940.0,476578.0
2025-06-20 10:23:28.670565,1957.9,298940.0,476578.0
2025-06-20 10:23:29.170559,1957.9,297001.0,476346.0
2025-06-20 10:23:29.652590,1957.7,297001.0,476346.0
2025-06-20 10:23:30.172429,1957.7,299287.0,477649.0
2025-06-20 10:23:30.651911,1957.7,299287.0,477649.0
2025-06-20 10:23:31.170965,1957.9,299378.0,478761.0
2025-06-20 10:23:31.659735,1957.8,299378.0,478761.0
2025-06-20 10:23:32.177390,1957.6,297550.0,478484.0
2025-06-20 10:23:32.654177,1957.9,297550.0,478484.0
2025-06-20 10:23:33.168981,1957.8,296240.0,480252.0
2025-06-20 10:23:33.652384,1957.6,296240.0,480252.0
2025-06-20 10:23:34.167452,1957.6,296236.0,480574.0
2025-06-20 10:23:34.658949,1957.6,296236.0,480574.0
2025-06-20 10:23:35.065840,1957.7,295411.0,480838.0
2025-06-20 10:23:35.657565,1957.5,295411.0,480838.0
2025-06-20 10:23:35.977801,1957.5,294131.0,481418.0
2025-06-20 10:23:36.655135,1957.2,294131.0,481418.0
2025-06-20 10:23:37.070142,1957.1,295503.0,484965.0
2025-06-20 10:23:37.652248,1956.9,295503.0,484965.0
2025-06-20 10:23:38.072419,1956.6,292963.0,487591.0
2025-06-20 10:23:38.654534,1956.5,292963.0,487591.0
2025-06-20 10:23:39.070610,1956.5,295742.0,487457.0
2025-06-20 10:23:39.650598,1956.5,295742.0,487457.0
2025-06-20 10:23:40.073165,1956.4,295870.0,487690.0
2025-06-20 10:23:40.724462,1956.2,295870.0,487690.0
2025-06-20 10:23:41.652889,1956.2,295870.0,487690.0
2025-06-20 10:23:41.988135,1956.5,296769.0,487732.0
2025-06-20 10:23:42.654662,1956.2,296769.0,487732.0
2025-06-20 10:23:43.129254,1956.3,296549.0,488737.0
2025-06-20 10:23:43.655012,1956.3,296549.0,488737.0
2025-06-20 10:23:43.997548,1956.4,295904.0,488398.0
2025-06-20 10:23:44.658865,1956.2,295904.0,488398.0
2025-06-20 10:23:44.888255,1956.2,297139.0,488410.0
2025-06-20 10:23:45.668859,1956.2,297139.0,488410.0
2025-06-20 10:23:45.775769,1956.0,288213.0,490302.0
2025-06-20 10:23:46.660519,1956.2,288213.0,490302.0
2025-06-20 10:23:46.774873,1956.0,291762.0,490293.0
2025-06-20 10:23:47.653427,1956.3,291762.0,490293.0
2025-06-20 10:23:47.686219,1956.3,294380.0,489493.0
2025-06-20 10:23:48.576353,1956.2,294571.0,489736.0
2025-06-20 10:23:48.664067,1956.1,294571.0,489736.0
2025-06-20 10:23:49.576275,1956.2,292805.0,489899.0
2025-06-20 10:23:49.653932,1956.2,292805.0,489899.0
2025-06-20 10:23:50.575836,1956.0,295175.0,489348.0
2025-06-20 10:23:50.657242,1956.0,295175.0,489348.0
2025-06-20 10:23:51.576407,1956.1,296298.0,489160.0
2025-06-20 10:23:51.654984,1956.1,296298.0,489160.0
2025-06-20 10:23:52.577710,1956.0,299054.0,489202.0
2025-06-20 10:23:52.652230,1956.0,299054.0,489202.0
2025-06-20 10:23:53.576255,1956.0,298968.0,489343.0
2025-06-20 10:23:53.654422,1956.0,298968.0,489343.0
2025-06-20 10:23:54.577054,1956.0,294659.0,490780.0
2025-06-20 10:23:54.656569,1956.0,294659.0,490780.0
2025-06-20 10:23:55.491785,1956.0,295314.0,489742.0
2025-06-20 10:23:55.656393,1956.0,295314.0,489742.0
2025-06-20 10:23:56.578464,1956.2,295121.0,491045.0
2025-06-20 10:23:56.656398,1956.0,295121.0,491045.0
2025-06-20 10:23:57.480947,1955.9,297188.0,491424.0
2025-06-20 10:23:57.654356,1955.9,297188.0,491424.0
2025-06-20 10:23:58.480700,1955.9,297210.0,491693.0
2025-06-20 10:23:58.655445,1955.9,297210.0,491693.0
2025-06-20 10:23:59.399617,1956.3,296513.0,487773.0
2025-06-20 10:23:59.655454,1956.3,296513.0,487773.0
2025-06-20 10:24:00.296664,1955.9,299990.0,490173.0
2025-06-20 10:24:00.659670,1955.8,299990.0,490173.0
2025-06-20 10:24:01.656282,1955.8,299990.0,490173.0
2025-06-20 10:24:01.708254,1955.8,299560.0,491160.0
2025-06-20 10:24:02.654647,1955.8,299560.0,491160.0
2025-06-20 10:24:02.696002,1955.8,299901.0,490387.0
2025-06-20 10:24:03.652651,1955.8,299901.0,490387.0
2025-06-20 10:24:03.788139,1955.8,300080.0,491625.0
2025-06-20 10:24:04.656016,1955.8,300080.0,491625.0
2025-06-20 10:24:04.898115,1956.0,299068.0,491562.0
2025-06-20 10:24:05.659422,1955.8,299068.0,491562.0
2025-06-20 10:24:06.049082,1955.8,298911.0,490559.0
2025-06-20 10:24:06.656102,1956.1,298911.0,490559.0
2025-06-20 10:24:07.184629,1956.1,296163.0,490414.0
2025-06-20 10:24:07.700817,1956.3,296163.0,490414.0
2025-06-20 10:24:08.188157,1956.2,297934.0,490489.0
2025-06-20 10:24:08.654165,1956.2,297934.0,490489.0
2025-06-20 10:24:09.249341,1956.2,298222.0,490247.0
2025-06-20 10:24:09.760049,1956.2,298222.0,490247.0
2025-06-20 10:24:10.190421,1956.2,298289.0,492366.0
2025-06-20 10:24:10.921435,1956.2,298289.0,492366.0
2025-06-20 10:24:11.302314,1956.2,298383.0,490747.0
2025-06-20 10:24:11.654906,1956.3,298383.0,490747.0
2025-06-20 10:24:12.373102,1956.3,297065.0,492993.0
2025-06-20 10:24:12.734183,1955.8,297065.0,492993.0
2025-06-20 10:24:13.428079,1955.9,295049.0,493799.0
2025-06-20 10:24:14.056654,1955.9,295049.0,493799.0
2025-06-20 10:24:14.630660,1955.8,297167.0,493253.0
2025-06-20 10:24:14.676872,1955.9,297167.0,493253.0
2025-06-20 10:24:15.514631,1956.2,294952.0,495410.0
2025-06-20 10:24:15.652901,1956.0,294952.0,495410.0
2025-06-20 10:24:16.594126,1956.2,295169.0,494559.0
2025-06-20 10:24:16.724372,1956.2,295169.0,494559.0
2025-06-20 10:24:17.658286,1956.1,295169.0,494559.0
2025-06-20 10:24:17.711523,1956.1,295161.0,494724.0
2025-06-20 10:24:18.695154,1956.1,295161.0,494724.0
2025-06-20 10:24:18.797948,1956.1,295109.0,494863.0
2025-06-20 10:24:19.652169,1956.0,295109.0,494863.0
2025-06-20 10:24:19.908706,1956.0,296430.0,494632.0
2025-06-20 10:24:20.658892,1956.0,296430.0,494632.0
2025-06-20 10:24:20.934389,1956.1,296379.0,494850.0
2025-06-20 10:24:21.654716,1956.1,296379.0,494850.0
2025-06-20 10:24:21.999816,1956.1,294785.0,494079.0
2025-06-20 10:24:22.653675,1956.1,294785.0,494079.0
2025-06-20 10:24:23.100769,1956.1,294864.0,494151.0
2025-06-20 10:24:23.661413,1956.1,294864.0,494151.0
2025-06-20 10:24:24.202703,1956.1,294734.0,494711.0
2025-06-20 10:24:24.662763,1956.2,294734.0,494711.0
2025-06-20 10:24:25.310059,1956.1,293770.0,495144.0
2025-06-20 10:24:25.660244,1956.1,293770.0,495144.0
2025-06-20 10:24:26.201368,1956.0,293877.0,493437.0
2025-06-20 10:24:26.653573,1956.1,293877.0,493437.0
2025-06-20 10:24:27.307592,1955.9,293464.0,495787.0
2025-06-20 10:24:27.652563,1956.0,293464.0,495787.0
2025-06-20 10:24:28.476654,1955.8,294359.0,496646.0
2025-06-20 10:24:28.657270,1955.8,294359.0,496646.0
2025-06-20 10:24:29.501638,1955.9,294682.0,494495.0
2025-06-20 10:24:29.652627,1955.9,294682.0,494495.0
2025-06-20 10:24:30.603540,1955.9,294416.0,496357.0
2025-06-20 10:24:30.653739,1955.9,294416.0,496357.0
2025-06-20 10:24:31.656088,1955.8,294416.0,496357.0
2025-06-20 10:24:31.711834,1955.8,293813.0,497494.0
2025-06-20 10:24:32.713428,1955.8,292463.0,497733.0
2025-06-20 10:24:33.653591,1955.8,292463.0,497733.0
2025-06-20 10:24:33.803841,1955.8,293669.0,497645.0
2025-06-20 10:24:34.658529,1955.9,293669.0,497645.0
2025-06-20 10:24:34.931944,1955.8,294314.0,497977.0
2025-06-20 10:24:35.653555,1955.7,294314.0,497977.0
2025-06-20 10:24:36.006038,1955.4,292015.0,498867.0
2025-06-20 10:24:36.655852,1955.4,292015.0,498867.0
2025-06-20 10:24:37.106511,1955.4,293045.0,498221.0
2025-06-20 10:24:37.653954,1955.4,293045.0,498221.0
2025-06-20 10:24:38.208198,1955.5,293046.0,499134.0
2025-06-20 10:24:38.656028,1955.5,293046.0,499134.0
2025-06-20 10:24:39.308379,1955.3,292511.0,498947.0
2025-06-20 10:24:39.653979,1955.5,292511.0,498947.0
2025-06-20 10:24:40.422635,1955.3,292691.0,499334.0
2025-06-20 10:24:40.659493,1955.3,292691.0,499334.0
2025-06-20 10:24:41.520595,1955.3,292808.0,498303.0
2025-06-20 10:24:41.658849,1955.3,292808.0,498303.0
2025-06-20 10:24:42.297521,1955.3,292808.0,498303.0
2025-06-20 10:24:42.610030,1955.3,292146.0,501780.0
2025-06-20 10:24:42.654859,1955.3,292146.0,501780.0
2025-06-20 10:24:42.657081,1955.3,292146.0,501780.0
2025-06-20 10:24:42.961686,1955.3,292146.0,501780.0
2025-06-20 10:24:43.504782,1955.3,292146.0,501780.0
2025-06-20 10:24:43.531746,1955.4,292658.0,501377.0
2025-06-20 10:24:43.654613,1955.2,292658.0,501377.0
2025-06-20 10:24:43.787427,1955.2,292658.0,501377.0
2025-06-20 10:24:44.038931,1955.2,292658.0,501377.0
2025-06-20 10:24:44.609625,1955.2,291215.0,501448.0
2025-06-20 10:24:44.697429,1955.3,291215.0,501448.0
2025-06-20 10:24:45.088736,1955.3,291215.0,501448.0
2025-06-20 10:24:45.655944,1955.3,291215.0,501448.0
2025-06-20 10:24:45.718860,1955.3,291446.0,501031.0
2025-06-20 10:24:46.103190,1955.3,291446.0,501031.0
2025-06-20 10:24:46.653048,1955.4,291446.0,501031.0
2025-06-20 10:24:46.810500,1955.3,292038.0,498714.0
2025-06-20 10:24:47.692744,1955.3,292038.0,498714.0
2025-06-20 10:24:47.701241,1955.2,292038.0,498714.0
2025-06-20 10:24:47.939511,1955.2,292293.0,499453.0
2025-06-20 10:24:48.656069,1955.3,292293.0,499453.0
2025-06-20 10:24:48.819391,1955.3,292293.0,499453.0
2025-06-20 10:24:49.010454,1955.3,291989.0,498477.0
2025-06-20 10:24:49.654314,1955.2,291989.0,498477.0
2025-06-20 10:24:49.796695,1955.2,291989.0,498477.0
2025-06-20 10:24:49.925505,1955.3,292202.0,499633.0
2025-06-20 10:24:50.655960,1955.2,292202.0,499633.0
2025-06-20 10:24:51.014064,1955.2,295747.0,498175.0
2025-06-20 10:24:51.301764,1955.2,295747.0,498175.0
2025-06-20 10:24:51.654367,1955.3,295747.0,498175.0
2025-06-20 10:24:52.111791,1955.2,297542.0,499732.0
2025-06-20 10:24:52.578229,1955.2,297542.0,499732.0
2025-06-20 10:24:52.686719,1955.2,297542.0,499732.0
2025-06-20 10:24:53.213806,1955.2,297293.0,499609.0
2025-06-20 10:24:53.660325,1955.2,297293.0,499609.0
2025-06-20 10:24:53.836761,1955.2,297293.0,499609.0
2025-06-20 10:24:54.314511,1955.2,295032.0,500289.0
2025-06-20 10:24:54.656210,1955.2,295032.0,500289.0
2025-06-20 10:24:55.470782,1955.2,295032.0,500289.0
2025-06-20 10:24:55.477989,1955.2,296195.0,500054.0
2025-06-20 10:24:55.667979,1955.2,296195.0,500054.0
2025-06-20 10:24:56.514395,1955.1,297479.0,503304.0
2025-06-20 10:24:56.653146,1955.3,297479.0,503304.0
2025-06-20 10:24:57.615157,1955.3,299504.0,502705.0
2025-06-20 10:24:57.655102,1955.3,299504.0,502705.0
2025-06-20 10:24:58.654976,1955.0,299504.0,502705.0
2025-06-20 10:24:58.716972,1955.2,299793.0,502827.0
2025-06-20 10:24:59.654207,1955.1,299793.0,502827.0
2025-06-20 10:24:59.816620,1955.0,299877.0,501790.0
2025-06-20 10:25:00.655932,1955.1,299877.0,501790.0
2025-06-20 10:25:00.928252,1955.2,300009.0,502231.0
2025-06-20 10:25:01.658719,1955.2,300009.0,502231.0
2025-06-20 10:25:01.933257,1955.2,302061.0,502107.0
2025-06-20 10:25:02.653499,1955.2,302061.0,502107.0
2025-06-20 10:25:03.018885,1955.2,300870.0,504446.0
2025-06-20 10:25:03.655078,1955.3,300870.0,504446.0
2025-06-20 10:25:04.121192,1955.2,301492.0,504113.0
2025-06-20 10:25:04.655585,1955.2,301492.0,504113.0
2025-06-20 10:25:05.654359,1955.2,301492.0,504113.0
2025-06-20 10:25:05.821792,1955.2,300854.0,504109.0
2025-06-20 10:25:06.656201,1955.2,300854.0,504109.0
2025-06-20 10:25:06.739180,1955.2,301224.0,504858.0
2025-06-20 10:25:07.655377,1955.2,301224.0,504858.0
2025-06-20 10:25:07.823974,1955.2,301189.0,503144.0
2025-06-20 10:25:08.659981,1955.2,301189.0,503144.0
2025-06-20 10:25:09.003163,1955.3,301283.0,502721.0
2025-06-20 10:25:09.695393,1955.2,301283.0,502721.0
2025-06-20 10:25:09.939213,1955.2,301122.0,504756.0
2025-06-20 10:25:10.663686,1955.2,301122.0,504756.0
2025-06-20 10:25:10.960219,1955.2,301235.0,504984.0
2025-06-20 10:25:11.656035,1955.3,301235.0,504984.0
2025-06-20 10:25:11.939044,1955.3,301186.0,504868.0
2025-06-20 10:25:12.659451,1955.2,301186.0,504868.0
2025-06-20 10:25:12.964064,1955.3,302339.0,503993.0
2025-06-20 10:25:13.654067,1955.4,302339.0,503993.0
2025-06-20 10:25:14.027786,1955.4,302513.0,503916.0
2025-06-20 10:25:14.656289,1955.2,302513.0,503916.0
2025-06-20 10:25:15.027753,1955.3,302680.0,503857.0
2025-06-20 10:25:15.660566,1955.3,302680.0,503857.0
2025-06-20 10:25:16.026912,1955.3,302028.0,504227.0
2025-06-20 10:25:16.657649,1955.2,302028.0,504227.0
2025-06-20 10:25:17.031375,1955.3,300688.0,505149.0
2025-06-20 10:25:17.656180,1955.3,300688.0,505149.0
2025-06-20 10:25:18.128432,1955.4,300276.0,503924.0
2025-06-20 10:25:18.656770,1955.4,300276.0,503924.0
2025-06-20 10:25:19.307099,1955.5,300119.0,504347.0
2025-06-20 10:25:20.347920,1955.5,300119.0,504347.0
2025-06-20 10:25:20.362620,1955.4,301412.0,504397.0
2025-06-20 10:25:20.699572,1955.5,301412.0,504397.0
2025-06-20 10:25:21.652940,1955.5,301412.0,504397.0
2025-06-20 10:25:21.957533,1955.6,303330.0,502173.0
2025-06-20 10:25:22.655040,1955.7,303330.0,502173.0
2025-06-20 10:25:23.031624,1955.7,302951.0,503443.0
2025-06-20 10:25:23.662343,1955.7,302951.0,503443.0
2025-06-20 10:25:24.239377,1955.6,303542.0,503625.0
2025-06-20 10:25:24.658866,1955.6,303542.0,503625.0
2025-06-20 10:25:25.139122,1955.8,306563.0,498829.0
2025-06-20 10:25:25.658593,1955.7,306563.0,498829.0
2025-06-20 10:25:26.134685,1955.8,306415.0,502132.0
2025-06-20 10:25:26.777850,1955.8,306415.0,502132.0
2025-06-20 10:25:27.287798,1955.8,303982.0,503560.0
2025-06-20 10:25:27.704775,1955.8,303982.0,503560.0
2025-06-20 10:25:28.333567,1955.8,303760.0,503674.0
2025-06-20 10:25:28.655707,1955.8,303760.0,503674.0
2025-06-20 10:25:29.448322,1955.8,303425.0,503701.0
2025-06-20 10:25:29.654704,1956.0,303425.0,503701.0
2025-06-20 10:25:30.535150,1955.8,298942.0,506952.0
2025-06-20 10:25:30.654972,1955.8,298942.0,506952.0
2025-06-20 10:25:31.536068,1956.0,301623.0,505962.0
2025-06-20 10:25:31.662283,1956.0,301623.0,505962.0
2025-06-20 10:25:32.641398,1956.0,304620.0,504430.0
2025-06-20 10:25:33.640607,1955.8,303992.0,505999.0
2025-06-20 10:25:33.659445,1955.9,303992.0,505999.0
2025-06-20 10:25:34.655268,1955.8,303992.0,505999.0
2025-06-20 10:25:34.743731,1955.8,302783.0,506793.0
2025-06-20 10:25:35.659106,1955.8,302783.0,506793.0
2025-06-20 10:25:35.741887,1955.8,303471.0,507027.0
2025-06-20 10:25:36.654542,1955.8,303471.0,507027.0
2025-06-20 10:25:36.840363,1955.8,303709.0,506962.0
2025-06-20 10:25:37.655777,1955.9,303709.0,506962.0
2025-06-20 10:25:37.844636,1955.9,303276.0,506829.0
2025-06-20 10:25:38.653332,1955.8,303276.0,506829.0
2025-06-20 10:25:38.951874,1955.8,303183.0,507001.0
2025-06-20 10:25:39.655356,1955.8,303183.0,507001.0
2025-06-20 10:25:40.042639,1955.8,300514.0,507981.0
2025-06-20 10:25:40.662729,1955.8,300514.0,507981.0
2025-06-20 10:25:41.190913,1955.8,303529.0,507970.0
2025-06-20 10:25:41.654912,1955.8,303529.0,507970.0
2025-06-20 10:25:42.244102,1955.9,303570.0,508055.0
2025-06-20 10:25:42.686870,1955.7,303570.0,508055.0
2025-06-20 10:25:43.732354,1955.9,303570.0,508055.0
2025-06-20 10:25:43.820199,1955.8,300747.0,507325.0
2025-06-20 10:25:44.659766,1955.8,300747.0,507325.0
2025-06-20 10:25:44.957752,1955.8,301546.0,507713.0
2025-06-20 10:25:45.655947,1955.8,301546.0,507713.0
2025-06-20 10:25:46.048560,1955.9,302493.0,507099.0
2025-06-20 10:25:46.657263,1956.0,302493.0,507099.0
2025-06-20 10:25:47.152351,1956.0,303544.0,507108.0
2025-06-20 10:25:47.659315,1956.0,303544.0,507108.0
2025-06-20 10:25:48.250888,1956.0,303527.0,507230.0
2025-06-20 10:25:48.660597,1955.9,303527.0,507230.0
2025-06-20 10:25:49.359516,1955.8,303388.0,507689.0
2025-06-20 10:25:49.657521,1955.9,303388.0,507689.0
2025-06-20 10:25:50.353689,1955.8,303567.0,506887.0
2025-06-20 10:25:50.660834,1955.9,303567.0,506887.0
2025-06-20 10:25:51.352137,1955.9,303937.0,505796.0
2025-06-20 10:25:51.658307,1955.9,303937.0,505796.0
2025-06-20 10:25:52.459721,1956.2,303433.0,503557.0
2025-06-20 10:25:52.658877,1956.3,303433.0,503557.0
2025-06-20 10:25:53.552787,1956.1,304897.0,504512.0
2025-06-20 10:25:53.657959,1956.2,304897.0,504512.0
2025-06-20 10:25:54.653711,1956.1,304631.0,504314.0
2025-06-20 10:25:54.661509,1956.1,304631.0,504314.0
2025-06-20 10:25:55.659173,1956.1,304941.0,504480.0
2025-06-20 10:25:55.661316,1956.1,304941.0,504480.0
2025-06-20 10:25:56.658460,1956.2,304941.0,504480.0
2025-06-20 10:25:56.754517,1956.3,304075.0,504172.0
2025-06-20 10:25:57.664505,1956.3,304075.0,504172.0
2025-06-20 10:25:57.756296,1956.3,304482.0,504012.0
2025-06-20 10:25:58.662468,1956.1,304482.0,504012.0
2025-06-20 10:25:58.957485,1956.2,304430.0,504328.0
2025-06-20 10:25:59.662259,1956.2,304430.0,504328.0
2025-06-20 10:26:00.056986,1955.8,299614.0,507448.0
2025-06-20 10:26:00.958805,1955.8,300421.0,507294.0
2025-06-20 10:26:01.660292,1955.8,300421.0,507294.0
2025-06-20 10:26:01.960010,1955.8,301211.0,507441.0
2025-06-20 10:26:02.667900,1955.8,301211.0,507441.0
2025-06-20 10:26:02.960110,1955.8,301857.0,507224.0
2025-06-20 10:26:03.663593,1956.1,301857.0,507224.0
2025-06-20 10:26:03.962780,1955.7,293916.0,507942.0
2025-06-20 10:26:04.660828,1955.7,293916.0,507942.0
2025-06-20 10:26:05.060589,1955.9,300734.0,508394.0
2025-06-20 10:26:05.658721,1955.9,300734.0,508394.0
2025-06-20 10:26:06.165756,1956.0,302454.0,505893.0
2025-06-20 10:26:06.658572,1956.0,302454.0,505893.0
2025-06-20 10:26:07.266084,1956.0,302877.0,505087.0
2025-06-20 10:26:07.662294,1956.0,302877.0,505087.0
2025-06-20 10:26:08.265278,1956.0,302980.0,506093.0
2025-06-20 10:26:08.660786,1955.9,302980.0,506093.0
2025-06-20 10:26:09.366839,1955.6,303820.0,508164.0
2025-06-20 10:26:09.660852,1955.6,303820.0,508164.0
2025-06-20 10:26:10.470233,1955.6,301296.0,509011.0
2025-06-20 10:26:10.661896,1955.6,301296.0,509011.0
2025-06-20 10:26:11.475242,1955.6,297899.0,509733.0
2025-06-20 10:26:11.658594,1955.6,297899.0,509733.0
2025-06-20 10:26:12.576922,1955.6,297879.0,511727.0
2025-06-20 10:26:12.659956,1955.6,297879.0,511727.0
2025-06-20 10:26:13.660861,1955.6,297879.0,511727.0
2025-06-20 10:26:13.675091,1955.6,302044.0,510293.0
2025-06-20 10:26:14.580011,1955.7,302283.0,507528.0
2025-06-20 10:26:14.662181,1955.7,302283.0,507528.0
2025-06-20 10:26:15.675960,1955.7,303272.0,508816.0
2025-06-20 10:26:16.659920,1955.7,303272.0,508816.0
2025-06-20 10:26:16.768039,1955.7,302369.0,508641.0
2025-06-20 10:26:17.668136,1955.7,302369.0,508641.0
2025-06-20 10:26:17.872108,1955.7,303033.0,508718.0
2025-06-20 10:26:18.659978,1955.8,303033.0,508718.0
2025-06-20 10:26:18.972209,1955.8,302704.0,506156.0
2025-06-20 10:26:19.660757,1955.7,302704.0,506156.0
2025-06-20 10:26:20.073553,1955.8,303569.0,505143.0
2025-06-20 10:26:20.692384,1955.9,303569.0,505143.0
2025-06-20 10:26:21.073637,1955.9,303413.0,506501.0
2025-06-20 10:26:21.659805,1955.9,303413.0,506501.0
2025-06-20 10:26:22.180002,1955.9,303732.0,506870.0
2025-06-20 10:26:22.660593,1956.0,303732.0,506870.0
2025-06-20 10:26:23.276639,1955.9,303575.0,505739.0
2025-06-20 10:26:23.679089,1956.0,303575.0,505739.0
2025-06-20 10:26:24.278354,1955.9,303588.0,507236.0
2025-06-20 10:26:24.661214,1956.0,303588.0,507236.0
2025-06-20 10:26:25.279867,1955.9,303199.0,507124.0
2025-06-20 10:26:25.660047,1955.9,303199.0,507124.0
2025-06-20 10:26:26.277446,1955.8,303522.0,507277.0
2025-06-20 10:26:26.661341,1955.8,303522.0,507277.0
2025-06-20 10:26:27.279931,1955.9,303743.0,507423.0
2025-06-20 10:26:27.668132,1956.1,303743.0,507423.0
2025-06-20 10:26:28.280324,1956.1,304234.0,506886.0
2025-06-20 10:26:28.663091,1956.1,304234.0,506886.0
2025-06-20 10:26:29.279239,1955.9,305684.0,504696.0
2025-06-20 10:26:29.661806,1956.2,305684.0,504696.0
2025-06-20 10:26:30.287608,1956.0,306183.0,506334.0
2025-06-20 10:26:30.668362,1956.0,306183.0,506334.0
2025-06-20 10:26:31.282890,1956.1,306379.0,505705.0
2025-06-20 10:26:31.669749,1956.3,306379.0,505705.0
2025-06-20 10:26:32.386215,1956.4,306788.0,501977.0
2025-06-20 10:26:32.663520,1956.4,306788.0,501977.0
2025-06-20 10:26:33.387035,1956.4,307363.0,504361.0
2025-06-20 10:26:33.660207,1956.4,307363.0,504361.0
2025-06-20 10:26:34.487823,1956.4,306833.0,504336.0
2025-06-20 10:26:34.666166,1956.8,306833.0,504336.0
2025-06-20 10:26:35.486759,1956.5,307897.0,501395.0
2025-06-20 10:26:35.674849,1956.5,307897.0,501395.0
2025-06-20 10:26:36.487448,1956.5,309923.0,502626.0
2025-06-20 10:26:36.667264,1957.0,309923.0,502626.0
2025-06-20 10:26:37.489277,1957.0,308258.0,500099.0
2025-06-20 10:26:37.672483,1957.0,308258.0,500099.0
2025-06-20 10:26:38.538344,1956.8,307821.0,502491.0
2025-06-20 10:26:38.714204,1956.8,307821.0,502491.0
2025-06-20 10:26:39.395712,1956.7,307494.0,502992.0
2025-06-20 10:26:39.670938,1956.7,307494.0,502992.0
2025-06-20 10:26:40.394990,1956.9,307261.0,502762.0
2025-06-20 10:26:40.659877,1956.6,307261.0,502762.0
2025-06-20 10:26:41.288898,1956.6,307925.0,501516.0
2025-06-20 10:26:41.658428,1956.8,307925.0,501516.0
2025-06-20 10:26:42.503284,1956.5,306043.0,500806.0
2025-06-20 10:26:42.692945,1956.0,306043.0,500806.0
2025-06-20 10:26:43.501366,1956.7,305320.0,503981.0
2025-06-20 10:26:43.693047,1956.7,305320.0,503981.0
2025-06-20 10:26:44.589582,1956.7,306620.0,504065.0
2025-06-20 10:26:44.785252,1956.7,306620.0,504065.0
2025-06-20 10:26:45.495122,1956.4,306959.0,503008.0
2025-06-20 10:26:45.663836,1956.4,306959.0,503008.0
2025-06-20 10:26:46.708682,1956.7,306959.0,503008.0
2025-06-20 10:26:46.726573,1956.4,306846.0,504750.0
2025-06-20 10:26:47.680308,1956.4,306846.0,504750.0
2025-06-20 10:26:47.813610,1956.4,303192.0,506118.0
2025-06-20 10:26:48.661560,1956.4,303192.0,506118.0
2025-06-20 10:26:49.099898,1956.4,303158.0,507061.0
2025-06-20 10:26:49.695780,1956.6,303158.0,507061.0
2025-06-20 10:26:49.998970,1956.4,303247.0,507050.0
2025-06-20 10:26:50.697032,1956.5,303247.0,507050.0
2025-06-20 10:26:51.099608,1956.3,304127.0,506753.0
2025-06-20 10:26:51.689204,1956.1,304127.0,506753.0
2025-06-20 10:26:52.099292,1956.3,304270.0,506794.0
2025-06-20 10:26:52.672899,1956.3,304270.0,506794.0
2025-06-20 10:26:53.204281,1956.4,305859.0,506519.0
2025-06-20 10:26:53.685766,1956.3,305859.0,506519.0
2025-06-20 10:26:54.302417,1956.3,305191.0,506323.0
2025-06-20 10:26:54.697182,1956.3,305191.0,506323.0
2025-06-20 10:26:56.062996,1956.9,307689.0,503223.0
2025-06-20 10:26:56.072617,1956.9,307689.0,503223.0
2025-06-20 10:26:56.509707,1956.7,309920.0,502678.0
2025-06-20 10:26:56.698379,1956.7,309920.0,502678.0
2025-06-20 10:26:57.616543,1956.7,309041.0,504147.0
2025-06-20 10:26:57.694352,1956.7,309041.0,504147.0
2025-06-20 10:26:58.605330,1956.7,309197.0,504732.0
2025-06-20 10:26:58.694598,1956.7,309197.0,504732.0
2025-06-20 10:26:59.683929,1956.8,309197.0,504732.0
2025-06-20 10:26:59.715673,1956.8,309445.0,503857.0
2025-06-20 10:27:00.938828,1957.0,309456.0,503766.0
2025-06-20 10:27:01.682025,1956.9,309456.0,503766.0
2025-06-20 10:27:02.013106,1957.1,309247.0,499792.0
2025-06-20 10:27:02.680254,1957.2,309247.0,499792.0
2025-06-20 10:27:03.104595,1957.3,310053.0,500156.0
2025-06-20 10:27:03.677518,1957.6,310053.0,500156.0
2025-06-20 10:27:04.213275,1957.3,307062.0,498775.0
2025-06-20 10:27:04.697057,1957.3,307062.0,498775.0
2025-06-20 10:27:05.306493,1957.3,308403.0,500489.0
2025-06-20 10:27:06.309867,1957.4,308495.0,500347.0
2025-06-20 10:27:06.698007,1957.6,308495.0,500347.0
2025-06-20 10:27:07.309304,1957.4,309031.0,499727.0
2025-06-20 10:27:07.678630,1957.5,309031.0,499727.0
2025-06-20 10:27:08.310303,1957.4,308516.0,500777.0
