timestamp,ltp,bid_qty,ask_qty
2025-06-20 10:10:48.252089,770.7,278974.0,226728.0
2025-06-20 10:10:49.062141,770.7,279049.0,226768.0
2025-06-20 10:10:50.063818,770.7,279122.0,226647.0
2025-06-20 10:10:50.584050,770.7,279122.0,226647.0
2025-06-20 10:10:51.063747,770.85,278831.0,223608.0
2025-06-20 10:10:51.589100,770.85,278831.0,223608.0
2025-06-20 10:10:51.963817,770.85,279744.0,223626.0
2025-06-20 10:10:52.586462,770.85,279744.0,223626.0
2025-06-20 10:10:53.063625,770.85,279772.0,224446.0
2025-06-20 10:10:54.063757,770.85,279636.0,224350.0
2025-06-20 10:10:55.062858,770.85,279772.0,224388.0
2025-06-20 10:10:55.585590,770.85,279772.0,224388.0
2025-06-20 10:10:56.064894,770.85,279007.0,224647.0
2025-06-20 10:10:57.066030,770.85,278036.0,224892.0
2025-06-20 10:10:57.585651,770.85,278036.0,224892.0
2025-06-20 10:10:58.164687,770.85,277313.0,224625.0
2025-06-20 10:10:59.266226,770.85,278408.0,225272.0
2025-06-20 10:11:00.372444,770.85,278194.0,226527.0
2025-06-20 10:11:02.599768,770.85,278194.0,226527.0
2025-06-20 10:11:05.070680,770.85,278234.0,226406.0
2025-06-20 10:11:06.635000,770.7,278234.0,226406.0
2025-06-20 10:11:08.857632,770.85,278234.0,226406.0
2025-06-20 10:11:10.649423,770.7,278234.0,226406.0
2025-06-20 10:11:11.176808,770.85,278433.0,226658.0
2025-06-20 10:11:12.903449,770.85,278433.0,226658.0
2025-06-20 10:11:14.682281,770.85,278433.0,226658.0
2025-06-20 10:11:16.893534,770.85,278494.0,226526.0
2025-06-20 10:11:19.262419,770.85,278494.0,226526.0
2025-06-20 10:11:20.629043,770.85,278494.0,226526.0
2025-06-20 10:11:21.983275,770.85,278997.0,227358.0
2025-06-20 10:11:24.661383,770.85,278997.0,227358.0
2025-06-20 10:11:26.885457,770.85,278997.0,227358.0
2025-06-20 10:11:27.397213,770.85,280883.0,226344.0
2025-06-20 10:11:28.874624,770.85,280883.0,226344.0
2025-06-20 10:11:30.864896,770.85,280883.0,226344.0
2025-06-20 10:11:33.131643,770.85,281275.0,226314.0
2025-06-20 10:11:36.861673,770.6,281275.0,226314.0
2025-06-20 10:11:38.627937,770.6,282306.0,227276.0
2025-06-20 10:11:40.596765,770.85,282306.0,227276.0
2025-06-20 10:11:44.597725,770.85,282306.0,227276.0
2025-06-20 10:11:44.700884,770.85,279591.0,226562.0
2025-06-20 10:11:48.596878,770.85,279591.0,226562.0
2025-06-20 10:11:50.615791,770.85,279932.0,228373.0
2025-06-20 10:11:54.596350,770.75,279932.0,228373.0
2025-06-20 10:11:56.432806,770.75,279801.0,228895.0
2025-06-20 10:12:02.602977,771.1,279801.0,228895.0
2025-06-20 10:12:02.624354,771.1,278955.0,223582.0
2025-06-20 10:12:06.601783,771.35,278955.0,223582.0
2025-06-20 10:12:08.603782,771.5,278955.0,223582.0
2025-06-20 10:12:09.340819,771.5,282935.0,221352.0
2025-06-20 10:12:12.603940,771.8,282935.0,221352.0
2025-06-20 10:12:14.644673,771.8,282935.0,221352.0
2025-06-20 10:12:15.937979,771.85,284527.0,225176.0
2025-06-20 10:12:17.615145,771.6,284527.0,225176.0
2025-06-20 10:12:20.630442,771.9,284527.0,225176.0
2025-06-20 10:12:22.238131,771.8,287753.0,222337.0
2025-06-20 10:12:23.602130,771.85,287753.0,222337.0
2025-06-20 10:12:26.629469,771.7,287753.0,222337.0
2025-06-20 10:12:28.225408,771.65,282907.0,227407.0
2025-06-20 10:12:28.601067,771.65,282907.0,227407.0
2025-06-20 10:12:30.619048,771.85,282907.0,227407.0
2025-06-20 10:12:32.618048,771.5,282907.0,227407.0
2025-06-20 10:12:34.438783,771.5,285135.0,226095.0
2025-06-20 10:12:36.617313,771.5,285135.0,226095.0
2025-06-20 10:12:38.611300,771.5,285135.0,226095.0
2025-06-20 10:12:40.235306,771.8,288596.0,226139.0
2025-06-20 10:12:40.549881,771.8,288596.0,226139.0
2025-06-20 10:12:40.604157,771.8,288596.0,226139.0
2025-06-20 10:12:40.919615,771.8,288596.0,226139.0
2025-06-20 10:12:41.167940,771.8,288596.0,226139.0
2025-06-20 10:12:42.295410,771.8,288596.0,226139.0
2025-06-20 10:12:42.601812,771.85,288596.0,226139.0
2025-06-20 10:12:42.957206,771.85,288596.0,226139.0
2025-06-20 10:12:43.451679,771.85,288596.0,226139.0
2025-06-20 10:12:44.655647,771.85,288596.0,226139.0
2025-06-20 10:12:44.685594,771.5,288596.0,226139.0
2025-06-20 10:12:45.451163,771.5,288596.0,226139.0
2025-06-20 10:12:46.138757,771.5,288361.0,227022.0
2025-06-20 10:12:46.618796,771.55,288361.0,227022.0
2025-06-20 10:12:46.684999,771.55,288361.0,227022.0
2025-06-20 10:12:47.652096,771.55,288361.0,227022.0
2025-06-20 10:12:48.604833,771.2,288361.0,227022.0
2025-06-20 10:12:49.157212,771.2,288361.0,227022.0
2025-06-20 10:12:50.475384,771.2,288361.0,227022.0
2025-06-20 10:12:50.603071,771.55,288361.0,227022.0
2025-06-20 10:12:51.712207,771.55,288361.0,227022.0
2025-06-20 10:12:52.039602,771.2,283464.0,230189.0
2025-06-20 10:12:52.613530,771.2,283464.0,230189.0
2025-06-20 10:12:53.265657,771.2,283464.0,230189.0
2025-06-20 10:12:54.614852,771.2,283464.0,230189.0
2025-06-20 10:12:56.611072,771.4,283464.0,230189.0
2025-06-20 10:12:57.855284,771.4,281452.0,232507.0
2025-06-20 10:13:00.621776,771.3,281452.0,232507.0
2025-06-20 10:13:01.245785,771.3,280949.0,233154.0
2025-06-20 10:13:02.250281,770.85,280324.0,232166.0
2025-06-20 10:13:02.604157,771.2,280324.0,232166.0
2025-06-20 10:13:03.362724,771.25,281278.0,232460.0
2025-06-20 10:13:03.604835,771.25,281278.0,232460.0
2025-06-20 10:13:04.450391,771.3,281933.0,232404.0
2025-06-20 10:13:04.604352,771.3,281933.0,232404.0
2025-06-20 10:13:05.550691,771.2,281604.0,232670.0
2025-06-20 10:13:05.610012,771.3,281604.0,232670.0
2025-06-20 10:13:06.604910,771.3,281604.0,232670.0
2025-06-20 10:13:06.658944,771.3,282466.0,230917.0
2025-06-20 10:13:07.750271,771.3,282531.0,232177.0
2025-06-20 10:13:08.603821,771.3,282531.0,232177.0
2025-06-20 10:13:08.865279,771.3,282717.0,232184.0
2025-06-20 10:13:09.644407,771.3,282717.0,232184.0
2025-06-20 10:13:09.918470,771.3,282662.0,232202.0
2025-06-20 10:13:10.609936,771.45,282662.0,232202.0
2025-06-20 10:13:10.956818,771.45,284628.0,232714.0
2025-06-20 10:13:11.598359,771.55,284628.0,232714.0
2025-06-20 10:13:11.958352,771.3,285072.0,232768.0
2025-06-20 10:13:12.603481,771.5,285072.0,232768.0
2025-06-20 10:13:13.605791,771.65,285072.0,232768.0
2025-06-20 10:13:13.658866,771.7,284359.0,231342.0
2025-06-20 10:13:14.606146,771.7,284359.0,231342.0
2025-06-20 10:13:14.764508,771.6,284686.0,234595.0
2025-06-20 10:13:15.608694,771.6,284686.0,234595.0
2025-06-20 10:13:15.873912,771.45,284928.0,234025.0
2025-06-20 10:13:16.611361,771.6,284928.0,234025.0
2025-06-20 10:13:16.959839,771.3,285097.0,234173.0
2025-06-20 10:13:17.603711,771.8,285097.0,234173.0
2025-06-20 10:13:18.065722,771.4,285248.0,230124.0
2025-06-20 10:13:18.604092,771.8,285248.0,230124.0
2025-06-20 10:13:19.066347,771.8,285574.0,229916.0
2025-06-20 10:13:19.607819,771.9,285574.0,229916.0
2025-06-20 10:13:20.067364,771.85,285826.0,231393.0
2025-06-20 10:13:20.606013,771.45,285826.0,231393.0
2025-06-20 10:13:21.065978,771.65,284434.0,231613.0
2025-06-20 10:13:21.604685,771.8,284434.0,231613.0
2025-06-20 10:13:22.164008,771.65,285717.0,230842.0
2025-06-20 10:13:22.611507,771.65,285717.0,230842.0
2025-06-20 10:13:23.164703,771.75,285744.0,232103.0
2025-06-20 10:13:23.616147,771.75,285744.0,232103.0
2025-06-20 10:13:24.165716,771.75,285744.0,232495.0
2025-06-20 10:13:25.069791,771.5,285342.0,233153.0
2025-06-20 10:13:25.602638,771.5,285342.0,233153.0
2025-06-20 10:13:26.167180,771.7,285833.0,230892.0
2025-06-20 10:13:26.611105,771.8,285833.0,230892.0
2025-06-20 10:13:27.165757,771.8,285431.0,230147.0
2025-06-20 10:13:27.602532,771.8,285431.0,230147.0
2025-06-20 10:13:28.167562,771.85,285406.0,230107.0
2025-06-20 10:13:28.600731,771.85,285406.0,230107.0
2025-06-20 10:13:29.170010,771.75,285618.0,230464.0
2025-06-20 10:13:29.604908,771.75,285618.0,230464.0
2025-06-20 10:13:30.272002,771.75,285291.0,229521.0
2025-06-20 10:13:30.604013,771.75,285291.0,229521.0
2025-06-20 10:13:31.271479,771.75,285754.0,229231.0
2025-06-20 10:13:31.606346,771.75,285754.0,229231.0
2025-06-20 10:13:32.468685,771.75,285449.0,230187.0
2025-06-20 10:13:32.619022,771.75,285449.0,230187.0
2025-06-20 10:13:33.569422,771.75,285421.0,230343.0
2025-06-20 10:13:33.599946,771.85,285421.0,230343.0
2025-06-20 10:13:34.600876,771.85,285421.0,230343.0
2025-06-20 10:13:34.670067,771.85,285461.0,229998.0
2025-06-20 10:13:35.603487,771.85,285461.0,229998.0
2025-06-20 10:13:35.770259,771.85,285436.0,229872.0
2025-06-20 10:13:36.880912,771.85,285309.0,229897.0
2025-06-20 10:13:37.610080,771.55,285309.0,229897.0
2025-06-20 10:13:37.887657,771.9,285502.0,230355.0
2025-06-20 10:13:38.598957,771.9,285502.0,230355.0
2025-06-20 10:13:38.973349,771.9,285534.0,231661.0
2025-06-20 10:13:39.974172,771.9,278027.0,231810.0
2025-06-20 10:13:40.606477,771.45,278027.0,231810.0
2025-06-20 10:13:41.076950,771.75,277530.0,231988.0
2025-06-20 10:13:41.607554,771.75,277530.0,231988.0
2025-06-20 10:13:42.274229,771.75,277834.0,233916.0
2025-06-20 10:13:43.176398,771.75,278698.0,232419.0
2025-06-20 10:13:44.176777,771.75,277682.0,233561.0
2025-06-20 10:13:45.278717,771.6,274259.0,233825.0
2025-06-20 10:13:45.609452,771.6,274259.0,233825.0
2025-06-20 10:13:46.497868,771.75,274670.0,233241.0
2025-06-20 10:13:46.602163,771.75,274670.0,233241.0
2025-06-20 10:13:47.577258,771.75,274819.0,233526.0
2025-06-20 10:13:47.636862,771.75,274819.0,233526.0
2025-06-20 10:13:48.607703,771.75,274819.0,233526.0
2025-06-20 10:13:48.680468,771.75,274873.0,233532.0
2025-06-20 10:13:49.650463,771.75,274873.0,233532.0
2025-06-20 10:13:49.779171,771.75,275042.0,233415.0
2025-06-20 10:13:50.614684,771.75,275042.0,233415.0
2025-06-20 10:13:50.888616,771.75,283396.0,228032.0
2025-06-20 10:13:51.601922,771.9,283396.0,228032.0
2025-06-20 10:13:51.980780,771.9,283603.0,230371.0
2025-06-20 10:13:53.083073,771.9,283395.0,230775.0
2025-06-20 10:13:54.183676,771.9,283994.0,231105.0
2025-06-20 10:13:54.601428,771.65,283994.0,231105.0
2025-06-20 10:13:55.184521,771.65,284977.0,231610.0
2025-06-20 10:13:56.284859,771.75,285011.0,231709.0
2025-06-20 10:13:56.608555,771.75,285011.0,231709.0
2025-06-20 10:13:57.396341,771.75,284968.0,231663.0
2025-06-20 10:13:57.610788,771.75,284968.0,231663.0
2025-06-20 10:13:58.488025,771.75,284956.0,231616.0
2025-06-20 10:13:58.621501,771.75,284956.0,231616.0
2025-06-20 10:13:59.591545,771.75,284916.0,231561.0
2025-06-20 10:13:59.605393,771.75,284916.0,231561.0
2025-06-20 10:14:00.608290,771.9,284916.0,231561.0
2025-06-20 10:14:01.991159,771.9,284441.0,231520.0
2025-06-20 10:14:02.661456,771.9,284441.0,231520.0
2025-06-20 10:14:04.633988,771.9,284441.0,231520.0
2025-06-20 10:14:06.623841,771.9,284441.0,231520.0
2025-06-20 10:14:07.694275,771.9,285228.0,231346.0
2025-06-20 10:14:08.618591,771.9,285228.0,231346.0
2025-06-20 10:14:10.612901,771.9,285228.0,231346.0
2025-06-20 10:14:12.631011,771.8,285228.0,231346.0
2025-06-20 10:14:13.598940,771.8,289388.0,230966.0
2025-06-20 10:14:14.616695,772.3,289388.0,230966.0
2025-06-20 10:14:16.615666,771.9,289388.0,230966.0
2025-06-20 10:14:18.613227,772.3,289388.0,230966.0
2025-06-20 10:14:19.413161,772.35,302032.0,226553.0
2025-06-20 10:14:20.612127,772.5,302032.0,226553.0
2025-06-20 10:14:22.614155,772.15,302032.0,226553.0
2025-06-20 10:14:24.631615,772.05,302032.0,226553.0
2025-06-20 10:14:25.415475,772.1,302465.0,228576.0
2025-06-20 10:14:26.610122,772.45,302465.0,228576.0
2025-06-20 10:14:28.607323,772.05,302465.0,228576.0
2025-06-20 10:14:30.614104,772.3,302465.0,228576.0
2025-06-20 10:14:31.340617,772.3,302764.0,228500.0
2025-06-20 10:14:32.611344,772.3,302764.0,228500.0
2025-06-20 10:14:34.663186,771.6,302764.0,228500.0
2025-06-20 10:14:36.643047,771.6,302764.0,228500.0
2025-06-20 10:14:36.822917,771.6,285695.0,235185.0
2025-06-20 10:14:38.615392,771.4,285695.0,235185.0
2025-06-20 10:14:40.610920,771.15,285695.0,235185.0
2025-06-20 10:14:42.512888,771.4,285073.0,232444.0
2025-06-20 10:14:42.645663,771.4,285073.0,232444.0
2025-06-20 10:14:44.624805,771.45,285073.0,232444.0
2025-06-20 10:14:46.607199,771.35,285073.0,232444.0
2025-06-20 10:14:48.218676,771.75,286618.0,230423.0
2025-06-20 10:14:48.615535,771.75,286618.0,230423.0
2025-06-20 10:14:50.611401,772.05,286618.0,230423.0
2025-06-20 10:14:52.611952,771.8,286618.0,230423.0
2025-06-20 10:14:54.247884,772.1,286783.0,230942.0
2025-06-20 10:14:54.621854,772.1,286783.0,230942.0
2025-06-20 10:14:56.610139,772.0,286783.0,230942.0
2025-06-20 10:14:58.614379,771.75,286783.0,230942.0
2025-06-20 10:15:00.430304,772.1,287393.0,229687.0
2025-06-20 10:15:00.614568,772.1,287393.0,229687.0
2025-06-20 10:15:01.673087,772.0,287393.0,229687.0
2025-06-20 10:15:01.684471,772.0,289879.0,229961.0
2025-06-20 10:15:02.729337,772.0,289669.0,229258.0
2025-06-20 10:15:03.645408,771.95,289669.0,229258.0
2025-06-20 10:15:03.878614,771.95,289631.0,228849.0
2025-06-20 10:15:04.605478,771.95,289631.0,228849.0
2025-06-20 10:15:04.865514,771.95,289553.0,228730.0
2025-06-20 10:15:05.605663,771.85,289553.0,228730.0
2025-06-20 10:15:05.868249,771.95,289746.0,228224.0
2025-06-20 10:15:06.608118,772.0,289746.0,228224.0
2025-06-20 10:15:06.867775,772.0,290006.0,228173.0
2025-06-20 10:15:07.862743,772.0,290326.0,228134.0
2025-06-20 10:15:08.602826,772.1,290326.0,228134.0
2025-06-20 10:15:08.869803,772.3,290868.0,226329.0
2025-06-20 10:15:09.604624,772.3,290868.0,226329.0
2025-06-20 10:15:09.935173,772.3,292008.0,225269.0
2025-06-20 10:15:11.033479,772.35,292685.0,226044.0
2025-06-20 10:15:11.605062,772.35,292685.0,226044.0
2025-06-20 10:15:12.135633,772.35,294505.0,225374.0
2025-06-20 10:15:12.604739,772.35,294505.0,225374.0
2025-06-20 10:15:13.236414,772.45,294393.0,225781.0
2025-06-20 10:15:13.604872,772.45,294393.0,225781.0
2025-06-20 10:15:14.351748,772.45,293606.0,225726.0
2025-06-20 10:15:15.442750,772.65,295881.0,220011.0
2025-06-20 10:15:15.603393,772.65,295881.0,220011.0
2025-06-20 10:15:16.538700,772.7,296491.0,221840.0
2025-06-20 10:15:16.606387,772.7,296491.0,221840.0
2025-06-20 10:15:17.463519,772.55,296053.0,222309.0
2025-06-20 10:15:17.606138,772.55,296053.0,222309.0
2025-06-20 10:15:18.451768,772.8,295758.0,223435.0
2025-06-20 10:15:18.607134,772.8,295758.0,223435.0
2025-06-20 10:15:19.445174,772.65,294987.0,222700.0
2025-06-20 10:15:19.602917,772.95,294987.0,222700.0
2025-06-20 10:15:20.545941,772.65,296585.0,222307.0
2025-06-20 10:15:20.607221,772.95,296585.0,222307.0
2025-06-20 10:15:21.606136,772.65,296585.0,222307.0
2025-06-20 10:15:21.655680,772.65,295489.0,222251.0
2025-06-20 10:15:22.615314,772.95,295489.0,222251.0
2025-06-20 10:15:22.742798,772.95,295487.0,222189.0
2025-06-20 10:15:23.677716,772.95,295657.0,223118.0
2025-06-20 10:15:24.609727,772.95,295657.0,223118.0
2025-06-20 10:15:24.744126,772.95,293174.0,223248.0
2025-06-20 10:15:25.605555,772.95,293174.0,223248.0
2025-06-20 10:15:25.944424,772.95,293463.0,224615.0
2025-06-20 10:15:26.607551,773.0,293463.0,224615.0
2025-06-20 10:15:26.953933,772.9,292969.0,224723.0
2025-06-20 10:15:27.607568,772.95,292969.0,224723.0
2025-06-20 10:15:28.044030,772.95,293573.0,227414.0
2025-06-20 10:15:29.149023,772.95,293397.0,227513.0
2025-06-20 10:15:29.614301,772.8,293397.0,227513.0
2025-06-20 10:15:30.158487,772.8,293403.0,227407.0
2025-06-20 10:15:30.607874,772.95,293403.0,227407.0
2025-06-20 10:15:31.150194,772.95,293805.0,227463.0
2025-06-20 10:15:31.605745,772.95,293805.0,227463.0
2025-06-20 10:15:32.262006,772.95,294024.0,227481.0
2025-06-20 10:15:32.606466,772.95,294024.0,227481.0
2025-06-20 10:15:33.265222,772.95,292983.0,227227.0
2025-06-20 10:15:33.605811,773.0,292983.0,227227.0
2025-06-20 10:15:34.358002,772.65,293308.0,226490.0
2025-06-20 10:15:34.607047,772.8,293308.0,226490.0
2025-06-20 10:15:35.363027,772.7,292575.0,227457.0
2025-06-20 10:15:35.609402,772.7,292575.0,227457.0
2025-06-20 10:15:36.257332,772.8,292261.0,225940.0
2025-06-20 10:15:36.607175,772.8,292261.0,225940.0
2025-06-20 10:15:37.359877,772.8,293106.0,227293.0
2025-06-20 10:15:37.607338,772.8,293106.0,227293.0
2025-06-20 10:15:38.362908,773.0,293805.0,224825.0
2025-06-20 10:15:38.608090,773.0,293805.0,224825.0
2025-06-20 10:15:39.365413,773.0,293305.0,225846.0
2025-06-20 10:15:39.614197,773.0,293305.0,225846.0
2025-06-20 10:15:40.362841,773.0,293154.0,226627.0
2025-06-20 10:15:40.614222,773.0,293154.0,226627.0
2025-06-20 10:15:40.969596,773.0,293154.0,226627.0
2025-06-20 10:15:41.374554,773.0,293154.0,226627.0
2025-06-20 10:15:41.463732,773.0,293528.0,226388.0
2025-06-20 10:15:41.576893,773.0,293528.0,226388.0
2025-06-20 10:15:41.609427,773.1,293528.0,226388.0
2025-06-20 10:15:41.914938,773.1,293528.0,226388.0
2025-06-20 10:15:42.173917,773.1,293528.0,226388.0
2025-06-20 10:15:42.463254,773.05,294950.0,224137.0
2025-06-20 10:15:42.607097,773.05,294950.0,224137.0
2025-06-20 10:15:42.782755,773.05,294950.0,224137.0
2025-06-20 10:15:43.464804,773.05,294950.0,224137.0
2025-06-20 10:15:43.473255,773.05,297506.0,225178.0
2025-06-20 10:15:43.608552,773.05,297506.0,225178.0
2025-06-20 10:15:43.859147,773.05,297506.0,225178.0
2025-06-20 10:15:44.465445,773.05,297506.0,225178.0
2025-06-20 10:15:44.559457,773.05,297322.0,225503.0
2025-06-20 10:15:44.822773,773.05,297322.0,225503.0
2025-06-20 10:15:45.606975,773.3,297322.0,225503.0
2025-06-20 10:15:45.685778,773.3,297286.0,224742.0
2025-06-20 10:15:45.778520,773.3,297286.0,224742.0
2025-06-20 10:15:46.608339,773.4,297286.0,224742.0
2025-06-20 10:15:46.661313,773.4,297617.0,222981.0
2025-06-20 10:15:47.116528,773.4,297617.0,222981.0
2025-06-20 10:15:47.560958,773.4,296333.0,224504.0
2025-06-20 10:15:47.608263,773.4,296333.0,224504.0
2025-06-20 10:15:48.079442,773.4,296333.0,224504.0
2025-06-20 10:15:48.607760,773.4,296333.0,224504.0
2025-06-20 10:15:48.669866,773.4,296416.0,224624.0
2025-06-20 10:15:49.651567,773.4,296416.0,224624.0
2025-06-20 10:15:49.659844,773.4,296416.0,224624.0
2025-06-20 10:15:49.668758,773.4,296803.0,224234.0
2025-06-20 10:15:50.609158,773.25,296803.0,224234.0
2025-06-20 10:15:50.673913,773.25,297106.0,224301.0
2025-06-20 10:15:50.883635,773.25,297106.0,224301.0
2025-06-20 10:15:51.609169,773.55,297106.0,224301.0
2025-06-20 10:15:51.761130,773.55,297642.0,224692.0
2025-06-20 10:15:52.128476,773.55,297642.0,224692.0
2025-06-20 10:15:52.609383,773.6,297642.0,224692.0
2025-06-20 10:15:52.761138,773.6,297881.0,226726.0
2025-06-20 10:15:53.605353,773.45,297881.0,226726.0
2025-06-20 10:15:53.700798,773.45,297881.0,226726.0
2025-06-20 10:15:53.760889,773.45,298070.0,226460.0
2025-06-20 10:15:54.608173,773.2,298070.0,226460.0
2025-06-20 10:15:54.663961,773.2,295006.0,227096.0
2025-06-20 10:15:55.798598,773.35,295006.0,227096.0
2025-06-20 10:15:55.848704,773.35,296212.0,227863.0
2025-06-20 10:15:56.609128,773.15,296212.0,227863.0
2025-06-20 10:15:56.765412,773.15,297720.0,228472.0
2025-06-20 10:15:57.678098,773.4,297720.0,228472.0
2025-06-20 10:15:57.872267,773.4,298667.0,228441.0
2025-06-20 10:15:58.967662,773.4,298612.0,228358.0
2025-06-20 10:15:59.610008,773.45,298612.0,228358.0
2025-06-20 10:15:59.968178,773.45,298539.0,228146.0
2025-06-20 10:16:00.619520,773.45,298539.0,228146.0
2025-06-20 10:16:01.273995,773.45,299171.0,228988.0
2025-06-20 10:16:02.376904,773.15,298397.0,228673.0
2025-06-20 10:16:02.622479,773.15,298397.0,228673.0
2025-06-20 10:16:03.468297,773.15,298423.0,227374.0
2025-06-20 10:16:03.621270,773.0,298423.0,227374.0
2025-06-20 10:16:04.567932,773.0,296873.0,229029.0
2025-06-20 10:16:04.624070,773.0,296873.0,229029.0
2025-06-20 10:16:05.667783,772.8,296873.0,229029.0
2025-06-20 10:16:05.677996,773.25,297820.0,230524.0
2025-06-20 10:16:06.570013,773.25,298227.0,230814.0
2025-06-20 10:16:06.619010,773.25,298227.0,230814.0
2025-06-20 10:16:07.573203,773.25,297578.0,230553.0
2025-06-20 10:16:08.570841,773.25,297619.0,230579.0
2025-06-20 10:16:09.618134,773.25,297619.0,230579.0
2025-06-20 10:16:09.673126,773.25,297609.0,230589.0
2025-06-20 10:16:10.674818,773.25,297609.0,230636.0
2025-06-20 10:16:11.615008,772.9,297609.0,230636.0
2025-06-20 10:16:11.773791,772.8,292949.0,235064.0
2025-06-20 10:16:12.617169,772.7,292949.0,235064.0
2025-06-20 10:16:12.880314,772.7,293909.0,235742.0
2025-06-20 10:16:13.613422,772.15,293909.0,235742.0
2025-06-20 10:16:13.974540,772.15,291576.0,236128.0
2025-06-20 10:16:14.978707,772.15,288390.0,239306.0
2025-06-20 10:16:15.617392,772.4,288390.0,239306.0
2025-06-20 10:16:15.977528,772.4,279911.0,239133.0
2025-06-20 10:16:16.978705,772.3,290926.0,239067.0
2025-06-20 10:16:17.622887,772.3,290926.0,239067.0
2025-06-20 10:16:18.078686,772.3,291053.0,239272.0
2025-06-20 10:16:18.622926,772.35,291053.0,239272.0
2025-06-20 10:16:19.178173,772.35,290988.0,239649.0
2025-06-20 10:16:19.615809,772.5,290988.0,239649.0
2025-06-20 10:16:20.281626,772.5,291117.0,239200.0
2025-06-20 10:16:21.382010,772.55,292912.0,236122.0
2025-06-20 10:16:21.615671,772.8,292912.0,236122.0
2025-06-20 10:16:22.479130,772.8,293215.0,236937.0
2025-06-20 10:16:23.578805,772.8,291921.0,236821.0
2025-06-20 10:16:24.682166,772.8,292052.0,236984.0
2025-06-20 10:16:25.681701,772.8,291920.0,236994.0
2025-06-20 10:16:26.786625,772.8,292100.0,236991.0
2025-06-20 10:16:27.625553,772.8,292100.0,236991.0
2025-06-20 10:16:27.888153,772.8,291988.0,237105.0
2025-06-20 10:16:28.892914,772.8,292122.0,236998.0
2025-06-20 10:16:29.617146,772.8,292122.0,236998.0
2025-06-20 10:16:30.480676,772.8,292127.0,238266.0
2025-06-20 10:16:31.481864,772.45,291878.0,239633.0
2025-06-20 10:16:31.647319,772.45,291878.0,239633.0
2025-06-20 10:16:32.395961,772.1,287649.0,241001.0
2025-06-20 10:16:32.616137,772.1,287649.0,241001.0
2025-06-20 10:16:33.392994,772.1,287337.0,239635.0
2025-06-20 10:16:34.505479,772.1,289659.0,240105.0
2025-06-20 10:16:35.588533,772.5,288549.0,240090.0
2025-06-20 10:16:35.617958,772.5,288549.0,240090.0
2025-06-20 10:16:36.696143,772.5,289709.0,240164.0
2025-06-20 10:16:37.791187,772.15,290266.0,238013.0
2025-06-20 10:16:38.636444,772.15,290266.0,238013.0
2025-06-20 10:16:38.788730,772.15,290410.0,239621.0
2025-06-20 10:16:39.653453,772.5,290410.0,239621.0
2025-06-20 10:16:39.897529,772.5,290482.0,238961.0
2025-06-20 10:16:40.905223,772.5,291773.0,240544.0
2025-06-20 10:16:41.620517,772.4,291773.0,240544.0
2025-06-20 10:16:41.904351,772.4,291877.0,241788.0
2025-06-20 10:16:42.621174,772.6,291877.0,241788.0
2025-06-20 10:16:42.922601,772.6,291463.0,241561.0
2025-06-20 10:16:43.616316,772.65,291463.0,241561.0
2025-06-20 10:16:43.905327,772.65,291663.0,241426.0
2025-06-20 10:16:44.668250,772.5,291663.0,241426.0
2025-06-20 10:16:44.932889,772.55,288698.0,241136.0
2025-06-20 10:16:45.623242,772.4,288698.0,241136.0
2025-06-20 10:16:45.907799,772.4,288659.0,242733.0
2025-06-20 10:16:46.905533,772.4,289073.0,241956.0
2025-06-20 10:16:47.622163,772.45,289073.0,241956.0
2025-06-20 10:16:47.906848,772.15,288995.0,241216.0
2025-06-20 10:16:48.621972,772.0,288995.0,241216.0
2025-06-20 10:16:48.907567,772.0,287321.0,243085.0
2025-06-20 10:16:49.622183,772.0,287321.0,243085.0
2025-06-20 10:16:49.912197,772.6,290719.0,239878.0
2025-06-20 10:16:50.615788,772.25,290719.0,239878.0
2025-06-20 10:16:50.929159,772.25,289514.0,240246.0
2025-06-20 10:16:51.996863,772.25,289829.0,240769.0
2025-06-20 10:16:52.999671,772.25,290176.0,237170.0
2025-06-20 10:16:54.658035,772.65,289384.0,239730.0
2025-06-20 10:16:54.683323,772.65,289384.0,239730.0
2025-06-20 10:16:55.499714,772.25,288605.0,241103.0
2025-06-20 10:16:55.621493,772.25,288605.0,241103.0
2025-06-20 10:16:56.601259,772.25,288788.0,241249.0
2025-06-20 10:16:57.662517,772.15,288788.0,241249.0
2025-06-20 10:16:57.701928,772.15,288860.0,241207.0
2025-06-20 10:16:58.716391,772.15,289176.0,242420.0
2025-06-20 10:16:59.806278,772.15,291073.0,242768.0
2025-06-20 10:17:01.513748,772.15,291422.0,242792.0
2025-06-20 10:17:02.447866,772.15,291532.0,242857.0
2025-06-20 10:17:03.418816,772.2,291337.0,242814.0
2025-06-20 10:17:03.614497,772.2,291337.0,242814.0
2025-06-20 10:17:04.434746,772.5,291347.0,242742.0
2025-06-20 10:17:04.618697,772.5,291347.0,242742.0
2025-06-20 10:17:05.418561,772.6,292796.0,241387.0
2025-06-20 10:17:05.615995,772.6,292796.0,241387.0
2025-06-20 10:17:06.423400,772.5,292725.0,243016.0
2025-06-20 10:17:06.618749,772.5,292725.0,243016.0
2025-06-20 10:17:07.456197,772.5,290899.0,242670.0
2025-06-20 10:17:07.618595,772.5,290899.0,242670.0
2025-06-20 10:17:08.443717,772.5,291247.0,241170.0
2025-06-20 10:17:09.448534,772.55,291245.0,241830.0
2025-06-20 10:17:09.625303,772.55,291245.0,241830.0
2025-06-20 10:17:10.444145,772.6,291724.0,241641.0
2025-06-20 10:17:10.623792,772.6,291724.0,241641.0
2025-06-20 10:17:11.323681,772.25,290825.0,240502.0
2025-06-20 10:17:11.623291,772.5,290825.0,240502.0
2025-06-20 10:17:12.327634,772.5,292522.0,238639.0
2025-06-20 10:17:13.327326,772.5,292917.0,241247.0
2025-06-20 10:17:14.497220,772.5,292812.0,241466.0
2025-06-20 10:17:15.214306,772.7,292776.0,241406.0
2025-06-20 10:17:15.617658,772.7,292776.0,241406.0
2025-06-20 10:17:16.215308,772.7,292773.0,241301.0
2025-06-20 10:17:17.325844,772.7,293059.0,241041.0
2025-06-20 10:17:18.216658,772.7,293059.0,241078.0
2025-06-20 10:17:19.117403,772.7,294272.0,240476.0
2025-06-20 10:17:19.619313,772.8,294272.0,240476.0
2025-06-20 10:17:20.120165,772.8,294160.0,236659.0
2025-06-20 10:17:20.622741,772.8,294160.0,236659.0
2025-06-20 10:17:21.128151,772.8,294242.0,238254.0
2025-06-20 10:17:22.022094,772.8,294093.0,238679.0
2025-06-20 10:17:22.927826,772.8,294128.0,240343.0
2025-06-20 10:17:23.624296,772.85,294128.0,240343.0
2025-06-20 10:17:23.930399,772.85,294364.0,240184.0
2025-06-20 10:17:24.935476,772.85,294336.0,240102.0
2025-06-20 10:17:25.628646,772.45,294336.0,240102.0
2025-06-20 10:17:25.926354,772.45,290445.0,240168.0
2025-06-20 10:17:26.628813,772.45,290445.0,240168.0
2025-06-20 10:17:26.947011,772.45,291176.0,239859.0
2025-06-20 10:17:27.623603,772.45,291176.0,239859.0
2025-06-20 10:17:27.839834,772.45,291470.0,239632.0
2025-06-20 10:17:28.837952,772.45,291552.0,239827.0
2025-06-20 10:17:29.621455,772.3,291552.0,239827.0
2025-06-20 10:17:29.848914,772.3,292390.0,239755.0
2025-06-20 10:17:30.866166,772.3,292974.0,239631.0
2025-06-20 10:17:31.838244,772.3,292788.0,240413.0
2025-06-20 10:17:33.059187,772.35,292707.0,240582.0
2025-06-20 10:17:33.641384,772.35,292707.0,240582.0
2025-06-20 10:17:34.634389,772.35,292707.0,240582.0
2025-06-20 10:17:34.727661,772.35,292509.0,240556.0
2025-06-20 10:17:36.729217,772.35,291939.0,240348.0
2025-06-20 10:17:37.731588,772.35,291939.0,240571.0
2025-06-20 10:17:38.656667,772.35,291939.0,240582.0
2025-06-20 10:17:39.625047,772.35,291939.0,240582.0
2025-06-20 10:17:39.641480,772.35,292178.0,240384.0
2025-06-20 10:17:40.627568,772.45,292178.0,240384.0
2025-06-20 10:17:40.647888,772.45,292159.0,240698.0
2025-06-20 10:17:41.532913,772.45,292225.0,239936.0
2025-06-20 10:17:41.627035,772.45,292225.0,239936.0
2025-06-20 10:17:42.533753,772.25,292137.0,240485.0
2025-06-20 10:17:42.622525,772.25,292137.0,240485.0
2025-06-20 10:17:43.446967,772.45,292514.0,240104.0
2025-06-20 10:17:43.692972,772.45,292514.0,240104.0
2025-06-20 10:17:44.446188,772.45,293182.0,239831.0
2025-06-20 10:17:44.618820,772.45,293182.0,239831.0
2025-06-20 10:17:45.473046,772.45,292363.0,240519.0
2025-06-20 10:17:45.621364,772.45,292363.0,240519.0
2025-06-20 10:17:46.455889,772.45,292984.0,240436.0
2025-06-20 10:17:46.620102,772.45,292984.0,240436.0
2025-06-20 10:17:47.456649,772.45,292943.0,240854.0
2025-06-20 10:17:47.618011,772.45,292943.0,240854.0
2025-06-20 10:17:48.457945,772.45,293025.0,241013.0
2025-06-20 10:17:49.444931,772.45,292754.0,240964.0
2025-06-20 10:17:49.623803,772.45,292754.0,240964.0
2025-06-20 10:17:50.475920,772.45,292788.0,241132.0
2025-06-20 10:17:50.623728,772.35,292788.0,241132.0
2025-06-20 10:17:51.434884,772.5,292366.0,241606.0
2025-06-20 10:17:51.626065,772.5,292366.0,241606.0
2025-06-20 10:17:52.448500,772.5,292482.0,241528.0
2025-06-20 10:17:52.623954,772.5,292482.0,241528.0
2025-06-20 10:17:53.451425,772.5,292508.0,242543.0
2025-06-20 10:17:53.624461,772.5,292508.0,242543.0
2025-06-20 10:17:54.621525,772.5,292508.0,242543.0
2025-06-20 10:17:55.621529,772.65,292508.0,242543.0
2025-06-20 10:17:56.451440,772.65,292651.0,242748.0
2025-06-20 10:17:57.364087,772.5,292391.0,242883.0
2025-06-20 10:17:57.624066,772.2,292391.0,242883.0
2025-06-20 10:17:58.364495,772.5,292281.0,242908.0
2025-06-20 10:17:58.623999,772.5,292281.0,242908.0
2025-06-20 10:17:59.239053,772.5,292314.0,243273.0
2025-06-20 10:17:59.623061,772.15,292314.0,243273.0
2025-06-20 10:18:00.243523,772.5,292488.0,243276.0
2025-06-20 10:18:02.630637,772.5,292488.0,243276.0
2025-06-20 10:18:05.627669,772.65,292488.0,243276.0
2025-06-20 10:18:05.661059,772.65,293349.0,243017.0
2025-06-20 10:18:08.628359,772.0,293349.0,243017.0
2025-06-20 10:18:11.628315,772.15,293349.0,243017.0
2025-06-20 10:18:11.864930,772.0,290219.0,245203.0
2025-06-20 10:18:14.682304,772.25,290219.0,245203.0
2025-06-20 10:18:17.556350,772.1,290657.0,245024.0
2025-06-20 10:18:17.631247,772.1,290657.0,245024.0
2025-06-20 10:18:20.632328,772.5,290657.0,245024.0
2025-06-20 10:18:23.627904,772.4,290657.0,245024.0
2025-06-20 10:18:23.914308,772.4,291531.0,245780.0
2025-06-20 10:18:26.662746,772.35,291531.0,245780.0
2025-06-20 10:18:29.657655,772.35,291531.0,245780.0
2025-06-20 10:18:30.762494,772.35,292434.0,242230.0
2025-06-20 10:18:33.628138,772.6,292434.0,242230.0
2025-06-20 10:18:35.633403,772.95,292434.0,242230.0
2025-06-20 10:18:36.964801,772.95,292113.0,237626.0
2025-06-20 10:18:38.635320,772.95,292113.0,237626.0
2025-06-20 10:18:41.586610,772.95,292113.0,237626.0
2025-06-20 10:18:41.630473,772.7,292113.0,237626.0
2025-06-20 10:18:41.677854,772.7,292113.0,237626.0
2025-06-20 10:18:42.128371,772.7,292113.0,237626.0
2025-06-20 10:18:42.819638,773.0,294454.0,234752.0
2025-06-20 10:18:42.974320,773.0,294454.0,234752.0
2025-06-20 10:18:43.303683,773.0,294454.0,234752.0
2025-06-20 10:18:44.441107,773.0,294454.0,234752.0
2025-06-20 10:18:44.703245,773.0,294454.0,234752.0
2025-06-20 10:18:45.021913,773.0,294454.0,234752.0
2025-06-20 10:18:45.436990,773.0,294454.0,234752.0
2025-06-20 10:18:46.386550,773.0,294454.0,234752.0
2025-06-20 10:18:47.632391,773.0,294454.0,234752.0
2025-06-20 10:18:47.692397,773.0,294454.0,234752.0
2025-06-20 10:18:48.472507,773.0,295192.0,235618.0
2025-06-20 10:18:48.692464,773.0,295192.0,235618.0
2025-06-20 10:18:50.205324,773.0,295192.0,235618.0
2025-06-20 10:18:50.635049,772.85,295192.0,235618.0
2025-06-20 10:18:51.463515,772.85,295192.0,235618.0
2025-06-20 10:18:52.725742,772.85,295192.0,235618.0
2025-06-20 10:18:53.644393,773.0,295192.0,235618.0
2025-06-20 10:18:54.433920,773.0,295192.0,235618.0
2025-06-20 10:18:54.439652,773.0,294692.0,234683.0
2025-06-20 10:18:56.634226,773.0,294692.0,234683.0
2025-06-20 10:18:59.678246,773.0,294692.0,234683.0
2025-06-20 10:19:00.590382,773.0,293880.0,234926.0
2025-06-20 10:19:01.642065,773.0,293880.0,234926.0
2025-06-20 10:19:01.776521,773.0,294028.0,234712.0
2025-06-20 10:19:02.644952,772.85,294028.0,234712.0
2025-06-20 10:19:02.881504,772.85,294017.0,234917.0
2025-06-20 10:19:03.979492,773.0,293941.0,234759.0
2025-06-20 10:19:04.641062,773.0,293941.0,234759.0
2025-06-20 10:19:04.977631,773.0,293967.0,234727.0
2025-06-20 10:19:06.080775,773.0,294018.0,234758.0
2025-06-20 10:19:07.178073,772.85,294248.0,234726.0
2025-06-20 10:19:07.633426,772.85,294248.0,234726.0
2025-06-20 10:19:08.278218,773.2,294308.0,234317.0
2025-06-20 10:19:08.630697,773.2,294308.0,234317.0
2025-06-20 10:19:09.286179,773.2,294153.0,234095.0
2025-06-20 10:19:09.631766,773.0,294153.0,234095.0
2025-06-20 10:19:10.278275,773.25,294368.0,233815.0
2025-06-20 10:19:10.672152,773.25,294368.0,233815.0
2025-06-20 10:19:11.280332,773.25,294279.0,233651.0
2025-06-20 10:19:11.642526,773.25,294279.0,233651.0
2025-06-20 10:19:12.391327,773.2,294294.0,233786.0
2025-06-20 10:19:12.630127,773.2,294294.0,233786.0
2025-06-20 10:19:13.484192,772.8,294343.0,234034.0
2025-06-20 10:19:13.650211,772.8,294343.0,234034.0
2025-06-20 10:19:14.587280,772.8,294425.0,233550.0
2025-06-20 10:19:15.664280,773.0,294425.0,233550.0
2025-06-20 10:19:15.689379,773.0,292388.0,235475.0
2025-06-20 10:19:16.648721,772.7,292388.0,235475.0
2025-06-20 10:19:16.785602,772.7,293282.0,234069.0
2025-06-20 10:19:17.893517,772.7,295545.0,235287.0
2025-06-20 10:19:18.986824,772.7,295639.0,235473.0
2025-06-20 10:19:19.633990,773.2,295639.0,235473.0
2025-06-20 10:19:20.088401,773.2,296138.0,235471.0
2025-06-20 10:19:21.187279,773.2,294712.0,237902.0
2025-06-20 10:19:22.288585,773.1,295101.0,236576.0
2025-06-20 10:19:22.681780,773.1,295101.0,236576.0
2025-06-20 10:19:23.402122,773.0,294435.0,238032.0
2025-06-20 10:19:23.646265,773.0,294435.0,238032.0
2025-06-20 10:19:24.492927,772.95,294973.0,237986.0
2025-06-20 10:19:24.888004,772.95,294973.0,237986.0
2025-06-20 10:19:25.697767,772.95,295105.0,237790.0
2025-06-20 10:19:26.791730,772.95,294885.0,237987.0
2025-06-20 10:19:27.694198,772.95,294885.0,237987.0
2025-06-20 10:19:27.920673,772.95,294790.0,238036.0
2025-06-20 10:19:28.994424,772.95,294882.0,237316.0
2025-06-20 10:19:29.878243,772.95,294882.0,237316.0
2025-06-20 10:19:29.997488,772.95,294711.0,237333.0
2025-06-20 10:19:31.195281,772.95,294906.0,237350.0
2025-06-20 10:19:32.296510,772.95,295020.0,237400.0
2025-06-20 10:19:32.655609,773.0,295020.0,237400.0
2025-06-20 10:19:33.432517,772.7,294825.0,237254.0
2025-06-20 10:19:33.702696,772.7,294825.0,237254.0
2025-06-20 10:19:34.498709,772.7,294800.0,237239.0
2025-06-20 10:19:35.410688,772.7,294782.0,237244.0
2025-06-20 10:19:36.600526,772.7,294818.0,237655.0
2025-06-20 10:19:36.650348,772.7,294818.0,237655.0
2025-06-20 10:19:37.755696,772.7,294663.0,238310.0
2025-06-20 10:19:38.703286,772.7,294779.0,237688.0
2025-06-20 10:19:39.918428,772.7,294764.0,237930.0
2025-06-20 10:19:41.009741,772.7,294796.0,238188.0
2025-06-20 10:19:41.918741,772.7,293620.0,238209.0
2025-06-20 10:19:42.644811,772.7,293620.0,238209.0
2025-06-20 10:19:43.005011,772.7,293650.0,238260.0
2025-06-20 10:19:44.608406,772.7,292588.0,241571.0
2025-06-20 10:19:45.716381,772.7,292492.0,241555.0
2025-06-20 10:19:46.812296,772.7,292495.0,241529.0
2025-06-20 10:19:47.646015,772.7,292495.0,241529.0
2025-06-20 10:19:47.814431,772.7,292498.0,241529.0
2025-06-20 10:19:48.643694,772.45,292498.0,241529.0
2025-06-20 10:19:48.923293,772.45,291922.0,242208.0
2025-06-20 10:19:49.638903,772.45,291922.0,242208.0
2025-06-20 10:19:50.028268,772.8,293168.0,239657.0
2025-06-20 10:19:50.641562,772.9,293168.0,239657.0
2025-06-20 10:19:51.623668,772.9,293246.0,240902.0
2025-06-20 10:19:52.693837,772.9,287606.0,241294.0
2025-06-20 10:19:53.720951,772.9,293039.0,241553.0
2025-06-20 10:19:54.677633,772.8,293039.0,241553.0
2025-06-20 10:19:55.434854,772.8,293348.0,241524.0
2025-06-20 10:19:56.522859,772.85,293518.0,240444.0
2025-06-20 10:19:56.636887,772.85,293518.0,240444.0
2025-06-20 10:19:57.625635,772.85,293759.0,239710.0
2025-06-20 10:19:58.635795,772.6,293759.0,239710.0
2025-06-20 10:19:58.731882,772.95,293734.0,240101.0
2025-06-20 10:19:59.639432,772.95,293734.0,240101.0
2025-06-20 10:19:59.729931,772.95,293724.0,239500.0
2025-06-20 10:20:01.630881,772.7,294489.0,237828.0
2025-06-20 10:20:01.680291,772.7,294489.0,237828.0
2025-06-20 10:20:02.530126,772.95,294492.0,236795.0
2025-06-20 10:20:02.642631,772.95,294492.0,236795.0
2025-06-20 10:20:03.531173,772.95,294410.0,238149.0
2025-06-20 10:20:03.669077,772.75,294410.0,238149.0
2025-06-20 10:20:04.532443,772.75,294207.0,239238.0
2025-06-20 10:20:05.533024,772.95,293301.0,238376.0
2025-06-20 10:20:05.672105,772.95,293301.0,238376.0
2025-06-20 10:20:06.433641,772.95,293476.0,238823.0
2025-06-20 10:20:06.639778,772.75,293476.0,238823.0
2025-06-20 10:20:07.677897,772.95,293476.0,238823.0
2025-06-20 10:20:09.262212,772.95,293478.0,239894.0
2025-06-20 10:20:09.639506,772.95,293478.0,239894.0
2025-06-20 10:20:10.136600,772.95,293589.0,239747.0
2025-06-20 10:20:10.639901,772.95,293589.0,239747.0
2025-06-20 10:20:11.220966,772.95,293623.0,239737.0
2025-06-20 10:20:12.138362,772.95,293517.0,239816.0
2025-06-20 10:20:13.138346,772.95,293527.0,239731.0
2025-06-20 10:20:13.678063,772.95,293527.0,239731.0
2025-06-20 10:20:14.139138,772.75,293617.0,239919.0
2025-06-20 10:20:14.651677,772.75,293617.0,239919.0
2025-06-20 10:20:15.039646,772.95,293696.0,239802.0
2025-06-20 10:20:15.670558,772.95,293696.0,239802.0
2025-06-20 10:20:16.040969,772.95,293549.0,239717.0
2025-06-20 10:20:16.940488,772.95,293590.0,239503.0
2025-06-20 10:20:17.650263,772.95,293590.0,239503.0
2025-06-20 10:20:17.946515,772.95,293774.0,239160.0
2025-06-20 10:20:18.851612,772.95,294099.0,238118.0
2025-06-20 10:20:19.641403,772.9,294099.0,238118.0
2025-06-20 10:20:19.742233,772.9,294186.0,237573.0
2025-06-20 10:20:20.642534,772.9,294186.0,237573.0
2025-06-20 10:20:20.751727,772.9,295304.0,237537.0
2025-06-20 10:20:21.640589,772.9,295304.0,237537.0
2025-06-20 10:20:21.752712,772.9,295334.0,237410.0
2025-06-20 10:20:22.636805,772.9,295334.0,237410.0
2025-06-20 10:20:22.750877,772.9,295205.0,237597.0
2025-06-20 10:20:23.744178,772.9,295257.0,237736.0
2025-06-20 10:20:24.644484,772.9,295257.0,237736.0
2025-06-20 10:20:24.749521,772.9,295305.0,236957.0
2025-06-20 10:20:25.644289,773.0,295305.0,236957.0
2025-06-20 10:20:25.754027,773.0,295422.0,236709.0
2025-06-20 10:20:26.641807,772.9,295422.0,236709.0
2025-06-20 10:20:26.749257,772.9,295534.0,236603.0
2025-06-20 10:20:27.704581,773.2,295534.0,236603.0
2025-06-20 10:20:27.748964,773.2,302322.0,231013.0
2025-06-20 10:20:28.648631,773.2,302322.0,231013.0
2025-06-20 10:20:28.749033,773.2,302815.0,232761.0
2025-06-20 10:20:29.643203,773.25,302815.0,232761.0
2025-06-20 10:20:29.750210,773.25,300398.0,233129.0
2025-06-20 10:20:30.642979,773.3,300398.0,233129.0
2025-06-20 10:20:30.678892,773.3,300855.0,232947.0
2025-06-20 10:20:31.645168,773.4,300855.0,232947.0
2025-06-20 10:20:31.673164,773.4,301084.0,232742.0
2025-06-20 10:20:32.710090,773.4,301084.0,232742.0
2025-06-20 10:20:32.717270,773.4,300227.0,233608.0
2025-06-20 10:20:33.667562,773.4,300279.0,233428.0
2025-06-20 10:20:34.640742,773.4,300279.0,233428.0
2025-06-20 10:20:34.673454,773.4,300234.0,233515.0
2025-06-20 10:20:35.560377,773.4,300252.0,233515.0
2025-06-20 10:20:36.666924,773.15,300252.0,233515.0
2025-06-20 10:20:36.671431,773.15,299888.0,233336.0
2025-06-20 10:20:37.650742,773.2,299888.0,233336.0
2025-06-20 10:20:37.677939,773.2,300006.0,233298.0
2025-06-20 10:20:38.645614,773.3,300006.0,233298.0
2025-06-20 10:20:38.672630,773.3,300366.0,232749.0
2025-06-20 10:20:39.646901,773.4,300366.0,232749.0
2025-06-20 10:20:39.671408,773.4,300388.0,232654.0
2025-06-20 10:20:40.647234,773.5,300388.0,232654.0
2025-06-20 10:20:40.669142,773.5,300714.0,233323.0
2025-06-20 10:20:41.760795,773.5,300392.0,233129.0
2025-06-20 10:20:42.643097,773.5,300392.0,233129.0
2025-06-20 10:20:42.764081,773.5,300675.0,233417.0
2025-06-20 10:20:43.762429,773.5,300813.0,233456.0
2025-06-20 10:20:44.764583,773.5,300896.0,233385.0
2025-06-20 10:20:45.660825,773.2,300896.0,233385.0
2025-06-20 10:20:45.762964,773.2,300801.0,233417.0
2025-06-20 10:20:46.643129,773.45,300801.0,233417.0
2025-06-20 10:20:46.763458,773.45,300016.0,233586.0
2025-06-20 10:20:47.648585,773.3,300016.0,233586.0
2025-06-20 10:20:47.765518,773.3,299858.0,233755.0
2025-06-20 10:20:48.646260,773.2,299858.0,233755.0
2025-06-20 10:20:48.764556,773.2,299954.0,233775.0
2025-06-20 10:20:49.701989,773.3,299954.0,233775.0
2025-06-20 10:20:49.766895,773.3,300366.0,235950.0
2025-06-20 10:20:50.684302,773.15,300366.0,235950.0
2025-06-20 10:20:50.767666,773.15,297802.0,239863.0
2025-06-20 10:20:51.768347,773.05,301025.0,237475.0
2025-06-20 10:20:52.645596,773.05,301025.0,237475.0
2025-06-20 10:20:52.903672,773.05,300344.0,237443.0
2025-06-20 10:20:53.650441,772.9,300344.0,237443.0
2025-06-20 10:20:53.910285,772.9,299908.0,237241.0
2025-06-20 10:20:54.643795,772.75,299908.0,237241.0
2025-06-20 10:20:54.974698,772.75,300126.0,237001.0
2025-06-20 10:20:55.972957,773.2,299909.0,237253.0
2025-06-20 10:20:56.656809,773.2,299909.0,237253.0
2025-06-20 10:20:57.071613,773.2,300691.0,237132.0
2025-06-20 10:20:57.648088,773.2,300691.0,237132.0
2025-06-20 10:20:58.172571,773.2,300708.0,237232.0
2025-06-20 10:20:58.644713,773.2,300708.0,237232.0
2025-06-20 10:20:59.274893,773.2,300844.0,237636.0
2025-06-20 10:20:59.655325,773.2,300844.0,237636.0
2025-06-20 10:21:00.278428,773.25,300683.0,237199.0
2025-06-20 10:21:02.657917,773.2,300683.0,237199.0
2025-06-20 10:21:03.074024,773.2,301259.0,237180.0
2025-06-20 10:21:04.710333,773.35,301259.0,237180.0
2025-06-20 10:21:07.678692,773.25,301259.0,237180.0
2025-06-20 10:21:09.493772,772.95,300928.0,238639.0
2025-06-20 10:21:11.649083,773.3,300928.0,238639.0
2025-06-20 10:21:13.667327,773.3,300928.0,238639.0
2025-06-20 10:21:15.708093,773.3,300885.0,240054.0
2025-06-20 10:21:19.674842,773.0,300885.0,240054.0
2025-06-20 10:21:21.686920,772.85,300554.0,239013.0
2025-06-20 10:21:22.655714,773.0,300554.0,239013.0
2025-06-20 10:21:25.661004,772.95,300554.0,239013.0
2025-06-20 10:21:27.590030,772.7,299310.0,239140.0
2025-06-20 10:21:28.658316,773.2,299310.0,239140.0
2025-06-20 10:21:32.200893,773.25,299310.0,239140.0
2025-06-20 10:21:33.638000,773.3,301356.0,237287.0
2025-06-20 10:21:34.652040,773.45,301356.0,237287.0
2025-06-20 10:21:37.701773,773.5,301356.0,237287.0
2025-06-20 10:21:39.596358,773.15,301558.0,236739.0
2025-06-20 10:21:40.653049,773.15,301558.0,236739.0
2025-06-20 10:21:41.850741,773.15,301558.0,236739.0
2025-06-20 10:21:42.202888,773.15,301558.0,236739.0
2025-06-20 10:21:43.096717,773.15,301558.0,236739.0
2025-06-20 10:21:43.658771,773.5,301558.0,236739.0
2025-06-20 10:21:43.725009,773.5,301558.0,236739.0
2025-06-20 10:21:44.438434,773.5,301558.0,236739.0
2025-06-20 10:21:45.480326,773.5,301558.0,236739.0
2025-06-20 10:21:45.505309,773.5,301532.0,237206.0
2025-06-20 10:21:45.827634,773.5,301532.0,237206.0
2025-06-20 10:21:46.734310,773.2,301532.0,237206.0
2025-06-20 10:21:46.836516,773.2,301532.0,237206.0
2025-06-20 10:21:48.144449,773.2,301532.0,237206.0
2025-06-20 10:21:49.115926,773.2,301532.0,237206.0
2025-06-20 10:21:49.700561,773.5,301532.0,237206.0
2025-06-20 10:21:50.712983,773.5,301532.0,237206.0
2025-06-20 10:21:51.105564,773.5,301608.0,236670.0
2025-06-20 10:21:51.986048,773.5,301608.0,236670.0
2025-06-20 10:21:52.715705,773.5,301608.0,236670.0
2025-06-20 10:21:53.216900,773.5,301608.0,236670.0
2025-06-20 10:21:54.820545,773.5,301608.0,236670.0
2025-06-20 10:21:56.710463,773.5,301772.0,236314.0
2025-06-20 10:21:58.650122,773.5,301772.0,236314.0
2025-06-20 10:22:02.446164,773.5,300872.0,235878.0
2025-06-20 10:22:02.693596,773.5,300872.0,235878.0
2025-06-20 10:22:04.655495,773.25,300872.0,235878.0
2025-06-20 10:22:07.999217,773.6,300872.0,235878.0
2025-06-20 10:22:08.503695,773.6,299745.0,236828.0
2025-06-20 10:22:11.297334,773.45,299745.0,236828.0
2025-06-20 10:22:14.519979,773.15,299627.0,237062.0
2025-06-20 10:22:14.710818,773.15,299627.0,237062.0
2025-06-20 10:22:16.668230,773.4,299627.0,237062.0
2025-06-20 10:22:19.658758,773.4,299627.0,237062.0
2025-06-20 10:22:20.520367,773.4,299637.0,237123.0
2025-06-20 10:22:22.686178,773.4,299637.0,237123.0
2025-06-20 10:22:25.659490,773.4,299637.0,237123.0
2025-06-20 10:22:26.730040,773.4,299636.0,238145.0
2025-06-20 10:22:28.683118,773.4,299636.0,238145.0
2025-06-20 10:22:31.698884,773.15,299636.0,238145.0
2025-06-20 10:22:32.829827,773.15,299898.0,238671.0
2025-06-20 10:22:34.726452,773.45,299898.0,238671.0
2025-06-20 10:22:38.532472,773.45,299687.0,238716.0
2025-06-20 10:22:39.661411,773.4,299687.0,238716.0
2025-06-20 10:22:41.705105,773.45,299687.0,238716.0
2025-06-20 10:22:43.714086,773.45,299687.0,238716.0
2025-06-20 10:22:44.249055,773.45,301014.0,235943.0
2025-06-20 10:22:45.658036,773.45,301014.0,235943.0
2025-06-20 10:22:47.661109,773.3,301014.0,235943.0
2025-06-20 10:22:49.684596,773.45,301014.0,235943.0
2025-06-20 10:22:49.738048,773.45,300827.0,234600.0
2025-06-20 10:22:51.690421,773.45,300827.0,234600.0
2025-06-20 10:22:53.661774,773.35,300827.0,234600.0
2025-06-20 10:22:55.844222,773.35,300020.0,240118.0
2025-06-20 10:22:59.658814,773.35,300020.0,240118.0
2025-06-20 10:23:01.660935,773.35,300020.0,240118.0
2025-06-20 10:23:01.955904,773.35,295084.0,239532.0
2025-06-20 10:23:03.728674,773.45,295084.0,239532.0
2025-06-20 10:23:07.663698,773.35,295084.0,239532.0
2025-06-20 10:23:07.951329,773.35,295438.0,240586.0
2025-06-20 10:23:09.711963,773.35,295438.0,240586.0
2025-06-20 10:23:11.737799,773.55,295438.0,240586.0
2025-06-20 10:23:13.556130,773.55,296539.0,237321.0
2025-06-20 10:23:15.667854,773.8,296539.0,237321.0
2025-06-20 10:23:17.657939,773.55,296539.0,237321.0
2025-06-20 10:23:19.271951,773.45,295655.0,238186.0
2025-06-20 10:23:19.668973,773.8,295655.0,238186.0
2025-06-20 10:23:21.667274,773.9,295655.0,238186.0
2025-06-20 10:23:23.661356,773.9,295655.0,238186.0
2025-06-20 10:23:25.261703,773.9,296982.0,237340.0
2025-06-20 10:23:25.665267,773.95,296982.0,237340.0
2025-06-20 10:23:27.658896,773.75,296982.0,237340.0
2025-06-20 10:23:29.660584,773.75,296982.0,237340.0
2025-06-20 10:23:31.102436,774.15,296213.0,235728.0
2025-06-20 10:23:31.700366,774.15,296213.0,235728.0
2025-06-20 10:23:33.664063,774.2,296213.0,235728.0
2025-06-20 10:23:35.666980,774.2,296213.0,235728.0
2025-06-20 10:23:36.568971,774.2,295883.0,237220.0
2025-06-20 10:23:37.662708,774.15,295883.0,237220.0
2025-06-20 10:23:39.663480,773.75,295883.0,237220.0
2025-06-20 10:23:42.573513,773.75,294251.0,236971.0
2025-06-20 10:23:43.668211,773.6,294251.0,236971.0
2025-06-20 10:23:45.687460,774.0,294251.0,236971.0
2025-06-20 10:23:48.719183,774.0,292617.0,236379.0
2025-06-20 10:23:49.664633,774.15,292617.0,236379.0
2025-06-20 10:23:51.703131,773.75,292617.0,236379.0
2025-06-20 10:23:53.664192,773.95,292617.0,236379.0
2025-06-20 10:23:54.411118,774.0,292103.0,239585.0
2025-06-20 10:23:55.671441,773.75,292103.0,239585.0
2025-06-20 10:23:57.663630,774.0,292103.0,239585.0
2025-06-20 10:23:59.665391,773.75,292103.0,239585.0
2025-06-20 10:24:00.084523,773.75,289217.0,240599.0
2025-06-20 10:24:01.186245,773.75,290305.0,240472.0
2025-06-20 10:24:01.660933,773.75,290305.0,240472.0
2025-06-20 10:24:02.301828,773.75,290331.0,240551.0
2025-06-20 10:24:03.621548,773.75,290306.0,240596.0
2025-06-20 10:24:04.486512,773.7,290536.0,241681.0
2025-06-20 10:24:04.661025,773.7,290536.0,241681.0
2025-06-20 10:24:05.586465,773.7,290564.0,240581.0
2025-06-20 10:24:06.702859,773.7,290534.0,240521.0
2025-06-20 10:24:07.718766,773.7,290534.0,240521.0
2025-06-20 10:24:07.807138,773.7,290096.0,244056.0
2025-06-20 10:24:08.993714,773.7,290374.0,242687.0
2025-06-20 10:24:09.902658,773.7,290489.0,242953.0
2025-06-20 10:24:10.925496,773.5,290489.0,242953.0
2025-06-20 10:24:11.045707,773.7,289609.0,245174.0
2025-06-20 10:24:11.702048,773.65,289609.0,245174.0
2025-06-20 10:24:11.991161,773.65,290479.0,241588.0
2025-06-20 10:24:12.838947,773.75,290479.0,241588.0
2025-06-20 10:24:13.091533,773.75,291362.0,240677.0
2025-06-20 10:24:14.096951,773.75,291362.0,240677.0
2025-06-20 10:24:14.191399,773.75,291567.0,241027.0
2025-06-20 10:24:14.713163,773.95,291567.0,241027.0
2025-06-20 10:24:15.191836,773.95,291176.0,239942.0
2025-06-20 10:24:15.654490,774.0,291176.0,239942.0
2025-06-20 10:24:16.305167,774.0,289388.0,239693.0
2025-06-20 10:24:16.745083,774.0,289388.0,239693.0
2025-06-20 10:24:17.409326,774.0,291470.0,241369.0
2025-06-20 10:24:17.662071,774.0,291470.0,241369.0
2025-06-20 10:24:18.495161,774.0,291398.0,240100.0
2025-06-20 10:24:19.595070,774.0,291519.0,240185.0
2025-06-20 10:24:20.602682,774.0,291245.0,239333.0
2025-06-20 10:24:20.668841,774.0,291245.0,239333.0
2025-06-20 10:24:21.660524,774.0,291245.0,239333.0
2025-06-20 10:24:21.710950,774.0,301717.0,239732.0
2025-06-20 10:24:22.657464,774.0,301717.0,239732.0
2025-06-20 10:24:22.800465,774.0,301620.0,239808.0
2025-06-20 10:24:23.664797,774.0,301620.0,239808.0
2025-06-20 10:24:23.910684,774.0,301478.0,240037.0
2025-06-20 10:24:24.667103,773.7,301478.0,240037.0
2025-06-20 10:24:25.002964,773.7,301424.0,238962.0
2025-06-20 10:24:25.917638,773.7,302495.0,240180.0
2025-06-20 10:24:27.001150,774.0,301505.0,241088.0
2025-06-20 10:24:27.655350,773.75,301505.0,241088.0
2025-06-20 10:24:28.107485,773.75,301747.0,241040.0
2025-06-20 10:24:28.659606,773.75,301747.0,241040.0
2025-06-20 10:24:29.204037,773.75,301479.0,241522.0
2025-06-20 10:24:30.309137,773.75,301458.0,241060.0
2025-06-20 10:24:31.414551,773.75,301427.0,241033.0
2025-06-20 10:24:31.658726,774.0,301427.0,241033.0
2025-06-20 10:24:32.418937,774.0,301054.0,240369.0
2025-06-20 10:24:33.504128,773.75,301810.0,240560.0
2025-06-20 10:24:33.657672,773.75,301810.0,240560.0
2025-06-20 10:24:34.604414,773.5,299238.0,244720.0
2025-06-20 10:24:34.663657,773.5,299238.0,244720.0
2025-06-20 10:24:35.716354,773.5,299418.0,243403.0
2025-06-20 10:24:36.660194,773.5,299418.0,243403.0
2025-06-20 10:24:36.806740,773.5,299570.0,242521.0
2025-06-20 10:24:37.657655,773.5,299570.0,242521.0
2025-06-20 10:24:37.940025,773.5,299566.0,242494.0
2025-06-20 10:24:38.660314,773.25,299566.0,242494.0
2025-06-20 10:24:39.008508,773.25,298925.0,241351.0
2025-06-20 10:24:39.657999,773.3,298925.0,241351.0
2025-06-20 10:24:40.106324,773.3,299146.0,241111.0
2025-06-20 10:24:40.665788,773.5,299146.0,241111.0
2025-06-20 10:24:41.207478,773.5,299201.0,241105.0
2025-06-20 10:24:41.660661,773.8,299201.0,241105.0
2025-06-20 10:24:42.296803,773.8,299201.0,241105.0
2025-06-20 10:24:42.329221,773.8,300630.0,241011.0
2025-06-20 10:24:42.654447,773.8,300630.0,241011.0
2025-06-20 10:24:43.427473,773.85,300638.0,241291.0
2025-06-20 10:24:43.504298,773.85,300638.0,241291.0
2025-06-20 10:24:43.657587,773.85,300638.0,241291.0
2025-06-20 10:24:43.786453,773.85,300638.0,241291.0
2025-06-20 10:24:44.038497,773.85,300638.0,241291.0
2025-06-20 10:24:44.311608,773.95,300101.0,240652.0
2025-06-20 10:24:44.439048,773.95,300101.0,240652.0
2025-06-20 10:24:44.702118,773.95,300101.0,240652.0
2025-06-20 10:24:45.087803,773.95,300101.0,240652.0
2025-06-20 10:24:45.443947,773.85,300197.0,240586.0
2025-06-20 10:24:45.514858,773.85,300197.0,240586.0
2025-06-20 10:24:45.659278,773.9,300197.0,240586.0
2025-06-20 10:24:46.102764,773.9,300197.0,240586.0
2025-06-20 10:24:46.509181,773.55,300599.0,239980.0
2025-06-20 10:24:46.657123,773.55,300599.0,239980.0
2025-06-20 10:24:47.691851,773.55,300599.0,239980.0
2025-06-20 10:24:47.698849,774.0,300527.0,239837.0
2025-06-20 10:24:47.702661,774.0,300527.0,239837.0
2025-06-20 10:24:48.658778,773.9,300527.0,239837.0
2025-06-20 10:24:48.710411,773.9,301478.0,240376.0
2025-06-20 10:24:48.818970,773.9,301478.0,240376.0
2025-06-20 10:24:49.610801,773.9,301480.0,241855.0
2025-06-20 10:24:49.666431,773.95,301480.0,241855.0
2025-06-20 10:24:49.796196,773.95,301480.0,241855.0
2025-06-20 10:24:50.713008,773.95,301749.0,241438.0
2025-06-20 10:24:51.301228,773.95,301749.0,241438.0
2025-06-20 10:24:51.811170,773.95,301727.0,241438.0
2025-06-20 10:24:52.577585,773.95,301727.0,241438.0
2025-06-20 10:24:52.946484,773.95,301758.0,241275.0
2025-06-20 10:24:53.665754,773.65,301758.0,241275.0
2025-06-20 10:24:53.834221,773.65,301758.0,241275.0
2025-06-20 10:24:54.014884,773.65,301668.0,239472.0
2025-06-20 10:24:54.662487,774.0,301668.0,239472.0
2025-06-20 10:24:55.112952,774.0,301755.0,240657.0
2025-06-20 10:24:55.463125,774.0,301755.0,240657.0
2025-06-20 10:24:56.214459,774.0,301713.0,241120.0
2025-06-20 10:24:57.317270,773.95,301479.0,240858.0
2025-06-20 10:24:57.659799,774.0,301479.0,240858.0
2025-06-20 10:24:58.425673,774.0,302864.0,240753.0
2025-06-20 10:24:58.661708,774.0,302864.0,240753.0
2025-06-20 10:24:59.514855,774.0,301789.0,240968.0
2025-06-20 10:24:59.660901,774.0,301789.0,240968.0
2025-06-20 10:25:01.233402,774.0,301712.0,240943.0
2025-06-20 10:25:02.219812,774.0,301827.0,240537.0
2025-06-20 10:25:03.318669,774.0,302831.0,241832.0
2025-06-20 10:25:03.660628,774.0,302831.0,241832.0
2025-06-20 10:25:04.433676,774.0,303053.0,241787.0
2025-06-20 10:25:05.453420,774.0,302883.0,241838.0
2025-06-20 10:25:06.435866,774.0,301942.0,238532.0
2025-06-20 10:25:07.525473,774.0,302314.0,240527.0
2025-06-20 10:25:07.659923,774.0,302314.0,240527.0
2025-06-20 10:25:08.526868,774.0,302619.0,240411.0
2025-06-20 10:25:08.665023,774.0,302619.0,240411.0
2025-06-20 10:25:09.654529,774.0,302651.0,240411.0
2025-06-20 10:25:09.696889,773.8,302651.0,240411.0
2025-06-20 10:25:10.528602,774.0,302631.0,241879.0
2025-06-20 10:25:10.677016,774.0,302631.0,241879.0
2025-06-20 10:25:11.528326,774.0,302821.0,242382.0
2025-06-20 10:25:11.661237,774.0,302821.0,242382.0
2025-06-20 10:25:12.630755,773.85,304502.0,242342.0
2025-06-20 10:25:12.663429,773.7,304502.0,242342.0
2025-06-20 10:25:13.628400,773.7,303357.0,238964.0
2025-06-20 10:25:13.656552,773.7,303357.0,238964.0
2025-06-20 10:25:14.631273,773.7,303264.0,239678.0
2025-06-20 10:25:15.629631,773.7,303407.0,239921.0
2025-06-20 10:25:16.631114,773.7,303468.0,240247.0
2025-06-20 10:25:17.660132,774.0,303468.0,240247.0
2025-06-20 10:25:17.728273,774.0,303587.0,240055.0
2025-06-20 10:25:18.661025,774.0,303587.0,240055.0
2025-06-20 10:25:18.830170,774.0,303375.0,239561.0
2025-06-20 10:25:20.359255,773.7,303388.0,240696.0
2025-06-20 10:25:20.703107,774.0,303388.0,240696.0
2025-06-20 10:25:21.031493,774.0,303542.0,241127.0
2025-06-20 10:25:22.133956,773.75,303760.0,241296.0
2025-06-20 10:25:22.658573,774.0,303760.0,241296.0
2025-06-20 10:25:23.245083,774.0,303911.0,241021.0
2025-06-20 10:25:24.340200,774.0,303911.0,241028.0
2025-06-20 10:25:24.667319,774.0,303911.0,241028.0
2025-06-20 10:25:25.333511,774.0,303991.0,241013.0
2025-06-20 10:25:26.336753,774.0,303889.0,241143.0
2025-06-20 10:25:27.498144,774.0,303461.0,241375.0
2025-06-20 10:25:28.535201,774.0,303531.0,241460.0
2025-06-20 10:25:29.637627,774.0,304432.0,237777.0
2025-06-20 10:25:30.660689,773.85,304432.0,237777.0
2025-06-20 10:25:30.738116,773.85,304459.0,239383.0
2025-06-20 10:25:31.667200,774.0,304459.0,239383.0
2025-06-20 10:25:31.736310,774.0,304392.0,239376.0
2025-06-20 10:25:32.840074,774.0,303574.0,239327.0
2025-06-20 10:25:33.662050,774.0,303574.0,239327.0
2025-06-20 10:25:33.840952,774.0,303837.0,238400.0
2025-06-20 10:25:34.951196,774.0,303793.0,238613.0
2025-06-20 10:25:35.662813,773.7,303793.0,238613.0
2025-06-20 10:25:35.957062,773.75,303908.0,238683.0
2025-06-20 10:25:36.661676,774.0,303908.0,238683.0
2025-06-20 10:25:37.043230,774.0,303941.0,238539.0
2025-06-20 10:25:38.043864,774.0,303982.0,238510.0
2025-06-20 10:25:39.144263,774.0,303941.0,238599.0
2025-06-20 10:25:40.244043,774.0,304002.0,238599.0
2025-06-20 10:25:41.346491,774.0,304004.0,238963.0
2025-06-20 10:25:42.680007,774.0,304042.0,239012.0
2025-06-20 10:25:42.689198,773.75,304042.0,239012.0
2025-06-20 10:25:43.617020,774.0,304023.0,239480.0
2025-06-20 10:25:43.735637,774.0,304023.0,239480.0
2025-06-20 10:25:44.550159,774.0,304075.0,239383.0
2025-06-20 10:25:44.666313,774.0,304075.0,239383.0
2025-06-20 10:25:45.649695,774.0,303888.0,239602.0
2025-06-20 10:25:46.749816,774.0,303909.0,239593.0
2025-06-20 10:25:47.664010,773.75,303909.0,239593.0
2025-06-20 10:25:47.854101,773.75,303415.0,239655.0
2025-06-20 10:25:48.961707,773.75,303619.0,239655.0
2025-06-20 10:25:49.662404,774.0,303619.0,239655.0
2025-06-20 10:25:49.960360,774.0,303643.0,239485.0
2025-06-20 10:25:50.665594,774.0,303643.0,239485.0
2025-06-20 10:25:51.053322,774.0,303627.0,239402.0
2025-06-20 10:25:52.058349,774.0,303627.0,238936.0
2025-06-20 10:25:53.155489,774.0,303569.0,239341.0
2025-06-20 10:25:54.254038,774.0,303569.0,239262.0
2025-06-20 10:25:55.413063,774.0,303565.0,239230.0
2025-06-20 10:25:56.356469,774.0,303565.0,239264.0
2025-06-20 10:25:56.662175,774.0,303565.0,239264.0
2025-06-20 10:25:57.462126,774.1,303461.0,238786.0
2025-06-20 10:25:57.669448,774.1,303461.0,238786.0
2025-06-20 10:25:58.558461,774.1,303513.0,238937.0
2025-06-20 10:25:58.664959,774.1,303513.0,238937.0
2025-06-20 10:25:59.666959,774.1,303513.0,238937.0
2025-06-20 10:25:59.671205,774.1,303678.0,240094.0
2025-06-20 10:26:03.674807,774.1,303678.0,240094.0
2025-06-20 10:26:03.861504,774.1,302981.0,239705.0
2025-06-20 10:26:06.669404,774.0,302981.0,239705.0
2025-06-20 10:26:09.674169,773.95,302981.0,239705.0
2025-06-20 10:26:10.169916,773.95,303727.0,238789.0
2025-06-20 10:26:12.667963,773.95,303727.0,238789.0
2025-06-20 10:26:15.671063,773.7,303727.0,238789.0
2025-06-20 10:26:16.581843,773.8,300878.0,244746.0
2025-06-20 10:26:18.676511,773.5,300878.0,244746.0
2025-06-20 10:26:21.671229,773.85,300878.0,244746.0
2025-06-20 10:26:22.789596,773.3,298561.0,246425.0
2025-06-20 10:26:24.671914,773.3,298561.0,246425.0
2025-06-20 10:26:27.687502,773.2,298561.0,246425.0
2025-06-20 10:26:28.980691,773.2,298060.0,244905.0
2025-06-20 10:26:30.696543,773.2,298060.0,244905.0
2025-06-20 10:26:33.672628,773.6,298060.0,244905.0
2025-06-20 10:26:35.090336,773.2,298933.0,245801.0
2025-06-20 10:26:36.678642,772.4,298933.0,245801.0
2025-06-20 10:26:39.682367,772.85,298933.0,245801.0
2025-06-20 10:26:41.692179,772.55,294605.0,251020.0
2025-06-20 10:26:42.720423,772.55,294605.0,251020.0
2025-06-20 10:26:47.815068,772.5,295753.0,250786.0
2025-06-20 10:26:48.673184,772.5,295753.0,250786.0
2025-06-20 10:26:51.747015,772.15,295753.0,250786.0
2025-06-20 10:26:54.002353,772.85,293732.0,249078.0
2025-06-20 10:26:54.707853,772.85,293732.0,249078.0
2025-06-20 10:26:57.703319,772.85,293732.0,249078.0
2025-06-20 10:27:00.307542,772.85,294573.0,251167.0
2025-06-20 10:27:00.680196,772.85,294573.0,251167.0
2025-06-20 10:27:03.696793,772.85,294573.0,251167.0
2025-06-20 10:27:06.613848,772.85,293775.0,251153.0
2025-06-20 10:27:06.743834,772.85,293775.0,251153.0
2025-06-20 10:27:09.697738,773.0,293775.0,251153.0
2025-06-20 10:27:12.710360,773.0,293775.0,251153.0
2025-06-20 10:27:13.314938,772.9,293542.0,246426.0
2025-06-20 10:27:15.672480,773.15,293542.0,246426.0
2025-06-20 10:27:18.680717,773.65,293542.0,246426.0
2025-06-20 10:27:19.955910,773.65,297021.0,245817.0
2025-06-20 10:27:21.709324,773.8,297021.0,245817.0
2025-06-20 10:27:25.352849,773.85,297021.0,245817.0
2025-06-20 10:27:26.331031,773.65,297030.0,242405.0
2025-06-20 10:27:28.748364,773.65,297030.0,242405.0
2025-06-20 10:27:32.727933,773.65,297030.0,242405.0
2025-06-20 10:27:33.132197,773.65,297884.0,246631.0
2025-06-20 10:27:34.701177,773.65,297884.0,246631.0
2025-06-20 10:27:38.721535,773.65,297884.0,246631.0
2025-06-20 10:27:39.646430,773.45,297102.0,248121.0
2025-06-20 10:27:41.671044,773.6,297102.0,248121.0
2025-06-20 10:27:42.698623,773.6,297102.0,248121.0
2025-06-20 10:27:43.035420,773.6,297102.0,248121.0
2025-06-20 10:27:44.266605,773.6,297102.0,248121.0
2025-06-20 10:27:45.299158,773.6,297102.0,248121.0
2025-06-20 10:27:45.682528,773.65,297102.0,248121.0
2025-06-20 10:27:45.782020,773.65,297102.0,248121.0
2025-06-20 10:27:46.146692,773.3,297593.0,247628.0
2025-06-20 10:27:46.298475,773.3,297593.0,247628.0
2025-06-20 10:27:47.697576,773.3,297593.0,247628.0
2025-06-20 10:27:49.014360,773.3,297593.0,247628.0
2025-06-20 10:27:49.681525,773.65,297593.0,247628.0
2025-06-20 10:27:50.011832,773.65,297593.0,247628.0
2025-06-20 10:27:51.509063,773.65,297593.0,247628.0
2025-06-20 10:27:51.684913,773.5,297593.0,247628.0
2025-06-20 10:27:52.476469,773.5,297814.0,247064.0
2025-06-20 10:27:52.823921,773.5,297814.0,247064.0
2025-06-20 10:27:54.027334,773.5,297814.0,247064.0
2025-06-20 10:27:54.687424,773.65,297814.0,247064.0
2025-06-20 10:27:55.624694,773.65,297814.0,247064.0
2025-06-20 10:27:57.693032,773.65,297814.0,247064.0
2025-06-20 10:27:58.964786,773.3,297248.0,246194.0
2025-06-20 10:28:00.671471,773.65,297248.0,246194.0
2025-06-20 10:28:02.677205,773.65,297248.0,246194.0
2025-06-20 10:28:05.061883,773.65,298046.0,246729.0
2025-06-20 10:28:06.679177,773.45,298046.0,246729.0
2025-06-20 10:28:11.063695,773.45,297808.0,246937.0
2025-06-20 10:28:12.680901,773.7,297808.0,246937.0
2025-06-20 10:28:17.187336,773.5,297930.0,249922.0
2025-06-20 10:28:18.676751,773.6,297930.0,249922.0
2025-06-20 10:28:20.680270,773.6,297930.0,249922.0
2025-06-20 10:28:23.172797,773.45,293886.0,252141.0
2025-06-20 10:28:24.679192,773.25,293886.0,252141.0
2025-06-20 10:28:29.192781,773.25,296538.0,250992.0
2025-06-20 10:28:29.673253,773.1,296538.0,250992.0
2025-06-20 10:28:33.753969,773.1,296538.0,250992.0
2025-06-20 10:28:35.385421,773.1,297129.0,249363.0
2025-06-20 10:28:38.688044,773.15,297129.0,249363.0
2025-06-20 10:28:41.389767,773.15,297163.0,249688.0
2025-06-20 10:28:41.688716,773.15,297163.0,249688.0
2025-06-20 10:28:44.681821,773.15,297163.0,249688.0
2025-06-20 10:28:47.588506,773.25,297308.0,246234.0
2025-06-20 10:28:47.681918,773.25,297308.0,246234.0
2025-06-20 10:28:50.740991,773.65,297308.0,246234.0
2025-06-20 10:28:53.897430,773.65,298020.0,247175.0
2025-06-20 10:28:56.682360,773.4,298020.0,247175.0
2025-06-20 10:28:59.680057,773.4,298020.0,247175.0
2025-06-20 10:28:59.901230,773.4,298190.0,246567.0
2025-06-20 10:29:01.683577,773.4,298190.0,246567.0
2025-06-20 10:29:03.675663,773.4,298190.0,246567.0
2025-06-20 10:29:05.685127,773.4,298190.0,246567.0
2025-06-20 10:29:05.798587,773.4,296460.0,245076.0
2025-06-20 10:29:07.680370,773.4,296460.0,245076.0
2025-06-20 10:29:09.684433,773.4,296460.0,245076.0
2025-06-20 10:29:12.009469,773.4,298084.0,247459.0
2025-06-20 10:29:13.681040,773.4,298084.0,247459.0
2025-06-20 10:29:15.685909,773.4,298084.0,247459.0
2025-06-20 10:29:17.738051,773.25,298084.0,247459.0
2025-06-20 10:29:18.238056,773.25,297133.0,246960.0
2025-06-20 10:29:21.684446,773.4,297133.0,246960.0
2025-06-20 10:29:24.027163,773.4,297348.0,247003.0
2025-06-20 10:29:27.689946,773.4,297348.0,247003.0
2025-06-20 10:29:29.618047,773.4,297455.0,246761.0
2025-06-20 10:29:31.696409,773.4,297455.0,246761.0
2025-06-20 10:29:35.221380,773.4,297325.0,248278.0
2025-06-20 10:29:35.685697,773.3,297325.0,248278.0
2025-06-20 10:29:38.685398,773.4,297325.0,248278.0
2025-06-20 10:29:41.137233,773.3,297694.0,248366.0
2025-06-20 10:29:41.714974,773.3,297694.0,248366.0
2025-06-20 10:29:44.829025,773.25,297694.0,248366.0
2025-06-20 10:29:47.166991,773.25,297367.0,247429.0
2025-06-20 10:29:47.716968,773.4,297367.0,247429.0
2025-06-20 10:29:50.720958,773.4,297367.0,247429.0
2025-06-20 10:29:53.036537,773.4,297538.0,247566.0
2025-06-20 10:29:53.718840,773.4,297538.0,247566.0
2025-06-20 10:29:58.640296,773.4,297784.0,247482.0
2025-06-20 10:29:59.691915,773.4,297784.0,247482.0
2025-06-20 10:30:01.712252,773.4,297784.0,247482.0
2025-06-20 10:30:04.140614,773.4,297787.0,247613.0
2025-06-20 10:30:05.726122,773.4,297787.0,247613.0
2025-06-20 10:30:09.785922,773.4,297787.0,247613.0
2025-06-20 10:30:10.249583,773.4,297518.0,247050.0
2025-06-20 10:30:11.707480,773.4,297518.0,247050.0
2025-06-20 10:30:13.733353,773.4,297518.0,247050.0
2025-06-20 10:30:16.250318,773.4,298020.0,244437.0
2025-06-20 10:30:17.697420,773.45,298020.0,244437.0
2025-06-20 10:30:19.727532,773.65,298020.0,244437.0
2025-06-20 10:30:22.053354,773.65,298218.0,242937.0
2025-06-20 10:30:23.727809,773.65,298218.0,242937.0
2025-06-20 10:30:25.718582,773.9,298218.0,242937.0
2025-06-20 10:30:27.756859,773.9,298102.0,243125.0
2025-06-20 10:30:31.337270,773.85,298102.0,243125.0
2025-06-20 10:30:33.562619,773.8,298315.0,242160.0
2025-06-20 10:30:34.695644,773.85,298315.0,242160.0
2025-06-20 10:30:36.687262,773.95,298315.0,242160.0
2025-06-20 10:30:39.368846,773.85,298766.0,241638.0
2025-06-20 10:30:39.698086,773.95,298766.0,241638.0
2025-06-20 10:30:42.690121,773.85,298766.0,241638.0
2025-06-20 10:30:43.223766,773.85,298766.0,241638.0
2025-06-20 10:30:44.247846,773.85,298766.0,241638.0
2025-06-20 10:30:45.073038,774.0,300201.0,239358.0
2025-06-20 10:30:45.317619,774.0,300201.0,239358.0
2025-06-20 10:30:45.705588,774.0,300201.0,239358.0
2025-06-20 10:30:46.013904,774.0,300201.0,239358.0
2025-06-20 10:30:46.494988,774.0,300201.0,239358.0
2025-06-20 10:30:47.699028,774.0,300201.0,239358.0
2025-06-20 10:30:48.385907,774.0,300201.0,239358.0
2025-06-20 10:30:48.684314,774.0,300201.0,239358.0
2025-06-20 10:30:49.733004,774.0,300201.0,239358.0
2025-06-20 10:30:50.690398,773.85,299223.0,239987.0
2025-06-20 10:30:50.764670,773.85,299223.0,239987.0
2025-06-20 10:30:51.690613,773.85,299223.0,239987.0
2025-06-20 10:30:52.259930,773.85,299223.0,239987.0
2025-06-20 10:30:53.533076,773.85,299223.0,239987.0
2025-06-20 10:30:54.691446,774.0,299223.0,239987.0
2025-06-20 10:30:54.806480,774.0,299223.0,239987.0
2025-06-20 10:30:56.278080,774.0,299208.0,239560.0
2025-06-20 10:30:56.510337,774.0,299208.0,239560.0
2025-06-20 10:30:57.731151,774.0,299208.0,239560.0
2025-06-20 10:31:00.690989,773.7,299208.0,239560.0
2025-06-20 10:31:02.488597,773.7,298994.0,239739.0
2025-06-20 10:31:04.696944,774.2,298994.0,239739.0
2025-06-20 10:31:06.723489,774.2,298994.0,239739.0
2025-06-20 10:31:08.806542,774.2,298563.0,236675.0
2025-06-20 10:31:09.952792,774.25,298563.0,236675.0
2025-06-20 10:31:12.710186,774.25,298563.0,236675.0
2025-06-20 10:31:14.899874,774.25,299113.0,239841.0
2025-06-20 10:31:16.707099,774.0,299113.0,239841.0
2025-06-20 10:31:18.745550,774.25,299113.0,239841.0
2025-06-20 10:31:20.903154,774.3,299334.0,239807.0
2025-06-20 10:31:21.715550,774.3,299334.0,239807.0
2025-06-20 10:31:24.746468,774.4,299334.0,239807.0
2025-06-20 10:31:26.798953,774.4,300091.0,240367.0
2025-06-20 10:31:27.736744,774.3,300091.0,240367.0
2025-06-20 10:31:30.760979,774.15,300091.0,240367.0
2025-06-20 10:31:32.631064,774.15,298754.0,241109.0
2025-06-20 10:31:34.743508,774.3,298754.0,241109.0
2025-06-20 10:31:36.717556,774.4,298754.0,241109.0
2025-06-20 10:31:38.731375,774.2,298055.0,244488.0
2025-06-20 10:31:39.760318,774.2,298055.0,244488.0
2025-06-20 10:31:43.734564,774.25,298055.0,244488.0
2025-06-20 10:31:44.609407,774.25,295700.0,243851.0
2025-06-20 10:31:46.705552,774.25,295700.0,243851.0
2025-06-20 10:31:48.710553,774.05,295700.0,243851.0
2025-06-20 10:31:50.454521,774.2,298380.0,243865.0
2025-06-20 10:31:51.702521,774.2,298380.0,243865.0
2025-06-20 10:31:55.742378,774.0,298380.0,243865.0
2025-06-20 10:31:56.446870,774.2,297850.0,244237.0
2025-06-20 10:31:57.739581,774.2,297850.0,244237.0
2025-06-20 10:32:02.124354,774.2,298129.0,244838.0
2025-06-20 10:32:04.756459,773.7,298129.0,244838.0
2025-06-20 10:32:08.654079,773.2,294104.0,253547.0
2025-06-20 10:32:08.699765,773.2,294104.0,253547.0
2025-06-20 10:32:12.694625,773.3,294104.0,253547.0
2025-06-20 10:32:14.744647,773.55,295557.0,251717.0
2025-06-20 10:32:16.698679,773.5,295557.0,251717.0
2025-06-20 10:32:20.715231,773.2,295557.0,251717.0
2025-06-20 10:32:21.047695,773.35,295393.0,254972.0
2025-06-20 10:32:24.698436,773.1,295393.0,254972.0
2025-06-20 10:32:27.338699,773.1,293486.0,255824.0
2025-06-20 10:32:28.698747,773.15,293486.0,255824.0
2025-06-20 10:32:30.743366,772.9,293486.0,255824.0
2025-06-20 10:32:33.542121,772.9,294534.0,255670.0
2025-06-20 10:32:33.693198,772.9,294534.0,255670.0
2025-06-20 10:32:36.735984,773.15,294534.0,255670.0
2025-06-20 10:32:39.736259,772.95,294534.0,255670.0
2025-06-20 10:32:39.769238,772.95,295223.0,255759.0
2025-06-20 10:32:42.729138,772.9,295223.0,255759.0
2025-06-20 10:32:45.681465,773.15,295169.0,255265.0
2025-06-20 10:32:45.728230,773.15,295169.0,255265.0
2025-06-20 10:32:49.691240,773.45,295169.0,255265.0
2025-06-20 10:32:51.813847,773.3,296406.0,247158.0
2025-06-20 10:32:52.731638,773.85,296406.0,247158.0
2025-06-20 10:32:54.702560,773.6,296406.0,247158.0
2025-06-20 10:32:57.703180,773.55,296406.0,247158.0
2025-06-20 10:32:57.981546,773.55,297980.0,249047.0
2025-06-20 10:33:00.703654,774.0,297980.0,249047.0
2025-06-20 10:33:03.788866,774.15,297980.0,249047.0
2025-06-20 10:33:03.794304,774.15,299108.0,248114.0
2025-06-20 10:33:06.754337,774.05,299108.0,248114.0
2025-06-20 10:33:09.363757,774.05,298961.0,248424.0
2025-06-20 10:33:10.844575,774.0,298961.0,248424.0
2025-06-20 10:33:12.699666,773.75,298961.0,248424.0
2025-06-20 10:33:14.695008,774.0,298961.0,248424.0
2025-06-20 10:33:15.267967,774.0,299352.0,248966.0
2025-06-20 10:33:16.695158,774.05,299352.0,248966.0
2025-06-20 10:33:18.707465,774.05,299352.0,248966.0
2025-06-20 10:33:20.693467,773.75,299352.0,248966.0
2025-06-20 10:33:21.074749,773.75,298941.0,250194.0
2025-06-20 10:33:22.750909,774.0,298941.0,250194.0
2025-06-20 10:33:24.693109,773.75,298941.0,250194.0
2025-06-20 10:33:26.701303,773.75,298941.0,250194.0
2025-06-20 10:33:27.180124,773.75,299076.0,248820.0
2025-06-20 10:33:32.835780,773.75,299076.0,248820.0
2025-06-20 10:33:33.283275,773.75,299324.0,249619.0
2025-06-20 10:33:36.707545,774.0,299324.0,249619.0
2025-06-20 10:33:39.281283,773.75,298397.0,250219.0
2025-06-20 10:33:39.704442,773.55,298397.0,250219.0
2025-06-20 10:33:42.692918,773.85,298397.0,250219.0
2025-06-20 10:33:43.684418,773.85,298397.0,250219.0
2025-06-20 10:33:44.048338,773.85,298397.0,250219.0
2025-06-20 10:33:45.039735,773.85,298397.0,250219.0
2025-06-20 10:33:45.190993,773.85,298925.0,250131.0
2025-06-20 10:33:45.305402,773.85,298925.0,250131.0
2025-06-20 10:33:46.385007,773.85,298925.0,250131.0
2025-06-20 10:33:47.524886,773.85,298925.0,250131.0
2025-06-20 10:33:48.709659,773.85,298925.0,250131.0
2025-06-20 10:33:48.797940,773.85,298925.0,250131.0
2025-06-20 10:33:50.146001,773.85,298925.0,250131.0
2025-06-20 10:33:50.993129,773.55,298100.0,250619.0
2025-06-20 10:33:51.363098,773.55,298100.0,250619.0
2025-06-20 10:33:51.697839,773.85,298100.0,250619.0
2025-06-20 10:33:52.672756,773.85,298100.0,250619.0
2025-06-20 10:33:54.000666,773.85,298100.0,250619.0
2025-06-20 10:33:54.741215,773.85,298100.0,250619.0
2025-06-20 10:33:55.208827,773.85,298100.0,250619.0
2025-06-20 10:33:56.844283,773.85,298100.0,250619.0
2025-06-20 10:33:56.904509,773.55,299442.0,249342.0
2025-06-20 10:33:57.697899,773.55,299442.0,249342.0
2025-06-20 10:34:02.684515,773.55,299018.0,251304.0
2025-06-20 10:34:08.302601,773.55,298490.0,252012.0
2025-06-20 10:34:10.740154,773.55,298490.0,252012.0
2025-06-20 10:34:14.509386,773.55,299538.0,250495.0
2025-06-20 10:34:15.729908,773.55,299538.0,250495.0
2025-06-20 10:34:18.696886,773.8,299538.0,250495.0
2025-06-20 10:34:20.145757,773.5,298488.0,251836.0
2025-06-20 10:34:21.708800,773.25,298488.0,251836.0
2025-06-20 10:34:24.739242,773.3,298488.0,251836.0
2025-06-20 10:34:25.609309,773.3,296709.0,252456.0
2025-06-20 10:34:27.749439,773.5,296709.0,252456.0
2025-06-20 10:34:30.710020,773.5,296709.0,252456.0
2025-06-20 10:34:31.219197,773.5,298821.0,252037.0
2025-06-20 10:34:33.734115,773.35,298821.0,252037.0
2025-06-20 10:34:36.741547,773.5,298821.0,252037.0
2025-06-20 10:34:37.018681,773.5,298144.0,252677.0
2025-06-20 10:34:39.733729,773.3,298144.0,252677.0
2025-06-20 10:34:42.743454,773.35,298144.0,252677.0
2025-06-20 10:34:42.748236,773.35,297126.0,255241.0
2025-06-20 10:34:45.752739,773.15,297126.0,255241.0
2025-06-20 10:34:48.326806,773.15,297372.0,254554.0
2025-06-20 10:34:48.705105,773.15,297372.0,254554.0
2025-06-20 10:34:54.037113,773.15,286515.0,259207.0
2025-06-20 10:34:54.739936,773.1,286515.0,259207.0
2025-06-20 10:34:56.765033,773.1,286515.0,259207.0
2025-06-20 10:34:58.702782,772.9,286515.0,259207.0
2025-06-20 10:34:59.340073,772.9,295779.0,258140.0
2025-06-20 10:35:00.769484,773.1,295779.0,258140.0
2025-06-20 10:35:04.556156,772.9,295714.0,258044.0
2025-06-20 10:35:04.699100,772.9,295714.0,258044.0
2025-06-20 10:35:09.703135,772.9,295714.0,258044.0
2025-06-20 10:35:10.242760,772.9,295646.0,258105.0
2025-06-20 10:35:13.697871,773.1,295646.0,258105.0
2025-06-20 10:35:15.702995,772.85,295646.0,258105.0
2025-06-20 10:35:16.048697,772.85,296010.0,256999.0
2025-06-20 10:35:18.731384,772.9,296010.0,256999.0
2025-06-20 10:35:22.050772,772.9,295866.0,257040.0
2025-06-20 10:35:23.727875,772.9,295866.0,257040.0
2025-06-20 10:35:25.705966,772.9,295866.0,257040.0
2025-06-20 10:35:27.705621,772.9,295866.0,257040.0
2025-06-20 10:35:27.853783,772.9,295892.0,256617.0
2025-06-20 10:35:29.704313,773.1,295892.0,256617.0
2025-06-20 10:35:33.704800,773.15,295892.0,256617.0
2025-06-20 10:35:33.864766,773.15,298459.0,254691.0
2025-06-20 10:35:35.703263,773.35,298459.0,254691.0
2025-06-20 10:35:39.561520,773.15,297433.0,255271.0
2025-06-20 10:35:39.748259,773.15,297433.0,255271.0
2025-06-20 10:35:43.736630,773.5,297433.0,255271.0
2025-06-20 10:35:45.366365,773.5,297748.0,255401.0
2025-06-20 10:35:47.717074,773.15,297748.0,255401.0
2025-06-20 10:35:51.372735,773.15,297578.0,256330.0
2025-06-20 10:35:53.714214,773.45,297578.0,256330.0
2025-06-20 10:35:55.724334,773.2,297578.0,256330.0
2025-06-20 10:35:57.174450,773.2,297824.0,255899.0
2025-06-20 10:35:59.718731,773.55,297824.0,255899.0
2025-06-20 10:36:02.774178,773.45,297599.0,256379.0
2025-06-20 10:36:03.713203,773.45,297599.0,256379.0
2025-06-20 10:36:08.774215,773.45,297871.0,256447.0
2025-06-20 10:36:11.714011,773.45,297871.0,256447.0
2025-06-20 10:36:14.728369,773.15,297871.0,256447.0
2025-06-20 10:36:14.875118,773.15,297799.0,257805.0
2025-06-20 10:36:17.750366,773.15,297799.0,257805.0
2025-06-20 10:36:20.724414,773.45,297799.0,257805.0
2025-06-20 10:36:20.778484,773.45,297854.0,256549.0
2025-06-20 10:36:23.714558,773.45,297854.0,256549.0
2025-06-20 10:36:26.686570,773.45,297147.0,256752.0
2025-06-20 10:36:29.727436,773.45,297147.0,256752.0
2025-06-20 10:36:32.707007,773.4,297147.0,256752.0
2025-06-20 10:36:32.788463,773.4,296433.0,258174.0
2025-06-20 10:36:35.718419,773.4,296433.0,258174.0
2025-06-20 10:36:38.899904,773.4,296577.0,258585.0
2025-06-20 10:36:44.144693,773.4,296577.0,258585.0
2025-06-20 10:36:44.595383,773.15,296630.0,258986.0
2025-06-20 10:36:44.717040,773.15,296630.0,258986.0
2025-06-20 10:36:44.847270,773.15,296630.0,258986.0
2025-06-20 10:36:45.241263,773.15,296630.0,258986.0
2025-06-20 10:36:46.286846,773.15,296630.0,258986.0
2025-06-20 10:36:46.709592,773.15,296630.0,258986.0
2025-06-20 10:36:46.951628,773.15,296630.0,258986.0
2025-06-20 10:36:47.443122,773.15,296630.0,258986.0
2025-06-20 10:36:48.397781,773.15,296630.0,258986.0
2025-06-20 10:36:49.351690,773.15,296630.0,258986.0
2025-06-20 10:36:50.301430,773.35,296636.0,258964.0
2025-06-20 10:36:50.693176,773.35,296636.0,258964.0
2025-06-20 10:36:50.726685,773.35,296636.0,258964.0
2025-06-20 10:36:51.678849,773.35,296636.0,258964.0
2025-06-20 10:36:52.706627,773.35,296636.0,258964.0
2025-06-20 10:36:53.228207,773.35,296636.0,258964.0
2025-06-20 10:36:54.527705,773.35,296636.0,258964.0
2025-06-20 10:36:54.708220,773.35,296636.0,258964.0
2025-06-20 10:36:55.765869,773.35,296636.0,258964.0
2025-06-20 10:36:56.011381,773.35,296828.0,258988.0
2025-06-20 10:36:56.705475,773.35,296828.0,258988.0
2025-06-20 10:36:57.383090,773.35,296828.0,258988.0
2025-06-20 10:37:01.609841,773.35,296287.0,258387.0
2025-06-20 10:37:07.716487,773.05,295621.0,258310.0
2025-06-20 10:37:08.707344,773.35,295621.0,258310.0
2025-06-20 10:37:10.716715,773.05,295621.0,258310.0
2025-06-20 10:37:13.618000,773.05,296206.0,258948.0
2025-06-20 10:37:14.708186,773.15,296206.0,258948.0
2025-06-20 10:37:16.715446,773.15,296206.0,258948.0
2025-06-20 10:37:19.221063,773.05,296426.0,258817.0
2025-06-20 10:37:20.706728,773.15,296426.0,258817.0
2025-06-20 10:37:22.726776,773.05,296426.0,258817.0
2025-06-20 10:37:24.822687,773.15,295217.0,259004.0
2025-06-20 10:37:25.709066,773.15,295217.0,259004.0
2025-06-20 10:37:28.763184,773.15,295217.0,259004.0
2025-06-20 10:37:30.436686,773.15,291863.0,259516.0
2025-06-20 10:37:31.710572,773.15,291863.0,259516.0
2025-06-20 10:37:34.718519,773.15,291863.0,259516.0
2025-06-20 10:37:36.029354,773.15,295111.0,259240.0
2025-06-20 10:37:37.733968,773.15,295111.0,259240.0
2025-06-20 10:37:41.636286,773.15,295385.0,259474.0
2025-06-20 10:37:47.335113,773.15,295305.0,259853.0
2025-06-20 10:37:52.758655,773.05,295305.0,259853.0
2025-06-20 10:37:53.179534,773.05,294883.0,260976.0
2025-06-20 10:37:55.713081,773.05,294883.0,260976.0
2025-06-20 10:37:58.646426,773.0,294735.0,260237.0
2025-06-20 10:37:58.715074,773.0,294735.0,260237.0
2025-06-20 10:38:01.713105,773.0,294735.0,260237.0
2025-06-20 10:38:04.165664,773.0,295041.0,260202.0
2025-06-20 10:38:04.739619,773.0,295041.0,260202.0
2025-06-20 10:38:07.716661,772.9,295041.0,260202.0
2025-06-20 10:38:10.068547,772.9,294084.0,260615.0
2025-06-20 10:38:11.763138,773.0,294084.0,260615.0
2025-06-20 10:38:13.714841,772.9,294084.0,260615.0
2025-06-20 10:38:15.684118,773.0,294077.0,260408.0
2025-06-20 10:38:15.728853,773.0,294077.0,260408.0
2025-06-20 10:38:17.713209,773.0,294077.0,260408.0
2025-06-20 10:38:19.718630,772.75,294077.0,260408.0
2025-06-20 10:38:21.060638,772.75,294056.0,260973.0
2025-06-20 10:38:21.713741,773.0,294056.0,260973.0
2025-06-20 10:38:26.579427,773.0,294383.0,260818.0
2025-06-20 10:38:27.711730,773.0,294383.0,260818.0
2025-06-20 10:38:31.777425,772.8,294383.0,260818.0
2025-06-20 10:38:32.003368,772.8,294253.0,260727.0
2025-06-20 10:38:33.736972,773.0,294253.0,260727.0
2025-06-20 10:38:35.720346,772.65,294253.0,260727.0
2025-06-20 10:38:37.577119,772.75,295570.0,260459.0
2025-06-20 10:38:37.728960,772.75,295570.0,260459.0
2025-06-20 10:38:43.467121,772.75,294717.0,260647.0
2025-06-20 10:38:43.718326,772.75,294717.0,260647.0
2025-06-20 10:38:45.718046,772.7,294717.0,260647.0
2025-06-20 10:38:49.151188,772.8,294203.0,262141.0
2025-06-20 10:38:49.718836,772.8,294203.0,262141.0
2025-06-20 10:38:51.715975,772.9,294203.0,262141.0
2025-06-20 10:38:53.718501,773.0,294203.0,262141.0
2025-06-20 10:38:54.731194,773.0,295559.0,261957.0
2025-06-20 10:38:55.715163,772.75,295559.0,261957.0
2025-06-20 10:38:57.762075,773.0,295559.0,261957.0
2025-06-20 10:38:59.899757,773.0,294934.0,262654.0
2025-06-20 10:39:01.754852,773.0,294934.0,262654.0
2025-06-20 10:39:05.609773,773.0,295173.0,262318.0
2025-06-20 10:39:05.743961,773.0,295173.0,262318.0
2025-06-20 10:39:07.747259,773.0,295173.0,262318.0
2025-06-20 10:39:11.538021,773.0,296665.0,260755.0
2025-06-20 10:39:13.744829,773.0,296665.0,260755.0
2025-06-20 10:39:15.716019,772.9,296665.0,260755.0
2025-06-20 10:39:16.944852,772.9,296145.0,261129.0
2025-06-20 10:39:21.719779,773.0,296145.0,261129.0
2025-06-20 10:39:22.422370,773.0,296774.0,259379.0
2025-06-20 10:39:25.721325,773.0,296774.0,259379.0
2025-06-20 10:39:27.719213,772.95,296774.0,259379.0
2025-06-20 10:39:28.028152,772.95,295857.0,260050.0
2025-06-20 10:39:29.719796,773.1,295857.0,260050.0
2025-06-20 10:39:31.732283,773.15,295857.0,260050.0
2025-06-20 10:39:34.123363,773.15,295683.0,262852.0
2025-06-20 10:39:35.724031,773.15,295683.0,262852.0
2025-06-20 10:39:39.729540,773.05,295683.0,262852.0
2025-06-20 10:39:40.336854,773.05,293735.0,264879.0
2025-06-20 10:39:43.728584,773.05,293735.0,264879.0
2025-06-20 10:39:44.645482,773.05,293735.0,264879.0
2025-06-20 10:39:45.040979,773.05,293735.0,264879.0
2025-06-20 10:39:46.060994,773.05,293735.0,264879.0
2025-06-20 10:39:46.480503,773.05,294990.0,265453.0
2025-06-20 10:39:46.949193,773.05,294990.0,265453.0
2025-06-20 10:39:47.452650,773.05,294990.0,265453.0
2025-06-20 10:39:48.456112,773.05,294990.0,265453.0
2025-06-20 10:39:49.775067,773.1,294990.0,265453.0
2025-06-20 10:39:49.829010,773.1,294990.0,265453.0
2025-06-20 10:39:51.257681,773.1,294990.0,265453.0
2025-06-20 10:39:52.158450,773.1,294990.0,265453.0
2025-06-20 10:39:52.348078,773.1,296709.0,264563.0
2025-06-20 10:39:53.834374,773.1,296709.0,264563.0
2025-06-20 10:39:53.845035,773.1,296709.0,264563.0
2025-06-20 10:39:55.045881,773.1,296709.0,264563.0
2025-06-20 10:39:55.732233,773.0,296709.0,264563.0
2025-06-20 10:39:56.257762,773.0,296709.0,264563.0
2025-06-20 10:39:57.887074,773.0,296709.0,264563.0
2025-06-20 10:39:58.244448,773.1,297352.0,262411.0
2025-06-20 10:39:59.726229,773.1,297352.0,262411.0
2025-06-20 10:40:01.775408,773.35,297352.0,262411.0
2025-06-20 10:40:04.147719,773.35,298136.0,260330.0
2025-06-20 10:40:05.726015,773.15,298136.0,260330.0
2025-06-20 10:40:07.732448,773.15,298136.0,260330.0
2025-06-20 10:40:10.197794,773.15,298394.0,260456.0
2025-06-20 10:40:16.158422,773.15,298156.0,260180.0
2025-06-20 10:40:22.065892,773.15,297609.0,263134.0
2025-06-20 10:40:24.182930,773.15,297609.0,263134.0
2025-06-20 10:40:26.826728,773.15,297609.0,263134.0
2025-06-20 10:40:27.865496,773.15,297598.0,262767.0
2025-06-20 10:40:28.740830,773.15,297598.0,262767.0
2025-06-20 10:40:32.742376,773.0,297598.0,262767.0
2025-06-20 10:40:33.710284,773.0,297944.0,260079.0
2025-06-20 10:40:36.865273,773.4,297944.0,260079.0
2025-06-20 10:40:38.987804,773.4,298885.0,260462.0
2025-06-20 10:40:40.742520,773.5,298885.0,260462.0
2025-06-20 10:40:42.728671,773.5,298885.0,260462.0
2025-06-20 10:40:44.580056,773.5,299259.0,260224.0
2025-06-20 10:40:46.751489,773.5,299259.0,260224.0
2025-06-20 10:40:48.752546,773.55,299259.0,260224.0
2025-06-20 10:40:50.283540,773.55,298881.0,260802.0
2025-06-20 10:40:54.733430,773.35,298881.0,260802.0
2025-06-20 10:40:56.087814,773.35,299331.0,259226.0
2025-06-20 10:41:01.795974,773.75,300311.0,248102.0
2025-06-20 10:41:03.737215,773.95,300311.0,248102.0
2025-06-20 10:41:07.730549,773.7,300311.0,248102.0
2025-06-20 10:41:08.094596,773.7,300053.0,251570.0
2025-06-20 10:41:12.744827,774.0,300053.0,251570.0
2025-06-20 10:41:14.299394,774.0,299939.0,252012.0
2025-06-20 10:41:15.740430,774.0,299939.0,252012.0
2025-06-20 10:41:18.757196,773.5,299939.0,252012.0
2025-06-20 10:41:20.205172,773.5,299074.0,252616.0
2025-06-20 10:41:21.745731,773.95,299074.0,252616.0
2025-06-20 10:41:24.820487,773.6,299074.0,252616.0
2025-06-20 10:41:25.824087,773.6,299504.0,252515.0
2025-06-20 10:41:27.751813,773.6,299504.0,252515.0
2025-06-20 10:41:31.732310,773.65,299504.0,252515.0
2025-06-20 10:41:32.025884,773.65,299217.0,253222.0
2025-06-20 10:41:35.763924,773.95,299217.0,253222.0
2025-06-20 10:41:38.317432,773.6,301060.0,252826.0
2025-06-20 10:41:39.743278,773.6,301060.0,252826.0
2025-06-20 10:41:42.726737,773.6,301060.0,252826.0
2025-06-20 10:41:44.635834,773.6,301312.0,252825.0
2025-06-20 10:41:50.224646,773.85,301493.0,252754.0
2025-06-20 10:41:50.766570,773.85,301493.0,252754.0
2025-06-20 10:41:55.556287,773.85,301237.0,253145.0
2025-06-20 10:42:00.641563,773.85,301354.0,253694.0
2025-06-20 10:42:02.758831,773.9,301354.0,253694.0
2025-06-20 10:42:05.942725,773.95,300285.0,253519.0
2025-06-20 10:42:06.757682,773.65,300285.0,253519.0
2025-06-20 10:42:11.559433,773.65,300425.0,253321.0
2025-06-20 10:42:12.758190,773.9,300425.0,253321.0
2025-06-20 10:42:14.782292,773.65,300425.0,253321.0
2025-06-20 10:42:16.741679,773.85,300425.0,253321.0
2025-06-20 10:42:17.049046,773.85,299304.0,256881.0
2025-06-20 10:42:18.738439,773.9,299304.0,256881.0
2025-06-20 10:42:20.733949,773.65,299304.0,256881.0
2025-06-20 10:42:22.947453,773.65,300600.0,256222.0
2025-06-20 10:42:24.731002,773.85,300600.0,256222.0
2025-06-20 10:42:28.648377,773.85,300749.0,256655.0
2025-06-20 10:42:32.783124,774.0,300749.0,256655.0
2025-06-20 10:42:34.654291,773.7,300442.0,255953.0
2025-06-20 10:42:34.762277,773.7,300442.0,255953.0
2025-06-20 10:42:38.789484,773.7,300442.0,255953.0
2025-06-20 10:42:40.353785,773.7,299907.0,256967.0
2025-06-20 10:42:40.777336,773.7,299907.0,256967.0
2025-06-20 10:42:45.063540,773.7,299907.0,256967.0
2025-06-20 10:42:46.162795,773.7,299907.0,256967.0
2025-06-20 10:42:46.257308,773.7,297416.0,262060.0
2025-06-20 10:42:46.696241,773.7,297416.0,262060.0
2025-06-20 10:42:46.804045,773.7,297416.0,262060.0
2025-06-20 10:42:47.437829,773.7,297416.0,262060.0
2025-06-20 10:42:48.097359,773.7,297416.0,262060.0
2025-06-20 10:42:49.116483,773.7,297416.0,262060.0
2025-06-20 10:42:49.784468,773.7,297416.0,262060.0
2025-06-20 10:42:50.544386,773.7,297416.0,262060.0
2025-06-20 10:42:51.768830,773.7,297416.0,262060.0
2025-06-20 10:42:51.862063,773.7,297416.0,262060.0
2025-06-20 10:42:52.069196,773.7,298478.0,259137.0
2025-06-20 10:42:52.870396,773.7,298478.0,259137.0
2025-06-20 10:42:53.787037,773.7,298478.0,259137.0
2025-06-20 10:42:54.365312,773.7,298478.0,259137.0
2025-06-20 10:42:55.668811,773.7,298478.0,259137.0
2025-06-20 10:42:55.744420,773.7,298478.0,259137.0
2025-06-20 10:42:56.899000,773.7,298478.0,259137.0
2025-06-20 10:42:57.774263,773.7,298490.0,258797.0
2025-06-20 10:42:58.588741,773.7,298490.0,258797.0
2025-06-20 10:43:01.217427,773.7,298490.0,258797.0
2025-06-20 10:43:03.163467,773.7,298749.0,258549.0
2025-06-20 10:43:08.569723,773.7,298244.0,258733.0
2025-06-20 10:43:11.770275,773.55,298244.0,258733.0
2025-06-20 10:43:13.771873,773.55,298244.0,258733.0
2025-06-20 10:43:13.868737,773.55,297683.0,258767.0
2025-06-20 10:43:17.785815,773.55,297683.0,258767.0
2025-06-20 10:43:19.584348,773.55,297680.0,259110.0
2025-06-20 10:43:19.739503,773.55,297680.0,259110.0
2025-06-20 10:43:21.741417,773.55,297680.0,259110.0
2025-06-20 10:43:25.280455,773.7,297557.0,262314.0
2025-06-20 10:43:25.741866,773.5,297557.0,262314.0
2025-06-20 10:43:29.758437,773.7,297557.0,262314.0
2025-06-20 10:43:30.890712,773.7,297043.0,260817.0
2025-06-20 10:43:31.739696,773.7,297043.0,260817.0
2025-06-20 10:43:33.739342,773.7,297043.0,260817.0
2025-06-20 10:43:36.498134,773.7,296983.0,260366.0
2025-06-20 10:43:37.764635,773.55,296983.0,260366.0
2025-06-20 10:43:39.740035,773.55,296983.0,260366.0
2025-06-20 10:43:41.753824,773.3,296983.0,260366.0
2025-06-20 10:43:41.793941,773.3,297278.0,259517.0
2025-06-20 10:43:43.774591,773.55,297278.0,259517.0
2025-06-20 10:43:47.091934,773.55,297299.0,260323.0
2025-06-20 10:43:49.771347,773.5,297299.0,260323.0
2025-06-20 10:43:52.795114,773.5,296867.0,261491.0
2025-06-20 10:43:55.779048,773.25,296867.0,261491.0
2025-06-20 10:43:58.606403,773.25,296846.0,261053.0
2025-06-20 10:44:03.756868,773.25,296846.0,261053.0
2025-06-20 10:44:04.045896,773.25,296911.0,260316.0
2025-06-20 10:44:05.772218,773.25,296911.0,260316.0
2025-06-20 10:44:09.423982,773.25,297126.0,260757.0
2025-06-20 10:44:09.751796,773.25,297126.0,260757.0
2025-06-20 10:44:15.040873,773.25,296717.0,262251.0
2025-06-20 10:44:19.792882,773.25,296717.0,262251.0
2025-06-20 10:44:20.813535,773.25,297446.0,262315.0
2025-06-20 10:44:21.767429,773.5,297446.0,262315.0
2025-06-20 10:44:23.783678,773.2,297446.0,262315.0
2025-06-20 10:44:26.446528,773.2,297212.0,263274.0
2025-06-20 10:44:29.763992,773.5,297212.0,263274.0
2025-06-20 10:44:32.122829,773.5,297284.0,263396.0
2025-06-20 10:44:33.757192,773.5,297284.0,263396.0
2025-06-20 10:44:35.765940,773.25,297284.0,263396.0
2025-06-20 10:44:37.436296,773.25,297317.0,263513.0
2025-06-20 10:44:42.940312,773.5,299055.0,262163.0
2025-06-20 10:44:43.776898,773.5,299055.0,262163.0
2025-06-20 10:44:45.803599,773.8,299055.0,262163.0
2025-06-20 10:44:47.806333,773.5,299055.0,262163.0
2025-06-20 10:44:48.335366,773.5,299913.0,257680.0
2025-06-20 10:44:49.749764,773.5,299913.0,257680.0
2025-06-20 10:44:51.753094,773.5,299913.0,257680.0
2025-06-20 10:44:53.569703,773.5,299767.0,258384.0
2025-06-20 10:44:53.770816,773.5,299767.0,258384.0
2025-06-20 10:44:57.768297,773.5,299767.0,258384.0
2025-06-20 10:44:58.642007,773.5,299391.0,258567.0
2025-06-20 10:44:59.773080,773.5,299391.0,258567.0
2025-06-20 10:45:01.769675,773.75,299391.0,258567.0
2025-06-20 10:45:04.142875,773.75,299006.0,257208.0
2025-06-20 10:45:07.776037,773.95,299006.0,257208.0
2025-06-20 10:45:09.583223,774.0,300086.0,256171.0
2025-06-20 10:45:10.782779,773.95,300086.0,256171.0
2025-06-20 10:45:13.756058,774.0,300086.0,256171.0
2025-06-20 10:45:14.958032,774.0,300694.0,256635.0
2025-06-20 10:45:16.785581,773.95,300694.0,256635.0
2025-06-20 10:45:19.767506,773.65,300694.0,256635.0
2025-06-20 10:45:20.655947,773.65,300388.0,256232.0
2025-06-20 10:45:22.764743,773.65,300388.0,256232.0
2025-06-20 10:45:25.769177,773.65,300388.0,256232.0
2025-06-20 10:45:26.305144,773.65,300297.0,256458.0
2025-06-20 10:45:31.368744,773.65,300207.0,257415.0
2025-06-20 10:45:35.766587,773.65,300207.0,257415.0
2025-06-20 10:45:36.471713,773.65,299544.0,257661.0
2025-06-20 10:45:37.770092,773.65,299544.0,257661.0
2025-06-20 10:45:39.761822,773.65,299544.0,257661.0
2025-06-20 10:45:42.074531,773.65,299670.0,258814.0
2025-06-20 10:45:43.758124,773.6,299670.0,258814.0
2025-06-20 10:45:45.473910,773.6,299670.0,258814.0
2025-06-20 10:45:45.767693,773.65,299670.0,258814.0
2025-06-20 10:45:45.826550,773.65,299670.0,258814.0
2025-06-20 10:45:46.204788,773.65,299670.0,258814.0
2025-06-20 10:45:47.183342,773.65,299670.0,258814.0
2025-06-20 10:45:47.479776,773.65,300855.0,257545.0
2025-06-20 10:45:47.592538,773.65,300855.0,257545.0
2025-06-20 10:45:47.760447,773.65,300855.0,257545.0
2025-06-20 10:45:48.272238,773.65,300855.0,257545.0
2025-06-20 10:45:49.312919,773.65,300855.0,257545.0
2025-06-20 10:45:49.744442,773.65,300855.0,257545.0
2025-06-20 10:45:50.714446,773.65,300855.0,257545.0
2025-06-20 10:45:51.758203,773.65,300855.0,257545.0
2025-06-20 10:45:52.156146,773.65,300855.0,257545.0
2025-06-20 10:45:52.982836,773.65,300906.0,258011.0
2025-06-20 10:45:53.086043,773.65,300906.0,258011.0
2025-06-20 10:45:53.751916,773.65,300906.0,258011.0
2025-06-20 10:45:54.640526,773.65,300906.0,258011.0
2025-06-20 10:45:55.761240,773.5,300906.0,258011.0
2025-06-20 10:45:55.878026,773.5,300906.0,258011.0
2025-06-20 10:45:57.229040,773.5,300906.0,258011.0
2025-06-20 10:45:57.753046,773.5,300906.0,258011.0
2025-06-20 10:45:58.690862,773.5,299664.0,256791.0
2025-06-20 10:45:58.832792,773.5,299664.0,256791.0
2025-06-20 10:46:03.749046,774.05,299664.0,256791.0
2025-06-20 10:46:03.803014,774.05,303367.0,249330.0
2025-06-20 10:46:05.754233,774.0,303367.0,249330.0
2025-06-20 10:46:09.297517,774.1,302729.0,247496.0
2025-06-20 10:46:09.766708,774.0,302729.0,247496.0
2025-06-20 10:46:11.752345,773.85,302729.0,247496.0
2025-06-20 10:46:14.697829,773.85,302713.0,249002.0
2025-06-20 10:46:20.011422,773.85,302657.0,249526.0
2025-06-20 10:46:24.776671,774.1,302657.0,249526.0
2025-06-20 10:46:25.912543,774.1,303449.0,249974.0
2025-06-20 10:46:27.765299,774.3,303449.0,249974.0
2025-06-20 10:46:30.785479,774.35,303449.0,249974.0
2025-06-20 10:46:31.808947,774.35,303767.0,250004.0
2025-06-20 10:46:33.760429,774.35,303767.0,250004.0
2025-06-20 10:46:36.783610,774.45,303767.0,250004.0
2025-06-20 10:46:37.274024,774.45,304488.0,247299.0
2025-06-20 10:46:38.794417,774.45,304488.0,247299.0
2025-06-20 10:46:42.431074,774.45,304066.0,250586.0
2025-06-20 10:46:44.758738,774.5,304066.0,250586.0
2025-06-20 10:46:46.761844,774.5,304066.0,250586.0
2025-06-20 10:46:47.623758,774.5,304242.0,249365.0
2025-06-20 10:46:48.829981,774.5,304242.0,249365.0
2025-06-20 10:46:50.752765,774.5,304242.0,249365.0
2025-06-20 10:46:52.766401,774.5,304242.0,249365.0
2025-06-20 10:46:53.124084,774.5,304971.0,248925.0
2025-06-20 10:46:56.771751,774.35,304971.0,248925.0
2025-06-20 10:46:58.627440,774.65,306006.0,247542.0
2025-06-20 10:46:58.804472,774.65,306006.0,247542.0
2025-06-20 10:47:00.756995,774.9,306006.0,247542.0
2025-06-20 10:47:02.763130,774.95,306006.0,247542.0
2025-06-20 10:47:03.730276,774.95,305529.0,246252.0
2025-06-20 10:47:04.771670,774.95,305529.0,246252.0
2025-06-20 10:47:06.761362,775.25,305529.0,246252.0
2025-06-20 10:47:08.757709,775.05,305529.0,246252.0
2025-06-20 10:47:09.074172,775.05,299947.0,236050.0
2025-06-20 10:47:10.754815,775.35,299947.0,236050.0
2025-06-20 10:47:12.764101,775.35,299947.0,236050.0
2025-06-20 10:47:14.360763,775.35,299903.0,235139.0
2025-06-20 10:47:14.783497,775.35,299903.0,235139.0
2025-06-20 10:47:16.777379,775.35,299903.0,235139.0
2025-06-20 10:47:18.795924,775.05,299903.0,235139.0
2025-06-20 10:47:19.738804,775.15,292283.0,237069.0
2025-06-20 10:47:20.779459,775.25,292283.0,237069.0
2025-06-20 10:47:23.782054,775.35,292283.0,237069.0
2025-06-20 10:47:25.947614,775.3,298424.0,238918.0
2025-06-20 10:47:26.756851,775.15,298424.0,238918.0
2025-06-20 10:47:29.785879,775.4,298424.0,238918.0
2025-06-20 10:47:31.951849,775.5,300613.0,235797.0
2025-06-20 10:47:32.768972,775.5,300613.0,235797.0
2025-06-20 10:47:35.783213,775.55,300613.0,235797.0
2025-06-20 10:47:37.464268,775.5,297905.0,236302.0
2025-06-20 10:47:38.760014,775.5,297905.0,236302.0
2025-06-20 10:47:40.760927,775.35,297905.0,236302.0
2025-06-20 10:47:42.770050,775.35,297905.0,236302.0
2025-06-20 10:47:42.784465,775.35,296955.0,237611.0
2025-06-20 10:47:44.796594,775.35,296955.0,237611.0
2025-06-20 10:47:46.763992,775.0,296955.0,237611.0
2025-06-20 10:47:48.160617,775.4,297165.0,238175.0
2025-06-20 10:47:48.779844,775.4,297165.0,238175.0
2025-06-20 10:47:50.759320,775.35,297165.0,238175.0
2025-06-20 10:47:52.761303,775.35,297165.0,238175.0
2025-06-20 10:47:53.805984,775.35,297197.0,239233.0
2025-06-20 10:47:54.765659,775.4,297197.0,239233.0
2025-06-20 10:47:56.801699,775.35,297197.0,239233.0
2025-06-20 10:47:58.762868,775.05,297197.0,239233.0
2025-06-20 10:47:59.667749,775.05,296444.0,240632.0
2025-06-20 10:48:00.760416,775.05,296444.0,240632.0
2025-06-20 10:48:01.168428,775.4,296340.0,239841.0
2025-06-20 10:48:01.758155,775.4,296340.0,239841.0
2025-06-20 10:48:02.076452,775.4,296371.0,240639.0
2025-06-20 10:48:02.759648,775.4,296371.0,240639.0
2025-06-20 10:48:03.168633,775.4,296309.0,240288.0
2025-06-20 10:48:03.762018,775.4,296309.0,240288.0
2025-06-20 10:48:04.755040,775.4,296309.0,240288.0
2025-06-20 10:48:04.970305,775.4,296827.0,240657.0
2025-06-20 10:48:05.783701,775.4,296827.0,240657.0
2025-06-20 10:48:05.971877,775.4,296951.0,240054.0
2025-06-20 10:48:06.758874,775.45,296951.0,240054.0
2025-06-20 10:48:06.873425,775.45,296981.0,239845.0
2025-06-20 10:48:07.791917,775.45,297110.0,239845.0
2025-06-20 10:48:08.674183,775.45,296042.0,239884.0
2025-06-20 10:48:08.774357,775.45,296042.0,239884.0
2025-06-20 10:48:09.673037,775.05,296814.0,240649.0
2025-06-20 10:48:09.760062,775.05,296814.0,240649.0
2025-06-20 10:48:10.675250,775.45,297171.0,239413.0
2025-06-20 10:48:10.759656,775.45,297171.0,239413.0
2025-06-20 10:48:11.674626,775.45,297336.0,239106.0
2025-06-20 10:48:12.675503,775.45,297308.0,239143.0
2025-06-20 10:48:13.788555,775.45,297320.0,239182.0
2025-06-20 10:48:14.873437,775.45,296902.0,239034.0
2025-06-20 10:48:15.763910,775.1,296902.0,239034.0
2025-06-20 10:48:15.974708,775.1,296945.0,239261.0
2025-06-20 10:48:16.754919,775.45,296945.0,239261.0
2025-06-20 10:48:17.077431,775.45,297047.0,238993.0
2025-06-20 10:48:18.175829,775.45,297223.0,239009.0
2025-06-20 10:48:19.292881,775.45,297144.0,239037.0
2025-06-20 10:48:20.279480,775.45,296793.0,240551.0
2025-06-20 10:48:21.376256,775.45,296918.0,240467.0
2025-06-20 10:48:22.492243,775.45,296955.0,240435.0
2025-06-20 10:48:23.660510,775.45,297048.0,240567.0
2025-06-20 10:48:24.683090,775.45,297021.0,240758.0
2025-06-20 10:48:25.791162,775.45,297098.0,240697.0
2025-06-20 10:48:26.771665,775.1,297098.0,240697.0
2025-06-20 10:48:26.880630,775.1,296350.0,242852.0
2025-06-20 10:48:27.765827,775.05,296350.0,242852.0
2025-06-20 10:48:28.484224,775.1,296047.0,243725.0
2025-06-20 10:48:28.758016,775.1,296047.0,243725.0
2025-06-20 10:48:29.719227,775.1,295996.0,242751.0
2025-06-20 10:48:29.765006,775.1,295996.0,242751.0
2025-06-20 10:48:30.683534,775.1,296021.0,241755.0
2025-06-20 10:48:31.683148,775.1,296067.0,242081.0
2025-06-20 10:48:31.759944,774.9,296067.0,242081.0
2025-06-20 10:48:32.770491,774.9,296067.0,242081.0
2025-06-20 10:48:32.812998,774.9,296140.0,242206.0
2025-06-20 10:48:33.755957,774.85,296140.0,242206.0
2025-06-20 10:48:33.883621,774.85,296155.0,242225.0
2025-06-20 10:48:34.765866,775.1,296155.0,242225.0
2025-06-20 10:48:34.984662,775.1,295868.0,242200.0
2025-06-20 10:48:35.772438,775.1,295868.0,242200.0
2025-06-20 10:48:36.086407,775.1,295973.0,242048.0
2025-06-20 10:48:37.185747,775.1,296007.0,241740.0
2025-06-20 10:48:38.290954,775.1,295932.0,243753.0
2025-06-20 10:48:39.385518,775.1,295988.0,243960.0
2025-06-20 10:48:40.486896,775.1,294910.0,244005.0
2025-06-20 10:48:41.594560,775.1,295311.0,243391.0
2025-06-20 10:48:41.758966,775.1,295311.0,243391.0
2025-06-20 10:48:42.599632,775.1,295408.0,242993.0
2025-06-20 10:48:42.805915,775.1,295408.0,242993.0
2025-06-20 10:48:43.690974,775.1,295493.0,242241.0
2025-06-20 10:48:44.800733,775.1,295184.0,244020.0
2025-06-20 10:48:45.892259,775.1,295270.0,243894.0
2025-06-20 10:48:46.015166,775.1,295270.0,243894.0
2025-06-20 10:48:46.358355,775.1,295270.0,243894.0
2025-06-20 10:48:46.776366,774.85,295270.0,243894.0
2025-06-20 10:48:46.992875,774.85,295311.0,243758.0
2025-06-20 10:48:47.109703,774.85,295311.0,243758.0
2025-06-20 10:48:47.762856,774.85,295311.0,243758.0
2025-06-20 10:48:48.094862,774.85,295376.0,243983.0
2025-06-20 10:48:48.112339,774.85,295376.0,243983.0
2025-06-20 10:48:49.194314,774.85,295230.0,244508.0
2025-06-20 10:48:49.332995,774.85,295230.0,244508.0
2025-06-20 10:48:50.295699,774.85,295301.0,244769.0
2025-06-20 10:48:50.320184,774.85,295301.0,244769.0
2025-06-20 10:48:51.283766,774.85,295301.0,244769.0
2025-06-20 10:48:51.402718,774.85,295608.0,244820.0
2025-06-20 10:48:52.556489,774.8,295268.0,244857.0
2025-06-20 10:48:52.677547,774.8,295268.0,244857.0
2025-06-20 10:48:52.775378,774.8,295268.0,244857.0
2025-06-20 10:48:53.496468,774.8,295369.0,244952.0
2025-06-20 10:48:53.630111,774.8,295369.0,244952.0
2025-06-20 10:48:53.769413,774.8,295369.0,244952.0
2025-06-20 10:48:54.603278,774.8,295387.0,244939.0
2025-06-20 10:48:54.760959,774.8,295387.0,244939.0
2025-06-20 10:48:55.172049,774.8,295387.0,244939.0
2025-06-20 10:48:55.607117,774.8,295387.0,244939.0
2025-06-20 10:48:56.510101,774.8,295387.0,244939.0
2025-06-20 10:48:56.698043,774.8,295402.0,244920.0
2025-06-20 10:48:56.757614,774.8,295402.0,244920.0
2025-06-20 10:48:57.717246,774.8,295402.0,244920.0
2025-06-20 10:48:57.809563,774.8,295532.0,244993.0
2025-06-20 10:48:58.917683,774.8,295632.0,245266.0
2025-06-20 10:48:59.339837,774.8,295632.0,245266.0
2025-06-20 10:49:00.003154,774.8,295755.0,244881.0
2025-06-20 10:49:01.423640,774.8,295997.0,244819.0
2025-06-20 10:49:02.515534,774.8,298268.0,244139.0
2025-06-20 10:49:02.764820,774.8,298268.0,244139.0
2025-06-20 10:49:03.621328,774.8,298290.0,244250.0
2025-06-20 10:49:03.760281,774.85,298290.0,244250.0
2025-06-20 10:49:04.614011,774.85,298521.0,244059.0
2025-06-20 10:49:05.613752,774.85,298530.0,244051.0
2025-06-20 10:49:06.715688,774.85,298451.0,243801.0
2025-06-20 10:49:08.311368,774.85,298571.0,243867.0
2025-06-20 10:49:09.322662,774.85,297713.0,244552.0
2025-06-20 10:49:10.315651,774.85,297796.0,244582.0
2025-06-20 10:49:11.520252,774.85,298064.0,242714.0
2025-06-20 10:49:12.719071,774.85,297653.0,244376.0
2025-06-20 10:49:12.758891,774.85,297653.0,244376.0
2025-06-20 10:49:13.700905,774.8,297303.0,244395.0
2025-06-20 10:49:13.763801,774.8,297303.0,244395.0
2025-06-20 10:49:14.628247,774.8,297348.0,244171.0
