timestamp,ltp,bid_qty,ask_qty
2025-06-20 10:10:48.251166,4272.5,53103.0,66518.0
2025-06-20 10:10:48.664970,4272.5,53086.0,66512.0
2025-06-20 10:10:49.669295,4272.5,51597.0,66562.0
2025-06-20 10:10:50.665412,4272.5,52972.0,66410.0
2025-06-20 10:10:51.588586,4271.8,52972.0,66410.0
2025-06-20 10:10:51.666690,4271.8,53103.0,66438.0
2025-06-20 10:10:52.585743,4271.8,53103.0,66438.0
2025-06-20 10:10:52.664794,4271.8,53113.0,66465.0
2025-06-20 10:10:53.666499,4271.8,53078.0,66471.0
2025-06-20 10:10:54.586521,4271.8,53078.0,66471.0
2025-06-20 10:10:54.667253,4271.8,53052.0,66476.0
2025-06-20 10:10:55.585394,4271.8,53052.0,66476.0
2025-06-20 10:10:55.664399,4271.8,53035.0,66508.0
2025-06-20 10:10:56.667514,4271.8,53023.0,66500.0
2025-06-20 10:10:57.585345,4271.8,53023.0,66500.0
2025-06-20 10:10:57.667837,4271.8,52866.0,66483.0
2025-06-20 10:10:58.766805,4271.8,53016.0,66497.0
2025-06-20 10:10:59.590697,4270.8,53016.0,66497.0
2025-06-20 10:10:59.877107,4271.8,52666.0,66474.0
2025-06-20 10:11:00.614446,4271.8,52666.0,66474.0
2025-06-20 10:11:01.070018,4271.6,52363.0,66717.0
2025-06-20 10:11:01.598628,4271.6,52363.0,66717.0
2025-06-20 10:11:02.168120,4271.6,52806.0,66721.0
2025-06-20 10:11:02.588206,4271.6,52806.0,66721.0
2025-06-20 10:11:03.269170,4271.6,52346.0,66708.0
2025-06-20 10:11:03.589992,4271.6,52346.0,66708.0
2025-06-20 10:11:04.372049,4271.6,52882.0,66671.0
2025-06-20 10:11:04.588688,4271.6,52882.0,66671.0
2025-06-20 10:11:05.476216,4271.7,52795.0,66574.0
2025-06-20 10:11:05.589494,4271.7,52795.0,66574.0
2025-06-20 10:11:06.587785,4271.7,52945.0,66580.0
2025-06-20 10:11:07.672278,4271.7,52946.0,66744.0
2025-06-20 10:11:08.595868,4270.6,52946.0,66744.0
2025-06-20 10:11:08.869124,4270.6,53069.0,66751.0
2025-06-20 10:11:09.773284,4270.6,53109.0,66740.0
2025-06-20 10:11:10.627441,4270.6,53109.0,66740.0
2025-06-20 10:11:10.923293,4270.6,52981.0,66733.0
2025-06-20 10:11:12.106140,4270.6,52388.0,66677.0
2025-06-20 10:11:12.867594,4270.0,52388.0,66677.0
2025-06-20 10:11:13.076363,4270.0,52139.0,66731.0
2025-06-20 10:11:13.611594,4270.6,52139.0,66731.0
2025-06-20 10:11:14.176414,4270.6,52314.0,67050.0
2025-06-20 10:11:15.176086,4270.0,50349.0,67165.0
2025-06-20 10:11:15.596724,4270.3,50349.0,67165.0
2025-06-20 10:11:16.277176,4270.3,51849.0,67349.0
2025-06-20 10:11:16.639380,4270.3,51849.0,67349.0
2025-06-20 10:11:17.277839,4270.3,52165.0,67333.0
2025-06-20 10:11:18.281053,4270.6,52068.0,67109.0
2025-06-20 10:11:19.257920,4270.6,52068.0,67109.0
2025-06-20 10:11:19.423495,4270.6,51881.0,67030.0
2025-06-20 10:11:20.284781,4270.6,51593.0,67094.0
2025-06-20 10:11:21.182291,4270.6,52205.0,67026.0
2025-06-20 10:11:21.615182,4270.6,52205.0,67026.0
2025-06-20 10:11:22.183343,4270.6,52037.0,66981.0
2025-06-20 10:11:23.283314,4270.6,52315.0,67063.0
2025-06-20 10:11:24.391564,4270.6,52005.0,66950.0
2025-06-20 10:11:24.637986,4270.6,52005.0,66950.0
2025-06-20 10:11:25.484507,4270.6,52417.0,66811.0
2025-06-20 10:11:26.598907,4271.6,52417.0,66811.0
2025-06-20 10:11:26.876254,4271.6,52569.0,66552.0
2025-06-20 10:11:27.599224,4271.4,52569.0,66552.0
2025-06-20 10:11:27.685640,4271.4,51170.0,66301.0
2025-06-20 10:11:28.892166,4271.4,51079.0,66293.0
2025-06-20 10:11:29.913319,4273.9,52813.0,65783.0
2025-06-20 10:11:30.594391,4273.9,52813.0,65783.0
2025-06-20 10:11:30.990067,4273.9,52745.0,65985.0
2025-06-20 10:11:32.093511,4273.9,52827.0,66111.0
2025-06-20 10:11:33.191322,4274.2,52434.0,66078.0
2025-06-20 10:11:33.584706,4274.2,52434.0,66078.0
2025-06-20 10:11:34.299826,4272.2,51015.0,66508.0
2025-06-20 10:11:34.590294,4272.2,51015.0,66508.0
2025-06-20 10:11:35.405084,4272.2,52804.0,66658.0
2025-06-20 10:11:36.427879,4272.2,50980.0,67031.0
2025-06-20 10:11:37.517741,4272.2,52341.0,66970.0
2025-06-20 10:11:38.626401,4272.2,52661.0,66966.0
2025-06-20 10:11:39.694655,4272.2,52678.0,66537.0
2025-06-20 10:11:40.810886,4272.2,52673.0,66565.0
2025-06-20 10:11:41.938675,4272.2,52749.0,66519.0
2025-06-20 10:11:42.996833,4273.0,52802.0,66450.0
2025-06-20 10:11:43.600234,4273.0,52802.0,66450.0
2025-06-20 10:11:43.998706,4273.0,52934.0,66436.0
2025-06-20 10:11:45.105194,4273.0,53002.0,66332.0
2025-06-20 10:11:46.205213,4273.0,53000.0,66318.0
2025-06-20 10:11:46.586812,4273.5,53000.0,66318.0
2025-06-20 10:11:47.359390,4273.5,51641.0,66006.0
2025-06-20 10:11:47.590172,4274.1,51641.0,66006.0
2025-06-20 10:11:48.426497,4274.1,51747.0,66230.0
2025-06-20 10:11:49.503919,4274.1,53123.0,66109.0
2025-06-20 10:11:50.589045,4273.0,53123.0,66109.0
2025-06-20 10:11:50.614789,4273.0,53281.0,66027.0
2025-06-20 10:11:51.704995,4274.1,53352.0,65582.0
2025-06-20 10:11:52.587755,4275.0,53352.0,65582.0
2025-06-20 10:11:53.033667,4275.0,53015.0,65560.0
2025-06-20 10:11:54.009260,4275.0,52131.0,65388.0
2025-06-20 10:11:54.917765,4275.0,53230.0,65432.0
2025-06-20 10:11:56.005292,4275.0,52958.0,65644.0
2025-06-20 10:11:56.588383,4275.0,52958.0,65644.0
2025-06-20 10:11:57.108997,4275.0,53027.0,65278.0
2025-06-20 10:11:57.596725,4275.0,53027.0,65278.0
2025-06-20 10:11:58.205203,4275.0,53353.0,65352.0
2025-06-20 10:11:59.428292,4276.0,51347.0,65231.0
2025-06-20 10:11:59.591884,4276.0,51347.0,65231.0
2025-06-20 10:12:00.320663,4276.0,53155.0,65182.0
2025-06-20 10:12:01.590972,4280.1,53155.0,65182.0
2025-06-20 10:12:01.717438,4280.1,53558.0,63589.0
2025-06-20 10:12:02.711393,4280.1,53397.0,64082.0
2025-06-20 10:12:04.210133,4279.3,54193.0,63864.0
2025-06-20 10:12:04.596032,4279.5,54193.0,63864.0
2025-06-20 10:12:05.430660,4279.5,52523.0,63912.0
2025-06-20 10:12:05.595007,4277.9,52523.0,63912.0
2025-06-20 10:12:06.434273,4277.9,53899.0,63733.0
2025-06-20 10:12:06.592969,4279.5,53899.0,63733.0
2025-06-20 10:12:07.422987,4279.5,54073.0,63968.0
2025-06-20 10:12:07.592251,4278.1,54073.0,63968.0
2025-06-20 10:12:08.510472,4278.9,53183.0,63648.0
2025-06-20 10:12:08.594636,4278.9,53183.0,63648.0
2025-06-20 10:12:09.513288,4278.9,53952.0,63512.0
2025-06-20 10:12:10.512747,4278.9,54842.0,63529.0
2025-06-20 10:12:11.519938,4281.2,54813.0,63535.0
2025-06-20 10:12:11.591661,4279.3,54813.0,63535.0
2025-06-20 10:12:12.513503,4279.4,54574.0,63549.0
2025-06-20 10:12:12.591197,4279.4,54574.0,63549.0
2025-06-20 10:12:13.625879,4279.4,54889.0,63581.0
2025-06-20 10:12:14.607418,4281.5,54889.0,63581.0
2025-06-20 10:12:14.727183,4281.5,54783.0,63362.0
2025-06-20 10:12:15.591296,4283.0,54783.0,63362.0
2025-06-20 10:12:15.827201,4283.0,53691.0,63042.0
2025-06-20 10:12:16.596412,4283.1,53691.0,63042.0
2025-06-20 10:12:16.927656,4283.1,54483.0,62918.0
2025-06-20 10:12:17.928633,4283.1,54885.0,62910.0
2025-06-20 10:12:19.015396,4283.1,55134.0,62886.0
2025-06-20 10:12:20.017266,4283.1,54589.0,62748.0
2025-06-20 10:12:21.023606,4281.5,54818.0,62725.0
2025-06-20 10:12:21.593406,4281.5,54818.0,62725.0
2025-06-20 10:12:22.023035,4281.5,54316.0,62802.0
2025-06-20 10:12:23.023713,4281.5,55090.0,62801.0
2025-06-20 10:12:24.023258,4281.5,53426.0,62858.0
2025-06-20 10:12:24.594288,4283.0,53426.0,62858.0
2025-06-20 10:12:25.120965,4283.0,54435.0,62868.0
2025-06-20 10:12:26.121753,4283.0,54418.0,62997.0
2025-06-20 10:12:26.599975,4282.7,54418.0,62997.0
2025-06-20 10:12:27.221995,4282.7,54480.0,63132.0
2025-06-20 10:12:27.593739,4282.5,54480.0,63132.0
2025-06-20 10:12:28.223978,4282.5,54873.0,63316.0
2025-06-20 10:12:29.439507,4282.5,54659.0,63394.0
2025-06-20 10:12:29.591852,4281.1,54659.0,63394.0
2025-06-20 10:12:30.443432,4282.9,54812.0,63088.0
2025-06-20 10:12:30.595304,4282.9,54812.0,63088.0
2025-06-20 10:12:31.529233,4282.9,54470.0,63052.0
2025-06-20 10:12:32.528786,4282.9,54748.0,63087.0
2025-06-20 10:12:33.593388,4282.5,54748.0,63087.0
2025-06-20 10:12:33.638906,4282.5,54118.0,63350.0
2025-06-20 10:12:34.737829,4282.5,53474.0,63417.0
2025-06-20 10:12:35.595024,4280.2,53474.0,63417.0
2025-06-20 10:12:35.839778,4280.2,54963.0,63769.0
2025-06-20 10:12:36.934635,4280.2,54774.0,63830.0
2025-06-20 10:12:37.600197,4281.8,54774.0,63830.0
2025-06-20 10:12:37.937765,4280.9,54469.0,63832.0
2025-06-20 10:12:38.593901,4281.9,54469.0,63832.0
2025-06-20 10:12:39.029364,4281.9,54255.0,63698.0
2025-06-20 10:12:40.131179,4283.3,54442.0,63766.0
2025-06-20 10:12:40.550622,4283.3,54442.0,63766.0
2025-06-20 10:12:40.594240,4283.3,54442.0,63766.0
2025-06-20 10:12:40.920000,4283.3,54442.0,63766.0
2025-06-20 10:12:41.168927,4283.3,54442.0,63766.0
2025-06-20 10:12:41.231308,4283.3,54361.0,63887.0
2025-06-20 10:12:41.439045,4283.3,54361.0,63887.0
2025-06-20 10:12:41.593994,4282.3,54361.0,63887.0
2025-06-20 10:12:41.701408,4282.3,54361.0,63887.0
2025-06-20 10:12:42.296766,4282.3,54361.0,63887.0
2025-06-20 10:12:42.345594,4282.3,54694.0,63919.0
2025-06-20 10:12:42.958705,4282.3,54694.0,63919.0
2025-06-20 10:12:43.451972,4282.3,54694.0,63919.0
2025-06-20 10:12:43.452463,4281.9,54452.0,63857.0
2025-06-20 10:12:43.593018,4281.9,54452.0,63857.0
2025-06-20 10:12:43.944817,4281.9,54452.0,63857.0
2025-06-20 10:12:44.656774,4281.9,54452.0,63857.0
2025-06-20 10:12:44.664036,4281.9,53481.0,63874.0
2025-06-20 10:12:45.458160,4281.9,53481.0,63874.0
2025-06-20 10:12:45.460023,4281.9,54681.0,63913.0
2025-06-20 10:12:45.623005,4281.8,54681.0,63913.0
2025-06-20 10:12:46.537817,4281.8,55061.0,63701.0
2025-06-20 10:12:46.598484,4281.8,55061.0,63701.0
2025-06-20 10:12:46.685875,4281.8,55061.0,63701.0
2025-06-20 10:12:47.601196,4282.7,55061.0,63701.0
2025-06-20 10:12:47.653068,4282.7,55061.0,63701.0
2025-06-20 10:12:47.656139,4282.7,54933.0,63689.0
2025-06-20 10:12:48.594273,4283.4,54933.0,63689.0
2025-06-20 10:12:48.736047,4283.4,55375.0,63137.0
2025-06-20 10:12:49.157781,4283.4,55375.0,63137.0
2025-06-20 10:12:49.596441,4283.8,55375.0,63137.0
2025-06-20 10:12:49.875364,4283.8,54965.0,63250.0
2025-06-20 10:12:50.476467,4283.8,54965.0,63250.0
2025-06-20 10:12:50.941832,4283.2,54019.0,63260.0
2025-06-20 10:12:51.604556,4283.2,54019.0,63260.0
2025-06-20 10:12:51.713023,4283.2,54019.0,63260.0
2025-06-20 10:12:52.037487,4283.2,54030.0,63258.0
2025-06-20 10:12:53.142163,4283.2,55521.0,63264.0
2025-06-20 10:12:53.281642,4283.2,55521.0,63264.0
2025-06-20 10:12:54.238670,4283.8,55328.0,63233.0
2025-06-20 10:12:54.604298,4283.8,55328.0,63233.0
2025-06-20 10:12:55.355169,4283.8,56505.0,63265.0
2025-06-20 10:12:55.596244,4283.8,56505.0,63265.0
2025-06-20 10:12:56.453222,4283.7,56576.0,63266.0
2025-06-20 10:12:56.597200,4283.7,56576.0,63266.0
2025-06-20 10:12:57.456603,4283.7,56551.0,63231.0
2025-06-20 10:12:57.634209,4283.7,56551.0,63231.0
2025-06-20 10:12:58.542509,4282.0,56278.0,63372.0
2025-06-20 10:12:58.598540,4282.0,56278.0,63372.0
2025-06-20 10:12:59.595265,4283.2,56278.0,63372.0
2025-06-20 10:12:59.650312,4283.2,56328.0,63276.0
2025-06-20 10:13:00.744922,4283.2,56389.0,63264.0
2025-06-20 10:13:01.592220,4282.2,56389.0,63264.0
2025-06-20 10:13:01.748784,4284.0,56428.0,63125.0
2025-06-20 10:13:02.593017,4282.5,56428.0,63125.0
2025-06-20 10:13:02.866608,4282.5,56406.0,63328.0
2025-06-20 10:13:03.594597,4283.7,56406.0,63328.0
2025-06-20 10:13:03.948963,4283.7,56433.0,63365.0
2025-06-20 10:13:05.053314,4283.6,56527.0,63231.0
2025-06-20 10:13:05.593127,4283.6,56527.0,63231.0
2025-06-20 10:13:06.158250,4283.6,56519.0,63280.0
2025-06-20 10:13:06.597480,4284.0,56519.0,63280.0
2025-06-20 10:13:07.249575,4284.0,56528.0,63209.0
2025-06-20 10:13:07.593253,4283.7,56528.0,63209.0
2025-06-20 10:13:08.389149,4283.9,56390.0,63209.0
2025-06-20 10:13:08.600565,4283.9,56390.0,63209.0
2025-06-20 10:13:09.460249,4284.0,56401.0,63333.0
2025-06-20 10:13:09.637670,4284.0,56401.0,63333.0
2025-06-20 10:13:10.557539,4284.0,56447.0,63288.0
2025-06-20 10:13:11.558808,4284.0,56449.0,63289.0
2025-06-20 10:13:12.661497,4284.0,56480.0,63230.0
2025-06-20 10:13:13.758963,4284.7,56591.0,63142.0
2025-06-20 10:13:14.594619,4284.7,56591.0,63142.0
2025-06-20 10:13:14.905861,4284.7,56557.0,63166.0
2025-06-20 10:13:15.595260,4283.1,56557.0,63166.0
2025-06-20 10:13:15.959744,4283.1,56562.0,63106.0
2025-06-20 10:13:16.600202,4284.3,56562.0,63106.0
2025-06-20 10:13:17.059690,4284.3,56505.0,63175.0
2025-06-20 10:13:17.595431,4288.0,56505.0,63175.0
2025-06-20 10:13:18.162877,4287.1,55854.0,61745.0
2025-06-20 10:13:18.593511,4288.0,55854.0,61745.0
2025-06-20 10:13:19.162055,4288.0,57481.0,61424.0
2025-06-20 10:13:20.161722,4288.0,57442.0,61488.0
2025-06-20 10:13:20.599076,4288.1,57442.0,61488.0
2025-06-20 10:13:21.163981,4288.8,55974.0,61344.0
2025-06-20 10:13:21.600013,4288.8,55974.0,61344.0
2025-06-20 10:13:22.263896,4288.8,57132.0,61361.0
2025-06-20 10:13:23.262789,4289.0,56571.0,61076.0
2025-06-20 10:13:23.602382,4289.0,56571.0,61076.0
2025-06-20 10:13:24.378820,4288.0,56897.0,61315.0
2025-06-20 10:13:24.599610,4288.0,56897.0,61315.0
2025-06-20 10:13:25.265192,4288.8,56907.0,61327.0
2025-06-20 10:13:25.594792,4288.7,56907.0,61327.0
2025-06-20 10:13:26.267006,4289.0,57039.0,60736.0
2025-06-20 10:13:26.604107,4291.0,57039.0,60736.0
2025-06-20 10:13:27.266191,4289.0,56712.0,60822.0
2025-06-20 10:13:27.595803,4290.0,56712.0,60822.0
2025-06-20 10:13:28.265152,4289.6,56374.0,61028.0
2025-06-20 10:13:28.595401,4289.0,56374.0,61028.0
2025-06-20 10:13:29.369442,4289.7,57215.0,60754.0
2025-06-20 10:13:29.594686,4289.7,57215.0,60754.0
2025-06-20 10:13:30.379861,4288.3,56083.0,60783.0
2025-06-20 10:13:30.597805,4288.3,56083.0,60783.0
2025-06-20 10:13:31.472669,4290.0,57151.0,60791.0
2025-06-20 10:13:31.595139,4290.0,57151.0,60791.0
2025-06-20 10:13:32.572927,4290.8,57382.0,60764.0
2025-06-20 10:13:32.595309,4290.8,57382.0,60764.0
2025-06-20 10:13:33.593258,4288.5,57382.0,60764.0
2025-06-20 10:13:33.673354,4288.5,57137.0,61298.0
2025-06-20 10:13:34.595233,4289.3,57137.0,61298.0
2025-06-20 10:13:34.770115,4289.3,57574.0,60900.0
2025-06-20 10:13:35.595694,4290.2,57574.0,60900.0
2025-06-20 10:13:35.886596,4290.1,58237.0,60047.0
2025-06-20 10:13:36.595601,4290.1,58237.0,60047.0
2025-06-20 10:13:36.973768,4290.0,56714.0,60423.0
2025-06-20 10:13:37.600349,4292.8,56714.0,60423.0
2025-06-20 10:13:37.972976,4292.8,56770.0,60143.0
2025-06-20 10:13:38.594190,4292.7,56770.0,60143.0
2025-06-20 10:13:39.072331,4290.4,57289.0,60235.0
2025-06-20 10:13:39.593583,4290.4,57289.0,60235.0
2025-06-20 10:13:40.173919,4291.9,56722.0,60506.0
2025-06-20 10:13:40.601376,4291.9,56722.0,60506.0
2025-06-20 10:13:41.275110,4290.7,57915.0,60371.0
2025-06-20 10:13:41.600066,4290.7,57915.0,60371.0
2025-06-20 10:13:42.386114,4290.7,56811.0,60443.0
2025-06-20 10:13:43.275846,4290.7,58140.0,60564.0
2025-06-20 10:13:44.481787,4290.8,58231.0,60514.0
2025-06-20 10:13:44.597894,4290.1,58231.0,60514.0
2025-06-20 10:13:45.481062,4290.1,58449.0,60486.0
2025-06-20 10:13:45.597037,4290.1,58449.0,60486.0
2025-06-20 10:13:46.578425,4290.1,58165.0,60449.0
2025-06-20 10:13:47.622735,4290.5,58165.0,60449.0
2025-06-20 10:13:47.677272,4290.5,58671.0,60250.0
2025-06-20 10:13:48.599125,4290.5,58671.0,60250.0
2025-06-20 10:13:48.777634,4290.5,58472.0,60287.0
2025-06-20 10:13:49.642451,4290.5,58472.0,60287.0
2025-06-20 10:13:49.889868,4290.5,58624.0,60286.0
2025-06-20 10:13:50.982732,4290.1,57060.0,60358.0
2025-06-20 10:13:51.595224,4290.1,57060.0,60358.0
2025-06-20 10:13:52.116560,4290.1,58455.0,60432.0
2025-06-20 10:13:52.600801,4290.3,58455.0,60432.0
2025-06-20 10:13:53.184066,4290.3,58607.0,60722.0
2025-06-20 10:13:53.600011,4291.1,58607.0,60722.0
2025-06-20 10:13:54.283815,4291.1,58455.0,60604.0
2025-06-20 10:13:54.594550,4290.0,58455.0,60604.0
2025-06-20 10:13:55.284119,4290.0,56978.0,61057.0
2025-06-20 10:13:55.593885,4290.0,56978.0,61057.0
2025-06-20 10:13:56.401056,4290.0,55957.0,61037.0
2025-06-20 10:13:56.603913,4290.0,55957.0,61037.0
2025-06-20 10:13:57.486428,4290.0,57593.0,61384.0
2025-06-20 10:13:57.598040,4290.0,57593.0,61384.0
2025-06-20 10:13:58.590114,4290.0,57686.0,61323.0
2025-06-20 10:13:58.600175,4290.0,57686.0,61323.0
2025-06-20 10:13:59.690383,4290.0,57753.0,61237.0
2025-06-20 10:14:00.606909,4288.7,57753.0,61237.0
2025-06-20 10:14:00.994960,4288.7,57463.0,61249.0
2025-06-20 10:14:01.600219,4290.4,57463.0,61249.0
2025-06-20 10:14:01.988341,4290.4,57792.0,61088.0
2025-06-20 10:14:02.649275,4290.4,57792.0,61088.0
2025-06-20 10:14:02.991403,4290.4,57770.0,61258.0
2025-06-20 10:14:04.091794,4290.0,57557.0,61639.0
2025-06-20 10:14:04.602467,4288.3,57557.0,61639.0
2025-06-20 10:14:05.192053,4290.0,56525.0,61440.0
2025-06-20 10:14:05.649720,4290.0,56525.0,61440.0
2025-06-20 10:14:06.192363,4290.0,57602.0,61327.0
2025-06-20 10:14:06.605433,4290.0,57602.0,61327.0
2025-06-20 10:14:07.293589,4290.0,57809.0,61334.0
2025-06-20 10:14:07.604786,4289.2,57809.0,61334.0
2025-06-20 10:14:08.406730,4288.4,56495.0,61403.0
2025-06-20 10:14:08.604445,4288.4,56495.0,61403.0
2025-06-20 10:14:09.406994,4290.1,57887.0,61401.0
2025-06-20 10:14:09.606844,4290.1,57887.0,61401.0
2025-06-20 10:14:10.493740,4290.1,57885.0,61384.0
2025-06-20 10:14:11.493909,4290.0,58152.0,61656.0
2025-06-20 10:14:11.605785,4287.1,58152.0,61656.0
2025-06-20 10:14:12.596979,4285.0,56654.0,62835.0
2025-06-20 10:14:12.603135,4285.0,56654.0,62835.0
2025-06-20 10:14:13.595593,4286.4,56811.0,62743.0
2025-06-20 10:14:13.607197,4286.4,56811.0,62743.0
2025-06-20 10:14:14.599333,4286.1,56677.0,62904.0
2025-06-20 10:14:14.600387,4286.1,56677.0,62904.0
2025-06-20 10:14:15.700005,4286.1,55919.0,63448.0
2025-06-20 10:14:16.600159,4283.1,55919.0,63448.0
2025-06-20 10:14:16.708195,4283.1,56236.0,63409.0
2025-06-20 10:14:17.597202,4283.7,56236.0,63409.0
2025-06-20 10:14:17.697406,4283.7,55920.0,63526.0
2025-06-20 10:14:18.599853,4283.8,55920.0,63526.0
2025-06-20 10:14:18.804413,4283.8,55907.0,63401.0
2025-06-20 10:14:19.645023,4282.3,55907.0,63401.0
2025-06-20 10:14:19.803436,4282.3,56024.0,63407.0
2025-06-20 10:14:20.601630,4282.0,56024.0,63407.0
2025-06-20 10:14:21.017432,4282.0,55738.0,63880.0
2025-06-20 10:14:21.601743,4282.3,55738.0,63880.0
2025-06-20 10:14:22.004105,4282.3,55761.0,64072.0
2025-06-20 10:14:22.607137,4282.0,55761.0,64072.0
2025-06-20 10:14:23.103072,4282.0,55782.0,63930.0
2025-06-20 10:14:23.603804,4283.0,55782.0,63930.0
2025-06-20 10:14:24.102607,4283.0,55630.0,63935.0
2025-06-20 10:14:25.102944,4283.0,55642.0,63935.0
2025-06-20 10:14:25.601838,4282.1,55642.0,63935.0
2025-06-20 10:14:26.116427,4282.1,54669.0,63911.0
2025-06-20 10:14:26.601114,4282.1,54669.0,63911.0
2025-06-20 10:14:27.204202,4282.0,54524.0,63955.0
2025-06-20 10:14:27.600800,4282.1,54524.0,63955.0
2025-06-20 10:14:28.205149,4282.1,55889.0,63962.0
2025-06-20 10:14:29.203739,4282.3,55583.0,64305.0
2025-06-20 10:14:29.599341,4282.3,55583.0,64305.0
2025-06-20 10:14:30.204521,4282.3,55602.0,64351.0
2025-06-20 10:14:30.603780,4282.0,55602.0,64351.0
2025-06-20 10:14:31.206814,4283.0,54542.0,64356.0
2025-06-20 10:14:31.661153,4283.0,54542.0,64356.0
2025-06-20 10:14:32.208364,4283.2,54941.0,64484.0
2025-06-20 10:14:32.599800,4282.1,54941.0,64484.0
2025-06-20 10:14:33.210021,4282.1,55637.0,64173.0
2025-06-20 10:14:33.603248,4283.3,55637.0,64173.0
2025-06-20 10:14:34.209462,4282.1,55148.0,64138.0
2025-06-20 10:14:34.641757,4282.1,55148.0,64138.0
2025-06-20 10:14:35.205924,4282.1,53861.0,64174.0
2025-06-20 10:14:36.317187,4282.1,55208.0,64204.0
2025-06-20 10:14:37.506847,4282.1,55351.0,64263.0
2025-06-20 10:14:38.508640,4282.5,53668.0,64345.0
2025-06-20 10:14:38.602024,4282.5,53668.0,64345.0
2025-06-20 10:14:39.599600,4282.0,53668.0,64345.0
2025-06-20 10:14:39.613467,4282.0,55307.0,64363.0
2025-06-20 10:14:40.514651,4282.6,54789.0,64378.0
2025-06-20 10:14:40.600343,4282.6,54789.0,64378.0
2025-06-20 10:14:41.618255,4282.6,54923.0,64465.0
2025-06-20 10:14:42.601425,4282.2,54923.0,64465.0
2025-06-20 10:14:42.712605,4282.2,54914.0,64640.0
2025-06-20 10:14:43.601972,4282.1,54914.0,64640.0
2025-06-20 10:14:43.853978,4282.1,53929.0,64681.0
2025-06-20 10:14:44.603905,4281.9,53929.0,64681.0
2025-06-20 10:14:44.940960,4281.9,54858.0,64866.0
2025-06-20 10:14:45.604319,4281.1,54858.0,64866.0
2025-06-20 10:14:46.071605,4281.1,53908.0,64660.0
2025-06-20 10:14:46.600057,4279.0,53908.0,64660.0
2025-06-20 10:14:46.927525,4279.0,54610.0,64787.0
2025-06-20 10:14:47.655472,4280.8,54610.0,64787.0
2025-06-20 10:14:47.924065,4280.8,54736.0,64603.0
2025-06-20 10:14:48.599269,4280.8,54736.0,64603.0
2025-06-20 10:14:49.038594,4280.7,54690.0,64705.0
2025-06-20 10:14:49.600309,4279.4,54690.0,64705.0
2025-06-20 10:14:50.118610,4279.4,54690.0,64621.0
2025-06-20 10:14:51.119583,4279.4,55279.0,64639.0
2025-06-20 10:14:51.601182,4280.8,55279.0,64639.0
2025-06-20 10:14:52.027490,4280.8,55160.0,64758.0
2025-06-20 10:14:52.600481,4280.8,55160.0,64758.0
2025-06-20 10:14:53.118092,4280.8,54932.0,64829.0
2025-06-20 10:14:53.598537,4278.6,54932.0,64829.0
2025-06-20 10:14:54.248808,4278.6,53542.0,64980.0
2025-06-20 10:14:54.599912,4280.7,53542.0,64980.0
2025-06-20 10:14:55.119525,4280.7,54858.0,64940.0
2025-06-20 10:14:56.123675,4280.6,55447.0,64551.0
2025-06-20 10:14:56.599928,4280.6,55447.0,64551.0
2025-06-20 10:14:57.122149,4281.1,55547.0,64302.0
2025-06-20 10:14:57.609616,4282.1,55547.0,64302.0
2025-06-20 10:14:58.129528,4282.1,55644.0,64355.0
2025-06-20 10:14:58.603001,4282.4,55644.0,64355.0
2025-06-20 10:14:59.123245,4282.4,54624.0,64594.0
2025-06-20 10:14:59.600051,4282.4,54624.0,64594.0
2025-06-20 10:15:00.124286,4282.4,54961.0,64527.0
2025-06-20 10:15:01.683786,4282.4,54698.0,64585.0
2025-06-20 10:15:02.727829,4282.4,54678.0,64422.0
2025-06-20 10:15:03.841413,4282.4,54707.0,64569.0
2025-06-20 10:15:04.842029,4282.4,54719.0,64588.0
2025-06-20 10:15:05.866476,4282.4,55456.0,64557.0
2025-06-20 10:15:06.605083,4282.1,55456.0,64557.0
2025-06-20 10:15:06.866659,4282.1,54125.0,64660.0
2025-06-20 10:15:07.601933,4281.2,54125.0,64660.0
2025-06-20 10:15:07.861096,4281.2,55183.0,64657.0
2025-06-20 10:15:08.868638,4281.2,55083.0,64656.0
2025-06-20 10:15:09.931745,4280.6,55322.0,64606.0
2025-06-20 10:15:10.605409,4280.8,55322.0,64606.0
2025-06-20 10:15:11.031092,4280.9,55556.0,64678.0
2025-06-20 10:15:11.602520,4280.6,55556.0,64678.0
2025-06-20 10:15:12.133122,4280.6,55372.0,64913.0
2025-06-20 10:15:13.234775,4280.6,55124.0,64912.0
2025-06-20 10:15:13.602853,4280.6,55124.0,64912.0
2025-06-20 10:15:14.349871,4281.7,55513.0,64834.0
2025-06-20 10:15:14.600320,4281.7,55513.0,64834.0
2025-06-20 10:15:15.441424,4281.7,55669.0,64352.0
2025-06-20 10:15:16.536384,4281.7,55734.0,64384.0
2025-06-20 10:15:17.461568,4280.5,55304.0,64459.0
2025-06-20 10:15:17.603728,4280.5,55304.0,64459.0
2025-06-20 10:15:18.450063,4282.1,55279.0,64522.0
2025-06-20 10:15:18.604588,4282.1,55279.0,64522.0
2025-06-20 10:15:19.442855,4282.1,55669.0,64659.0
2025-06-20 10:15:20.544640,4280.0,55666.0,64751.0
2025-06-20 10:15:20.605176,4281.1,55666.0,64751.0
2025-06-20 10:15:21.653452,4281.1,54309.0,64715.0
2025-06-20 10:15:22.741026,4281.1,55226.0,64684.0
2025-06-20 10:15:23.603174,4280.6,55226.0,64684.0
2025-06-20 10:15:23.655002,4280.6,55287.0,64612.0
2025-06-20 10:15:24.607513,4281.3,55287.0,64612.0
2025-06-20 10:15:25.242913,4281.3,55253.0,64664.0
2025-06-20 10:15:26.245436,4281.3,55304.0,64514.0
2025-06-20 10:15:26.600913,4280.5,55304.0,64514.0
2025-06-20 10:15:27.353809,4280.5,55212.0,64501.0
2025-06-20 10:15:27.603840,4282.1,55212.0,64501.0
2025-06-20 10:15:28.547996,4282.0,55392.0,64774.0
2025-06-20 10:15:28.601969,4282.0,55392.0,64774.0
2025-06-20 10:15:29.545590,4282.0,55182.0,64585.0
2025-06-20 10:15:30.545654,4281.9,55394.0,64335.0
2025-06-20 10:15:30.605273,4281.9,55394.0,64335.0
2025-06-20 10:15:31.603256,4283.1,55394.0,64335.0
2025-06-20 10:15:31.660373,4283.1,55397.0,64288.0
2025-06-20 10:15:32.746361,4283.1,55683.0,64237.0
2025-06-20 10:15:33.605257,4283.3,55683.0,64237.0
2025-06-20 10:15:33.748894,4283.3,55729.0,64181.0
2025-06-20 10:15:34.750832,4283.3,55809.0,64207.0
2025-06-20 10:15:35.604956,4283.3,55809.0,64207.0
2025-06-20 10:15:35.750077,4283.3,55846.0,63223.0
2025-06-20 10:15:36.604885,4283.3,55846.0,63223.0
2025-06-20 10:15:36.750327,4281.6,55554.0,63247.0
2025-06-20 10:15:37.603978,4281.6,55554.0,63247.0
2025-06-20 10:15:37.864494,4281.6,55570.0,63280.0
2025-06-20 10:15:38.607353,4282.3,55570.0,63280.0
2025-06-20 10:15:38.867925,4282.3,56556.0,62837.0
2025-06-20 10:15:39.754961,4282.3,56398.0,62798.0
2025-06-20 10:15:40.866059,4282.3,56631.0,62811.0
2025-06-20 10:15:40.970370,4282.3,56631.0,62811.0
2025-06-20 10:15:41.375409,4282.3,56631.0,62811.0
2025-06-20 10:15:41.864681,4286.5,55910.0,62273.0
2025-06-20 10:15:41.915522,4286.5,55910.0,62273.0
2025-06-20 10:15:42.174429,4286.5,55910.0,62273.0
2025-06-20 10:15:42.604245,4286.1,55910.0,62273.0
2025-06-20 10:15:42.783944,4286.1,55910.0,62273.0
2025-06-20 10:15:42.956454,4286.1,55947.0,62455.0
2025-06-20 10:15:43.470154,4286.1,55947.0,62455.0
2025-06-20 10:15:43.956439,4286.1,56229.0,62482.0
2025-06-20 10:15:44.466620,4286.1,56229.0,62482.0
2025-06-20 10:15:45.091086,4286.1,56679.0,62398.0
2025-06-20 10:15:45.780714,4286.1,56679.0,62398.0
2025-06-20 10:15:46.165120,4286.1,56724.0,62403.0
2025-06-20 10:15:47.117093,4286.1,56724.0,62403.0
2025-06-20 10:15:47.171629,4286.1,56447.0,62323.0
2025-06-20 10:15:47.604013,4288.0,56447.0,62323.0
2025-06-20 10:15:48.058142,4288.0,56875.0,61503.0
2025-06-20 10:15:48.081374,4288.0,56875.0,61503.0
2025-06-20 10:15:48.607010,4286.1,56875.0,61503.0
2025-06-20 10:15:49.058724,4286.1,56571.0,61755.0
2025-06-20 10:15:49.652585,4286.1,56571.0,61755.0
2025-06-20 10:15:50.059580,4286.1,56828.0,61833.0
2025-06-20 10:15:50.604583,4287.7,56828.0,61833.0
2025-06-20 10:15:50.884426,4287.7,56828.0,61833.0
2025-06-20 10:15:51.259540,4287.7,56562.0,61838.0
2025-06-20 10:15:51.606754,4287.7,56562.0,61838.0
2025-06-20 10:15:52.129108,4287.7,56562.0,61838.0
2025-06-20 10:15:52.172560,4287.7,56559.0,62118.0
2025-06-20 10:15:53.261607,4285.9,56392.0,62294.0
2025-06-20 10:15:53.604423,4285.9,56392.0,62294.0
2025-06-20 10:15:53.702268,4285.9,56392.0,62294.0
2025-06-20 10:15:54.063464,4287.0,56846.0,62023.0
2025-06-20 10:15:54.606299,4287.0,56846.0,62023.0
2025-06-20 10:15:55.795022,4286.5,56524.0,62055.0
2025-06-20 10:15:55.798285,4286.5,56524.0,62055.0
2025-06-20 10:15:56.063219,4286.5,57041.0,62246.0
2025-06-20 10:15:56.606485,4285.9,57041.0,62246.0
2025-06-20 10:15:57.176931,4285.9,56762.0,62934.0
2025-06-20 10:15:58.266970,4285.9,56775.0,62712.0
2025-06-20 10:15:59.370363,4285.2,56933.0,62186.0
2025-06-20 10:15:59.607915,4285.2,56933.0,62186.0
2025-06-20 10:16:00.378391,4286.1,57104.0,62223.0
2025-06-20 10:16:00.609181,4286.1,57104.0,62223.0
2025-06-20 10:16:01.678192,4286.1,57328.0,62086.0
2025-06-20 10:16:02.605821,4286.0,57328.0,62086.0
2025-06-20 10:16:02.668538,4286.0,57377.0,61993.0
2025-06-20 10:16:03.610882,4286.0,57377.0,61993.0
2025-06-20 10:16:03.769379,4286.0,57511.0,62172.0
2025-06-20 10:16:04.613744,4285.9,57511.0,62172.0
2025-06-20 10:16:04.876407,4285.9,55692.0,62330.0
2025-06-20 10:16:05.660163,4285.9,55692.0,62330.0
2025-06-20 10:16:05.969810,4285.9,57210.0,62290.0
2025-06-20 10:16:06.612671,4285.9,57210.0,62290.0
2025-06-20 10:16:06.875598,4284.3,57025.0,62281.0
2025-06-20 10:16:07.610688,4284.3,57025.0,62281.0
2025-06-20 10:16:07.873187,4284.3,57030.0,62282.0
2025-06-20 10:16:08.608112,4283.8,57030.0,62282.0
2025-06-20 10:16:08.970761,4283.8,58017.0,62255.0
2025-06-20 10:16:09.969893,4285.7,56884.0,62269.0
2025-06-20 10:16:10.608367,4285.7,56884.0,62269.0
2025-06-20 10:16:11.072161,4285.7,58352.0,62237.0
2025-06-20 10:16:11.608044,4285.5,58352.0,62237.0
2025-06-20 10:16:12.172337,4285.5,58258.0,62240.0
2025-06-20 10:16:13.274530,4285.5,58078.0,62336.0
2025-06-20 10:16:14.273097,4285.5,58114.0,62342.0
2025-06-20 10:16:15.280229,4285.5,58113.0,62235.0
2025-06-20 10:16:15.609532,4284.7,58113.0,62235.0
2025-06-20 10:16:16.274226,4284.7,58272.0,62285.0
2025-06-20 10:16:16.610413,4284.3,58272.0,62285.0
2025-06-20 10:16:17.275068,4284.3,58372.0,62402.0
2025-06-20 10:16:18.380990,4284.3,58209.0,62345.0
2025-06-20 10:16:19.477704,4284.7,57385.0,61152.0
2025-06-20 10:16:19.609061,4284.7,57385.0,61152.0
2025-06-20 10:16:20.576269,4285.1,58106.0,62049.0
2025-06-20 10:16:20.610835,4285.1,58106.0,62049.0
2025-06-20 10:16:21.610573,4287.5,58106.0,62049.0
2025-06-20 10:16:21.677217,4287.5,57999.0,61986.0
2025-06-20 10:16:22.611997,4284.8,57999.0,61986.0
2025-06-20 10:16:22.779100,4284.8,58149.0,62072.0
2025-06-20 10:16:23.887755,4284.8,58388.0,62315.0
2025-06-20 10:16:24.986287,4284.8,57607.0,62298.0
2025-06-20 10:16:25.980848,4284.8,58488.0,62316.0
2025-06-20 10:16:27.083055,4284.8,58450.0,62435.0
2025-06-20 10:16:28.082350,4284.8,58440.0,62579.0
2025-06-20 10:16:28.609421,4284.6,58440.0,62579.0
2025-06-20 10:16:29.184217,4284.6,57863.0,62498.0
2025-06-20 10:16:30.182064,4284.5,57883.0,62551.0
2025-06-20 10:16:30.611250,4284.5,57883.0,62551.0
2025-06-20 10:16:31.182756,4284.3,57823.0,62660.0
2025-06-20 10:16:31.641985,4284.3,57823.0,62660.0
2025-06-20 10:16:32.083308,4284.3,57808.0,62617.0
2025-06-20 10:16:32.609606,4284.5,57808.0,62617.0
2025-06-20 10:16:33.084940,4284.5,57847.0,62620.0
2025-06-20 10:16:33.608176,4285.0,57847.0,62620.0
2025-06-20 10:16:34.186136,4285.0,57981.0,62790.0
2025-06-20 10:16:35.295556,4285.6,58012.0,62789.0
2025-06-20 10:16:35.610742,4285.6,58012.0,62789.0
2025-06-20 10:16:36.487594,4285.0,57965.0,62789.0
2025-06-20 10:16:36.618801,4285.6,57965.0,62789.0
2025-06-20 10:16:37.488764,4285.6,57967.0,62740.0
2025-06-20 10:16:38.490717,4285.6,57924.0,62799.0
2025-06-20 10:16:39.596443,4285.7,58058.0,62811.0
2025-06-20 10:16:39.645967,4285.7,58058.0,62811.0
2025-06-20 10:16:40.591159,4285.0,58055.0,62674.0
2025-06-20 10:16:40.610373,4285.0,58055.0,62674.0
2025-06-20 10:16:41.592291,4285.0,57954.0,62603.0
2025-06-20 10:16:42.601492,4284.8,57949.0,62611.0
2025-06-20 10:16:42.614466,4284.8,57949.0,62611.0
2025-06-20 10:16:43.594041,4284.4,57846.0,63234.0
2025-06-20 10:16:43.615024,4284.4,57846.0,63234.0
2025-06-20 10:16:44.592344,4284.4,57602.0,63209.0
2025-06-20 10:16:45.593164,4284.4,57538.0,63381.0
2025-06-20 10:16:45.613168,4283.9,57538.0,63381.0
2025-06-20 10:16:46.594083,4283.0,57094.0,63671.0
2025-06-20 10:16:46.611632,4283.0,57094.0,63671.0
2025-06-20 10:16:47.594727,4283.0,56748.0,63685.0
2025-06-20 10:16:48.596747,4282.7,57064.0,63650.0
2025-06-20 10:16:48.613672,4282.7,57064.0,63650.0
2025-06-20 10:16:49.596223,4283.4,56879.0,63702.0
2025-06-20 10:16:49.612643,4283.4,56879.0,63702.0
2025-06-20 10:16:50.697176,4282.0,57502.0,63491.0
2025-06-20 10:16:51.613466,4283.3,57502.0,63491.0
2025-06-20 10:16:51.700135,4283.3,57240.0,63418.0
2025-06-20 10:16:52.612960,4283.3,57240.0,63418.0
2025-06-20 10:16:52.699104,4283.3,57352.0,63324.0
2025-06-20 10:16:53.611793,4282.6,57352.0,63324.0
2025-06-20 10:16:53.700097,4282.6,56853.0,63595.0
2025-06-20 10:16:54.669567,4282.5,56853.0,63595.0
2025-06-20 10:16:54.699786,4282.5,56758.0,63668.0
2025-06-20 10:16:55.800535,4282.5,55974.0,63624.0
2025-06-20 10:16:56.612025,4282.4,55974.0,63624.0
2025-06-20 10:16:56.926540,4280.9,56926.0,63619.0
2025-06-20 10:16:57.658653,4280.9,56926.0,63619.0
2025-06-20 10:16:57.933089,4280.9,57095.0,63570.0
2025-06-20 10:16:58.612363,4282.3,57095.0,63570.0
2025-06-20 10:16:59.011616,4281.5,56781.0,63566.0
2025-06-20 10:16:59.612755,4282.3,56781.0,63566.0
2025-06-20 10:17:00.004818,4282.3,56783.0,63626.0
2025-06-20 10:17:00.658727,4282.3,56783.0,63626.0
2025-06-20 10:17:01.213819,4282.3,57125.0,63441.0
2025-06-20 10:17:02.205125,4282.3,56824.0,63518.0
2025-06-20 10:17:02.616094,4282.3,56824.0,63518.0
2025-06-20 10:17:03.206541,4282.7,57827.0,62395.0
2025-06-20 10:17:03.613920,4283.8,57827.0,62395.0
2025-06-20 10:17:04.207430,4283.1,57636.0,62814.0
2025-06-20 10:17:04.616229,4283.1,57636.0,62814.0
2025-06-20 10:17:05.210864,4283.1,57612.0,62923.0
2025-06-20 10:17:06.211659,4282.2,57837.0,62956.0
2025-06-20 10:17:06.614726,4282.2,57837.0,62956.0
2025-06-20 10:17:07.209304,4282.2,57861.0,63035.0
2025-06-20 10:17:08.209755,4282.2,57289.0,63059.0
2025-06-20 10:17:09.210558,4283.2,57317.0,63075.0
2025-06-20 10:17:09.622953,4282.3,57317.0,63075.0
2025-06-20 10:17:10.213514,4283.2,57563.0,63122.0
2025-06-20 10:17:10.614829,4283.2,57563.0,63122.0
2025-06-20 10:17:11.112469,4283.2,57624.0,63051.0
2025-06-20 10:17:11.614841,4283.2,57624.0,63051.0
2025-06-20 10:17:12.112268,4283.2,57328.0,63068.0
2025-06-20 10:17:13.112272,4283.2,57835.0,63039.0
2025-06-20 10:17:13.615753,4283.2,57835.0,63039.0
2025-06-20 10:17:14.115024,4283.2,57743.0,63059.0
2025-06-20 10:17:14.635158,4283.2,57743.0,63059.0
2025-06-20 10:17:15.013372,4283.2,58062.0,63139.0
2025-06-20 10:17:16.016808,4283.2,58006.0,63082.0
2025-06-20 10:17:16.613003,4283.9,58006.0,63082.0
2025-06-20 10:17:17.118258,4283.9,57852.0,63084.0
2025-06-20 10:17:18.618933,4283.9,57852.0,63084.0
2025-06-20 10:17:18.938501,4283.9,57371.0,62870.0
2025-06-20 10:17:19.923557,4283.9,57202.0,62968.0
2025-06-20 10:17:20.832418,4283.9,57374.0,62949.0
2025-06-20 10:17:21.613237,4283.9,57374.0,62949.0
2025-06-20 10:17:22.725680,4283.9,57560.0,62558.0
2025-06-20 10:17:23.623513,4283.9,57560.0,62558.0
2025-06-20 10:17:23.720180,4285.0,58217.0,62511.0
2025-06-20 10:17:24.618353,4285.8,58217.0,62511.0
2025-06-20 10:17:24.720832,4285.8,57018.0,61468.0
2025-06-20 10:17:25.722036,4285.8,58070.0,61508.0
2025-06-20 10:17:26.651074,4285.8,58194.0,61627.0
2025-06-20 10:17:27.638716,4285.8,58340.0,61664.0
2025-06-20 10:17:28.633869,4285.8,58346.0,61642.0
2025-06-20 10:17:29.617919,4286.6,58346.0,61642.0
2025-06-20 10:17:29.628746,4286.6,57965.0,61728.0
2025-06-20 10:17:30.618111,4286.6,57965.0,61728.0
2025-06-20 10:17:30.632297,4286.6,57986.0,61691.0
2025-06-20 10:17:31.639603,4286.6,58056.0,61626.0
2025-06-20 10:17:32.633343,4286.6,58065.0,61629.0
2025-06-20 10:17:33.525923,4286.6,58335.0,61652.0
2025-06-20 10:17:34.526263,4288.0,58726.0,61513.0
2025-06-20 10:17:34.626947,4288.0,58726.0,61513.0
2025-06-20 10:17:35.526473,4286.9,58748.0,61453.0
2025-06-20 10:17:35.618029,4286.9,58748.0,61453.0
2025-06-20 10:17:36.527717,4286.6,58314.0,61399.0
2025-06-20 10:17:36.618131,4286.6,58314.0,61399.0
2025-06-20 10:17:37.528103,4288.0,58592.0,60892.0
2025-06-20 10:17:37.616353,4288.0,58592.0,60892.0
2025-06-20 10:17:38.452665,4288.0,58925.0,60966.0
2025-06-20 10:17:38.643190,4289.6,58925.0,60966.0
2025-06-20 10:17:39.454980,4289.6,58462.0,61619.0
2025-06-20 10:17:40.444459,4289.6,58135.0,61692.0
2025-06-20 10:17:41.364623,4285.7,58291.0,61590.0
2025-06-20 10:17:41.621400,4285.7,58291.0,61590.0
2025-06-20 10:17:42.343145,4285.7,58651.0,61604.0
2025-06-20 10:17:43.235203,4285.7,58526.0,61662.0
2025-06-20 10:17:44.231781,4285.7,58203.0,61571.0
2025-06-20 10:17:45.233473,4285.7,58271.0,61519.0
2025-06-20 10:17:46.232082,4285.7,58302.0,61489.0
2025-06-20 10:17:47.233259,4285.7,58307.0,61512.0
2025-06-20 10:17:48.233050,4285.7,58295.0,61506.0
2025-06-20 10:17:49.246078,4286.6,58258.0,61492.0
2025-06-20 10:17:49.618085,4286.6,58258.0,61492.0
2025-06-20 10:17:50.233420,4286.6,58371.0,61479.0
2025-06-20 10:17:51.234609,4286.7,58248.0,61467.0
2025-06-20 10:17:51.618916,4286.7,58248.0,61467.0
2025-06-20 10:17:52.236750,4286.7,58267.0,61533.0
2025-06-20 10:17:52.619750,4286.6,58267.0,61533.0
2025-06-20 10:17:53.234898,4286.6,58250.0,61539.0
2025-06-20 10:17:53.622178,4286.6,58250.0,61539.0
2025-06-20 10:17:54.237156,4286.6,58220.0,61575.0
2025-06-20 10:17:54.619557,4286.7,58220.0,61575.0
2025-06-20 10:17:55.238300,4286.6,58074.0,61799.0
2025-06-20 10:17:55.619424,4285.7,58074.0,61799.0
2025-06-20 10:17:56.237294,4285.7,56855.0,62199.0
2025-06-20 10:17:56.621202,4285.7,56855.0,62199.0
2025-06-20 10:17:57.137730,4285.7,58002.0,62402.0
2025-06-20 10:17:58.138490,4285.7,58511.0,62357.0
2025-06-20 10:17:58.619831,4285.7,58511.0,62357.0
2025-06-20 10:17:59.041065,4285.7,58455.0,62260.0
2025-06-20 10:17:59.620218,4284.4,58455.0,62260.0
2025-06-20 10:18:00.039418,4284.4,58144.0,62435.0
2025-06-20 10:18:01.055744,4284.4,57264.0,62327.0
2025-06-20 10:18:01.948607,4284.4,58164.0,62186.0
2025-06-20 10:18:02.621417,4285.7,58164.0,62186.0
2025-06-20 10:18:02.944242,4285.7,58411.0,62138.0
2025-06-20 10:18:03.884982,4285.7,58580.0,62164.0
2025-06-20 10:18:04.871484,4285.7,58243.0,62033.0
2025-06-20 10:18:05.857309,4285.7,58310.0,62164.0
2025-06-20 10:18:06.867822,4285.7,58323.0,62235.0
2025-06-20 10:18:07.746288,4285.7,58505.0,62257.0
2025-06-20 10:18:08.747920,4284.7,58616.0,62252.0
2025-06-20 10:18:09.619072,4284.6,58616.0,62252.0
2025-06-20 10:18:09.652218,4284.6,58176.0,62255.0
2025-06-20 10:18:10.618856,4284.1,58176.0,62255.0
2025-06-20 10:18:10.648459,4284.1,58266.0,62322.0
2025-06-20 10:18:11.653884,4284.1,58432.0,62441.0
2025-06-20 10:18:12.651068,4284.1,57995.0,62418.0
2025-06-20 10:18:13.662188,4284.1,58637.0,62403.0
2025-06-20 10:18:14.683268,4284.1,58506.0,62460.0
2025-06-20 10:18:15.655098,4284.1,57158.0,62436.0
2025-06-20 10:18:16.619241,4285.7,57158.0,62436.0
2025-06-20 10:18:16.655647,4285.7,58751.0,62389.0
2025-06-20 10:18:17.620538,4285.7,58751.0,62389.0
2025-06-20 10:18:17.659471,4285.7,57190.0,62259.0
2025-06-20 10:18:18.620023,4285.7,57190.0,62259.0
2025-06-20 10:18:18.663049,4285.7,58345.0,62168.0
2025-06-20 10:18:19.620038,4285.7,58345.0,62168.0
2025-06-20 10:18:19.654312,4285.7,58781.0,62325.0
2025-06-20 10:18:20.620705,4284.8,58781.0,62325.0
2025-06-20 10:18:20.659623,4284.8,58776.0,62354.0
2025-06-20 10:18:21.555766,4284.8,58117.0,62453.0
2025-06-20 10:18:22.556860,4284.8,58495.0,62296.0
2025-06-20 10:18:23.557093,4285.9,58470.0,62224.0
2025-06-20 10:18:23.620094,4285.9,58470.0,62224.0
2025-06-20 10:18:24.558728,4285.8,58254.0,62237.0
2025-06-20 10:18:24.621090,4285.8,58254.0,62237.0
2025-06-20 10:18:25.558537,4285.8,58395.0,62185.0
2025-06-20 10:18:26.558233,4285.8,58522.0,62165.0
2025-06-20 10:18:27.559656,4286.7,57905.0,62203.0
2025-06-20 10:18:27.621026,4286.7,57905.0,62203.0
2025-06-20 10:18:28.458981,4286.6,57731.0,62206.0
2025-06-20 10:18:28.623064,4286.6,57731.0,62206.0
2025-06-20 10:18:29.460543,4286.6,59058.0,62236.0
2025-06-20 10:18:30.461372,4286.6,59070.0,62222.0
2025-06-20 10:18:31.460422,4286.8,59033.0,62201.0
2025-06-20 10:18:31.625866,4286.8,59033.0,62201.0
2025-06-20 10:18:32.459434,4287.0,59151.0,62346.0
2025-06-20 10:18:32.623185,4287.0,59151.0,62346.0
2025-06-20 10:18:33.462206,4287.0,59233.0,62092.0
2025-06-20 10:18:33.619773,4287.0,59233.0,62092.0
2025-06-20 10:18:34.460827,4287.0,59197.0,62130.0
2025-06-20 10:18:34.624648,4287.0,59197.0,62130.0
2025-06-20 10:18:35.388593,4287.0,58895.0,62099.0
2025-06-20 10:18:36.374001,4286.5,59215.0,62127.0
2025-06-20 10:18:36.622769,4286.5,59215.0,62127.0
2025-06-20 10:18:37.378472,4286.5,58865.0,62161.0
2025-06-20 10:18:38.373563,4286.5,58784.0,62051.0
2025-06-20 10:18:39.444551,4286.5,58761.0,62103.0
2025-06-20 10:18:40.385637,4286.5,58748.0,62114.0
2025-06-20 10:18:41.587319,4286.5,58748.0,62114.0
2025-06-20 10:18:41.590668,4284.8,58513.0,63091.0
2025-06-20 10:18:41.620881,4284.8,58513.0,63091.0
2025-06-20 10:18:41.678722,4284.8,58513.0,63091.0
2025-06-20 10:18:42.129194,4284.8,58513.0,63091.0
2025-06-20 10:18:42.415998,4284.8,57416.0,62583.0
2025-06-20 10:18:42.457488,4284.8,57416.0,62583.0
2025-06-20 10:18:43.304221,4284.8,57416.0,62583.0
2025-06-20 10:18:43.379154,4284.8,58578.0,62611.0
2025-06-20 10:18:43.623605,4284.6,58578.0,62611.0
2025-06-20 10:18:43.952389,4284.6,58578.0,62611.0
2025-06-20 10:18:44.380749,4284.5,58427.0,62674.0
2025-06-20 10:18:44.442235,4284.5,58427.0,62674.0
2025-06-20 10:18:44.689800,4283.1,58427.0,62674.0
2025-06-20 10:18:45.022773,4283.1,58427.0,62674.0
2025-06-20 10:18:45.279447,4284.6,58570.0,62649.0
2025-06-20 10:18:45.439656,4284.6,58570.0,62649.0
2025-06-20 10:18:45.639255,4284.6,58570.0,62649.0
2025-06-20 10:18:46.268530,4284.6,58059.0,62732.0
2025-06-20 10:18:46.387979,4284.6,58059.0,62732.0
2025-06-20 10:18:46.623690,4283.2,58059.0,62732.0
2025-06-20 10:18:47.269695,4283.2,58575.0,62827.0
2025-06-20 10:18:47.700263,4283.2,58575.0,62827.0
2025-06-20 10:18:48.270415,4283.2,57041.0,62593.0
2025-06-20 10:18:48.622904,4283.4,57041.0,62593.0
2025-06-20 10:18:48.692700,4283.4,57041.0,62593.0
2025-06-20 10:18:49.271211,4283.8,58830.0,62526.0
2025-06-20 10:18:49.651305,4283.8,58830.0,62526.0
2025-06-20 10:18:50.214174,4283.8,58830.0,62526.0
2025-06-20 10:18:50.270953,4283.8,58048.0,62659.0
2025-06-20 10:18:51.271137,4283.8,57294.0,62527.0
2025-06-20 10:18:51.464912,4283.8,57294.0,62527.0
2025-06-20 10:18:52.622098,4283.8,57294.0,62527.0
2025-06-20 10:18:52.727281,4283.8,57294.0,62527.0
2025-06-20 10:18:53.172255,4283.8,58254.0,62336.0
2025-06-20 10:18:54.174402,4283.8,57174.0,62525.0
2025-06-20 10:18:54.434644,4283.8,57174.0,62525.0
2025-06-20 10:18:55.172757,4283.8,57376.0,61978.0
2025-06-20 10:18:55.640471,4286.1,57376.0,61978.0
2025-06-20 10:18:56.178686,4286.1,57346.0,61975.0
2025-06-20 10:18:57.195147,4286.1,58297.0,62041.0
2025-06-20 10:18:58.174577,4285.0,58588.0,62339.0
2025-06-20 10:18:58.631287,4284.5,58588.0,62339.0
2025-06-20 10:18:59.073836,4284.5,58224.0,62308.0
2025-06-20 10:18:59.629319,4284.5,58224.0,62308.0
2025-06-20 10:19:00.076310,4284.5,58556.0,62511.0
2025-06-20 10:19:01.477869,4284.4,58621.0,62702.0
2025-06-20 10:19:01.628656,4284.4,58621.0,62702.0
2025-06-20 10:19:02.603175,4284.4,58095.0,62775.0
2025-06-20 10:19:03.680740,4284.4,58534.0,62747.0
2025-06-20 10:19:04.635512,4283.1,58534.0,62747.0
2025-06-20 10:19:04.678151,4283.1,58488.0,62683.0
2025-06-20 10:19:05.636822,4283.5,58488.0,62683.0
2025-06-20 10:19:05.780981,4283.5,58592.0,62782.0
2025-06-20 10:19:06.627471,4285.0,58592.0,62782.0
2025-06-20 10:19:06.885999,4285.0,57458.0,62146.0
2025-06-20 10:19:07.982208,4285.0,59171.0,62208.0
2025-06-20 10:19:08.980801,4285.0,59263.0,62210.0
2025-06-20 10:19:09.979707,4285.0,59332.0,62233.0
2025-06-20 10:19:10.634247,4285.6,59332.0,62233.0
2025-06-20 10:19:10.980936,4285.6,57695.0,62168.0
2025-06-20 10:19:12.083083,4285.6,58592.0,62026.0
2025-06-20 10:19:12.624424,4285.1,58592.0,62026.0
2025-06-20 10:19:13.192091,4285.1,59114.0,62213.0
2025-06-20 10:19:13.631516,4286.3,59114.0,62213.0
2025-06-20 10:19:14.296628,4286.1,58797.0,62167.0
2025-06-20 10:19:14.634592,4286.1,58797.0,62167.0
2025-06-20 10:19:15.407235,4286.1,59271.0,62101.0
2025-06-20 10:19:16.485174,4286.1,59100.0,62162.0
2025-06-20 10:19:17.589998,4286.1,59093.0,62150.0
2025-06-20 10:19:18.692836,4285.6,59093.0,62150.0
2025-06-20 10:19:18.786120,4285.6,58655.0,62164.0
2025-06-20 10:19:19.809660,4285.6,58864.0,62272.0
2025-06-20 10:19:20.898738,4285.6,57539.0,62284.0
2025-06-20 10:19:21.673322,4285.2,57539.0,62284.0
2025-06-20 10:19:21.989304,4285.5,58734.0,62551.0
2025-06-20 10:19:22.640461,4285.5,58734.0,62551.0
2025-06-20 10:19:23.092450,4285.5,59006.0,62577.0
2025-06-20 10:19:23.634431,4284.0,59006.0,62577.0
2025-06-20 10:19:24.191851,4284.0,58665.0,63029.0
2025-06-20 10:19:25.292523,4284.1,57377.0,62978.0
2025-06-20 10:19:25.640025,4284.1,57377.0,62978.0
2025-06-20 10:19:26.408039,4284.1,57709.0,62937.0
2025-06-20 10:19:27.495657,4284.0,57547.0,62931.0
2025-06-20 10:19:27.667693,4284.0,57547.0,62931.0
2025-06-20 10:19:28.596502,4284.1,57445.0,62994.0
2025-06-20 10:19:28.684475,4284.1,57445.0,62994.0
2025-06-20 10:19:29.862157,4284.5,57445.0,62994.0
2025-06-20 10:19:29.884703,4284.5,56067.0,63041.0
2025-06-20 10:19:30.797221,4284.5,56993.0,63043.0
2025-06-20 10:19:31.639484,4283.9,56993.0,63043.0
2025-06-20 10:19:31.912962,4284.7,57427.0,63072.0
2025-06-20 10:19:32.640561,4284.0,57427.0,63072.0
2025-06-20 10:19:33.000447,4284.0,57146.0,63101.0
2025-06-20 10:19:33.646398,4283.6,57146.0,63101.0
2025-06-20 10:19:34.101038,4283.8,57151.0,63147.0
2025-06-20 10:19:34.632336,4283.5,57151.0,63147.0
2025-06-20 10:19:35.202832,4283.5,57150.0,63094.0
2025-06-20 10:19:36.226476,4283.5,57298.0,63142.0
2025-06-20 10:19:37.371814,4283.5,56258.0,63105.0
2025-06-20 10:19:37.693472,4285.0,56258.0,63105.0
2025-06-20 10:19:38.434849,4285.0,57638.0,62579.0
2025-06-20 10:19:39.505388,4285.0,57914.0,62622.0
2025-06-20 10:19:40.806668,4285.0,56527.0,62600.0
2025-06-20 10:19:40.905029,4285.6,56527.0,62600.0
2025-06-20 10:19:41.507945,4285.6,57755.0,62612.0
2025-06-20 10:19:42.609686,4285.6,56385.0,62674.0
2025-06-20 10:19:42.639167,4285.6,56385.0,62674.0
2025-06-20 10:19:43.626401,4285.8,56385.0,62674.0
2025-06-20 10:19:43.707421,4285.8,57894.0,62688.0
2025-06-20 10:19:44.809540,4285.8,57907.0,62744.0
2025-06-20 10:19:45.917715,4285.8,57911.0,62720.0
2025-06-20 10:19:47.014288,4285.8,57916.0,62759.0
2025-06-20 10:19:48.014789,4285.8,57770.0,62757.0
2025-06-20 10:19:49.116281,4285.8,56493.0,62756.0
2025-06-20 10:19:49.631107,4285.2,56493.0,62756.0
2025-06-20 10:19:50.221315,4284.6,57267.0,62438.0
2025-06-20 10:19:50.633925,4284.6,57267.0,62438.0
2025-06-20 10:19:51.318680,4284.6,56320.0,62635.0
2025-06-20 10:19:52.429846,4286.1,56462.0,62441.0
2025-06-20 10:19:52.695278,4286.1,56462.0,62441.0
2025-06-20 10:19:53.433095,4286.1,57988.0,62554.0
2025-06-20 10:19:53.630508,4285.2,57988.0,62554.0
2025-06-20 10:19:54.526171,4285.2,58002.0,62555.0
2025-06-20 10:19:54.634951,4285.2,58002.0,62555.0
2025-06-20 10:19:55.624428,4285.0,57990.0,62603.0
2025-06-20 10:19:55.635152,4285.0,57990.0,62603.0
2025-06-20 10:19:56.724973,4285.0,56544.0,62554.0
2025-06-20 10:19:57.828852,4285.0,58136.0,62584.0
2025-06-20 10:19:58.630842,4285.0,58136.0,62584.0
2025-06-20 10:19:58.829964,4285.0,58048.0,62612.0
2025-06-20 10:19:59.632770,4285.0,58048.0,62612.0
2025-06-20 10:19:59.940283,4285.0,58062.0,62496.0
2025-06-20 10:20:00.830691,4285.0,56495.0,62411.0
2025-06-20 10:20:01.634702,4286.6,56495.0,62411.0
2025-06-20 10:20:01.741035,4286.6,56766.0,62082.0
2025-06-20 10:20:02.632033,4285.8,56766.0,62082.0
2025-06-20 10:20:02.738168,4285.8,56456.0,62140.0
2025-06-20 10:20:03.633079,4285.5,56456.0,62140.0
2025-06-20 10:20:03.733792,4285.5,57724.0,62223.0
2025-06-20 10:20:04.745302,4285.5,57718.0,62147.0
2025-06-20 10:20:05.632416,4285.5,57303.0,62089.0
2025-06-20 10:20:06.532986,4285.5,57476.0,62085.0
2025-06-20 10:20:07.534716,4286.4,58045.0,61816.0
2025-06-20 10:20:07.632058,4286.4,58045.0,61816.0
2025-06-20 10:20:08.439843,4286.4,58048.0,62043.0
2025-06-20 10:20:08.632099,4287.0,58048.0,62043.0
2025-06-20 10:20:09.340882,4287.0,57991.0,62046.0
2025-06-20 10:20:09.633168,4287.0,57991.0,62046.0
2025-06-20 10:20:10.340585,4287.0,57985.0,62048.0
2025-06-20 10:20:11.546065,4287.0,57966.0,62031.0
2025-06-20 10:20:12.284196,4287.0,58137.0,61918.0
2025-06-20 10:20:12.632685,4287.0,58137.0,61918.0
2025-06-20 10:20:13.342279,4287.0,57538.0,61829.0
2025-06-20 10:20:13.632350,4287.0,57538.0,61829.0
2025-06-20 10:20:14.237272,4286.9,57912.0,61800.0
2025-06-20 10:20:14.633960,4286.9,57912.0,61800.0
2025-06-20 10:20:15.237522,4286.8,57973.0,61790.0
2025-06-20 10:20:15.632627,4286.8,57973.0,61790.0
2025-06-20 10:20:16.140427,4287.0,58032.0,61853.0
2025-06-20 10:20:16.634006,4287.8,58032.0,61853.0
2025-06-20 10:20:17.140177,4287.8,57676.0,61985.0
2025-06-20 10:20:18.040846,4287.9,56742.0,61786.0
2025-06-20 10:20:18.632017,4287.9,56742.0,61786.0
2025-06-20 10:20:18.953962,4287.9,58107.0,61771.0
2025-06-20 10:20:19.944713,4287.9,57905.0,61738.0
2025-06-20 10:20:20.942918,4288.0,58230.0,61779.0
2025-06-20 10:20:21.633630,4288.0,58230.0,61779.0
2025-06-20 10:20:21.877864,4287.1,58164.0,61359.0
2025-06-20 10:20:22.634036,4287.1,58164.0,61359.0
2025-06-20 10:20:22.868030,4287.1,58244.0,61402.0
2025-06-20 10:20:23.856417,4287.8,57905.0,61685.0
2025-06-20 10:20:24.636960,4287.8,57905.0,61685.0
2025-06-20 10:20:24.855691,4287.8,58019.0,61719.0
2025-06-20 10:20:25.635544,4285.8,58019.0,61719.0
2025-06-20 10:20:25.860117,4285.8,58193.0,61688.0
2025-06-20 10:20:26.632906,4287.5,58193.0,61688.0
2025-06-20 10:20:26.858866,4287.5,57944.0,61629.0
2025-06-20 10:20:28.149254,4287.5,58034.0,61357.0
2025-06-20 10:20:28.881181,4287.5,57541.0,61382.0
2025-06-20 10:20:29.861697,4286.5,56710.0,61479.0
2025-06-20 10:20:30.633198,4286.5,56710.0,61479.0
2025-06-20 10:20:30.751012,4286.5,58220.0,61521.0
2025-06-20 10:20:31.633229,4286.6,58220.0,61521.0
2025-06-20 10:20:31.753014,4286.6,58337.0,61516.0
2025-06-20 10:20:32.754752,4286.6,57959.0,61354.0
2025-06-20 10:20:33.757925,4286.6,58104.0,61458.0
2025-06-20 10:20:34.634078,4287.2,58104.0,61458.0
2025-06-20 10:20:34.757923,4287.2,56733.0,61569.0
2025-06-20 10:20:35.757524,4287.2,58244.0,61535.0
2025-06-20 10:20:36.759119,4287.2,58088.0,61609.0
2025-06-20 10:20:37.633547,4287.0,58088.0,61609.0
2025-06-20 10:20:37.761604,4287.0,57861.0,61623.0
2025-06-20 10:20:38.634288,4287.0,57861.0,61623.0
2025-06-20 10:20:38.759317,4287.0,58002.0,61658.0
2025-06-20 10:20:39.637719,4287.0,58002.0,61658.0
2025-06-20 10:20:39.762529,4287.0,58141.0,61953.0
2025-06-20 10:20:40.633598,4286.8,58141.0,61953.0
2025-06-20 10:20:40.760138,4286.8,58277.0,62047.0
2025-06-20 10:20:42.061789,4286.8,58174.0,62038.0
2025-06-20 10:20:42.893333,4286.8,58219.0,62007.0
2025-06-20 10:20:43.634598,4287.4,58219.0,62007.0
2025-06-20 10:20:43.894536,4287.4,57796.0,62019.0
2025-06-20 10:20:44.969127,4287.4,58272.0,62020.0
2025-06-20 10:20:45.875779,4287.4,58134.0,62034.0
2025-06-20 10:20:46.876641,4287.4,58307.0,62032.0
2025-06-20 10:20:47.636005,4287.5,58307.0,62032.0
2025-06-20 10:20:47.966978,4287.5,58139.0,62038.0
2025-06-20 10:20:48.890467,4287.5,58011.0,62028.0
2025-06-20 10:20:49.876699,4287.5,57642.0,62024.0
2025-06-20 10:20:50.880074,4287.5,57572.0,61645.0
2025-06-20 10:20:51.969891,4287.5,56679.0,61645.0
2025-06-20 10:20:52.970656,4287.5,56751.0,61596.0
2025-06-20 10:20:53.640989,4287.1,56751.0,61596.0
2025-06-20 10:20:53.971480,4287.1,56699.0,61760.0
2025-06-20 10:20:54.635630,4287.1,56699.0,61760.0
2025-06-20 10:20:55.068974,4287.1,57623.0,61765.0
2025-06-20 10:20:56.069979,4287.1,57553.0,61802.0
2025-06-20 10:20:57.171295,4286.8,57549.0,61784.0
2025-06-20 10:20:57.638622,4285.0,57549.0,61784.0
2025-06-20 10:20:58.274818,4285.0,58138.0,61653.0
2025-06-20 10:20:59.384962,4285.4,56614.0,61842.0
2025-06-20 10:20:59.639003,4285.4,56614.0,61842.0
2025-06-20 10:21:00.385068,4285.4,57825.0,61815.0
2025-06-20 10:21:01.573084,4285.4,58899.0,61806.0
2025-06-20 10:21:01.638816,4285.4,58899.0,61806.0
2025-06-20 10:21:02.582550,4285.0,58871.0,61867.0
2025-06-20 10:21:02.640006,4285.0,58871.0,61867.0
2025-06-20 10:21:03.475358,4284.4,58646.0,61880.0
2025-06-20 10:21:03.642602,4284.4,58646.0,61880.0
2025-06-20 10:21:04.474336,4284.7,58606.0,61982.0
2025-06-20 10:21:04.649778,4284.6,58606.0,61982.0
2025-06-20 10:21:05.473906,4284.6,58804.0,61974.0
2025-06-20 10:21:06.473928,4284.6,58805.0,62108.0
2025-06-20 10:21:07.475985,4284.7,58805.0,62134.0
2025-06-20 10:21:07.666002,4284.7,58805.0,62134.0
2025-06-20 10:21:08.476181,4284.6,58805.0,62043.0
2025-06-20 10:21:08.638895,4284.6,58805.0,62043.0
2025-06-20 10:21:09.491814,4284.7,58567.0,61834.0
2025-06-20 10:21:09.639761,4284.7,58567.0,61834.0
2025-06-20 10:21:10.281207,4284.7,58587.0,61841.0
2025-06-20 10:21:11.283214,4285.6,58615.0,61840.0
2025-06-20 10:21:11.637587,4285.6,58615.0,61840.0
2025-06-20 10:21:12.284888,4285.6,58794.0,61759.0
2025-06-20 10:21:13.188262,4285.6,58877.0,61890.0
2025-06-20 10:21:13.644719,4285.6,58877.0,61890.0
2025-06-20 10:21:14.184312,4285.0,58191.0,62355.0
2025-06-20 10:21:14.646164,4285.0,58191.0,62355.0
2025-06-20 10:21:15.130660,4284.6,57531.0,62525.0
2025-06-20 10:21:15.697219,4284.6,57531.0,62525.0
2025-06-20 10:21:16.083409,4284.6,57458.0,62504.0
2025-06-20 10:21:16.645699,4284.4,57458.0,62504.0
2025-06-20 10:21:16.984349,4284.4,57736.0,62402.0
2025-06-20 10:21:17.641237,4284.3,57736.0,62402.0
2025-06-20 10:21:17.988352,4284.3,56466.0,62506.0
2025-06-20 10:21:18.909602,4284.3,57827.0,62356.0
2025-06-20 10:21:19.640559,4284.5,57827.0,62356.0
2025-06-20 10:21:19.987053,4284.5,58188.0,62261.0
2025-06-20 10:21:20.935849,4284.5,58416.0,62332.0
2025-06-20 10:21:21.920003,4284.5,58417.0,62339.0
2025-06-20 10:21:22.991737,4284.5,58395.0,62353.0
2025-06-20 10:21:23.785885,4284.5,58089.0,62359.0
2025-06-20 10:21:24.691091,4284.5,57665.0,62138.0
2025-06-20 10:21:25.644536,4287.3,57665.0,62138.0
2025-06-20 10:21:25.702209,4287.3,56923.0,62108.0
2025-06-20 10:21:26.696603,4287.3,56768.0,62180.0
2025-06-20 10:21:27.689902,4287.3,58102.0,62127.0
2025-06-20 10:21:28.617030,4287.3,58245.0,62134.0
2025-06-20 10:21:29.593276,4287.3,57047.0,61492.0
2025-06-20 10:21:29.640836,4287.3,57047.0,61492.0
2025-06-20 10:21:30.594746,4287.3,57915.0,61523.0
2025-06-20 10:21:31.579752,4287.3,57937.0,61559.0
2025-06-20 10:21:32.648829,4287.3,58213.0,61575.0
2025-06-20 10:21:32.655906,4287.3,58213.0,61575.0
2025-06-20 10:21:33.637356,4287.3,58460.0,61588.0
2025-06-20 10:21:33.642023,4287.3,58460.0,61588.0
2025-06-20 10:21:34.493833,4287.3,58431.0,61646.0
2025-06-20 10:21:34.637464,4287.3,58431.0,61646.0
2025-06-20 10:21:35.498681,4287.3,58138.0,61613.0
2025-06-20 10:21:36.442547,4287.8,57818.0,61588.0
2025-06-20 10:21:36.638655,4287.8,57818.0,61588.0
2025-06-20 10:21:37.296079,4285.4,57853.0,61619.0
2025-06-20 10:21:37.649633,4285.4,57853.0,61619.0
2025-06-20 10:21:38.194780,4285.4,57766.0,61614.0
2025-06-20 10:21:39.095550,4285.4,56838.0,61802.0
2025-06-20 10:21:40.095654,4285.4,58368.0,61852.0
2025-06-20 10:21:40.638676,4287.8,58368.0,61852.0
2025-06-20 10:21:40.997952,4287.8,56985.0,61657.0
2025-06-20 10:21:41.851745,4287.8,56985.0,61657.0
2025-06-20 10:21:41.997711,4287.8,58001.0,61657.0
2025-06-20 10:21:42.203401,4287.8,58001.0,61657.0
2025-06-20 10:21:42.998448,4287.8,58240.0,61635.0
2025-06-20 10:21:43.097201,4287.8,58240.0,61635.0
2025-06-20 10:21:43.928480,4287.8,57959.0,61660.0
2025-06-20 10:21:44.447581,4287.8,57959.0,61660.0
2025-06-20 10:21:44.803655,4287.8,57946.0,61673.0
2025-06-20 10:21:44.843989,4287.8,57946.0,61673.0
2025-06-20 10:21:45.480846,4287.8,57946.0,61673.0
2025-06-20 10:21:45.702233,4287.0,57946.0,61673.0
2025-06-20 10:21:45.803575,4287.0,57897.0,61693.0
2025-06-20 10:21:45.828298,4287.0,57897.0,61693.0
2025-06-20 10:21:46.842622,4287.0,57897.0,61693.0
2025-06-20 10:21:47.141100,4287.0,57923.0,61670.0
2025-06-20 10:21:48.010712,4287.0,57935.0,61683.0
2025-06-20 10:21:48.144981,4287.0,57935.0,61683.0
2025-06-20 10:21:49.004596,4287.0,58557.0,61683.0
2025-06-20 10:21:49.117158,4287.0,58557.0,61683.0
2025-06-20 10:21:50.007269,4287.0,58583.0,61816.0
2025-06-20 10:21:50.647141,4285.9,58583.0,61816.0
2025-06-20 10:21:50.713508,4285.9,58583.0,61816.0
2025-06-20 10:21:51.007421,4285.9,58618.0,61797.0
2025-06-20 10:21:51.689807,4285.9,58618.0,61797.0
2025-06-20 10:21:51.986813,4285.9,58618.0,61797.0
2025-06-20 10:21:52.007874,4285.9,58969.0,61805.0
2025-06-20 10:21:52.654766,4285.9,58969.0,61805.0
2025-06-20 10:21:53.105430,4285.9,59702.0,61813.0
2025-06-20 10:21:53.217936,4285.9,59702.0,61813.0
2025-06-20 10:21:53.638395,4285.9,59702.0,61813.0
2025-06-20 10:21:54.208720,4286.3,58336.0,61562.0
2025-06-20 10:21:54.645692,4286.3,58336.0,61562.0
2025-06-20 10:21:54.821140,4286.3,58336.0,61562.0
2025-06-20 10:21:55.208044,4286.3,59676.0,61594.0
2025-06-20 10:21:56.307695,4286.3,59844.0,61524.0
2025-06-20 10:21:57.508021,4287.0,59547.0,61518.0
2025-06-20 10:21:57.642170,4287.0,59547.0,61518.0
2025-06-20 10:21:58.495631,4285.9,59039.0,61560.0
2025-06-20 10:21:58.641667,4285.9,59039.0,61560.0
2025-06-20 10:21:59.510818,4286.9,57997.0,62042.0
2025-06-20 10:21:59.651882,4286.9,57997.0,62042.0
2025-06-20 10:22:01.012693,4286.9,58728.0,61891.0
2025-06-20 10:22:02.027696,4287.5,58805.0,61811.0
2025-06-20 10:22:02.683948,4287.5,58805.0,61811.0
2025-06-20 10:22:03.108722,4287.5,57115.0,61797.0
2025-06-20 10:22:04.212787,4287.5,58463.0,61751.0
2025-06-20 10:22:05.313950,4287.5,57308.0,61583.0
2025-06-20 10:22:06.209605,4287.5,58596.0,61620.0
2025-06-20 10:22:07.634435,4287.5,58742.0,61740.0
2025-06-20 10:22:08.369020,4286.1,58645.0,61940.0
2025-06-20 10:22:08.687877,4286.1,58645.0,61940.0
2025-06-20 10:22:09.425910,4287.6,58381.0,61656.0
2025-06-20 10:22:09.649776,4287.6,58381.0,61656.0
2025-06-20 10:22:10.512200,4287.6,58424.0,61734.0
2025-06-20 10:22:11.619693,4286.9,58012.0,61684.0
2025-06-20 10:22:11.694463,4286.9,58012.0,61684.0
2025-06-20 10:22:12.516039,4286.5,57066.0,61827.0
2025-06-20 10:22:12.650348,4286.5,57066.0,61827.0
2025-06-20 10:22:13.618546,4286.5,57104.0,61695.0
2025-06-20 10:22:15.320386,4286.5,58134.0,61644.0
2025-06-20 10:22:16.449395,4286.5,58627.0,61644.0
2025-06-20 10:22:17.516270,4286.5,58468.0,61653.0
2025-06-20 10:22:17.650787,4286.7,58468.0,61653.0
2025-06-20 10:22:18.429550,4286.7,58030.0,61685.0
2025-06-20 10:22:18.687493,4286.7,58030.0,61685.0
2025-06-20 10:22:19.517980,4286.7,58040.0,61704.0
2025-06-20 10:22:20.617441,4285.0,58365.0,61700.0
2025-06-20 10:22:20.647983,4285.0,58365.0,61700.0
2025-06-20 10:22:21.721557,4285.0,57031.0,61647.0
2025-06-20 10:22:22.820056,4285.0,58067.0,61638.0
2025-06-20 10:22:23.651277,4285.7,58067.0,61638.0
2025-06-20 10:22:23.820298,4285.7,58690.0,61704.0
2025-06-20 10:22:24.652973,4286.9,58690.0,61704.0
2025-06-20 10:22:24.821590,4286.9,58137.0,61703.0
2025-06-20 10:22:25.650286,4286.8,58137.0,61703.0
2025-06-20 10:22:25.737897,4286.8,58114.0,61725.0
2025-06-20 10:22:26.823781,4286.8,56899.0,61702.0
2025-06-20 10:22:27.949875,4286.8,58256.0,61709.0
2025-06-20 10:22:29.027628,4286.8,58020.0,61698.0
2025-06-20 10:22:29.684055,4286.0,58020.0,61698.0
2025-06-20 10:22:30.126350,4286.0,58254.0,61708.0
2025-06-20 10:22:31.181655,4286.0,58254.0,61713.0
2025-06-20 10:22:31.657077,4286.0,58254.0,61713.0
2025-06-20 10:22:32.226819,4286.0,58544.0,61722.0
2025-06-20 10:22:32.660582,4285.0,58544.0,61722.0
2025-06-20 10:22:33.229168,4285.0,57057.0,61831.0
2025-06-20 10:22:33.655994,4285.0,57057.0,61831.0
2025-06-20 10:22:34.417704,4286.0,57943.0,61811.0
2025-06-20 10:22:34.716400,4285.5,57943.0,61811.0
2025-06-20 10:22:35.442372,4285.9,58432.0,61810.0
2025-06-20 10:22:35.650643,4285.9,58432.0,61810.0
2025-06-20 10:22:36.444930,4286.1,58603.0,61806.0
2025-06-20 10:22:36.649598,4286.1,58603.0,61806.0
2025-06-20 10:22:37.538491,4286.1,57153.0,61790.0
2025-06-20 10:22:37.653851,4286.1,57153.0,61790.0
2025-06-20 10:22:38.633125,4286.1,57148.0,62000.0
2025-06-20 10:22:38.655898,4286.1,57148.0,62000.0
2025-06-20 10:22:39.636989,4286.1,57975.0,61992.0
2025-06-20 10:22:39.656441,4286.1,57975.0,61992.0
2025-06-20 10:22:40.694096,4286.1,58563.0,61971.0
2025-06-20 10:22:41.683568,4286.1,58563.0,61971.0
2025-06-20 10:22:41.733925,4286.1,57231.0,61943.0
2025-06-20 10:22:42.839730,4286.1,58731.0,61954.0
2025-06-20 10:22:43.950122,4286.1,58721.0,61957.0
2025-06-20 10:22:44.660090,4286.0,58721.0,61957.0
2025-06-20 10:22:44.945132,4286.0,58604.0,61974.0
2025-06-20 10:22:46.038463,4286.0,58736.0,61996.0
2025-06-20 10:22:46.653415,4286.0,58736.0,61996.0
2025-06-20 10:22:47.135264,4286.0,58615.0,61990.0
2025-06-20 10:22:47.655110,4286.1,58615.0,61990.0
2025-06-20 10:22:48.038080,4286.1,58818.0,61872.0
2025-06-20 10:22:49.235360,4286.1,58940.0,61932.0
2025-06-20 10:22:50.343104,4286.1,59018.0,61749.0
2025-06-20 10:22:51.343650,4286.1,58344.0,61878.0
2025-06-20 10:22:52.344356,4286.1,58352.0,61946.0
2025-06-20 10:22:53.341525,4286.1,58236.0,61945.0
2025-06-20 10:22:54.241704,4286.9,58420.0,61924.0
2025-06-20 10:22:54.653016,4286.9,58420.0,61924.0
2025-06-20 10:22:55.344470,4286.1,58555.0,61991.0
2025-06-20 10:22:55.652793,4286.1,58555.0,61991.0
2025-06-20 10:22:56.448031,4286.1,58210.0,62099.0
2025-06-20 10:22:57.458407,4286.1,58243.0,62155.0
2025-06-20 10:22:57.653217,4286.1,58243.0,62155.0
2025-06-20 10:22:58.451726,4286.1,58227.0,62294.0
2025-06-20 10:22:58.673780,4286.4,58227.0,62294.0
2025-06-20 10:22:59.443180,4286.7,58221.0,62267.0
2025-06-20 10:22:59.651521,4286.7,58221.0,62267.0
2025-06-20 10:23:00.743681,4286.7,58768.0,62222.0
2025-06-20 10:23:01.648121,4288.0,58768.0,62222.0
2025-06-20 10:23:01.844019,4288.0,58886.0,61833.0
2025-06-20 10:23:02.745313,4288.0,57715.0,61738.0
2025-06-20 10:23:03.701728,4288.0,57715.0,61738.0
2025-06-20 10:23:03.745962,4288.0,59195.0,61671.0
2025-06-20 10:23:04.652751,4288.0,59195.0,61671.0
2025-06-20 10:23:04.747123,4288.0,58610.0,61742.0
2025-06-20 10:23:05.746583,4288.0,57512.0,61819.0
2025-06-20 10:23:06.662603,4288.0,58449.0,61736.0
2025-06-20 10:23:07.548515,4288.0,58719.0,61893.0
2025-06-20 10:23:08.548860,4286.3,58893.0,61942.0
2025-06-20 10:23:08.650056,4286.3,58893.0,61942.0
2025-06-20 10:23:09.447053,4286.3,58852.0,61954.0
2025-06-20 10:23:10.350456,4288.0,58954.0,61677.0
2025-06-20 10:23:10.648514,4288.0,58954.0,61677.0
2025-06-20 10:23:11.357028,4288.0,58777.0,62012.0
2025-06-20 10:23:11.730623,4286.1,58777.0,62012.0
2025-06-20 10:23:12.355412,4286.1,59109.0,61881.0
2025-06-20 10:23:13.356396,4286.1,59092.0,61891.0
2025-06-20 10:23:14.353922,4286.1,58967.0,61920.0
2025-06-20 10:23:15.356189,4286.1,58976.0,61920.0
2025-06-20 10:23:16.360839,4286.1,59037.0,61854.0
2025-06-20 10:23:17.254318,4287.2,58867.0,62327.0
2025-06-20 10:23:17.649132,4287.2,58867.0,62327.0
2025-06-20 10:23:18.254940,4287.2,58860.0,62330.0
2025-06-20 10:23:18.706524,4287.2,58860.0,62330.0
2025-06-20 10:23:19.270447,4287.7,58767.0,62244.0
2025-06-20 10:23:19.661305,4287.7,58767.0,62244.0
2025-06-20 10:23:20.256239,4287.7,58559.0,62316.0
2025-06-20 10:23:21.166529,4287.7,57344.0,62306.0
2025-06-20 10:23:22.163349,4287.7,58851.0,62343.0
2025-06-20 10:23:23.167792,4287.7,58558.0,62266.0
2025-06-20 10:23:24.170391,4287.7,58568.0,62263.0
2025-06-20 10:23:24.650146,4287.5,58568.0,62263.0
2025-06-20 10:23:25.172966,4287.5,58589.0,62284.0
2025-06-20 10:23:26.061009,4287.5,58592.0,62267.0
2025-06-20 10:23:27.060966,4287.5,58283.0,62245.0
2025-06-20 10:23:28.063722,4287.5,58716.0,62246.0
2025-06-20 10:23:28.980568,4287.5,58770.0,62283.0
2025-06-20 10:23:29.649770,4286.4,58770.0,62283.0
2025-06-20 10:23:29.963781,4286.4,58789.0,62329.0
2025-06-20 10:23:30.649622,4286.4,58789.0,62329.0
2025-06-20 10:23:31.101758,4286.4,58821.0,62329.0
2025-06-20 10:23:32.101277,4286.4,58160.0,62524.0
2025-06-20 10:23:32.966772,4286.4,58161.0,62546.0
2025-06-20 10:23:33.650817,4286.4,58161.0,62546.0
2025-06-20 10:23:33.967318,4286.4,58277.0,62377.0
2025-06-20 10:23:34.653817,4286.4,58277.0,62377.0
2025-06-20 10:23:34.989158,4286.4,58873.0,62637.0
2025-06-20 10:23:35.652691,4287.6,58873.0,62637.0
2025-06-20 10:23:35.879188,4287.6,58750.0,62670.0
2025-06-20 10:23:36.972090,4287.6,58065.0,62566.0
2025-06-20 10:23:37.968557,4287.6,57929.0,62552.0
2025-06-20 10:23:38.652408,4287.6,57929.0,62552.0
2025-06-20 10:23:38.882738,4287.6,58028.0,62463.0
2025-06-20 10:23:39.884756,4287.6,58191.0,62464.0
2025-06-20 10:23:40.970914,4287.6,58339.0,62450.0
2025-06-20 10:23:41.651062,4287.6,58339.0,62450.0
2025-06-20 10:23:41.771361,4287.6,57290.0,62527.0
2025-06-20 10:23:42.652203,4287.6,57290.0,62527.0
2025-06-20 10:23:42.773461,4287.6,58956.0,62528.0
2025-06-20 10:23:43.773387,4287.6,59017.0,62528.0
2025-06-20 10:23:44.654156,4286.4,59017.0,62528.0
2025-06-20 10:23:44.773264,4286.4,58319.0,62653.0
2025-06-20 10:23:45.573719,4286.4,58332.0,62647.0
2025-06-20 10:23:45.659224,4286.9,58332.0,62647.0
2025-06-20 10:23:46.573934,4284.9,57672.0,63536.0
2025-06-20 10:23:46.655802,4284.9,57672.0,63536.0
2025-06-20 10:23:47.596636,4285.5,57734.0,63446.0
2025-06-20 10:23:47.651802,4284.5,57734.0,63446.0
2025-06-20 10:23:48.415609,4284.6,56569.0,63227.0
2025-06-20 10:23:48.656292,4286.1,56569.0,63227.0
2025-06-20 10:23:49.390903,4286.1,58012.0,63085.0
2025-06-20 10:23:49.652105,4284.2,58012.0,63085.0
2025-06-20 10:23:50.389608,4284.2,57988.0,62903.0
2025-06-20 10:23:50.653551,4284.2,57988.0,62903.0
2025-06-20 10:23:51.389805,4285.1,58400.0,62850.0
2025-06-20 10:23:51.652794,4285.1,58400.0,62850.0
2025-06-20 10:23:52.389358,4285.1,56788.0,62724.0
2025-06-20 10:23:53.391419,4285.1,58292.0,62726.0
2025-06-20 10:23:53.652694,4285.1,58292.0,62726.0
2025-06-20 10:23:54.408713,4284.4,58213.0,62712.0
2025-06-20 10:23:54.653472,4284.4,58213.0,62712.0
2025-06-20 10:23:55.279713,4284.4,58380.0,62735.0
2025-06-20 10:23:56.395502,4284.4,58265.0,62797.0
2025-06-20 10:23:57.293763,4284.4,58284.0,62806.0
2025-06-20 10:23:58.290258,4284.4,56799.0,62867.0
2025-06-20 10:23:59.184920,4284.4,58094.0,62904.0
2025-06-20 10:24:00.083238,4284.2,58005.0,62896.0
2025-06-20 10:24:00.987563,4284.2,58117.0,63018.0
2025-06-20 10:24:01.657619,4284.2,58117.0,63018.0
2025-06-20 10:24:02.168380,4284.2,57863.0,63049.0
2025-06-20 10:24:03.183757,4284.2,56645.0,62932.0
2025-06-20 10:24:04.296465,4284.2,56485.0,62898.0
2025-06-20 10:24:05.430626,4284.2,57574.0,62944.0
2025-06-20 10:24:06.486336,4284.9,56690.0,62958.0
2025-06-20 10:24:06.659315,4284.9,56690.0,62958.0
2025-06-20 10:24:07.614794,4284.9,57886.0,63024.0
2025-06-20 10:24:08.700144,4284.9,56689.0,63055.0
2025-06-20 10:24:09.773672,4284.9,56684.0,63029.0
2025-06-20 10:24:10.940171,4284.9,56708.0,63062.0
2025-06-20 10:24:11.789387,4284.9,56434.0,63212.0
2025-06-20 10:24:12.926361,4284.9,57485.0,63229.0
2025-06-20 10:24:14.093425,4284.9,57485.0,63229.0
2025-06-20 10:24:14.167623,4284.9,57351.0,63116.0
2025-06-20 10:24:14.677084,4284.2,57351.0,63116.0
2025-06-20 10:24:15.005942,4285.3,56411.0,63073.0
2025-06-20 10:24:15.653796,4285.3,56411.0,63073.0
2025-06-20 10:24:16.121067,4285.3,57343.0,63014.0
2025-06-20 10:24:16.731543,4286.5,57343.0,63014.0
2025-06-20 10:24:17.197811,4285.1,57631.0,63030.0
2025-06-20 10:24:17.659506,4285.1,57631.0,63030.0
2025-06-20 10:24:18.307177,4285.1,57672.0,63289.0
2025-06-20 10:24:18.696478,4285.1,57672.0,63289.0
2025-06-20 10:24:19.427111,4285.1,57927.0,63176.0
2025-06-20 10:24:20.601563,4285.1,57945.0,63223.0
2025-06-20 10:24:21.508119,4285.1,57674.0,63222.0
2025-06-20 10:24:21.656637,4285.1,57674.0,63222.0
2025-06-20 10:24:22.599187,4285.1,57505.0,63297.0
2025-06-20 10:24:23.662500,4285.3,57505.0,63297.0
2025-06-20 10:24:23.706935,4285.3,57960.0,63302.0
2025-06-20 10:24:24.664601,4285.3,57960.0,63302.0
2025-06-20 10:24:24.798026,4285.3,57957.0,63287.0
2025-06-20 10:24:25.661696,4284.9,57957.0,63287.0
2025-06-20 10:24:25.912989,4284.9,57578.0,63368.0
2025-06-20 10:24:26.807731,4285.0,57721.0,63366.0
2025-06-20 10:24:27.653695,4285.0,57721.0,63366.0
2025-06-20 10:24:27.916974,4285.0,57722.0,63367.0
2025-06-20 10:24:28.657980,4284.6,57722.0,63367.0
2025-06-20 10:24:29.002372,4284.6,56405.0,63403.0
2025-06-20 10:24:29.656617,4284.3,56405.0,63403.0
2025-06-20 10:24:30.139242,4284.3,58049.0,63390.0
2025-06-20 10:24:31.201758,4284.3,58056.0,63376.0
2025-06-20 10:24:32.203848,4284.3,58086.0,63280.0
2025-06-20 10:24:32.655141,4284.3,58086.0,63280.0
2025-06-20 10:24:33.305384,4284.3,58090.0,63190.0
2025-06-20 10:24:33.655148,4284.3,58090.0,63190.0
2025-06-20 10:24:34.415322,4285.3,57838.0,62963.0
2025-06-20 10:24:34.660088,4285.3,57838.0,62963.0
2025-06-20 10:24:35.504182,4285.3,58258.0,62896.0
2025-06-20 10:24:36.604602,4285.3,58451.0,62851.0
2025-06-20 10:24:37.715961,4285.3,58005.0,62877.0
2025-06-20 10:24:38.657109,4286.0,58005.0,62877.0
2025-06-20 10:24:38.807158,4286.0,58289.0,63058.0
2025-06-20 10:24:39.655391,4285.9,58289.0,63058.0
2025-06-20 10:24:39.920119,4285.9,57136.0,63000.0
2025-06-20 10:24:40.660614,4285.9,57136.0,63000.0
2025-06-20 10:24:41.007256,4285.9,57902.0,63012.0
2025-06-20 10:24:41.659454,4285.9,57902.0,63012.0
2025-06-20 10:24:42.111261,4285.9,57011.0,63012.0
2025-06-20 10:24:42.297739,4285.9,57011.0,63012.0
2025-06-20 10:24:43.209393,4285.9,58319.0,63020.0
2025-06-20 10:24:43.504975,4285.9,58319.0,63020.0
2025-06-20 10:24:43.655078,4285.9,58319.0,63020.0
2025-06-20 10:24:43.787738,4285.9,58319.0,63020.0
2025-06-20 10:24:44.039728,4285.9,58319.0,63020.0
2025-06-20 10:24:44.108381,4285.9,58456.0,63021.0
2025-06-20 10:24:44.439425,4285.9,58456.0,63021.0
2025-06-20 10:24:44.698617,4285.9,58456.0,63021.0
2025-06-20 10:24:45.089199,4285.9,58456.0,63021.0
2025-06-20 10:24:45.210063,4285.6,58602.0,63172.0
2025-06-20 10:24:45.515211,4285.6,58602.0,63172.0
2025-06-20 10:24:45.657394,4285.6,58602.0,63172.0
2025-06-20 10:24:46.103380,4285.6,58602.0,63172.0
2025-06-20 10:24:46.309533,4285.6,58603.0,63005.0
2025-06-20 10:24:46.489957,4285.6,58603.0,63005.0
2025-06-20 10:24:47.635138,4285.3,58619.0,62876.0
2025-06-20 10:24:47.693268,4285.3,58619.0,62876.0
2025-06-20 10:24:47.701910,4285.3,58619.0,62876.0
2025-06-20 10:24:48.513140,4285.3,57118.0,62898.0
2025-06-20 10:24:48.819605,4285.3,57118.0,62898.0
2025-06-20 10:24:49.444632,4285.3,57116.0,62897.0
2025-06-20 10:24:49.655164,4285.3,57116.0,62897.0
2025-06-20 10:24:49.797085,4285.3,57116.0,62897.0
2025-06-20 10:24:50.511702,4285.2,58683.0,62986.0
2025-06-20 10:24:50.657828,4285.2,58683.0,62986.0
2025-06-20 10:24:51.302034,4285.2,58683.0,62986.0
2025-06-20 10:24:51.611235,4285.2,58691.0,63040.0
2025-06-20 10:24:52.578483,4285.2,58691.0,63040.0
2025-06-20 10:24:52.687366,4285.9,58691.0,63040.0
2025-06-20 10:24:52.722422,4285.9,57189.0,63072.0
2025-06-20 10:24:53.661533,4286.0,57189.0,63072.0
2025-06-20 10:24:53.837152,4286.0,57189.0,63072.0
2025-06-20 10:24:53.839058,4286.0,58522.0,62778.0
2025-06-20 10:24:54.661293,4285.1,58522.0,62778.0
2025-06-20 10:24:54.926037,4285.1,57041.0,62769.0
2025-06-20 10:24:55.471101,4285.1,57041.0,62769.0
2025-06-20 10:24:55.668817,4285.9,57041.0,62769.0
2025-06-20 10:24:56.014693,4286.0,56878.0,62836.0
2025-06-20 10:24:56.654424,4286.0,56878.0,62836.0
2025-06-20 10:24:57.113421,4286.0,57943.0,62780.0
2025-06-20 10:24:57.656637,4285.0,57943.0,62780.0
2025-06-20 10:24:58.213811,4285.9,57654.0,62733.0
2025-06-20 10:24:58.660316,4285.9,57654.0,62733.0
2025-06-20 10:24:59.316662,4285.1,57671.0,63060.0
2025-06-20 10:24:59.658938,4285.1,57671.0,63060.0
2025-06-20 10:25:01.016880,4285.8,57893.0,62979.0
2025-06-20 10:25:01.659969,4285.8,57893.0,62979.0
2025-06-20 10:25:02.019517,4285.8,58221.0,62898.0
2025-06-20 10:25:03.022424,4285.8,58068.0,62900.0
2025-06-20 10:25:03.655888,4284.6,58068.0,62900.0
2025-06-20 10:25:04.123409,4284.6,56671.0,63094.0
2025-06-20 10:25:05.121876,4284.6,58146.0,63198.0
2025-06-20 10:25:06.223730,4284.8,57877.0,63048.0
2025-06-20 10:25:06.657413,4284.8,57877.0,63048.0
2025-06-20 10:25:07.224432,4284.8,57586.0,63072.0
2025-06-20 10:25:07.658264,4284.8,57586.0,63072.0
2025-06-20 10:25:08.330089,4284.8,57881.0,63059.0
2025-06-20 10:25:09.401357,4284.5,58128.0,63396.0
2025-06-20 10:25:09.696275,4283.5,58128.0,63396.0
2025-06-20 10:25:10.327754,4283.5,57495.0,64202.0
2025-06-20 10:25:10.665323,4283.0,57495.0,64202.0
2025-06-20 10:25:11.331015,4283.0,57601.0,64354.0
2025-06-20 10:25:11.657649,4281.1,57601.0,64354.0
2025-06-20 10:25:12.460596,4281.1,57567.0,63939.0
2025-06-20 10:25:13.440127,4282.9,57622.0,63928.0
2025-06-20 10:25:13.655514,4281.7,57622.0,63928.0
2025-06-20 10:25:14.450242,4281.7,57455.0,63930.0
2025-06-20 10:25:14.657928,4281.7,57455.0,63930.0
2025-06-20 10:25:15.452370,4281.7,57196.0,63940.0
2025-06-20 10:25:15.662752,4281.7,57196.0,63940.0
2025-06-20 10:25:16.528522,4281.7,57137.0,63989.0
2025-06-20 10:25:17.529954,4281.7,57074.0,63876.0
2025-06-20 10:25:18.630412,4281.7,57112.0,63949.0
2025-06-20 10:25:20.349213,4281.0,57112.0,63949.0
2025-06-20 10:25:20.356641,4281.0,57085.0,64025.0
2025-06-20 10:25:20.701095,4281.0,57085.0,64025.0
2025-06-20 10:25:20.831544,4281.0,57079.0,64021.0
2025-06-20 10:25:21.654886,4280.5,57079.0,64021.0
2025-06-20 10:25:21.959406,4280.5,57086.0,63932.0
2025-06-20 10:25:22.656515,4281.5,57086.0,63932.0
2025-06-20 10:25:23.033289,4281.5,57158.0,63889.0
2025-06-20 10:25:24.241288,4281.5,57158.0,63917.0
2025-06-20 10:25:24.663650,4280.7,57158.0,63917.0
2025-06-20 10:25:25.140649,4280.7,56431.0,63986.0
2025-06-20 10:25:25.663594,4280.7,56431.0,63986.0
2025-06-20 10:25:26.136683,4280.0,54830.0,63667.0
2025-06-20 10:25:26.782595,4280.0,54830.0,63667.0
2025-06-20 10:25:27.290218,4280.0,56165.0,63607.0
2025-06-20 10:25:28.336287,4280.0,54715.0,63867.0
2025-06-20 10:25:28.657669,4280.2,54715.0,63867.0
2025-06-20 10:25:29.451057,4280.2,54569.0,64109.0
2025-06-20 10:25:30.537512,4280.2,56243.0,64141.0
2025-06-20 10:25:31.538335,4280.0,55955.0,63991.0
2025-06-20 10:25:31.664337,4280.0,55955.0,63991.0
2025-06-20 10:25:32.643818,4280.0,55548.0,63977.0
2025-06-20 10:25:32.658298,4280.0,55548.0,63977.0
2025-06-20 10:25:33.643138,4280.0,55792.0,64008.0
2025-06-20 10:25:34.744196,4280.0,54596.0,63977.0
2025-06-20 10:25:35.660706,4280.5,54596.0,63977.0
2025-06-20 10:25:35.743480,4280.5,55914.0,64422.0
2025-06-20 10:25:36.842282,4280.5,55941.0,64382.0
2025-06-20 10:25:37.846949,4280.5,54873.0,64337.0
2025-06-20 10:25:38.655986,4280.5,54873.0,64337.0
2025-06-20 10:25:38.955861,4280.5,55025.0,64301.0
2025-06-20 10:25:39.662378,4280.5,55025.0,64301.0
2025-06-20 10:25:40.045269,4280.5,56459.0,64311.0
2025-06-20 10:25:41.193229,4280.5,54895.0,64353.0
2025-06-20 10:25:42.246278,4280.5,56030.0,64252.0
2025-06-20 10:25:43.415231,4280.2,54893.0,64186.0
2025-06-20 10:25:43.733721,4281.7,54893.0,64186.0
2025-06-20 10:25:44.350758,4281.7,55836.0,64301.0
2025-06-20 10:25:45.460392,4281.7,56098.0,64341.0
2025-06-20 10:25:46.551014,4281.7,54773.0,64345.0
2025-06-20 10:25:47.652373,4280.2,55804.0,64385.0
2025-06-20 10:25:47.662176,4280.2,55804.0,64385.0
2025-06-20 10:25:48.757144,4280.2,55949.0,64404.0
2025-06-20 10:25:49.854515,4280.2,55054.0,64427.0
2025-06-20 10:25:50.663694,4280.2,55054.0,64427.0
2025-06-20 10:25:50.853166,4280.2,56397.0,64389.0
2025-06-20 10:25:51.852670,4280.3,56150.0,64169.0
2025-06-20 10:25:52.660796,4280.3,56150.0,64169.0
2025-06-20 10:25:52.958301,4280.3,55230.0,64159.0
2025-06-20 10:25:54.055864,4281.9,56625.0,64150.0
2025-06-20 10:25:54.663219,4280.3,56625.0,64150.0
2025-06-20 10:25:55.213871,4280.3,56032.0,64219.0
2025-06-20 10:25:55.663063,4281.4,56032.0,64219.0
2025-06-20 10:25:56.162164,4281.4,56041.0,64245.0
2025-06-20 10:25:57.274301,4281.5,56372.0,64221.0
2025-06-20 10:25:57.666366,4281.3,56372.0,64221.0
2025-06-20 10:25:58.358851,4281.3,56082.0,64205.0
2025-06-20 10:25:58.664085,4281.3,56082.0,64205.0
2025-06-20 10:25:59.465970,4281.3,56677.0,64303.0
2025-06-20 10:25:59.664306,4281.3,56677.0,64303.0
2025-06-20 10:26:00.860662,4281.3,55086.0,64212.0
2025-06-20 10:26:01.861569,4281.3,56593.0,64185.0
2025-06-20 10:26:02.860842,4281.3,56312.0,64180.0
2025-06-20 10:26:03.860682,4281.3,56726.0,64265.0
2025-06-20 10:26:04.963233,4281.3,56356.0,64260.0
2025-06-20 10:26:06.063856,4281.3,56457.0,64339.0
2025-06-20 10:26:06.657274,4280.6,56457.0,64339.0
2025-06-20 10:26:07.166159,4280.5,56041.0,64296.0
2025-06-20 10:26:07.660561,4280.5,56041.0,64296.0
2025-06-20 10:26:08.168037,4280.4,56409.0,64115.0
2025-06-20 10:26:08.659650,4280.4,56409.0,64115.0
2025-06-20 10:26:09.276809,4280.3,56644.0,64198.0
2025-06-20 10:26:09.658775,4280.3,56644.0,64198.0
2025-06-20 10:26:10.368608,4280.5,56318.0,64031.0
2025-06-20 10:26:10.660357,4280.5,56318.0,64031.0
2025-06-20 10:26:11.370148,4280.5,56660.0,64176.0
2025-06-20 10:26:12.479556,4280.5,55922.0,64516.0
2025-06-20 10:26:13.571438,4280.6,56066.0,64433.0
2025-06-20 10:26:13.659836,4280.6,56066.0,64433.0
2025-06-20 10:26:14.481213,4280.6,56913.0,63871.0
2025-06-20 10:26:15.572202,4281.4,56893.0,63931.0
2025-06-20 10:26:15.660586,4281.4,56893.0,63931.0
2025-06-20 10:26:16.678470,4281.4,56916.0,63907.0
2025-06-20 10:26:17.666520,4281.1,56916.0,63907.0
2025-06-20 10:26:17.772891,4281.1,56935.0,63947.0
2025-06-20 10:26:18.658629,4281.9,56935.0,63947.0
2025-06-20 10:26:18.875350,4281.9,55523.0,63707.0
2025-06-20 10:26:19.974994,4281.9,55352.0,63813.0
2025-06-20 10:26:20.979618,4281.9,55581.0,63772.0
2025-06-20 10:26:22.078584,4281.9,55605.0,63760.0
2025-06-20 10:26:23.181281,4281.9,55411.0,63897.0
2025-06-20 10:26:24.185106,4281.1,57023.0,63953.0
2025-06-20 10:26:24.659676,4281.1,57023.0,63953.0
2025-06-20 10:26:25.182369,4281.1,56981.0,63999.0
2025-06-20 10:26:25.658487,4281.8,56981.0,63999.0
2025-06-20 10:26:26.184724,4281.8,56867.0,63935.0
2025-06-20 10:26:26.659588,4281.8,56867.0,63935.0
2025-06-20 10:26:27.185906,4281.8,56864.0,63934.0
2025-06-20 10:26:28.186858,4281.9,57049.0,63831.0
2025-06-20 10:26:28.661939,4281.9,57049.0,63831.0
2025-06-20 10:26:29.187321,4283.6,55558.0,63741.0
2025-06-20 10:26:29.660564,4283.6,55558.0,63741.0
2025-06-20 10:26:30.186727,4283.6,56806.0,63637.0
2025-06-20 10:26:31.185948,4283.6,57092.0,63635.0
2025-06-20 10:26:32.284116,4283.4,57102.0,63838.0
2025-06-20 10:26:32.662226,4283.4,57102.0,63838.0
2025-06-20 10:26:33.294358,4283.4,57033.0,63816.0
2025-06-20 10:26:33.658706,4283.1,57033.0,63816.0
2025-06-20 10:26:34.395760,4282.9,57190.0,63839.0
2025-06-20 10:26:34.664900,4282.9,57190.0,63839.0
2025-06-20 10:26:35.393532,4282.9,55689.0,63718.0
2025-06-20 10:26:36.443051,4282.8,55868.0,63067.0
2025-06-20 10:26:36.662960,4282.8,55868.0,63067.0
2025-06-20 10:26:37.395561,4285.0,55826.0,62434.0
2025-06-20 10:26:37.671254,4285.0,55826.0,62434.0
2025-06-20 10:26:38.392108,4285.0,55644.0,62596.0
2025-06-20 10:26:39.286601,4283.4,55772.0,62604.0
2025-06-20 10:26:39.669428,4283.4,55772.0,62604.0
2025-06-20 10:26:40.286938,4283.4,57127.0,62531.0
2025-06-20 10:26:41.287163,4283.4,57250.0,62519.0
2025-06-20 10:26:42.501711,4283.4,57278.0,62564.0
2025-06-20 10:26:43.494710,4284.9,57333.0,62551.0
2025-06-20 10:26:43.691357,4284.9,57333.0,62551.0
2025-06-20 10:26:44.504479,4284.8,57347.0,62576.0
2025-06-20 10:26:44.783730,4284.8,57347.0,62576.0
2025-06-20 10:26:45.494493,4284.8,55684.0,62586.0
2025-06-20 10:26:46.598842,4284.8,57341.0,62630.0
2025-06-20 10:26:47.720023,4284.8,57332.0,62586.0
2025-06-20 10:26:48.659975,4284.5,57332.0,62586.0
2025-06-20 10:26:48.802925,4284.5,57042.0,62582.0
2025-06-20 10:26:49.694635,4284.5,57042.0,62582.0
2025-06-20 10:26:49.936071,4284.5,57330.0,62694.0
2025-06-20 10:26:51.003009,4284.5,57360.0,62666.0
2025-06-20 10:26:51.688847,4284.8,57360.0,62666.0
2025-06-20 10:26:52.001439,4284.8,57354.0,62608.0
2025-06-20 10:26:52.671850,4283.1,57354.0,62608.0
2025-06-20 10:26:53.113085,4283.1,55689.0,62538.0
2025-06-20 10:26:54.215225,4283.1,55869.0,62550.0
2025-06-20 10:26:55.315094,4283.1,55810.0,62379.0
2025-06-20 10:26:56.071174,4284.7,55810.0,62379.0
2025-06-20 10:26:56.418672,4284.7,57218.0,62350.0
2025-06-20 10:26:57.515819,4284.7,57214.0,62479.0
2025-06-20 10:26:58.510824,4284.7,57219.0,62480.0
2025-06-20 10:26:58.693527,4284.5,57219.0,62480.0
2025-06-20 10:26:59.612922,4284.5,57161.0,62464.0
2025-06-20 10:27:00.811658,4284.5,55694.0,62301.0
2025-06-20 10:27:01.671949,4284.6,55694.0,62301.0
2025-06-20 10:27:01.918331,4284.6,55625.0,62337.0
2025-06-20 10:27:03.011563,4284.6,57315.0,62325.0
2025-06-20 10:27:03.675034,4284.9,57315.0,62325.0
2025-06-20 10:27:04.105041,4284.9,57332.0,62292.0
2025-06-20 10:27:05.212715,4284.9,57463.0,62346.0
2025-06-20 10:27:06.219863,4284.9,57481.0,62322.0
2025-06-20 10:27:07.215373,4284.9,57356.0,62322.0
2025-06-20 10:27:08.215289,4284.9,57578.0,62332.0
2025-06-20 10:27:09.310157,4288.0,57514.0,60096.0
2025-06-20 10:27:09.669480,4288.0,57514.0,60096.0
2025-06-20 10:27:10.657554,4290.0,57597.0,60206.0
2025-06-20 10:27:10.674091,4290.0,57597.0,60206.0
2025-06-20 10:27:11.427291,4290.0,57232.0,60307.0
2025-06-20 10:27:11.660907,4288.3,57232.0,60307.0
2025-06-20 10:27:12.515197,4290.0,57683.0,60357.0
2025-06-20 10:27:12.661759,4288.5,57683.0,60357.0
2025-06-20 10:27:13.616666,4288.5,56280.0,60295.0
2025-06-20 10:27:14.664016,4289.9,56280.0,60295.0
2025-06-20 10:27:14.726576,4289.9,57659.0,60133.0
2025-06-20 10:27:15.814675,4289.9,56225.0,60055.0
2025-06-20 10:27:17.026802,4289.9,57052.0,60249.0
2025-06-20 10:27:17.660010,4288.5,57052.0,60249.0
2025-06-20 10:27:18.016384,4288.5,57065.0,60114.0
2025-06-20 10:27:18.665351,4289.5,57065.0,60114.0
2025-06-20 10:27:19.020086,4289.5,56275.0,60173.0
2025-06-20 10:27:19.656593,4288.7,56275.0,60173.0
2025-06-20 10:27:20.119757,4288.7,57189.0,60011.0
2025-06-20 10:27:20.659473,4288.7,57189.0,60011.0
2025-06-20 10:27:21.220645,4291.0,58817.0,59213.0
2025-06-20 10:27:21.658196,4292.0,58817.0,59213.0
2025-06-20 10:27:22.322985,4292.8,59067.0,57952.0
2025-06-20 10:27:22.667853,4293.0,59067.0,57952.0
2025-06-20 10:27:23.434138,4295.0,58971.0,57564.0
2025-06-20 10:27:23.668074,4295.0,58971.0,57564.0
2025-06-20 10:27:24.523487,4295.0,58775.0,57612.0
2025-06-20 10:27:25.623487,4295.0,58547.0,57699.0
2025-06-20 10:27:26.660823,4294.9,58547.0,57699.0
2025-06-20 10:27:26.827692,4294.9,58544.0,57716.0
2025-06-20 10:27:27.825701,4294.9,58546.0,57704.0
2025-06-20 10:27:28.675403,4294.9,58546.0,57704.0
2025-06-20 10:27:28.971271,4294.4,59036.0,57549.0
2025-06-20 10:27:29.731653,4294.9,59036.0,57549.0
2025-06-20 10:27:29.992832,4294.9,59063.0,57553.0
2025-06-20 10:27:30.750231,4296.0,59063.0,57553.0
2025-06-20 10:27:31.349830,4296.0,57793.0,57002.0
2025-06-20 10:27:31.665171,4296.0,57793.0,57002.0
2025-06-20 10:27:31.941732,4295.2,59188.0,57104.0
2025-06-20 10:27:32.704307,4295.2,59188.0,57104.0
2025-06-20 10:27:33.030076,4296.0,58802.0,56985.0
2025-06-20 10:27:33.659817,4296.0,58802.0,56985.0
2025-06-20 10:27:34.131168,4296.0,58983.0,57186.0
2025-06-20 10:27:34.666240,4295.6,58983.0,57186.0
2025-06-20 10:27:35.238376,4295.9,58392.0,57117.0
2025-06-20 10:27:35.662600,4295.5,58392.0,57117.0
2025-06-20 10:27:36.333015,4296.0,59616.0,57547.0
2025-06-20 10:27:36.666458,4296.0,59616.0,57547.0
2025-06-20 10:27:37.237871,4295.5,59507.0,57737.0
2025-06-20 10:27:37.664477,4295.5,59507.0,57737.0
2025-06-20 10:27:38.381985,4296.0,59261.0,57851.0
2025-06-20 10:27:38.702823,4296.0,59261.0,57851.0
2025-06-20 10:27:39.549004,4296.0,58360.0,57890.0
2025-06-20 10:27:39.670640,4296.0,58360.0,57890.0
2025-06-20 10:27:40.544789,4295.0,58201.0,58444.0
2025-06-20 10:27:40.667721,4295.0,58201.0,58444.0
2025-06-20 10:27:41.639044,4295.0,58367.0,58453.0
2025-06-20 10:27:42.699404,4295.0,58367.0,58453.0
2025-06-20 10:27:42.750694,4295.0,59008.0,58446.0
2025-06-20 10:27:43.053110,4295.0,59008.0,58446.0
2025-06-20 10:27:43.753286,4295.0,58754.0,58569.0
2025-06-20 10:27:43.974518,4295.0,58754.0,58569.0
2025-06-20 10:27:44.267264,4295.0,58754.0,58569.0
2025-06-20 10:27:44.845992,4295.0,57560.0,58567.0
2025-06-20 10:27:45.299722,4295.0,57560.0,58567.0
2025-06-20 10:27:45.956291,4294.3,58681.0,58506.0
2025-06-20 10:27:46.312637,4294.3,58681.0,58506.0
2025-06-20 10:27:46.666353,4294.3,58681.0,58506.0
2025-06-20 10:27:46.746409,4294.3,58681.0,58506.0
2025-06-20 10:27:47.044410,4294.7,58525.0,58664.0
2025-06-20 10:27:47.698378,4294.7,58525.0,58664.0
2025-06-20 10:27:47.718594,4294.7,58525.0,58664.0
2025-06-20 10:27:48.145880,4293.5,56499.0,59303.0
2025-06-20 10:27:48.668087,4293.5,56499.0,59303.0
2025-06-20 10:27:49.020734,4293.5,56499.0,59303.0
2025-06-20 10:27:49.250535,4292.2,58411.0,59369.0
2025-06-20 10:27:49.666536,4293.9,58411.0,59369.0
2025-06-20 10:27:50.013024,4293.9,58411.0,59369.0
2025-06-20 10:27:50.249584,4292.3,57024.0,59973.0
2025-06-20 10:27:50.667939,4292.3,57024.0,59973.0
2025-06-20 10:27:51.251095,4291.4,58704.0,60003.0
2025-06-20 10:27:51.511017,4291.4,58704.0,60003.0
2025-06-20 10:27:51.668302,4291.4,58704.0,60003.0
2025-06-20 10:27:52.348317,4293.8,58625.0,59574.0
2025-06-20 10:27:52.669078,4293.8,58625.0,59574.0
2025-06-20 10:27:52.825693,4293.8,58625.0,59574.0
2025-06-20 10:27:53.462031,4292.3,59154.0,59677.0
2025-06-20 10:27:53.665588,4292.3,59154.0,59677.0
2025-06-20 10:27:54.027699,4292.3,59154.0,59677.0
2025-06-20 10:27:54.552005,4292.0,59474.0,59807.0
2025-06-20 10:27:54.665891,4292.0,59474.0,59807.0
2025-06-20 10:27:55.625331,4292.0,59474.0,59807.0
2025-06-20 10:27:55.660042,4292.0,57782.0,59820.0
2025-06-20 10:27:56.652100,4291.9,58043.0,59875.0
2025-06-20 10:27:56.672419,4291.9,58043.0,59875.0
2025-06-20 10:27:57.653476,4291.9,58699.0,59972.0
2025-06-20 10:27:58.656881,4291.8,59098.0,60025.0
2025-06-20 10:27:58.665587,4291.8,59098.0,60025.0
2025-06-20 10:27:59.654406,4291.8,59087.0,60051.0
2025-06-20 10:28:00.755121,4291.8,57008.0,60059.0
2025-06-20 10:28:01.865596,4291.8,58610.0,60225.0
2025-06-20 10:28:02.666036,4291.6,58610.0,60225.0
2025-06-20 10:28:02.757377,4291.6,58013.0,60316.0
2025-06-20 10:28:03.677465,4291.6,58013.0,60316.0
2025-06-20 10:28:03.864304,4291.6,58571.0,60251.0
2025-06-20 10:28:04.664072,4291.2,58571.0,60251.0
2025-06-20 10:28:04.963397,4291.2,58091.0,60267.0
2025-06-20 10:28:05.665266,4291.2,58091.0,60267.0
2025-06-20 10:28:06.060557,4291.2,58378.0,60261.0
2025-06-20 10:28:06.664048,4291.2,58378.0,60261.0
2025-06-20 10:28:07.161532,4291.2,58473.0,60339.0
2025-06-20 10:28:07.669324,4291.1,58473.0,60339.0
2025-06-20 10:28:08.269053,4291.1,58601.0,60376.0
2025-06-20 10:28:09.361006,4290.9,58136.0,60498.0
2025-06-20 10:28:09.666090,4290.9,58136.0,60498.0
2025-06-20 10:28:10.469716,4290.3,57997.0,60634.0
2025-06-20 10:28:10.667739,4290.3,57997.0,60634.0
2025-06-20 10:28:11.571286,4290.3,58094.0,60693.0
2025-06-20 10:28:11.665375,4291.0,58094.0,60693.0
2025-06-20 10:28:12.664560,4291.0,58135.0,60687.0
2025-06-20 10:28:13.665225,4290.1,58135.0,60687.0
2025-06-20 10:28:13.766459,4290.1,57734.0,60750.0
2025-06-20 10:28:14.664701,4290.2,57734.0,60750.0
2025-06-20 10:28:14.874831,4290.2,58553.0,60803.0
2025-06-20 10:28:15.666922,4290.2,58553.0,60803.0
2025-06-20 10:28:15.972298,4290.2,57598.0,61074.0
2025-06-20 10:28:16.663845,4290.0,57598.0,61074.0
2025-06-20 10:28:17.065872,4290.1,58121.0,61018.0
2025-06-20 10:28:17.664665,4290.0,58121.0,61018.0
2025-06-20 10:28:18.167575,4289.8,56919.0,61210.0
2025-06-20 10:28:18.662747,4289.8,56919.0,61210.0
2025-06-20 10:28:19.268748,4289.8,56900.0,61155.0
2025-06-20 10:28:20.368782,4289.8,58204.0,61154.0
2025-06-20 10:28:21.279707,4289.8,57031.0,61150.0
2025-06-20 10:28:22.478978,4289.8,58269.0,61176.0
2025-06-20 10:28:23.577941,4288.5,58385.0,61254.0
2025-06-20 10:28:23.683056,4288.5,58385.0,61254.0
2025-06-20 10:28:24.663654,4289.9,58385.0,61254.0
2025-06-20 10:28:24.682460,4289.9,57848.0,61288.0
2025-06-20 10:28:25.778417,4289.9,58167.0,61315.0
2025-06-20 10:28:26.664236,4288.7,58167.0,61315.0
2025-06-20 10:28:26.882492,4288.7,57885.0,61228.0
2025-06-20 10:28:27.663772,4288.7,57885.0,61228.0
2025-06-20 10:28:27.975508,4288.7,58185.0,61245.0
2025-06-20 10:28:28.675897,4288.1,58185.0,61245.0
2025-06-20 10:28:29.076785,4288.1,58299.0,61244.0
2025-06-20 10:28:30.177801,4288.3,57867.0,61209.0
2025-06-20 10:28:30.665731,4288.3,57867.0,61209.0
2025-06-20 10:28:31.279049,4288.3,57870.0,61195.0
2025-06-20 10:28:31.666632,4288.2,57870.0,61195.0
2025-06-20 10:28:32.381503,4288.2,57843.0,61176.0
2025-06-20 10:28:33.280545,4288.2,58075.0,61344.0
2025-06-20 10:28:33.701951,4288.2,58075.0,61344.0
2025-06-20 10:28:34.380766,4288.2,58110.0,61321.0
2025-06-20 10:28:35.382894,4288.2,58150.0,61356.0
2025-06-20 10:28:36.504998,4288.2,58291.0,61355.0
2025-06-20 10:28:36.672623,4288.2,58291.0,61355.0
2025-06-20 10:28:37.583867,4288.2,57823.0,61311.0
2025-06-20 10:28:37.665393,4288.2,57823.0,61311.0
2025-06-20 10:28:38.667484,4290.1,57823.0,61311.0
2025-06-20 10:28:38.698524,4290.1,58226.0,61216.0
2025-06-20 10:28:39.700130,4290.1,58381.0,61239.0
2025-06-20 10:28:40.667417,4288.5,58381.0,61239.0
2025-06-20 10:28:40.785199,4288.5,57818.0,61145.0
2025-06-20 10:28:41.785715,4288.5,58443.0,61231.0
2025-06-20 10:28:42.667701,4290.3,58443.0,61231.0
2025-06-20 10:28:42.899480,4290.3,58222.0,61164.0
2025-06-20 10:28:43.666327,4290.5,58222.0,61164.0
2025-06-20 10:28:43.897100,4290.5,58171.0,61298.0
2025-06-20 10:28:45.131374,4290.5,57919.0,60582.0
2025-06-20 10:28:45.895545,4290.5,57906.0,60581.0
2025-06-20 10:28:46.669358,4290.5,57906.0,60581.0
2025-06-20 10:28:46.984318,4290.5,57302.0,60235.0
2025-06-20 10:28:48.086276,4290.5,58856.0,60675.0
2025-06-20 10:28:49.186359,4291.9,58109.0,60643.0
2025-06-20 10:28:49.668784,4290.7,58109.0,60643.0
2025-06-20 10:28:50.374938,4291.9,58208.0,60706.0
2025-06-20 10:28:50.707610,4291.0,58208.0,60706.0
2025-06-20 10:28:51.391550,4291.0,58509.0,60768.0
2025-06-20 10:28:52.392597,4291.9,57900.0,60799.0
2025-06-20 10:28:52.667805,4291.9,57900.0,60799.0
2025-06-20 10:28:53.492982,4291.9,58252.0,60759.0
2025-06-20 10:28:53.665649,4291.9,58252.0,60759.0
2025-06-20 10:28:54.587680,4291.9,58572.0,60858.0
2025-06-20 10:28:54.669091,4291.9,58572.0,60858.0
2025-06-20 10:28:55.703213,4291.9,58393.0,60948.0
2025-06-20 10:28:56.791705,4291.9,58533.0,60970.0
2025-06-20 10:28:57.672681,4291.6,58533.0,60970.0
2025-06-20 10:28:57.998258,4291.6,58605.0,60956.0
2025-06-20 10:28:58.667271,4290.3,58605.0,60956.0
2025-06-20 10:28:59.004691,4290.3,57246.0,60949.0
2025-06-20 10:28:59.666259,4290.9,57246.0,60949.0
2025-06-20 10:29:00.091963,4290.9,57255.0,60939.0
2025-06-20 10:29:01.492952,4290.9,57209.0,60884.0
2025-06-20 10:29:01.668358,4290.9,57209.0,60884.0
2025-06-20 10:29:02.496928,4290.3,59142.0,60739.0
2025-06-20 10:29:02.673386,4290.3,59142.0,60739.0
2025-06-20 10:29:03.594177,4290.3,58690.0,60786.0
2025-06-20 10:29:04.595013,4290.3,57807.0,60727.0
2025-06-20 10:29:05.596320,4290.3,59532.0,60821.0
2025-06-20 10:29:06.596112,4290.3,57764.0,60746.0
2025-06-20 10:29:07.598496,4290.3,59161.0,60785.0
2025-06-20 10:29:08.599228,4290.3,58060.0,60795.0
2025-06-20 10:29:09.599790,4290.3,58951.0,60854.0
2025-06-20 10:29:10.500838,4290.9,59646.0,60854.0
2025-06-20 10:29:10.672738,4290.9,59646.0,60854.0
2025-06-20 10:29:11.501867,4291.0,58105.0,60867.0
2025-06-20 10:29:11.668817,4291.0,58105.0,60867.0
2025-06-20 10:29:12.506454,4291.0,59627.0,60806.0
2025-06-20 10:29:13.505027,4291.0,59349.0,60682.0
2025-06-20 10:29:13.669549,4291.0,59349.0,60682.0
2025-06-20 10:29:14.505595,4291.1,59333.0,60679.0
2025-06-20 10:29:14.669463,4291.1,59333.0,60679.0
2025-06-20 10:29:15.503625,4291.1,59327.0,60606.0
2025-06-20 10:29:16.505752,4291.0,58909.0,60745.0
2025-06-20 10:29:16.674628,4291.0,58909.0,60745.0
2025-06-20 10:29:17.630874,4290.0,58722.0,60872.0
2025-06-20 10:29:17.670746,4290.0,58722.0,60872.0
2025-06-20 10:29:18.696663,4292.6,59335.0,60510.0
2025-06-20 10:29:18.763104,4292.6,59335.0,60510.0
2025-06-20 10:29:19.649330,4291.9,57965.0,60564.0
2025-06-20 10:29:19.671264,4291.9,57965.0,60564.0
2025-06-20 10:29:20.608247,4293.0,58128.0,60274.0
2025-06-20 10:29:20.670950,4293.0,58128.0,60274.0
2025-06-20 10:29:21.608005,4293.0,59382.0,60262.0
2025-06-20 10:29:22.608601,4293.0,59394.0,60235.0
2025-06-20 10:29:23.608055,4293.0,58056.0,60327.0
2025-06-20 10:29:23.672086,4293.0,58056.0,60327.0
2025-06-20 10:29:24.672571,4293.0,58056.0,60327.0
2025-06-20 10:29:24.724819,4293.0,59076.0,60300.0
2025-06-20 10:29:25.813807,4293.0,59231.0,60308.0
2025-06-20 10:29:26.927920,4293.0,58931.0,60317.0
2025-06-20 10:29:27.927806,4293.0,58782.0,60288.0
2025-06-20 10:29:28.958628,4293.0,58038.0,60379.0
2025-06-20 10:29:29.669158,4290.9,58038.0,60379.0
2025-06-20 10:29:30.039237,4290.9,58004.0,60312.0
2025-06-20 10:29:30.716012,4291.8,58004.0,60312.0
2025-06-20 10:29:31.028150,4291.8,59334.0,60385.0
2025-06-20 10:29:31.673359,4291.1,59334.0,60385.0
2025-06-20 10:29:32.030324,4291.1,58150.0,60402.0
2025-06-20 10:29:32.673422,4291.1,58150.0,60402.0
2025-06-20 10:29:33.116296,4291.1,58922.0,60496.0
2025-06-20 10:29:34.218005,4291.1,58915.0,60505.0
2025-06-20 10:29:34.670720,4290.9,58915.0,60505.0
2025-06-20 10:29:35.318997,4290.9,58816.0,60684.0
2025-06-20 10:29:35.674133,4290.9,58816.0,60684.0
2025-06-20 10:29:36.434531,4292.2,59491.0,60336.0
2025-06-20 10:29:36.669695,4292.2,59491.0,60336.0
2025-06-20 10:29:37.526689,4291.0,59672.0,60318.0
2025-06-20 10:29:37.671154,4291.0,59672.0,60318.0
2025-06-20 10:29:38.623392,4293.0,59344.0,60236.0
2025-06-20 10:29:38.669730,4293.0,59344.0,60236.0
2025-06-20 10:29:39.623133,4293.0,59040.0,58922.0
2025-06-20 10:29:39.673991,4293.0,59040.0,58922.0
2025-06-20 10:29:40.670974,4295.0,59040.0,58922.0
2025-06-20 10:29:40.735505,4295.0,58500.0,59003.0
2025-06-20 10:29:41.824930,4292.6,58672.0,59437.0
2025-06-20 10:29:42.669277,4292.4,58672.0,59437.0
2025-06-20 10:29:42.934684,4292.4,57285.0,59523.0
2025-06-20 10:29:43.672861,4294.4,57285.0,59523.0
2025-06-20 10:29:44.036675,4294.4,57187.0,59418.0
2025-06-20 10:29:44.971786,4294.4,58590.0,59442.0
2025-06-20 10:29:46.025879,4294.1,58448.0,59434.0
2025-06-20 10:29:46.706903,4293.5,58448.0,59434.0
2025-06-20 10:29:47.163481,4293.5,58674.0,59509.0
2025-06-20 10:29:48.127645,4293.5,58237.0,59468.0
2025-06-20 10:29:48.671020,4293.5,58237.0,59468.0
2025-06-20 10:29:49.250841,4292.5,58223.0,59497.0
2025-06-20 10:29:49.686900,4292.5,58223.0,59497.0
2025-06-20 10:29:50.229492,4292.5,58204.0,59546.0
2025-06-20 10:29:50.671837,4293.0,58204.0,59546.0
2025-06-20 10:29:51.230284,4294.2,59379.0,59424.0
2025-06-20 10:29:51.672749,4294.2,59379.0,59424.0
2025-06-20 10:29:52.232212,4294.2,58012.0,59424.0
2025-06-20 10:29:53.229107,4294.2,59543.0,59450.0
2025-06-20 10:29:53.670774,4294.9,59543.0,59450.0
2025-06-20 10:29:54.231102,4294.9,60165.0,59242.0
2025-06-20 10:29:55.416125,4294.9,58791.0,59272.0
2025-06-20 10:29:56.467388,4294.9,58881.0,59298.0
2025-06-20 10:29:57.365796,4296.0,59580.0,57756.0
2025-06-20 10:29:57.674865,4296.0,59580.0,57756.0
2025-06-20 10:29:58.469831,4296.0,59549.0,57908.0
2025-06-20 10:29:58.676310,4296.0,59549.0,57908.0
2025-06-20 10:29:59.535791,4295.7,58149.0,57959.0
2025-06-20 10:29:59.675801,4295.7,58149.0,57959.0
2025-06-20 10:30:00.838212,4296.0,59090.0,58052.0
2025-06-20 10:30:01.672011,4296.0,59090.0,58052.0
2025-06-20 10:30:01.836973,4295.7,59571.0,58045.0
2025-06-20 10:30:02.670567,4296.0,59571.0,58045.0
2025-06-20 10:30:02.838007,4296.0,59090.0,58067.0
2025-06-20 10:30:03.670500,4296.0,59090.0,58067.0
2025-06-20 10:30:03.840258,4296.0,59130.0,58065.0
2025-06-20 10:30:04.670917,4294.0,59130.0,58065.0
2025-06-20 10:30:04.951885,4292.4,58926.0,59434.0
2025-06-20 10:30:05.685018,4291.9,58926.0,59434.0
2025-06-20 10:30:06.042627,4291.9,58972.0,59451.0
2025-06-20 10:30:07.144432,4293.9,58977.0,59463.0
2025-06-20 10:30:07.677080,4294.3,58977.0,59463.0
2025-06-20 10:30:08.143646,4294.3,58991.0,59380.0
2025-06-20 10:30:09.146759,4294.5,58995.0,59356.0
2025-06-20 10:30:09.736406,4294.5,58995.0,59356.0
2025-06-20 10:30:10.146960,4294.5,59284.0,59324.0
2025-06-20 10:30:11.151634,4294.5,58679.0,59393.0
2025-06-20 10:30:12.160539,4294.5,59159.0,59418.0
2025-06-20 10:30:12.674834,4293.7,59159.0,59418.0
2025-06-20 10:30:13.149552,4293.7,59282.0,59405.0
2025-06-20 10:30:13.684843,4293.7,59282.0,59405.0
2025-06-20 10:30:14.050500,4293.7,58991.0,59412.0
2025-06-20 10:30:14.677700,4294.2,58991.0,59412.0
2025-06-20 10:30:14.960825,4294.2,58866.0,59277.0
2025-06-20 10:30:15.683607,4294.2,58866.0,59277.0
2025-06-20 10:30:16.048418,4294.2,59531.0,59302.0
2025-06-20 10:30:16.764864,4294.3,59531.0,59302.0
2025-06-20 10:30:17.152356,4294.3,58916.0,59009.0
2025-06-20 10:30:17.685632,4295.5,58916.0,59009.0
2025-06-20 10:30:18.351876,4295.1,59011.0,59121.0
2025-06-20 10:30:18.671213,4295.1,59011.0,59121.0
2025-06-20 10:30:19.550130,4295.1,57978.0,59113.0
2025-06-20 10:30:20.350750,4295.1,59477.0,59284.0
2025-06-20 10:30:20.674363,4295.2,59477.0,59284.0
2025-06-20 10:30:21.464577,4295.2,58844.0,59239.0
2025-06-20 10:30:21.673684,4295.2,58844.0,59239.0
2025-06-20 10:30:22.551280,4295.2,59518.0,59403.0
2025-06-20 10:30:23.668671,4295.2,58923.0,59393.0
2025-06-20 10:30:24.676326,4292.5,58923.0,59393.0
2025-06-20 10:30:24.753668,4292.5,57956.0,59375.0
2025-06-20 10:30:25.770234,4292.5,59143.0,59365.0
2025-06-20 10:30:26.855311,4292.3,59063.0,59436.0
2025-06-20 10:30:27.675777,4292.3,59063.0,59436.0
2025-06-20 10:30:27.993299,4292.3,59400.0,59282.0
2025-06-20 10:30:29.056996,4292.3,59526.0,59372.0
2025-06-20 10:30:30.060462,4292.3,59832.0,59454.0
2025-06-20 10:30:30.682176,4293.0,59832.0,59454.0
2025-06-20 10:30:31.365965,4292.5,59965.0,59418.0
2025-06-20 10:30:31.672586,4292.0,59965.0,59418.0
2025-06-20 10:30:32.279461,4292.0,59740.0,59501.0
2025-06-20 10:30:32.673655,4289.9,59740.0,59501.0
2025-06-20 10:30:33.362187,4289.9,57930.0,60234.0
2025-06-20 10:30:34.475691,4289.9,58468.0,60617.0
2025-06-20 10:30:35.565121,4290.5,58533.0,60529.0
2025-06-20 10:30:35.673925,4290.5,58533.0,60529.0
2025-06-20 10:30:36.565837,4290.5,58850.0,60506.0
2025-06-20 10:30:37.665511,4290.5,59003.0,60537.0
2025-06-20 10:30:38.769272,4290.5,59009.0,60521.0
2025-06-20 10:30:39.679965,4290.0,59009.0,60521.0
2025-06-20 10:30:39.866945,4290.0,58472.0,60504.0
2025-06-20 10:30:40.684929,4290.0,58472.0,60504.0
2025-06-20 10:30:41.009024,4290.1,58472.0,60544.0
2025-06-20 10:30:41.673451,4288.4,58472.0,60544.0
2025-06-20 10:30:42.068923,4288.4,58883.0,60544.0
2025-06-20 10:30:43.068943,4288.4,58859.0,60573.0
2025-06-20 10:30:43.224669,4288.4,58859.0,60573.0
2025-06-20 10:30:43.677551,4290.2,58859.0,60573.0
2025-06-20 10:30:43.853292,4290.2,58859.0,60573.0
2025-06-20 10:30:44.180030,4290.2,58797.0,60610.0
2025-06-20 10:30:44.248575,4290.2,58797.0,60610.0
2025-06-20 10:30:44.672029,4289.9,58797.0,60610.0
2025-06-20 10:30:45.000770,4289.9,58797.0,60610.0
2025-06-20 10:30:45.271005,4289.9,58861.0,60712.0
2025-06-20 10:30:45.318219,4289.9,58861.0,60712.0
2025-06-20 10:30:46.372628,4290.0,58625.0,60434.0
2025-06-20 10:30:46.496796,4290.0,58625.0,60434.0
2025-06-20 10:30:46.672615,4290.0,58625.0,60434.0
2025-06-20 10:30:47.033964,4290.0,58625.0,60434.0
2025-06-20 10:30:47.699692,4290.0,58625.0,60434.0
2025-06-20 10:30:47.700648,4288.5,58754.0,60688.0
2025-06-20 10:30:47.701155,4288.5,58754.0,60688.0
2025-06-20 10:30:48.386488,4288.5,58754.0,60688.0
2025-06-20 10:30:48.571069,4289.3,58643.0,60706.0
2025-06-20 10:30:48.675215,4289.3,58643.0,60706.0
2025-06-20 10:30:49.688183,4289.3,59062.0,60617.0
2025-06-20 10:30:49.733452,4289.3,59062.0,60617.0
2025-06-20 10:30:50.676753,4288.5,59062.0,60617.0
2025-06-20 10:30:50.765263,4288.5,59062.0,60617.0
2025-06-20 10:30:50.776012,4288.5,57598.0,60635.0
2025-06-20 10:30:51.676895,4288.4,57598.0,60635.0
2025-06-20 10:30:51.873609,4288.4,58565.0,60774.0
2025-06-20 10:30:52.260531,4288.4,58565.0,60774.0
2025-06-20 10:30:52.687964,4288.5,58565.0,60774.0
2025-06-20 10:30:52.984273,4288.5,59112.0,60533.0
2025-06-20 10:30:53.533387,4288.5,59112.0,60533.0
2025-06-20 10:30:53.704118,4288.9,59112.0,60533.0
2025-06-20 10:30:54.074871,4288.9,59405.0,60411.0
2025-06-20 10:30:54.675384,4290.1,59405.0,60411.0
2025-06-20 10:30:54.819631,4290.1,59405.0,60411.0
2025-06-20 10:30:55.188959,4290.1,59170.0,60504.0
2025-06-20 10:30:55.679191,4290.1,59170.0,60504.0
2025-06-20 10:30:56.276410,4290.1,58775.0,60646.0
2025-06-20 10:30:56.510988,4290.1,58775.0,60646.0
2025-06-20 10:30:57.375920,4290.1,57663.0,60421.0
2025-06-20 10:30:58.482416,4289.8,58453.0,60333.0
2025-06-20 10:30:58.678292,4289.3,58453.0,60333.0
2025-06-20 10:30:59.576592,4288.6,58635.0,60557.0
2025-06-20 10:30:59.677745,4288.6,58635.0,60557.0
2025-06-20 10:31:00.683675,4291.8,58635.0,60557.0
2025-06-20 10:31:00.778458,4291.8,58932.0,60302.0
2025-06-20 10:31:01.879355,4291.8,58973.0,60309.0
