timestamp,ltp,bid_qty,ask_qty
2025-06-20 10:10:48.212515,645.7,386745.0,415528.0
2025-06-20 10:10:49.566505,645.7,387864.0,416778.0
2025-06-20 10:10:51.594960,645.35,387864.0,416778.0
2025-06-20 10:10:55.267792,645.4,388176.0,418339.0
2025-06-20 10:10:57.587974,645.4,388176.0,418339.0
2025-06-20 10:10:58.612064,645.45,388176.0,418339.0
2025-06-20 10:11:00.658499,645.45,388176.0,418339.0
2025-06-20 10:11:00.669609,645.45,388152.0,415660.0
2025-06-20 10:11:06.589765,645.45,389036.0,414075.0
2025-06-20 10:11:07.604824,645.45,389036.0,414075.0
2025-06-20 10:11:09.621154,645.45,389036.0,414075.0
2025-06-20 10:11:10.662055,645.5,389036.0,414075.0
2025-06-20 10:11:12.853839,645.55,388200.0,416519.0
2025-06-20 10:11:12.914010,645.55,388200.0,416519.0
2025-06-20 10:11:16.661025,645.45,388200.0,416519.0
2025-06-20 10:11:18.081869,645.55,389756.0,415310.0
2025-06-20 10:11:19.263503,645.55,389756.0,415310.0
2025-06-20 10:11:21.645541,645.55,389756.0,415310.0
2025-06-20 10:11:23.184244,645.55,389193.0,415828.0
2025-06-20 10:11:26.253171,645.7,389193.0,415828.0
2025-06-20 10:11:27.653198,645.7,389193.0,415828.0
2025-06-20 10:11:28.876338,645.7,388100.0,417201.0
2025-06-20 10:11:30.868713,645.3,388100.0,417201.0
2025-06-20 10:11:32.608521,645.55,388100.0,417201.0
2025-06-20 10:11:34.300703,645.55,387936.0,418730.0
2025-06-20 10:11:35.593035,645.4,387936.0,418730.0
2025-06-20 10:11:37.598533,645.45,387936.0,418730.0
2025-06-20 10:11:39.596273,645.6,387936.0,418730.0
2025-06-20 10:11:39.999135,645.6,388208.0,417847.0
2025-06-20 10:11:41.588297,645.45,388208.0,417847.0
2025-06-20 10:11:42.598059,645.45,388208.0,417847.0
2025-06-20 10:11:45.596014,645.5,388208.0,417847.0
2025-06-20 10:11:46.027145,645.5,387035.0,418624.0
2025-06-20 10:11:46.636501,645.5,387035.0,418624.0
2025-06-20 10:11:51.600645,645.5,387035.0,418624.0
2025-06-20 10:11:52.117439,645.5,386456.0,418492.0
2025-06-20 10:11:53.610532,645.6,386456.0,418492.0
2025-06-20 10:11:56.596269,645.45,386456.0,418492.0
2025-06-20 10:11:57.836494,645.45,388880.0,413237.0
2025-06-20 10:11:59.598656,646.1,388880.0,413237.0
2025-06-20 10:12:03.600866,646.2,388880.0,413237.0
2025-06-20 10:12:04.110532,646.2,389721.0,399199.0
2025-06-20 10:12:06.607900,646.4,389721.0,399199.0
2025-06-20 10:12:09.600644,646.75,389721.0,399199.0
2025-06-20 10:12:10.825248,646.6,402133.0,392548.0
2025-06-20 10:12:12.605964,646.7,402133.0,392548.0
2025-06-20 10:12:15.599016,646.55,402133.0,392548.0
2025-06-20 10:12:17.217257,646.55,400718.0,393558.0
2025-06-20 10:12:18.603496,646.75,400718.0,393558.0
2025-06-20 10:12:21.601759,646.85,400718.0,393558.0
2025-06-20 10:12:23.433013,646.8,404838.0,388818.0
2025-06-20 10:12:24.603003,646.8,404838.0,388818.0
2025-06-20 10:12:27.599509,647.0,404838.0,388818.0
2025-06-20 10:12:28.604458,647.0,404838.0,388818.0
2025-06-20 10:12:29.637765,646.8,404101.0,388271.0
2025-06-20 10:12:31.600043,647.0,404101.0,388271.0
2025-06-20 10:12:33.600561,647.0,404101.0,388271.0
2025-06-20 10:12:35.604363,647.0,404101.0,388271.0
2025-06-20 10:12:35.770290,647.0,406642.0,385881.0
2025-06-20 10:12:37.608175,647.0,406642.0,385881.0
2025-06-20 10:12:38.611872,647.05,406642.0,385881.0
2025-06-20 10:12:40.550941,647.05,406642.0,385881.0
2025-06-20 10:12:41.169251,647.05,406642.0,385881.0
2025-06-20 10:12:41.535371,647.05,407623.0,384895.0
2025-06-20 10:12:41.603528,647.05,407623.0,384895.0
2025-06-20 10:12:41.701718,647.05,407623.0,384895.0
2025-06-20 10:12:42.297322,647.05,407623.0,384895.0
2025-06-20 10:12:42.603026,647.05,407623.0,384895.0
2025-06-20 10:12:42.959180,647.05,407623.0,384895.0
2025-06-20 10:12:43.452084,647.05,407623.0,384895.0
2025-06-20 10:12:44.662076,647.05,407623.0,384895.0
2025-06-20 10:12:44.686306,647.05,407623.0,384895.0
2025-06-20 10:12:45.458954,647.05,407623.0,384895.0
2025-06-20 10:12:46.686224,647.05,407623.0,384895.0
2025-06-20 10:12:47.537422,647.1,407404.0,388080.0
2025-06-20 10:12:47.606390,647.1,407404.0,388080.0
2025-06-20 10:12:47.653331,647.1,407404.0,388080.0
2025-06-20 10:12:49.158357,647.1,407404.0,388080.0
2025-06-20 10:12:50.476709,647.1,407404.0,388080.0
2025-06-20 10:12:51.615571,647.0,407404.0,388080.0
2025-06-20 10:12:51.713298,647.0,407404.0,388080.0
2025-06-20 10:12:53.281818,647.0,407404.0,388080.0
2025-06-20 10:12:53.386513,647.0,408800.0,388448.0
2025-06-20 10:12:53.618068,647.0,408800.0,388448.0
2025-06-20 10:12:57.640161,646.95,408800.0,388448.0
2025-06-20 10:12:59.143303,646.95,407854.0,389333.0
2025-06-20 10:13:00.624026,646.95,407854.0,389333.0
2025-06-20 10:13:03.605188,646.9,407854.0,389333.0
2025-06-20 10:13:04.556127,646.9,407141.0,390587.0
2025-06-20 10:13:07.602920,646.9,407141.0,390587.0
2025-06-20 10:13:09.645213,646.9,407141.0,390587.0
2025-06-20 10:13:10.257374,647.0,405551.0,392162.0
2025-06-20 10:13:11.599109,646.8,405551.0,392162.0
2025-06-20 10:13:12.610456,646.85,405551.0,392162.0
2025-06-20 10:13:15.609346,646.85,405551.0,392162.0
2025-06-20 10:13:16.062063,646.85,406591.0,392842.0
2025-06-20 10:13:17.608275,646.85,406591.0,392842.0
2025-06-20 10:13:21.605073,646.55,406591.0,392842.0
2025-06-20 10:13:22.165707,646.55,403803.0,394955.0
2025-06-20 10:13:24.620683,646.85,403803.0,394955.0
2025-06-20 10:13:27.603276,646.65,403803.0,394955.0
2025-06-20 10:13:28.517148,646.65,404592.0,395739.0
2025-06-20 10:13:31.611339,646.65,404592.0,395739.0
2025-06-20 10:13:34.573271,646.65,403373.0,396508.0
2025-06-20 10:13:35.604572,646.65,403373.0,396508.0
2025-06-20 10:13:40.775325,646.65,403647.0,395350.0
2025-06-20 10:13:41.608155,646.65,403647.0,395350.0
2025-06-20 10:13:44.639775,646.65,403647.0,395350.0
2025-06-20 10:13:46.678386,646.7,405892.0,396303.0
2025-06-20 10:13:47.637291,646.65,405892.0,396303.0
2025-06-20 10:13:51.602523,646.7,405892.0,396303.0
2025-06-20 10:13:52.119051,646.65,402958.0,397882.0
2025-06-20 10:13:52.624326,646.65,402958.0,397882.0
2025-06-20 10:13:54.629039,646.65,402958.0,397882.0
2025-06-20 10:13:56.616310,646.7,402958.0,397882.0
2025-06-20 10:13:57.788102,646.7,403189.0,398322.0
2025-06-20 10:13:58.634858,646.7,403189.0,398322.0
2025-06-20 10:14:00.612136,646.65,403189.0,398322.0
2025-06-20 10:14:03.404014,646.65,400533.0,399568.0
2025-06-20 10:14:03.608107,646.75,400533.0,399568.0
2025-06-20 10:14:07.623230,646.65,400533.0,399568.0
2025-06-20 10:14:08.994568,646.65,400301.0,397663.0
2025-06-20 10:14:09.609535,646.65,400301.0,397663.0
2025-06-20 10:14:11.616725,646.7,400301.0,397663.0
2025-06-20 10:14:14.999129,646.7,400511.0,397637.0
2025-06-20 10:14:15.609388,646.65,400511.0,397637.0
2025-06-20 10:14:20.700885,646.65,399806.0,398502.0
2025-06-20 10:14:21.610525,646.65,399806.0,398502.0
2025-06-20 10:14:25.605603,646.65,399806.0,398502.0
2025-06-20 10:14:26.704864,646.65,399746.0,399177.0
2025-06-20 10:14:27.610596,646.7,399746.0,399177.0
2025-06-20 10:14:28.609986,646.7,399746.0,399177.0
2025-06-20 10:14:30.616132,646.65,399746.0,399177.0
2025-06-20 10:14:32.614065,646.8,399892.0,398930.0
2025-06-20 10:14:33.612238,646.8,399892.0,398930.0
2025-06-20 10:14:35.615130,646.65,399892.0,398930.0
2025-06-20 10:14:38.110189,646.65,400332.0,399328.0
2025-06-20 10:14:41.605828,646.65,400332.0,399328.0
2025-06-20 10:14:43.854875,646.7,400484.0,398999.0
2025-06-20 10:14:45.618339,646.65,400484.0,398999.0
2025-06-20 10:14:49.518059,646.65,399599.0,400301.0
2025-06-20 10:14:51.606329,646.65,399599.0,400301.0
2025-06-20 10:14:55.629854,646.35,392924.0,403255.0
2025-06-20 10:14:55.636316,646.35,392924.0,403255.0
2025-06-20 10:14:57.619872,646.35,392924.0,403255.0
2025-06-20 10:14:58.621331,646.55,392924.0,403255.0
2025-06-20 10:15:01.678275,646.5,392924.0,403255.0
2025-06-20 10:15:01.727863,646.5,395654.0,395223.0
2025-06-20 10:15:05.612636,646.45,395654.0,395223.0
2025-06-20 10:15:07.615509,646.45,395654.0,395223.0
2025-06-20 10:15:08.132747,646.7,396451.0,395886.0
2025-06-20 10:15:08.613318,646.7,396451.0,395886.0
2025-06-20 10:15:11.610965,646.55,396451.0,395886.0
2025-06-20 10:15:12.612191,646.5,396451.0,395886.0
2025-06-20 10:15:14.540160,646.65,396487.0,396756.0
2025-06-20 10:15:14.609436,646.65,396487.0,396756.0
2025-06-20 10:15:17.609048,646.6,396487.0,396756.0
2025-06-20 10:15:20.861890,646.85,396569.0,396386.0
2025-06-20 10:15:21.618021,646.85,396569.0,396386.0
2025-06-20 10:15:25.610965,646.55,396569.0,396386.0
2025-06-20 10:15:27.246294,646.6,397662.0,396946.0
2025-06-20 10:15:27.614025,646.6,397662.0,396946.0
2025-06-20 10:15:31.618324,646.75,397662.0,396946.0
2025-06-20 10:15:33.452013,646.85,399097.0,391934.0
2025-06-20 10:15:33.608058,646.85,399097.0,391934.0
2025-06-20 10:15:35.616090,646.65,399097.0,391934.0
2025-06-20 10:15:37.618184,646.85,399097.0,391934.0
2025-06-20 10:15:39.469142,647.0,401175.0,390906.0
2025-06-20 10:15:39.630971,647.0,401175.0,390906.0
2025-06-20 10:15:40.970862,647.0,401175.0,390906.0
2025-06-20 10:15:41.375738,647.0,401175.0,390906.0
2025-06-20 10:15:41.614798,646.85,401175.0,390906.0
2025-06-20 10:15:41.915775,646.85,401175.0,390906.0
2025-06-20 10:15:42.174603,646.85,401175.0,390906.0
2025-06-20 10:15:43.471018,646.85,401175.0,390906.0
2025-06-20 10:15:43.617798,646.85,401175.0,390906.0
2025-06-20 10:15:43.863605,646.85,401175.0,390906.0
2025-06-20 10:15:44.466852,646.85,401175.0,390906.0
2025-06-20 10:15:45.260029,646.9,401995.0,389815.0
2025-06-20 10:15:45.614396,646.9,401995.0,389815.0
2025-06-20 10:15:45.781140,646.9,401995.0,389815.0
2025-06-20 10:15:47.117267,646.9,401995.0,389815.0
2025-06-20 10:15:47.614774,646.95,401995.0,389815.0
2025-06-20 10:15:48.081793,646.95,401995.0,389815.0
2025-06-20 10:15:49.652899,646.95,401995.0,389815.0
2025-06-20 10:15:50.884614,646.95,401995.0,389815.0
2025-06-20 10:15:51.367066,647.25,403560.0,386411.0
2025-06-20 10:15:52.129288,647.25,403560.0,386411.0
2025-06-20 10:15:52.618402,647.25,403560.0,386411.0
2025-06-20 10:15:53.702919,647.25,403560.0,386411.0
2025-06-20 10:15:55.845782,647.0,403560.0,386411.0
2025-06-20 10:15:57.873937,647.25,403553.0,386834.0
2025-06-20 10:15:58.613551,647.05,403553.0,386834.0
2025-06-20 10:16:01.618079,647.05,403553.0,386834.0
2025-06-20 10:16:03.969878,647.55,407717.0,381608.0
2025-06-20 10:16:04.627850,647.55,407717.0,381608.0
2025-06-20 10:16:08.617268,647.6,407717.0,381608.0
2025-06-20 10:16:09.971777,647.55,409961.0,376876.0
2025-06-20 10:16:13.613492,647.45,409961.0,376876.0
2025-06-20 10:16:16.176755,647.3,406473.0,386311.0
2025-06-20 10:16:17.623429,647.3,406473.0,386311.0
2025-06-20 10:16:20.622152,647.3,406473.0,386311.0
2025-06-20 10:16:22.782160,647.35,408439.0,385998.0
2025-06-20 10:16:23.616026,647.35,408439.0,385998.0
2025-06-20 10:16:26.650989,647.35,408439.0,385998.0
2025-06-20 10:16:29.083694,647.5,404798.0,387635.0
2025-06-20 10:16:29.624922,647.5,404798.0,387635.0
2025-06-20 10:16:32.617488,647.45,404798.0,387635.0
2025-06-20 10:16:35.589394,647.3,404205.0,390109.0
2025-06-20 10:16:35.639699,647.3,404205.0,390109.0
2025-06-20 10:16:38.636691,647.3,404205.0,390109.0
2025-06-20 10:16:41.622288,647.3,404205.0,390109.0
2025-06-20 10:16:41.905092,647.3,404277.0,392026.0
2025-06-20 10:16:44.669606,647.35,404277.0,392026.0
2025-06-20 10:16:47.622866,647.3,404277.0,392026.0
2025-06-20 10:16:48.097083,647.3,404890.0,394776.0
2025-06-20 10:16:50.616489,647.3,404890.0,394776.0
2025-06-20 10:16:53.616378,647.5,404890.0,394776.0
2025-06-20 10:16:54.658279,647.5,406354.0,392294.0
2025-06-20 10:16:55.622042,647.3,406354.0,392294.0
2025-06-20 10:16:57.663027,647.3,406354.0,392294.0
2025-06-20 10:16:58.625812,647.35,406354.0,392294.0
2025-06-20 10:17:00.416350,647.4,409614.0,391371.0
2025-06-20 10:17:01.618243,647.5,409614.0,391371.0
2025-06-20 10:17:03.614830,647.35,409614.0,391371.0
2025-06-20 10:17:05.617264,647.4,409614.0,391371.0
2025-06-20 10:17:06.424390,647.4,409837.0,389693.0
2025-06-20 10:17:08.630909,647.4,409837.0,389693.0
2025-06-20 10:17:11.627758,647.4,409837.0,389693.0
2025-06-20 10:17:12.424669,647.4,408108.0,392658.0
2025-06-20 10:17:15.620185,647.4,408108.0,392658.0
2025-06-20 10:17:17.633160,647.5,408108.0,392658.0
2025-06-20 10:17:18.516677,647.5,408376.0,393272.0
2025-06-20 10:17:19.625619,647.4,408376.0,393272.0
2025-06-20 10:17:21.617512,647.4,408376.0,393272.0
2025-06-20 10:17:24.333849,647.4,409142.0,390493.0
2025-06-20 10:17:25.639589,647.45,409142.0,390493.0
2025-06-20 10:17:27.627595,647.5,409142.0,390493.0
2025-06-20 10:17:30.455687,647.35,407788.0,393764.0
2025-06-20 10:17:30.621881,647.35,407788.0,393764.0
2025-06-20 10:17:36.529754,647.4,410930.0,392529.0
2025-06-20 10:17:36.620841,647.4,410930.0,392529.0
2025-06-20 10:17:42.452386,647.6,411242.0,387477.0
2025-06-20 10:17:42.625214,647.6,411242.0,387477.0
2025-06-20 10:17:45.630828,647.9,411242.0,387477.0
2025-06-20 10:17:48.371185,647.9,411622.0,382987.0
2025-06-20 10:17:48.626012,647.9,411622.0,382987.0
2025-06-20 10:17:51.627777,647.9,411622.0,382987.0
2025-06-20 10:17:54.544665,647.8,411633.0,383167.0
2025-06-20 10:17:54.623131,647.8,411633.0,383167.0
2025-06-20 10:17:57.626564,647.85,411633.0,383167.0
2025-06-20 10:18:00.626252,647.9,411633.0,383167.0
2025-06-20 10:18:00.740472,647.9,412416.0,385601.0
2025-06-20 10:18:03.630015,647.8,412416.0,385601.0
2025-06-20 10:18:06.627641,648.3,412416.0,385601.0
2025-06-20 10:18:07.147042,648.3,407618.0,377509.0
2025-06-20 10:18:09.626698,647.85,407618.0,377509.0
2025-06-20 10:18:12.623993,648.0,407618.0,377509.0
2025-06-20 10:18:13.149488,648.0,407018.0,378260.0
2025-06-20 10:18:15.623436,648.0,407018.0,378260.0
2025-06-20 10:18:18.631849,648.35,407018.0,378260.0
2025-06-20 10:18:18.869291,648.35,407234.0,377868.0
2025-06-20 10:18:21.625921,648.35,407234.0,377868.0
2025-06-20 10:18:24.630726,648.35,407234.0,377868.0
2025-06-20 10:18:25.455937,648.05,406850.0,376739.0
2025-06-20 10:18:27.629478,648.05,406850.0,376739.0
2025-06-20 10:18:30.626693,648.35,406850.0,376739.0
2025-06-20 10:18:32.259750,648.35,408529.0,373096.0
2025-06-20 10:18:33.631220,648.3,408529.0,373096.0
2025-06-20 10:18:36.630216,648.0,408529.0,373096.0
2025-06-20 10:18:38.265337,647.85,400755.0,389726.0
2025-06-20 10:18:39.634559,647.8,400755.0,389726.0
2025-06-20 10:18:41.587588,647.8,400755.0,389726.0
2025-06-20 10:18:42.129427,647.8,400755.0,389726.0
2025-06-20 10:18:42.682391,647.65,400755.0,389726.0
2025-06-20 10:18:42.775792,647.65,400755.0,389726.0
2025-06-20 10:18:43.304411,647.65,400755.0,389726.0
2025-06-20 10:18:44.070344,647.65,397216.0,394643.0
2025-06-20 10:18:44.442574,647.65,397216.0,394643.0
2025-06-20 10:18:45.440006,647.65,397216.0,394643.0
2025-06-20 10:18:45.645519,647.6,397216.0,394643.0
2025-06-20 10:18:46.388774,647.6,397216.0,394643.0
2025-06-20 10:18:47.700625,647.6,397216.0,394643.0
2025-06-20 10:18:48.632566,647.85,397216.0,394643.0
2025-06-20 10:18:48.692774,647.85,397216.0,394643.0
2025-06-20 10:18:49.901676,647.85,400759.0,388371.0
2025-06-20 10:18:50.214596,647.85,400759.0,388371.0
2025-06-20 10:18:51.465281,647.85,400759.0,388371.0
2025-06-20 10:18:51.636696,648.1,400759.0,388371.0
2025-06-20 10:18:52.727636,648.1,400759.0,388371.0
2025-06-20 10:18:54.434878,648.1,400759.0,388371.0
2025-06-20 10:18:54.656871,647.95,400759.0,388371.0
2025-06-20 10:18:55.774402,647.7,398584.0,390839.0
2025-06-20 10:18:57.638709,647.95,398584.0,390839.0
2025-06-20 10:19:00.631660,647.6,398584.0,390839.0
2025-06-20 10:19:01.075042,647.95,398329.0,391797.0
2025-06-20 10:19:01.640307,647.95,398329.0,391797.0
2025-06-20 10:19:02.175932,647.95,398231.0,391969.0
2025-06-20 10:19:02.637829,647.95,398231.0,391969.0
2025-06-20 10:19:03.275571,648.1,402270.0,382026.0
2025-06-20 10:19:03.637639,648.1,402270.0,382026.0
2025-06-20 10:19:04.392091,648.35,401192.0,381886.0
2025-06-20 10:19:04.639073,648.1,401192.0,381886.0
2025-06-20 10:19:05.390162,648.1,402668.0,380022.0
2025-06-20 10:19:05.649839,648.1,402668.0,380022.0
2025-06-20 10:19:06.478120,648.15,402596.0,381802.0
2025-06-20 10:19:06.633113,648.15,402596.0,381802.0
2025-06-20 10:19:07.582328,648.35,405091.0,375464.0
2025-06-20 10:19:07.632510,648.35,405091.0,375464.0
2025-06-20 10:19:08.627598,648.3,405091.0,375464.0
2025-06-20 10:19:08.678407,648.3,403612.0,377952.0
2025-06-20 10:19:09.678262,648.3,403559.0,377823.0
2025-06-20 10:19:10.669599,648.3,403559.0,377823.0
2025-06-20 10:19:10.680318,648.3,402749.0,379639.0
2025-06-20 10:19:11.640197,648.3,402749.0,379639.0
2025-06-20 10:19:11.778859,648.3,402134.0,379100.0
2025-06-20 10:19:12.628220,648.3,402134.0,379100.0
2025-06-20 10:19:12.885668,648.3,402119.0,380615.0
2025-06-20 10:19:13.981298,648.3,401910.0,382212.0
2025-06-20 10:19:15.081791,648.3,402761.0,381645.0
2025-06-20 10:19:15.652770,648.3,402761.0,381645.0
2025-06-20 10:19:16.185313,648.3,403093.0,381763.0
2025-06-20 10:19:17.294870,648.25,403079.0,381858.0
2025-06-20 10:19:18.398673,648.3,403079.0,381956.0
2025-06-20 10:19:18.738911,648.3,403079.0,381956.0
2025-06-20 10:19:19.486214,648.3,402527.0,382097.0
2025-06-20 10:19:20.586624,648.2,402598.0,382065.0
2025-06-20 10:19:20.670213,648.2,402598.0,382065.0
2025-06-20 10:19:21.690938,648.2,402885.0,382179.0
2025-06-20 10:19:22.681170,648.1,402885.0,382179.0
2025-06-20 10:19:22.788350,648.1,403580.0,382983.0
2025-06-20 10:19:23.915776,648.1,403680.0,383302.0
2025-06-20 10:19:24.885944,648.1,403680.0,383302.0
2025-06-20 10:19:24.990854,648.1,404106.0,382872.0
2025-06-20 10:19:25.692723,648.05,404106.0,382872.0
2025-06-20 10:19:26.092715,648.05,402646.0,385166.0
2025-06-20 10:19:26.670076,648.6,402646.0,385166.0
2025-06-20 10:19:27.193043,648.65,412563.0,377529.0
2025-06-20 10:19:27.691523,648.65,412563.0,377529.0
2025-06-20 10:19:28.293897,648.65,412747.0,377094.0
2025-06-20 10:19:28.685625,648.45,412747.0,377094.0
2025-06-20 10:19:29.408424,648.45,409653.0,381264.0
2025-06-20 10:19:29.876813,648.45,409653.0,381264.0
2025-06-20 10:19:30.495400,648.45,409904.0,381012.0
2025-06-20 10:19:30.639195,648.45,409904.0,381012.0
2025-06-20 10:19:31.596188,648.3,410079.0,382330.0
2025-06-20 10:19:31.643985,648.3,410079.0,382330.0
2025-06-20 10:19:32.652343,648.3,410079.0,382330.0
2025-06-20 10:19:32.697101,648.3,411279.0,380836.0
2025-06-20 10:19:33.695349,648.3,411279.0,380836.0
2025-06-20 10:19:33.798472,648.3,407227.0,384399.0
2025-06-20 10:19:34.934056,648.3,409030.0,384635.0
2025-06-20 10:19:35.643254,648.2,409030.0,384635.0
2025-06-20 10:19:35.802201,648.2,408921.0,384615.0
2025-06-20 10:19:37.001648,648.2,409128.0,384645.0
2025-06-20 10:19:38.099804,648.2,409738.0,385639.0
2025-06-20 10:19:38.634601,648.2,409738.0,385639.0
2025-06-20 10:19:39.205788,648.2,409438.0,385287.0
2025-06-20 10:19:40.308691,648.2,409765.0,385516.0
2025-06-20 10:19:40.907380,648.2,409765.0,385516.0
2025-06-20 10:19:41.321957,648.2,408363.0,385673.0
2025-06-20 10:19:41.677085,648.2,408363.0,385673.0
2025-06-20 10:19:42.305622,648.2,408224.0,384951.0
2025-06-20 10:19:42.643171,648.2,408224.0,384951.0
2025-06-20 10:19:43.412507,648.2,407501.0,387655.0
2025-06-20 10:19:43.630310,648.2,407501.0,387655.0
2025-06-20 10:19:44.507215,648.2,407437.0,387823.0
2025-06-20 10:19:45.609394,648.1,407431.0,387830.0
2025-06-20 10:19:45.635492,648.1,407431.0,387830.0
2025-06-20 10:19:46.642200,648.1,407431.0,387830.0
2025-06-20 10:19:46.709666,648.1,407643.0,388375.0
2025-06-20 10:19:47.722821,648.1,406866.0,389271.0
2025-06-20 10:19:48.829180,648.45,411254.0,379249.0
2025-06-20 10:19:49.637034,648.5,411254.0,379249.0
2025-06-20 10:19:49.927682,648.5,410807.0,380164.0
2025-06-20 10:19:50.639235,648.6,410807.0,380164.0
2025-06-20 10:19:51.018919,648.6,410549.0,379336.0
2025-06-20 10:19:52.119930,648.45,410261.0,380259.0
2025-06-20 10:19:52.698679,648.6,410261.0,380259.0
2025-06-20 10:19:53.120150,648.6,405800.0,385056.0
2025-06-20 10:19:54.221336,648.5,407650.0,384147.0
2025-06-20 10:19:54.645666,648.5,407650.0,384147.0
2025-06-20 10:19:55.323357,648.45,407485.0,384431.0
2025-06-20 10:19:55.639620,648.45,407485.0,384431.0
2025-06-20 10:19:56.433899,648.1,407600.0,387507.0
2025-06-20 10:19:56.635242,648.1,407600.0,387507.0
2025-06-20 10:19:57.524502,648.4,407524.0,388320.0
2025-06-20 10:19:57.641120,648.4,407524.0,388320.0
2025-06-20 10:19:58.626075,648.2,405668.0,391505.0
2025-06-20 10:19:58.633947,648.2,405668.0,391505.0
2025-06-20 10:19:59.626519,648.2,405833.0,392048.0
2025-06-20 10:20:00.666626,648.2,405833.0,392048.0
2025-06-20 10:20:01.228682,648.2,406691.0,388683.0
2025-06-20 10:20:01.676913,648.2,406691.0,388683.0
2025-06-20 10:20:02.132337,648.35,408860.0,376461.0
2025-06-20 10:20:02.640304,648.35,408860.0,376461.0
2025-06-20 10:20:03.133534,648.35,409059.0,384098.0
2025-06-20 10:20:04.134347,648.35,409423.0,385462.0
2025-06-20 10:20:04.638123,648.25,409423.0,385462.0
2025-06-20 10:20:05.170528,648.25,409517.0,385975.0
2025-06-20 10:20:05.640161,648.25,409517.0,385975.0
2025-06-20 10:20:06.036751,648.25,408702.0,386081.0
2025-06-20 10:20:06.937909,648.25,408755.0,386303.0
2025-06-20 10:20:07.936563,648.25,408878.0,386041.0
2025-06-20 10:20:08.839163,648.35,408420.0,386178.0
2025-06-20 10:20:09.637769,648.35,408420.0,386178.0
2025-06-20 10:20:09.743760,648.35,408428.0,386329.0
2025-06-20 10:20:10.638533,648.2,408428.0,386329.0
2025-06-20 10:20:10.744923,648.2,408436.0,386843.0
2025-06-20 10:20:11.842289,648.25,407789.0,380737.0
2025-06-20 10:20:12.636676,648.3,407789.0,380737.0
2025-06-20 10:20:12.847672,648.3,409481.0,383370.0
2025-06-20 10:20:13.774018,648.1,406724.0,382125.0
2025-06-20 10:20:14.649961,648.35,406724.0,382125.0
2025-06-20 10:20:14.692802,648.35,408139.0,383982.0
2025-06-20 10:20:15.668911,648.2,408139.0,383982.0
2025-06-20 10:20:15.674597,648.2,407959.0,385266.0
2025-06-20 10:20:16.547181,648.2,407910.0,385563.0
2025-06-20 10:20:17.542629,648.35,408019.0,385781.0
2025-06-20 10:20:17.648676,648.35,408019.0,385781.0
2025-06-20 10:20:18.447660,648.35,408049.0,385781.0
2025-06-20 10:20:19.359946,648.35,408049.0,385820.0
2025-06-20 10:20:20.360053,648.5,410523.0,384023.0
2025-06-20 10:20:20.639143,648.45,410523.0,384023.0
2025-06-20 10:20:21.354213,648.45,412929.0,381479.0
2025-06-20 10:20:22.246855,648.45,412929.0,381231.0
2025-06-20 10:20:23.248698,648.45,412915.0,381808.0
2025-06-20 10:20:23.643298,648.45,412915.0,381808.0
2025-06-20 10:20:24.467400,648.45,412970.0,381847.0
2025-06-20 10:20:25.468106,648.35,412168.0,381731.0
2025-06-20 10:20:25.642353,648.35,412168.0,381731.0
2025-06-20 10:20:26.449143,648.35,412155.0,382102.0
2025-06-20 10:20:27.459411,648.35,412153.0,382112.0
2025-06-20 10:20:27.700870,648.9,412153.0,382112.0
2025-06-20 10:20:28.549833,649.0,409906.0,368685.0
2025-06-20 10:20:28.645454,649.0,409906.0,368685.0
2025-06-20 10:20:29.462912,648.95,411476.0,376197.0
2025-06-20 10:20:29.640102,648.95,411476.0,376197.0
2025-06-20 10:20:30.585604,648.6,409803.0,379302.0
2025-06-20 10:20:30.641392,648.6,409803.0,379302.0
2025-06-20 10:20:31.366749,648.6,410024.0,378387.0
2025-06-20 10:20:32.457585,648.6,410349.0,377781.0
2025-06-20 10:20:32.705968,648.6,410349.0,377781.0
2025-06-20 10:20:33.455591,648.6,411982.0,375645.0
2025-06-20 10:20:34.581749,649.0,412205.0,376057.0
2025-06-20 10:20:34.638736,649.0,412205.0,376057.0
2025-06-20 10:20:35.457999,648.7,407660.0,375713.0
2025-06-20 10:20:35.640735,648.7,407660.0,375713.0
2025-06-20 10:20:36.468275,648.65,405944.0,377598.0
2025-06-20 10:20:36.665488,648.65,405944.0,377598.0
2025-06-20 10:20:37.460043,649.0,406512.0,377081.0
2025-06-20 10:20:37.648556,649.0,406512.0,377081.0
2025-06-20 10:20:38.458250,648.95,407257.0,376766.0
2025-06-20 10:20:38.642540,648.95,407257.0,376766.0
2025-06-20 10:20:39.460791,648.95,407202.0,377552.0
2025-06-20 10:20:40.474518,648.7,406986.0,372763.0
2025-06-20 10:20:40.645050,649.0,406986.0,372763.0
2025-06-20 10:20:41.567452,649.0,408247.0,373518.0
2025-06-20 10:20:42.564486,649.0,409133.0,373636.0
2025-06-20 10:20:43.562978,648.75,407641.0,374644.0
2025-06-20 10:20:43.645939,648.75,407641.0,374644.0
2025-06-20 10:20:44.567086,648.95,406970.0,374002.0
2025-06-20 10:20:44.644912,648.95,406970.0,374002.0
2025-06-20 10:20:45.567404,649.0,406773.0,375107.0
2025-06-20 10:20:45.658625,649.0,406773.0,375107.0
2025-06-20 10:20:46.565955,649.0,406965.0,375149.0
2025-06-20 10:20:47.565962,648.7,406827.0,375510.0
2025-06-20 10:20:47.644466,648.7,406827.0,375510.0
2025-06-20 10:20:48.567725,648.7,406890.0,375951.0
2025-06-20 10:20:48.643211,648.65,406890.0,375951.0
2025-06-20 10:20:49.627258,648.9,406138.0,377867.0
2025-06-20 10:20:49.698895,648.9,406138.0,377867.0
2025-06-20 10:20:50.571350,648.6,404572.0,380074.0
2025-06-20 10:20:50.679115,648.6,404572.0,380074.0
2025-06-20 10:20:51.568488,648.85,406011.0,379067.0
2025-06-20 10:20:51.642455,648.85,406011.0,379067.0
2025-06-20 10:20:52.677434,648.85,406263.0,379154.0
2025-06-20 10:20:53.673677,648.85,406062.0,380940.0
2025-06-20 10:20:54.641441,648.5,406062.0,380940.0
2025-06-20 10:20:54.670922,648.5,405412.0,376115.0
2025-06-20 10:20:55.653678,648.6,405412.0,376115.0
2025-06-20 10:20:55.773201,648.6,406094.0,377835.0
2025-06-20 10:20:56.643508,648.6,406094.0,377835.0
2025-06-20 10:20:56.911608,648.6,406215.0,378399.0
2025-06-20 10:20:57.974166,648.6,409509.0,377962.0
2025-06-20 10:20:59.074039,648.6,405645.0,380633.0
2025-06-20 10:20:59.652904,648.75,405645.0,380633.0
2025-06-20 10:21:00.075701,648.75,407850.0,379221.0
2025-06-20 10:21:01.078129,648.5,407588.0,378872.0
2025-06-20 10:21:01.643446,648.75,407588.0,378872.0
2025-06-20 10:21:02.648227,648.6,407588.0,378872.0
2025-06-20 10:21:03.645832,648.6,407588.0,378872.0
2025-06-20 10:21:03.969577,648.6,407780.0,377799.0
2025-06-20 10:21:04.653283,648.6,407780.0,377799.0
2025-06-20 10:21:04.970732,648.6,409135.0,376128.0
2025-06-20 10:21:05.643639,648.65,409135.0,376128.0
2025-06-20 10:21:05.972142,648.65,409276.0,376485.0
2025-06-20 10:21:06.970887,648.65,409358.0,376495.0
2025-06-20 10:21:07.668998,648.65,409358.0,376495.0
2025-06-20 10:21:07.974560,649.05,410945.0,372466.0
2025-06-20 10:21:08.641611,649.25,410945.0,372466.0
2025-06-20 10:21:09.642011,649.15,410945.0,372466.0
2025-06-20 10:21:10.642046,648.9,410945.0,372466.0
2025-06-20 10:21:10.776474,648.9,408384.0,375446.0
2025-06-20 10:21:11.640587,649.1,408384.0,375446.0
2025-06-20 10:21:12.642589,648.9,408384.0,375446.0
2025-06-20 10:21:12.678388,648.9,409521.0,374174.0
2025-06-20 10:21:13.581336,648.9,409389.0,374225.0
2025-06-20 10:21:15.700093,649.0,409389.0,374225.0
2025-06-20 10:21:16.652277,648.9,409389.0,374225.0
2025-06-20 10:21:19.286578,648.9,410129.0,375524.0
2025-06-20 10:21:20.649525,648.9,410129.0,375524.0
2025-06-20 10:21:21.611703,648.9,410024.0,375584.0
2025-06-20 10:21:22.644773,649.0,410024.0,375584.0
2025-06-20 10:21:23.647644,648.9,410024.0,375584.0
2025-06-20 10:21:25.399535,648.85,410136.0,374158.0
2025-06-20 10:21:25.646851,648.85,410136.0,374158.0
2025-06-20 10:21:27.188198,649.15,408408.0,376864.0
2025-06-20 10:21:27.641646,648.85,408408.0,376864.0
2025-06-20 10:21:28.689614,648.85,408297.0,377024.0
2025-06-20 10:21:30.648206,648.85,408297.0,377024.0
2025-06-20 10:21:31.091358,648.85,406384.0,378884.0
2025-06-20 10:21:32.230934,648.85,407783.0,378754.0
2025-06-20 10:21:33.118101,648.9,407480.0,379932.0
2025-06-20 10:21:33.647580,648.9,407480.0,379932.0
2025-06-20 10:21:33.992028,648.9,407652.0,379307.0
2025-06-20 10:21:34.990707,648.9,407932.0,379438.0
2025-06-20 10:21:35.641715,648.9,407932.0,379438.0
2025-06-20 10:21:35.992123,648.9,407881.0,379388.0
2025-06-20 10:21:36.641996,648.9,407881.0,379388.0
2025-06-20 10:21:36.791707,648.9,407881.0,379378.0
2025-06-20 10:21:37.690104,648.85,407881.0,379378.0
2025-06-20 10:21:37.703333,648.85,407879.0,379623.0
2025-06-20 10:21:39.641831,648.8,407879.0,379623.0
2025-06-20 10:21:40.494645,648.7,407089.0,382531.0
2025-06-20 10:21:40.642553,648.7,407089.0,382531.0
2025-06-20 10:21:41.641608,648.75,407089.0,382531.0
2025-06-20 10:21:41.852011,648.75,407089.0,382531.0
2025-06-20 10:21:42.203566,648.75,407089.0,382531.0
2025-06-20 10:21:42.474607,648.6,407521.0,381530.0
2025-06-20 10:21:42.478677,648.6,407521.0,381530.0
2025-06-20 10:21:42.656714,648.6,407521.0,381530.0
2025-06-20 10:21:42.803759,648.6,407521.0,381530.0
2025-06-20 10:21:43.097540,648.6,407521.0,381530.0
2025-06-20 10:21:43.498251,648.6,407905.0,381799.0
2025-06-20 10:21:43.725508,648.6,407905.0,381799.0
2025-06-20 10:21:44.447955,648.6,407905.0,381799.0
2025-06-20 10:21:44.645269,648.5,407905.0,381799.0
2025-06-20 10:21:44.846073,648.5,407905.0,381799.0
2025-06-20 10:21:45.204335,648.6,407783.0,381890.0
2025-06-20 10:21:45.481001,648.6,407783.0,381890.0
2025-06-20 10:21:45.704781,648.6,407783.0,381890.0
2025-06-20 10:21:45.828540,648.6,407783.0,381890.0
2025-06-20 10:21:46.200823,648.6,407829.0,382484.0
2025-06-20 10:21:46.842925,648.6,407829.0,382484.0
2025-06-20 10:21:47.316272,648.6,408024.0,382677.0
2025-06-20 10:21:48.145149,648.6,408024.0,382677.0
2025-06-20 10:21:48.414234,648.6,409503.0,382562.0
2025-06-20 10:21:49.117473,648.6,409503.0,382562.0
2025-06-20 10:21:49.602647,648.6,409722.0,382510.0
2025-06-20 10:21:50.604862,648.6,410083.0,383036.0
2025-06-20 10:21:50.658676,648.6,410083.0,383036.0
2025-06-20 10:21:50.718720,648.6,410083.0,383036.0
2025-06-20 10:21:51.620793,648.6,410007.0,383251.0
2025-06-20 10:21:51.986991,648.6,410007.0,383251.0
2025-06-20 10:21:52.704894,648.6,410007.0,383251.0
2025-06-20 10:21:52.716242,648.6,410175.0,383275.0
2025-06-20 10:21:53.218187,648.6,410175.0,383275.0
2025-06-20 10:21:53.804862,648.6,410208.0,383438.0
2025-06-20 10:21:54.661287,648.9,410208.0,383438.0
2025-06-20 10:21:54.821311,648.9,410208.0,383438.0
2025-06-20 10:21:54.826367,648.9,410620.0,379951.0
2025-06-20 10:21:55.661115,648.65,410620.0,379951.0
2025-06-20 10:21:55.919205,648.65,409681.0,380934.0
2025-06-20 10:21:56.655043,648.9,409681.0,380934.0
2025-06-20 10:21:57.025580,648.9,410132.0,380588.0
2025-06-20 10:21:58.026180,648.9,411016.0,380934.0
2025-06-20 10:21:59.108695,648.65,410539.0,381226.0
2025-06-20 10:21:59.688130,648.65,410539.0,381226.0
2025-06-20 10:22:00.206850,648.65,410888.0,380149.0
2025-06-20 10:22:01.420348,648.65,411621.0,380169.0
2025-06-20 10:22:01.693039,648.65,411621.0,380169.0
2025-06-20 10:22:02.443850,648.6,411622.0,379947.0
2025-06-20 10:22:02.691856,648.6,411622.0,379947.0
2025-06-20 10:22:03.422533,648.95,411180.0,380625.0
2025-06-20 10:22:03.647935,648.95,411180.0,380625.0
2025-06-20 10:22:04.516980,649.0,411747.0,379995.0
2025-06-20 10:22:04.649040,649.0,411747.0,379995.0
2025-06-20 10:22:05.707724,648.7,411363.0,380522.0
2025-06-20 10:22:05.715349,648.7,411363.0,380522.0
2025-06-20 10:22:06.512144,649.0,410811.0,380491.0
2025-06-20 10:22:06.657941,649.0,410811.0,380491.0
2025-06-20 10:22:07.890294,648.7,409885.0,381341.0
2025-06-20 10:22:07.994807,648.7,409885.0,381341.0
2025-06-20 10:22:08.684795,648.9,410687.0,381499.0
2025-06-20 10:22:08.722617,648.9,410687.0,381499.0
2025-06-20 10:22:09.713434,648.9,410594.0,381806.0
2025-06-20 10:22:11.293221,648.7,410594.0,381806.0
2025-06-20 10:22:11.419242,648.9,410485.0,381884.0
2025-06-20 10:22:11.698430,648.5,410485.0,381884.0
2025-06-20 10:22:11.948811,648.5,402267.0,391772.0
2025-06-20 10:22:12.690798,648.35,402267.0,391772.0
2025-06-20 10:22:12.942515,648.35,404296.0,392133.0
2025-06-20 10:22:13.700513,648.35,404296.0,392133.0
2025-06-20 10:22:14.027488,648.35,404439.0,391744.0
2025-06-20 10:22:14.671629,648.35,404439.0,391744.0
2025-06-20 10:22:15.115362,648.35,404431.0,390439.0
2025-06-20 10:22:15.650781,648.35,404431.0,390439.0
2025-06-20 10:22:16.620457,648.35,405984.0,389413.0
2025-06-20 10:22:17.621302,648.35,405599.0,390071.0
2025-06-20 10:22:18.522101,648.35,403731.0,391404.0
2025-06-20 10:22:18.690904,648.35,403731.0,391404.0
2025-06-20 10:22:19.651428,648.45,403731.0,391404.0
2025-06-20 10:22:19.716675,648.45,405561.0,391741.0
2025-06-20 10:22:20.656821,648.35,405561.0,391741.0
2025-06-20 10:22:20.817914,648.35,405649.0,391700.0
2025-06-20 10:22:22.520900,648.5,405321.0,390796.0
2025-06-20 10:22:22.673770,648.5,405321.0,390796.0
2025-06-20 10:22:23.523342,648.5,405376.0,390781.0
2025-06-20 10:22:24.523254,648.5,405488.0,390820.0
2025-06-20 10:22:24.656555,648.35,405488.0,390820.0
2025-06-20 10:22:25.525924,648.25,401914.0,398482.0
2025-06-20 10:22:25.653889,648.4,401914.0,398482.0
2025-06-20 10:22:26.526467,648.4,401449.0,398528.0
2025-06-20 10:22:27.626624,648.25,401819.0,398331.0
2025-06-20 10:22:27.650109,648.25,401819.0,398331.0
2025-06-20 10:22:28.679342,648.05,401819.0,398331.0
2025-06-20 10:22:28.725721,648.05,401839.0,397476.0
2025-06-20 10:22:29.825556,648.05,401588.0,397908.0
2025-06-20 10:22:31.174879,648.1,401588.0,397908.0
2025-06-20 10:22:31.178351,648.1,402042.0,396198.0
2025-06-20 10:22:31.676550,648.1,402042.0,396198.0
2025-06-20 10:22:31.938228,648.1,402236.0,396387.0
2025-06-20 10:22:32.940173,648.1,402311.0,396344.0
2025-06-20 10:22:34.030217,648.1,402382.0,396038.0
2025-06-20 10:22:35.127074,648.1,402405.0,396118.0
2025-06-20 10:22:35.653175,648.15,402405.0,396118.0
2025-06-20 10:22:36.230528,648.15,403035.0,394204.0
2025-06-20 10:22:37.232656,648.1,402231.0,395752.0
2025-06-20 10:22:37.656140,648.1,402231.0,395752.0
2025-06-20 10:22:38.333809,648.1,402410.0,395982.0
2025-06-20 10:22:39.501800,648.1,402637.0,394899.0
2025-06-20 10:22:40.625153,648.15,402498.0,395451.0
2025-06-20 10:22:40.735936,648.4,402498.0,395451.0
2025-06-20 10:22:41.444153,648.4,401688.0,396775.0
2025-06-20 10:22:41.701302,648.4,401688.0,396775.0
2025-06-20 10:22:42.534784,648.15,401213.0,398374.0
2025-06-20 10:22:42.698803,648.15,401213.0,398374.0
2025-06-20 10:22:43.639606,648.15,401325.0,397975.0
2025-06-20 10:22:43.661301,648.15,401325.0,397975.0
2025-06-20 10:22:44.735934,648.15,401359.0,397968.0
2025-06-20 10:22:45.653214,648.1,401359.0,397968.0
2025-06-20 10:22:45.739639,648.1,401364.0,397979.0
2025-06-20 10:22:46.835695,648.1,401431.0,397984.0
2025-06-20 10:22:47.746110,648.1,401422.0,397984.0
2025-06-20 10:22:49.000078,648.25,401939.0,392804.0
2025-06-20 10:22:49.658004,648.25,401939.0,392804.0
2025-06-20 10:22:50.139077,648.25,401940.0,393135.0
2025-06-20 10:22:50.653647,648.1,401940.0,393135.0
2025-06-20 10:22:51.142801,648.1,401626.0,394960.0
2025-06-20 10:22:51.654684,648.1,401626.0,394960.0
2025-06-20 10:22:52.148942,648.1,401275.0,396962.0
2025-06-20 10:22:52.656072,648.15,401275.0,396962.0
2025-06-20 10:22:53.040236,648.15,401317.0,396496.0
2025-06-20 10:22:53.949945,648.15,401317.0,396442.0
2025-06-20 10:22:55.175773,648.15,401281.0,396556.0
2025-06-20 10:22:55.659463,648.1,401281.0,396556.0
2025-06-20 10:22:56.139600,648.1,401149.0,397175.0
2025-06-20 10:22:57.242106,648.1,401152.0,397298.0
2025-06-20 10:22:58.285571,648.1,400392.0,400281.0
2025-06-20 10:22:59.242626,648.1,400392.0,400500.0
2025-06-20 10:23:00.244067,648.1,400125.0,400952.0
2025-06-20 10:23:00.646819,648.1,400125.0,400952.0
2025-06-20 10:23:02.653188,648.1,400125.0,400952.0
2025-06-20 10:23:03.447797,648.2,400032.0,399526.0
2025-06-20 10:23:03.729720,648.2,400032.0,399526.0
2025-06-20 10:23:05.661318,647.95,400032.0,399526.0
2025-06-20 10:23:08.657711,647.9,400032.0,399526.0
2025-06-20 10:23:09.255437,648.1,399211.0,398537.0
2025-06-20 10:23:09.713480,648.1,399211.0,398537.0
2025-06-20 10:23:12.660390,647.95,399211.0,398537.0
2025-06-20 10:23:14.756506,647.95,400500.0,396676.0
2025-06-20 10:23:16.657114,648.1,400500.0,396676.0
2025-06-20 10:23:20.655960,648.05,400500.0,396676.0
2025-06-20 10:23:20.666073,648.05,401002.0,395485.0
2025-06-20 10:23:22.654858,648.1,401002.0,395485.0
2025-06-20 10:23:26.561988,648.1,402738.0,395308.0
2025-06-20 10:23:26.658764,648.1,402738.0,395308.0
2025-06-20 10:23:27.661428,648.1,402738.0,395308.0
2025-06-20 10:23:30.656220,648.05,402738.0,395308.0
2025-06-20 10:23:32.269119,648.05,401976.0,395638.0
2025-06-20 10:23:34.663393,647.95,401976.0,395638.0
2025-06-20 10:23:36.662790,647.95,401976.0,395638.0
2025-06-20 10:23:37.971561,648.05,400697.0,397541.0
2025-06-20 10:23:38.660597,648.05,400697.0,397541.0
2025-06-20 10:23:40.762817,648.05,400697.0,397541.0
2025-06-20 10:23:42.660346,648.05,400697.0,397541.0
2025-06-20 10:23:44.078998,648.05,400487.0,396148.0
2025-06-20 10:23:45.688413,648.05,400487.0,396148.0
2025-06-20 10:23:50.079278,648.0,397513.0,402213.0
2025-06-20 10:23:50.661832,647.95,397513.0,402213.0
2025-06-20 10:23:52.657337,648.0,397513.0,402213.0
2025-06-20 10:23:55.781564,647.7,397376.0,403987.0
2025-06-20 10:23:56.663036,647.7,397376.0,403987.0
2025-06-20 10:23:59.666217,647.95,397376.0,403987.0
2025-06-20 10:24:01.187487,648.05,399666.0,398865.0
2025-06-20 10:24:02.671662,648.05,399666.0,398865.0
2025-06-20 10:24:03.668198,648.0,399666.0,398865.0
2025-06-20 10:24:05.669613,648.0,399666.0,398865.0
2025-06-20 10:24:06.875383,648.0,397712.0,399709.0
2025-06-20 10:24:08.662410,647.95,397712.0,399709.0
2025-06-20 10:24:10.930249,647.95,397712.0,399709.0
2025-06-20 10:24:12.539243,648.15,400440.0,398406.0
2025-06-20 10:24:12.842158,648.15,400440.0,398406.0
2025-06-20 10:24:14.129731,648.05,400440.0,398406.0
2025-06-20 10:24:15.702294,648.0,400440.0,398406.0
2025-06-20 10:24:18.197710,648.0,399645.0,398716.0
2025-06-20 10:24:20.670399,648.15,399645.0,398716.0
2025-06-20 10:24:22.659496,648.15,399645.0,398716.0
2025-06-20 10:24:23.718119,648.15,415505.0,398544.0
2025-06-20 10:24:25.670965,648.0,415505.0,398544.0
2025-06-20 10:24:29.455132,648.0,415325.0,400431.0
2025-06-20 10:24:30.659981,648.15,415325.0,400431.0
2025-06-20 10:24:31.662980,648.2,415325.0,400431.0
2025-06-20 10:24:33.668001,648.3,415325.0,400431.0
2025-06-20 10:24:35.110163,648.3,415708.0,399522.0
2025-06-20 10:24:36.666873,648.1,415708.0,399522.0
2025-06-20 10:24:37.664748,648.3,415708.0,399522.0
2025-06-20 10:24:40.670294,648.1,415708.0,399522.0
2025-06-20 10:24:41.110483,648.1,415729.0,400181.0
2025-06-20 10:24:42.297910,648.1,415729.0,400181.0
2025-06-20 10:24:42.696945,648.3,415729.0,400181.0
2025-06-20 10:24:42.961877,648.3,415729.0,400181.0
2025-06-20 10:24:43.505306,648.3,415729.0,400181.0
2025-06-20 10:24:44.040528,648.3,415729.0,400181.0
2025-06-20 10:24:44.705633,648.35,415729.0,400181.0
2025-06-20 10:24:45.089548,648.35,415729.0,400181.0
2025-06-20 10:24:45.666738,648.2,415729.0,400181.0
2025-06-20 10:24:46.103573,648.2,415729.0,400181.0
2025-06-20 10:24:46.933508,648.2,416488.0,399973.0
2025-06-20 10:24:47.693684,648.2,416488.0,399973.0
2025-06-20 10:24:48.819819,648.2,416488.0,399973.0
2025-06-20 10:24:49.797296,648.2,416488.0,399973.0
2025-06-20 10:24:51.302312,648.2,416488.0,399973.0
2025-06-20 10:24:51.669293,648.35,416488.0,399973.0
2025-06-20 10:24:52.578666,648.35,416488.0,399973.0
2025-06-20 10:24:52.613860,648.35,416508.0,399681.0
2025-06-20 10:24:53.673824,648.3,416508.0,399681.0
2025-06-20 10:24:53.837371,648.3,416508.0,399681.0
2025-06-20 10:24:55.471280,648.3,416508.0,399681.0
2025-06-20 10:24:55.697435,648.25,416508.0,399681.0
2025-06-20 10:24:58.522978,648.2,419833.0,397854.0
2025-06-20 10:24:58.663543,648.2,419833.0,397854.0
2025-06-20 10:25:02.661638,648.2,419833.0,397854.0
2025-06-20 10:25:04.324069,648.35,417878.0,395235.0
2025-06-20 10:25:04.668359,648.35,417878.0,395235.0
2025-06-20 10:25:06.661386,648.5,417878.0,395235.0
2025-06-20 10:25:10.529854,648.25,418267.0,396639.0
2025-06-20 10:25:10.688208,648.25,418267.0,396639.0
2025-06-20 10:25:13.660443,648.3,418267.0,396639.0
2025-06-20 10:25:16.673157,648.3,418267.0,396639.0
2025-06-20 10:25:16.827928,648.3,417559.0,398191.0
2025-06-20 10:25:20.352722,648.3,417559.0,398191.0
2025-06-20 10:25:22.666858,648.3,417559.0,398191.0
2025-06-20 10:25:22.830821,648.3,416806.0,399304.0
2025-06-20 10:25:25.680859,648.3,416806.0,399304.0
2025-06-20 10:25:28.969697,648.3,419983.0,397380.0
2025-06-20 10:25:31.674363,648.35,419983.0,397380.0
2025-06-20 10:25:34.664839,648.35,419983.0,397380.0
2025-06-20 10:25:35.042976,648.35,420637.0,394054.0
2025-06-20 10:25:37.662442,648.5,420637.0,394054.0
2025-06-20 10:25:40.673753,648.4,420637.0,394054.0
2025-06-20 10:25:41.454887,648.4,420863.0,394637.0
2025-06-20 10:25:43.740166,648.65,420863.0,394637.0
2025-06-20 10:25:46.667058,648.4,420863.0,394637.0
2025-06-20 10:25:47.553182,648.4,420986.0,395755.0
2025-06-20 10:25:49.665570,648.5,420986.0,395755.0
2025-06-20 10:25:52.667490,648.4,420986.0,395755.0
2025-06-20 10:25:53.655961,648.4,421926.0,393277.0
2025-06-20 10:25:55.670366,648.4,421926.0,393277.0
2025-06-20 10:25:58.670719,648.4,421926.0,393277.0
2025-06-20 10:25:59.467105,648.4,421039.0,396126.0
2025-06-20 10:26:01.666334,648.5,421039.0,396126.0
2025-06-20 10:26:05.368518,648.45,419811.0,398272.0
2025-06-20 10:26:07.672716,648.55,419811.0,398272.0
2025-06-20 10:26:10.670644,648.6,419811.0,398272.0
2025-06-20 10:26:11.772443,648.6,421249.0,392654.0
2025-06-20 10:26:13.666625,649.05,421249.0,392654.0
2025-06-20 10:26:16.667545,649.05,421249.0,392654.0
2025-06-20 10:26:18.073740,649.05,427332.0,383941.0
2025-06-20 10:26:19.668116,649.5,427332.0,383941.0
2025-06-20 10:26:22.666630,649.2,427332.0,383941.0
2025-06-20 10:26:24.280704,649.15,425578.0,386984.0
2025-06-20 10:26:25.665992,649.15,425578.0,386984.0
2025-06-20 10:26:28.672752,649.65,425578.0,386984.0
2025-06-20 10:26:30.485100,649.6,426874.0,382017.0
2025-06-20 10:26:31.678212,649.55,426874.0,382017.0
2025-06-20 10:26:34.673203,649.45,426874.0,382017.0
2025-06-20 10:26:36.588601,649.25,425099.0,383926.0
2025-06-20 10:26:37.681927,649.5,425099.0,383926.0
2025-06-20 10:26:40.668756,649.5,425099.0,383926.0
2025-06-20 10:26:43.088790,649.3,424699.0,384448.0
2025-06-20 10:26:43.707833,649.3,424699.0,384448.0
2025-06-20 10:26:46.714435,649.3,424699.0,384448.0
2025-06-20 10:26:49.204764,649.3,424436.0,386868.0
2025-06-20 10:26:52.914696,649.25,424436.0,386868.0
2025-06-20 10:26:56.066569,649.3,426595.0,383291.0
2025-06-20 10:26:56.102257,649.3,426595.0,383291.0
2025-06-20 10:26:58.699346,649.6,426595.0,383291.0
2025-06-20 10:27:01.305730,649.75,419464.0,380133.0
2025-06-20 10:27:01.689582,649.75,419464.0,380133.0
2025-06-20 10:27:02.420472,649.75,419931.0,380008.0
2025-06-20 10:27:02.767892,649.75,419931.0,380008.0
2025-06-20 10:27:03.508834,649.8,420298.0,378835.0
2025-06-20 10:27:03.691422,649.8,420298.0,378835.0
2025-06-20 10:27:04.609292,649.8,419198.0,379778.0
2025-06-20 10:27:04.721852,649.8,419198.0,379778.0
2025-06-20 10:27:05.690346,649.65,419198.0,379778.0
2025-06-20 10:27:05.717773,649.65,419123.0,380178.0
2025-06-20 10:27:06.744342,649.65,419207.0,379789.0
2025-06-20 10:27:07.690911,649.8,419207.0,379789.0
2025-06-20 10:27:07.721590,649.8,421652.0,377939.0
2025-06-20 10:27:08.712655,649.95,421652.0,377939.0
2025-06-20 10:27:08.724077,649.95,426992.0,368888.0
2025-06-20 10:27:09.693283,650.0,426992.0,368888.0
2025-06-20 10:27:09.834878,650.0,426690.0,371035.0
2025-06-20 10:27:10.703050,650.35,426690.0,371035.0
2025-06-20 10:27:10.751511,650.35,425154.0,354260.0
2025-06-20 10:27:11.673789,650.1,425154.0,354260.0
2025-06-20 10:27:11.816515,650.45,423360.0,357048.0
2025-06-20 10:27:12.669690,650.4,423360.0,357048.0
2025-06-20 10:27:12.951557,650.45,423083.0,357015.0
2025-06-20 10:27:13.681104,650.45,423083.0,357015.0
2025-06-20 10:27:14.153735,650.5,423507.0,358571.0
2025-06-20 10:27:14.671809,650.45,423507.0,358571.0
2025-06-20 10:27:15.117706,650.55,417149.0,357765.0
2025-06-20 10:27:15.665595,650.3,417149.0,357765.0
2025-06-20 10:27:16.222907,650.3,416330.0,359017.0
2025-06-20 10:27:17.318070,650.55,416115.0,359435.0
2025-06-20 10:27:17.665651,650.45,416115.0,359435.0
2025-06-20 10:27:18.318000,650.45,415528.0,359944.0
2025-06-20 10:27:18.672339,650.35,415528.0,359944.0
2025-06-20 10:27:19.457238,650.35,416196.0,359962.0
2025-06-20 10:27:20.525265,650.35,415977.0,360516.0
2025-06-20 10:27:20.672007,650.35,415977.0,360516.0
2025-06-20 10:27:21.621094,650.3,416094.0,360935.0
2025-06-20 10:27:21.664786,650.3,416094.0,360935.0
2025-06-20 10:27:22.681596,650.3,416094.0,360935.0
2025-06-20 10:27:22.733690,650.3,415945.0,360277.0
2025-06-20 10:27:24.135743,650.45,415945.0,360277.0
2025-06-20 10:27:24.171418,650.45,415889.0,359156.0
2025-06-20 10:27:25.345581,650.45,415889.0,359156.0
2025-06-20 10:27:25.378343,650.55,415707.0,360004.0
2025-06-20 10:27:25.675594,650.3,415707.0,360004.0
2025-06-20 10:27:26.023264,650.45,415316.0,361772.0
2025-06-20 10:27:26.669220,650.4,415316.0,361772.0
2025-06-20 10:27:27.123049,650.4,416085.0,361385.0
2025-06-20 10:27:27.671529,650.4,416085.0,361385.0
2025-06-20 10:27:28.226519,650.4,415118.0,363809.0
2025-06-20 10:27:29.326636,650.45,415925.0,362989.0
2025-06-20 10:27:29.746528,650.45,415925.0,362989.0
2025-06-20 10:27:30.326214,650.3,416030.0,362877.0
2025-06-20 10:27:31.345300,650.3,416030.0,362877.0
2025-06-20 10:27:31.354161,650.3,416014.0,363351.0
2025-06-20 10:27:32.329633,650.3,415263.0,364014.0
2025-06-20 10:27:32.716139,650.3,415263.0,364014.0
2025-06-20 10:27:33.441097,650.3,415160.0,364006.0
2025-06-20 10:27:34.537006,650.3,413939.0,367003.0
2025-06-20 10:27:34.691411,650.3,413939.0,367003.0
2025-06-20 10:27:35.632408,650.45,414362.0,365866.0
2025-06-20 10:27:35.668971,650.45,414362.0,365866.0
2025-06-20 10:27:36.692223,650.3,414362.0,365866.0
2025-06-20 10:27:36.764580,650.3,414416.0,365701.0
2025-06-20 10:27:37.635343,650.3,414520.0,365741.0
2025-06-20 10:27:38.720083,650.3,414520.0,365741.0
2025-06-20 10:27:38.777894,650.3,414587.0,366006.0
2025-06-20 10:27:39.695302,649.8,414587.0,366006.0
2025-06-20 10:27:39.841368,649.9,410656.0,377659.0
2025-06-20 10:27:40.683180,649.6,410656.0,377659.0
2025-06-20 10:27:40.975692,649.8,410386.0,377669.0
2025-06-20 10:27:41.668595,649.8,410386.0,377669.0
2025-06-20 10:27:42.041284,649.55,412117.0,378314.0
2025-06-20 10:27:42.703308,649.55,412117.0,378314.0
2025-06-20 10:27:42.707257,649.55,412117.0,378314.0
2025-06-20 10:27:43.053302,649.55,412117.0,378314.0
2025-06-20 10:27:43.139066,649.4,396566.0,384696.0
2025-06-20 10:27:43.326929,649.4,396566.0,384696.0
2025-06-20 10:27:43.677869,649.4,396566.0,384696.0
2025-06-20 10:27:43.695016,649.4,396566.0,384696.0
2025-06-20 10:27:44.041876,649.4,408541.0,384887.0
2025-06-20 10:27:44.267458,649.4,408541.0,384887.0
2025-06-20 10:27:45.248918,649.25,409122.0,386114.0
2025-06-20 10:27:45.299871,649.25,409122.0,386114.0
2025-06-20 10:27:45.679280,649.25,409122.0,386114.0
2025-06-20 10:27:45.782360,649.25,409122.0,386114.0
2025-06-20 10:27:46.312872,649.25,409122.0,386114.0
2025-06-20 10:27:46.342045,649.25,403940.0,385788.0
2025-06-20 10:27:46.673332,649.25,403940.0,385788.0
2025-06-20 10:27:46.747069,649.25,403940.0,385788.0
2025-06-20 10:27:47.457054,649.5,405646.0,382490.0
2025-06-20 10:27:47.698563,649.5,405646.0,382490.0
2025-06-20 10:27:47.721832,649.5,405646.0,382490.0
2025-06-20 10:27:48.550426,649.5,405217.0,383891.0
2025-06-20 10:27:49.020820,649.5,405217.0,383891.0
2025-06-20 10:27:49.646049,649.5,406536.0,382103.0
2025-06-20 10:27:49.678346,649.5,406536.0,382103.0
2025-06-20 10:27:50.013410,649.5,406536.0,382103.0
2025-06-20 10:27:50.646954,649.3,406520.0,382713.0
2025-06-20 10:27:50.677789,649.3,406520.0,382713.0
2025-06-20 10:27:51.511482,649.3,406520.0,382713.0
2025-06-20 10:27:51.646069,649.3,406610.0,382866.0
2025-06-20 10:27:52.675858,649.4,406610.0,382866.0
2025-06-20 10:27:52.761095,649.4,406483.0,382966.0
2025-06-20 10:27:52.826025,649.4,406483.0,382966.0
2025-06-20 10:27:53.849742,649.4,406707.0,382834.0
2025-06-20 10:27:54.027784,649.4,406707.0,382834.0
2025-06-20 10:27:54.680725,649.4,406707.0,382834.0
2025-06-20 10:27:54.956122,649.4,406669.0,382998.0
2025-06-20 10:27:55.625583,649.4,406669.0,382998.0
2025-06-20 10:27:55.707623,649.25,406669.0,382998.0
2025-06-20 10:27:56.051010,649.25,406505.0,383952.0
2025-06-20 10:27:57.052487,649.25,406463.0,385611.0
2025-06-20 10:27:58.052358,649.25,406352.0,385521.0
2025-06-20 10:27:58.671545,649.4,406352.0,385521.0
2025-06-20 10:27:59.053518,649.4,406353.0,387434.0
2025-06-20 10:28:00.054151,649.6,407620.0,377258.0
2025-06-20 10:28:01.158063,649.8,407856.0,380882.0
2025-06-20 10:28:01.717517,649.8,407856.0,380882.0
2025-06-20 10:28:02.265019,649.8,406585.0,379295.0
2025-06-20 10:28:03.158257,649.8,407006.0,379132.0
2025-06-20 10:28:04.271195,649.8,408774.0,377933.0
2025-06-20 10:28:05.361021,649.7,409117.0,376213.0
2025-06-20 10:28:05.673536,649.7,409117.0,376213.0
2025-06-20 10:28:06.470706,649.6,403493.0,382871.0
2025-06-20 10:28:06.673975,649.6,403493.0,382871.0
2025-06-20 10:28:07.473510,649.6,404462.0,386521.0
2025-06-20 10:28:08.563333,649.6,404679.0,388807.0
2025-06-20 10:28:09.664730,649.6,404997.0,386915.0
2025-06-20 10:28:10.674182,649.65,404997.0,386915.0
2025-06-20 10:28:11.360847,649.65,404642.0,387732.0
2025-06-20 10:28:12.470924,649.65,406165.0,388656.0
2025-06-20 10:28:13.562512,649.5,407253.0,388587.0
2025-06-20 10:28:13.675916,649.5,407253.0,388587.0
2025-06-20 10:28:14.675644,649.5,407154.0,388742.0
2025-06-20 10:28:15.674814,649.3,407154.0,388742.0
2025-06-20 10:28:15.764176,649.3,404090.0,391802.0
2025-06-20 10:28:16.670825,649.05,404090.0,391802.0
2025-06-20 10:28:16.877360,649.25,399264.0,396227.0
2025-06-20 10:28:17.672456,649.0,399264.0,396227.0
2025-06-20 10:28:17.969588,649.0,404039.0,393728.0
2025-06-20 10:28:19.066774,649.0,404176.0,393613.0
2025-06-20 10:28:19.739287,649.05,404176.0,393613.0
2025-06-20 10:28:20.168038,649.05,405037.0,392856.0
2025-06-20 10:28:20.675517,649.05,405037.0,392856.0
2025-06-20 10:28:21.135704,649.05,405356.0,393294.0
2025-06-20 10:28:22.268977,649.1,405346.0,392889.0
2025-06-20 10:28:22.717377,649.1,405346.0,392889.0
2025-06-20 10:28:23.371317,649.1,405422.0,392830.0
2025-06-20 10:28:23.692545,649.1,405422.0,392830.0
2025-06-20 10:28:24.481763,649.1,405399.0,392764.0
2025-06-20 10:28:25.593045,649.05,405000.0,392775.0
2025-06-20 10:28:25.672707,649.05,405000.0,392775.0
2025-06-20 10:28:26.672772,649.1,405000.0,392775.0
2025-06-20 10:28:26.681998,649.1,405357.0,393057.0
2025-06-20 10:28:27.671232,649.1,405357.0,393057.0
2025-06-20 10:28:27.777625,649.05,407273.0,392971.0
2025-06-20 10:28:28.707309,649.05,407273.0,392971.0
2025-06-20 10:28:28.893881,649.05,406713.0,396004.0
2025-06-20 10:28:29.670372,649.05,406713.0,396004.0
2025-06-20 10:28:29.980002,649.05,406702.0,396250.0
2025-06-20 10:28:30.674018,649.05,406702.0,396250.0
2025-06-20 10:28:31.079640,649.05,406110.0,398197.0
2025-06-20 10:28:32.183782,649.05,405809.0,398213.0
2025-06-20 10:28:32.674910,649.05,405809.0,398213.0
2025-06-20 10:28:33.081665,649.2,406037.0,396557.0
2025-06-20 10:28:33.751161,649.2,406037.0,396557.0
2025-06-20 10:28:34.181764,649.2,406465.0,396819.0
2025-06-20 10:28:35.183994,649.05,406682.0,396933.0
2025-06-20 10:28:35.676071,649.05,406682.0,396933.0
2025-06-20 10:28:36.285802,649.05,406517.0,397140.0
2025-06-20 10:28:36.685528,649.3,406517.0,397140.0
2025-06-20 10:28:37.387917,649.3,406579.0,397619.0
2025-06-20 10:28:37.672918,649.3,406579.0,397619.0
2025-06-20 10:28:38.484209,649.3,406634.0,397575.0
2025-06-20 10:28:39.492280,649.3,406540.0,398209.0
2025-06-20 10:28:40.585829,649.05,406701.0,397938.0
2025-06-20 10:28:40.674875,649.05,406701.0,397938.0
2025-06-20 10:28:41.587070,649.05,406600.0,397927.0
2025-06-20 10:28:42.696924,649.05,406284.0,400222.0
2025-06-20 10:28:43.675480,649.15,406284.0,400222.0
2025-06-20 10:28:43.717905,649.15,406504.0,400361.0
2025-06-20 10:28:44.675386,649.1,406504.0,400361.0
2025-06-20 10:28:44.804173,649.1,406032.0,400789.0
2025-06-20 10:28:45.681515,649.15,406032.0,400789.0
2025-06-20 10:28:45.717650,649.15,405685.0,400563.0
2025-06-20 10:28:46.785391,649.15,405388.0,400139.0
2025-06-20 10:28:47.897058,649.15,406207.0,400139.0
2025-06-20 10:28:48.993722,649.15,406271.0,400288.0
2025-06-20 10:28:49.686905,649.1,406271.0,400288.0
2025-06-20 10:28:50.089402,649.1,405985.0,400395.0
2025-06-20 10:28:50.738899,649.1,405985.0,400395.0
2025-06-20 10:28:51.190114,649.1,405942.0,400040.0
2025-06-20 10:28:51.679765,649.1,405942.0,400040.0
2025-06-20 10:28:52.215083,649.1,406389.0,400095.0
2025-06-20 10:28:52.672869,649.2,406389.0,400095.0
2025-06-20 10:28:53.289333,649.2,406210.0,399161.0
2025-06-20 10:28:53.674016,649.1,406210.0,399161.0
2025-06-20 10:28:54.392414,649.2,406221.0,398937.0
2025-06-20 10:28:54.678106,649.2,406221.0,398937.0
2025-06-20 10:28:55.493654,649.1,406975.0,399022.0
2025-06-20 10:28:55.671972,649.1,406975.0,399022.0
2025-06-20 10:28:56.594590,649.2,406708.0,400450.0
2025-06-20 10:28:56.676354,649.2,406708.0,400450.0
2025-06-20 10:28:57.706083,649.2,406794.0,400457.0
2025-06-20 10:28:58.679578,649.1,406794.0,400457.0
2025-06-20 10:28:58.795176,649.1,406551.0,400304.0
2025-06-20 10:28:59.900115,649.1,406491.0,400457.0
2025-06-20 10:29:00.676852,649.1,406491.0,400457.0
2025-06-20 10:29:01.294627,649.1,406302.0,400085.0
2025-06-20 10:29:02.680665,649.35,406302.0,400085.0
2025-06-20 10:29:03.677333,649.25,406302.0,400085.0
2025-06-20 10:29:06.678860,649.6,406302.0,400085.0
2025-06-20 10:29:07.302998,649.2,405490.0,396213.0
2025-06-20 10:29:08.674144,649.45,405490.0,396213.0
2025-06-20 10:29:09.686215,649.45,405490.0,396213.0
2025-06-20 10:29:12.716895,649.15,405490.0,396213.0
2025-06-20 10:29:13.503917,649.15,408900.0,395525.0
2025-06-20 10:29:16.685858,649.15,408900.0,395525.0
2025-06-20 10:29:17.738790,649.2,408900.0,395525.0
2025-06-20 10:29:19.648734,649.15,409089.0,395776.0
2025-06-20 10:29:20.715475,649.15,409089.0,395776.0
2025-06-20 10:29:22.692249,649.15,409089.0,395776.0
2025-06-20 10:29:25.218381,649.15,408738.0,395772.0
2025-06-20 10:29:26.682682,649.15,408738.0,395772.0
2025-06-20 10:29:30.725417,649.15,408738.0,395772.0
2025-06-20 10:29:30.970792,649.15,408889.0,396727.0
2025-06-20 10:29:32.682379,649.15,408889.0,396727.0
2025-06-20 10:29:34.678054,649.2,408889.0,396727.0
2025-06-20 10:29:36.621801,649.15,405478.0,397956.0
2025-06-20 10:29:36.676889,649.15,405478.0,397956.0
2025-06-20 10:29:39.684904,649.2,405478.0,397956.0
2025-06-20 10:29:42.527171,649.2,408768.0,394577.0
2025-06-20 10:29:42.690723,649.2,408768.0,394577.0
2025-06-20 10:29:45.710483,649.15,408768.0,394577.0
2025-06-20 10:29:48.528212,649.15,408356.0,396886.0
2025-06-20 10:29:51.714033,649.15,408356.0,396886.0
2025-06-20 10:29:54.454189,649.15,408321.0,398139.0
2025-06-20 10:29:57.682943,649.15,408321.0,398139.0
2025-06-20 10:29:59.837290,649.2,408202.0,398818.0
2025-06-20 10:30:00.682911,649.4,408202.0,398818.0
2025-06-20 10:30:02.687401,649.15,408202.0,398818.0
2025-06-20 10:30:05.541766,649.3,408647.0,394285.0
2025-06-20 10:30:05.727927,649.3,408647.0,394285.0
2025-06-20 10:30:08.688990,649.5,408647.0,394285.0
2025-06-20 10:30:11.669127,649.65,411120.0,381038.0
2025-06-20 10:30:12.721805,649.8,411120.0,381038.0
2025-06-20 10:30:16.961807,649.8,411120.0,381038.0
2025-06-20 10:30:17.551165,649.8,413377.0,387021.0
2025-06-20 10:30:18.792431,649.9,413377.0,387021.0
2025-06-20 10:30:19.728353,649.75,413377.0,387021.0
2025-06-20 10:30:21.707764,649.75,413377.0,387021.0
2025-06-20 10:30:23.468410,649.85,416523.0,386547.0
2025-06-20 10:30:24.725326,649.75,416523.0,386547.0
2025-06-20 10:30:26.728943,649.75,416523.0,386547.0
2025-06-20 10:30:28.720766,649.8,416523.0,386547.0
2025-06-20 10:30:29.165208,649.8,417622.0,386418.0
2025-06-20 10:30:31.711453,649.8,417622.0,386418.0
2025-06-20 10:30:34.722838,650.05,417622.0,386418.0
2025-06-20 10:30:34.765497,650.05,416811.0,378262.0
2025-06-20 10:30:37.688920,650.05,416811.0,378262.0
2025-06-20 10:30:40.676819,650.4,418857.0,380455.0
2025-06-20 10:30:40.695574,650.4,418857.0,380455.0
2025-06-20 10:30:43.224950,650.4,418857.0,380455.0
2025-06-20 10:30:43.685501,650.25,418857.0,380455.0
2025-06-20 10:30:43.853754,650.25,418857.0,380455.0
2025-06-20 10:30:44.248737,650.25,418857.0,380455.0
2025-06-20 10:30:45.318389,650.25,418857.0,380455.0
2025-06-20 10:30:46.374096,650.25,418446.0,381121.0
2025-06-20 10:30:46.504585,650.25,418446.0,381121.0
2025-06-20 10:30:46.679540,650.25,418446.0,381121.0
2025-06-20 10:30:47.034327,650.25,418446.0,381121.0
2025-06-20 10:30:47.699911,650.25,418446.0,381121.0
2025-06-20 10:30:48.386664,650.25,418446.0,381121.0
2025-06-20 10:30:49.688914,650.15,418446.0,381121.0
2025-06-20 10:30:49.733581,650.15,418446.0,381121.0
2025-06-20 10:30:50.765658,650.15,418446.0,381121.0
2025-06-20 10:30:51.874937,650.15,418347.0,382179.0
2025-06-20 10:30:52.260685,650.15,418347.0,382179.0
2025-06-20 10:30:52.701164,650.45,418347.0,382179.0
2025-06-20 10:30:53.533479,650.45,418347.0,382179.0
2025-06-20 10:30:54.819750,650.45,418347.0,382179.0
2025-06-20 10:30:55.695191,650.3,418347.0,382179.0
2025-06-20 10:30:56.511153,650.3,418347.0,382179.0
2025-06-20 10:30:57.736011,650.35,419574.0,373765.0
2025-06-20 10:30:58.692201,650.3,419574.0,373765.0
2025-06-20 10:31:01.691038,650.3,419574.0,373765.0
2025-06-20 10:31:01.776867,650.3,418420.0,370388.0
2025-06-20 10:31:02.692166,650.4,418420.0,370388.0
2025-06-20 10:31:02.777835,650.4,418583.0,371005.0
2025-06-20 10:31:03.687370,650.5,418583.0,371005.0
2025-06-20 10:31:03.988541,650.5,418748.0,372523.0
2025-06-20 10:31:05.078748,650.4,419150.0,372561.0
2025-06-20 10:31:05.693874,650.5,419150.0,372561.0
2025-06-20 10:31:06.179269,650.5,418653.0,372525.0
2025-06-20 10:31:07.079420,650.5,418704.0,372525.0
2025-06-20 10:31:08.084594,650.5,420124.0,373471.0
2025-06-20 10:31:09.184397,650.5,420031.0,373572.0
2025-06-20 10:31:10.284699,650.45,419590.0,375079.0
2025-06-20 10:31:10.694728,650.45,419590.0,375079.0
2025-06-20 10:31:11.285534,650.45,419016.0,375949.0
2025-06-20 10:31:11.709687,650.45,419016.0,375949.0
2025-06-20 10:31:12.286621,650.45,419219.0,375606.0
2025-06-20 10:31:12.698664,650.45,419219.0,375606.0
2025-06-20 10:31:13.190334,650.45,419925.0,377493.0
2025-06-20 10:31:13.760126,650.45,419925.0,377493.0
2025-06-20 10:31:14.299584,650.45,419710.0,377547.0
2025-06-20 10:31:14.702890,650.5,419710.0,377547.0
2025-06-20 10:31:15.400039,650.4,420345.0,377455.0
2025-06-20 10:31:15.693161,650.4,420345.0,377455.0
2025-06-20 10:31:16.501282,650.9,420336.0,370914.0
2025-06-20 10:31:16.703392,650.9,420336.0,370914.0
2025-06-20 10:31:17.595730,651.0,420634.0,373056.0
2025-06-20 10:31:17.693394,651.0,420634.0,373056.0
2025-06-20 10:31:18.595714,650.95,420515.0,374134.0
2025-06-20 10:31:18.732913,650.95,420515.0,374134.0
2025-06-20 10:31:19.603945,650.95,420112.0,371969.0
2025-06-20 10:31:19.695208,650.95,420112.0,371969.0
2025-06-20 10:31:20.696136,650.7,420112.0,371969.0
2025-06-20 10:31:20.708690,650.7,420224.0,376595.0
2025-06-20 10:31:21.704654,650.95,420224.0,376595.0
2025-06-20 10:31:21.797369,650.95,420669.0,375701.0
2025-06-20 10:31:22.896114,650.95,420837.0,375294.0
2025-06-20 10:31:24.004398,650.95,421099.0,375239.0
2025-06-20 10:31:24.702459,650.95,421099.0,375239.0
2025-06-20 10:31:25.003076,650.95,420298.0,374761.0
2025-06-20 10:31:25.684476,650.7,420298.0,374761.0
2025-06-20 10:31:26.095585,650.95,418036.0,378814.0
2025-06-20 10:31:26.689889,650.95,418036.0,378814.0
2025-06-20 10:31:27.199799,650.95,420095.0,378836.0
2025-06-20 10:31:28.302315,650.75,420050.0,378660.0
2025-06-20 10:31:28.739342,650.95,420050.0,378660.0
2025-06-20 10:31:29.517085,650.8,419951.0,378451.0
2025-06-20 10:31:29.743270,650.8,419951.0,378451.0
2025-06-20 10:31:30.415500,650.8,419383.0,378665.0
2025-06-20 10:31:30.711233,650.8,419383.0,378665.0
2025-06-20 10:31:31.500293,650.8,419648.0,378311.0
2025-06-20 10:31:31.757533,650.8,419648.0,378311.0
2025-06-20 10:31:32.633313,650.8,419685.0,378535.0
2025-06-20 10:31:33.744626,650.8,419210.0,379027.0
2025-06-20 10:31:34.804190,650.8,419366.0,379038.0
2025-06-20 10:31:35.707394,650.8,419366.0,379038.0
2025-06-20 10:31:35.915487,650.8,419200.0,379041.0
2025-06-20 10:31:37.147547,650.8,419184.0,377389.0
2025-06-20 10:31:38.012866,650.8,419237.0,377727.0
2025-06-20 10:31:38.716660,650.8,419237.0,377727.0
2025-06-20 10:31:39.106602,650.8,419486.0,378222.0
2025-06-20 10:31:40.309404,650.8,419343.0,378196.0
2025-06-20 10:31:41.042197,650.8,419343.0,378196.0
2025-06-20 10:31:41.310819,650.8,419467.0,378229.0
2025-06-20 10:31:42.321066,650.95,419500.0,377742.0
2025-06-20 10:31:42.694506,650.95,419500.0,377742.0
2025-06-20 10:31:43.437394,650.8,419743.0,378191.0
2025-06-20 10:31:43.731673,650.8,419743.0,378191.0
2025-06-20 10:31:44.512270,650.9,421402.0,376017.0
2025-06-20 10:31:44.699032,650.9,421402.0,376017.0
2025-06-20 10:31:45.612370,650.8,421770.0,376364.0
2025-06-20 10:31:45.731570,650.8,421770.0,376364.0
2025-06-20 10:31:46.699833,650.9,421770.0,376364.0
2025-06-20 10:31:46.722420,650.9,421643.0,376583.0
2025-06-20 10:31:47.828951,650.9,421741.0,375998.0
2025-06-20 10:31:48.705766,650.9,421741.0,375998.0
2025-06-20 10:31:48.820485,650.9,420802.0,376894.0
2025-06-20 10:31:50.139846,650.9,420704.0,376646.0
2025-06-20 10:31:50.707399,650.9,420704.0,376646.0
2025-06-20 10:31:51.020776,650.9,420310.0,377308.0
2025-06-20 10:31:51.697061,651.0,420310.0,377308.0
2025-06-20 10:31:52.114824,651.2,419065.0,371454.0
2025-06-20 10:31:52.701218,651.2,419065.0,371454.0
2025-06-20 10:31:53.221560,651.2,418449.0,374135.0
2025-06-20 10:31:53.688625,651.2,418449.0,374135.0
2025-06-20 10:31:54.218846,651.0,418077.0,376055.0
2025-06-20 10:31:54.714725,651.0,418077.0,376055.0
2025-06-20 10:31:55.332242,651.0,417994.0,376512.0
2025-06-20 10:31:55.709703,651.1,417994.0,376512.0
2025-06-20 10:31:56.435809,651.0,418048.0,375701.0
2025-06-20 10:31:56.686636,651.0,418048.0,375701.0
2025-06-20 10:31:57.521176,651.0,419137.0,375464.0
2025-06-20 10:31:57.718308,651.0,419137.0,375464.0
2025-06-20 10:31:58.618975,651.0,418359.0,376134.0
2025-06-20 10:31:58.699442,651.0,418359.0,376134.0
2025-06-20 10:31:59.687175,651.2,418359.0,376134.0
2025-06-20 10:31:59.718517,651.2,418662.0,376307.0
2025-06-20 10:32:01.731513,651.2,418662.0,376307.0
2025-06-20 10:32:03.654864,651.0,419197.0,377053.0
2025-06-20 10:32:05.701657,650.85,419197.0,377053.0
2025-06-20 10:32:09.708446,650.8,419197.0,377053.0
2025-06-20 10:32:10.159700,650.95,416161.0,379536.0
2025-06-20 10:32:13.695047,650.7,416161.0,379536.0
2025-06-20 10:32:16.236959,650.95,416856.0,377925.0
2025-06-20 10:32:17.694309,650.7,416856.0,377925.0
2025-06-20 10:32:21.695064,650.75,416856.0,377925.0
2025-06-20 10:32:22.541343,650.8,417920.0,377687.0
2025-06-20 10:32:25.738540,650.8,417920.0,377687.0
2025-06-20 10:32:28.700896,650.85,417920.0,377687.0
2025-06-20 10:32:28.754504,650.85,418650.0,379079.0
2025-06-20 10:32:31.700778,650.95,418650.0,379079.0
2025-06-20 10:32:34.693315,651.0,418650.0,379079.0
2025-06-20 10:32:35.047434,651.0,419336.0,378337.0
2025-06-20 10:32:37.727259,651.0,419336.0,378337.0
2025-06-20 10:32:40.741993,650.9,419336.0,378337.0
2025-06-20 10:32:41.051154,650.9,419781.0,379510.0
2025-06-20 10:32:43.697203,651.0,419781.0,379510.0
2025-06-20 10:32:46.734216,650.9,419781.0,379510.0
2025-06-20 10:32:46.986519,650.9,419691.0,379648.0
2025-06-20 10:32:49.693351,651.15,419691.0,379648.0
2025-06-20 10:32:52.733238,651.35,419691.0,379648.0
2025-06-20 10:32:53.154900,651.5,415502.0,367691.0
2025-06-20 10:32:55.697403,651.6,415502.0,367691.0
2025-06-20 10:32:58.697859,651.6,415502.0,367691.0
2025-06-20 10:32:59.363592,651.6,420638.0,368864.0
2025-06-20 10:33:01.713737,651.65,420638.0,368864.0
2025-06-20 10:33:04.715303,652.0,420638.0,368864.0
2025-06-20 10:33:05.064058,652.0,422249.0,367243.0
2025-06-20 10:33:07.741900,652.0,422249.0,367243.0
2025-06-20 10:33:09.153448,651.7,422249.0,367243.0
2025-06-20 10:33:10.846740,651.7,416968.0,372160.0
2025-06-20 10:33:11.735468,652.0,416968.0,372160.0
2025-06-20 10:33:13.755503,651.75,416968.0,372160.0
2025-06-20 10:33:14.695542,651.95,416968.0,372160.0
2025-06-20 10:33:16.570158,651.95,421905.0,370395.0
2025-06-20 10:33:17.703073,652.0,421905.0,370395.0
2025-06-20 10:33:21.696370,651.8,421905.0,370395.0
2025-06-20 10:33:22.487846,651.8,422993.0,367711.0
2025-06-20 10:33:23.753909,652.0,422993.0,367711.0
2025-06-20 10:33:24.714788,652.0,422993.0,367711.0
2025-06-20 10:33:27.693863,651.85,422993.0,367711.0
2025-06-20 10:33:28.579131,651.85,422848.0,370994.0
2025-06-20 10:33:29.713618,651.95,422848.0,370994.0
2025-06-20 10:33:30.699931,651.85,422848.0,370994.0
2025-06-20 10:33:32.837781,651.85,422848.0,370994.0
2025-06-20 10:33:34.691856,651.85,424870.0,369610.0
2025-06-20 10:33:37.697897,652.0,424870.0,369610.0
2025-06-20 10:33:40.699069,652.05,425695.0,354596.0
2025-06-20 10:33:40.700901,652.05,425695.0,354596.0
2025-06-20 10:33:43.685178,652.05,425695.0,354596.0
2025-06-20 10:33:43.721643,651.9,425695.0,354596.0
2025-06-20 10:33:44.049155,651.9,425695.0,354596.0
2025-06-20 10:33:45.040835,651.9,425695.0,354596.0
2025-06-20 10:33:46.386131,651.9,425695.0,354596.0
2025-06-20 10:33:46.500713,652.2,422803.0,364697.0
2025-06-20 10:33:46.700047,652.2,422803.0,364697.0
2025-06-20 10:33:46.849396,652.2,422803.0,364697.0
2025-06-20 10:33:47.526848,652.2,422803.0,364697.0
2025-06-20 10:33:48.798737,652.2,422803.0,364697.0
2025-06-20 10:33:49.693993,651.95,422803.0,364697.0
2025-06-20 10:33:50.147429,651.95,422803.0,364697.0
2025-06-20 10:33:51.363827,651.95,422803.0,364697.0
2025-06-20 10:33:52.193254,652.0,422606.0,367075.0
2025-06-20 10:33:52.674081,652.0,422606.0,367075.0
2025-06-20 10:33:52.714192,652.05,422606.0,367075.0
2025-06-20 10:33:54.002609,652.05,422606.0,367075.0
2025-06-20 10:33:55.210532,652.05,422606.0,367075.0
2025-06-20 10:33:55.691741,651.85,422606.0,367075.0
2025-06-20 10:33:56.857921,651.85,422606.0,367075.0
2025-06-20 10:33:58.296283,652.0,418442.0,367496.0
2025-06-20 10:33:58.695060,652.0,418442.0,367496.0
2025-06-20 10:34:01.199355,651.85,418635.0,367934.0
2025-06-20 10:34:01.690836,651.95,418635.0,367934.0
2025-06-20 10:34:02.347185,652.0,418709.0,367992.0
2025-06-20 10:34:02.690890,652.0,418709.0,367992.0
2025-06-20 10:34:03.412772,652.0,418681.0,367991.0
2025-06-20 10:34:03.689898,652.0,418681.0,367991.0
2025-06-20 10:34:04.509415,652.05,419054.0,367240.0
2025-06-20 10:34:04.690830,652.05,419054.0,367240.0
2025-06-20 10:34:05.510195,652.15,418297.0,367214.0
2025-06-20 10:34:05.690185,651.8,418297.0,367214.0
2025-06-20 10:34:06.504833,652.2,417936.0,366736.0
2025-06-20 10:34:06.691979,652.2,417936.0,366736.0
2025-06-20 10:34:07.504795,652.2,419925.0,364495.0
2025-06-20 10:34:07.690163,652.2,419925.0,364495.0
2025-06-20 10:34:08.507599,652.4,418718.0,362630.0
2025-06-20 10:34:08.688205,652.4,418718.0,362630.0
2025-06-20 10:34:09.625612,652.4,420979.0,362623.0
2025-06-20 10:34:09.688184,652.4,420979.0,362623.0
2025-06-20 10:34:10.705199,652.45,420979.0,362623.0
2025-06-20 10:34:10.751250,652.45,419771.0,359252.0
2025-06-20 10:34:11.712958,652.4,419771.0,359252.0
2025-06-20 10:34:11.801719,652.5,420532.0,360531.0
2025-06-20 10:34:12.689826,652.6,420532.0,360531.0
2025-06-20 10:34:12.802460,652.6,419695.0,361343.0
2025-06-20 10:34:13.690458,652.6,419695.0,361343.0
2025-06-20 10:34:13.912630,652.6,419801.0,361852.0
2025-06-20 10:34:15.144087,652.6,420144.0,361814.0
2025-06-20 10:34:15.689160,652.35,420144.0,361814.0
2025-06-20 10:34:16.102916,652.35,420174.0,361340.0
2025-06-20 10:34:17.203894,652.35,419885.0,362071.0
2025-06-20 10:34:18.207440,652.45,420059.0,362123.0
2025-06-20 10:34:18.688078,652.35,420059.0,362123.0
2025-06-20 10:34:19.207081,652.35,420929.0,361681.0
2025-06-20 10:34:19.688922,652.5,420929.0,361681.0
2025-06-20 10:34:20.320965,652.35,420965.0,361533.0
2025-06-20 10:34:20.699119,652.35,420965.0,361533.0
2025-06-20 10:34:21.308135,652.35,422046.0,361751.0
2025-06-20 10:34:21.696973,652.35,422046.0,361751.0
2025-06-20 10:34:22.419473,652.35,421128.0,362110.0
2025-06-20 10:34:23.650693,652.35,420214.0,362622.0
2025-06-20 10:34:24.515993,652.6,420973.0,362723.0
2025-06-20 10:34:24.701481,652.6,420973.0,362723.0
2025-06-20 10:34:25.423255,652.3,420889.0,363320.0
2025-06-20 10:34:25.717278,652.3,420889.0,363320.0
2025-06-20 10:34:26.516202,652.3,421017.0,363309.0
2025-06-20 10:34:26.698308,652.3,421017.0,363309.0
2025-06-20 10:34:27.613841,652.3,421039.0,363353.0
2025-06-20 10:34:27.738304,652.3,421039.0,363353.0
2025-06-20 10:34:28.708474,652.35,421039.0,363353.0
2025-06-20 10:34:28.730166,652.35,421013.0,363422.0
2025-06-20 10:34:29.692300,652.5,421013.0,363422.0
2025-06-20 10:34:29.727192,652.5,420882.0,363286.0
2025-06-20 10:34:30.699558,652.3,420882.0,363286.0
2025-06-20 10:34:30.813580,652.3,421002.0,361581.0
2025-06-20 10:34:31.698687,652.3,421002.0,361581.0
2025-06-20 10:34:31.992103,652.3,419778.0,365401.0
2025-06-20 10:34:33.018789,652.3,419866.0,365311.0
2025-06-20 10:34:33.819632,652.3,419813.0,367085.0
2025-06-20 10:34:34.695537,652.35,419813.0,367085.0
2025-06-20 10:34:34.824789,652.35,419764.0,367604.0
2025-06-20 10:34:35.700460,652.15,419764.0,367604.0
2025-06-20 10:34:36.158807,652.15,403347.0,371472.0
2025-06-20 10:34:36.730356,652.15,403347.0,371472.0
2025-06-20 10:34:37.017642,652.15,418118.0,370507.0
2025-06-20 10:34:37.689615,652.1,418118.0,370507.0
2025-06-20 10:34:38.145539,652.1,418603.0,370295.0
2025-06-20 10:34:39.224117,652.05,418297.0,370235.0
2025-06-20 10:34:39.701487,652.05,418297.0,370235.0
2025-06-20 10:34:40.320903,652.1,418512.0,370955.0
2025-06-20 10:34:40.708558,652.1,418512.0,370955.0
2025-06-20 10:34:41.435654,652.15,418987.0,368202.0
2025-06-20 10:34:41.742950,652.4,418987.0,368202.0
2025-06-20 10:34:42.529549,652.15,419956.0,368405.0
2025-06-20 10:34:42.733172,652.15,419956.0,368405.0
2025-06-20 10:34:43.716668,652.15,420082.0,368388.0
2025-06-20 10:34:45.381710,652.15,420122.0,368108.0
2025-06-20 10:34:45.742347,652.1,420122.0,368108.0
2025-06-20 10:34:45.824578,652.1,419873.0,368480.0
2025-06-20 10:34:46.740522,652.1,419408.0,371008.0
2025-06-20 10:34:47.732840,652.05,419408.0,371008.0
2025-06-20 10:34:47.826901,652.05,419087.0,369995.0
2025-06-20 10:34:48.981951,652.05,419214.0,369689.0
2025-06-20 10:34:50.032049,652.05,419332.0,370130.0
2025-06-20 10:34:50.760020,652.05,419332.0,370130.0
2025-06-20 10:34:51.128922,652.15,419229.0,370904.0
2025-06-20 10:34:52.406646,652.15,419229.0,370904.0
2025-06-20 10:34:52.430855,652.05,416490.0,372530.0
2025-06-20 10:34:52.754107,652.0,416490.0,372530.0
2025-06-20 10:34:53.231494,652.0,417136.0,373211.0
2025-06-20 10:34:53.715943,652.6,417136.0,373211.0
2025-06-20 10:34:54.332205,652.35,423819.0,363943.0
2025-06-20 10:34:54.710893,652.6,423819.0,363943.0
2025-06-20 10:34:55.456429,652.35,423214.0,364414.0
2025-06-20 10:34:55.715178,652.35,423214.0,364414.0
2025-06-20 10:34:56.552122,652.35,421973.0,366564.0
2025-06-20 10:34:56.755274,652.35,421973.0,366564.0
2025-06-20 10:34:57.636123,652.55,421408.0,366353.0
2025-06-20 10:34:57.732474,652.55,421408.0,366353.0
2025-06-20 10:34:58.746511,652.55,422006.0,366009.0
2025-06-20 10:34:59.838257,652.55,422005.0,366168.0
2025-06-20 10:35:00.773340,652.35,422005.0,366168.0
2025-06-20 10:35:01.624408,652.5,422269.0,367675.0
2025-06-20 10:35:01.692175,652.35,422269.0,367675.0
2025-06-20 10:35:02.474068,652.35,421517.0,367633.0
2025-06-20 10:35:02.706926,652.5,421517.0,367633.0
2025-06-20 10:35:03.540379,652.6,421886.0,368208.0
2025-06-20 10:35:03.698578,652.6,421886.0,368208.0
2025-06-20 10:35:04.636790,652.6,422451.0,367235.0
2025-06-20 10:35:05.640096,652.35,422326.0,367627.0
2025-06-20 10:35:05.701760,652.35,422326.0,367627.0
2025-06-20 10:35:07.141785,652.35,422627.0,367526.0
2025-06-20 10:35:08.146443,652.55,424335.0,367413.0
2025-06-20 10:35:08.697226,652.55,424335.0,367413.0
2025-06-20 10:35:09.694379,652.4,424335.0,367413.0
2025-06-20 10:35:09.776160,652.4,422428.0,369130.0
2025-06-20 10:35:10.698213,652.35,422428.0,369130.0
2025-06-20 10:35:10.746311,652.35,421905.0,369434.0
2025-06-20 10:35:11.768459,652.35,422200.0,369646.0
2025-06-20 10:35:12.644755,652.4,421518.0,367174.0
2025-06-20 10:35:12.696837,652.4,421518.0,367174.0
2025-06-20 10:35:13.646086,652.3,422016.0,367763.0
2025-06-20 10:35:13.695720,652.3,422016.0,367763.0
2025-06-20 10:35:14.646464,652.3,422688.0,369199.0
2025-06-20 10:35:15.648122,652.25,422916.0,369350.0
2025-06-20 10:35:15.698158,652.25,422916.0,369350.0
2025-06-20 10:35:16.647749,652.25,422698.0,368554.0
2025-06-20 10:35:17.001021,652.25,422698.0,368554.0
2025-06-20 10:35:17.648600,652.2,421001.0,370735.0
2025-06-20 10:35:17.697634,652.2,421001.0,370735.0
2025-06-20 10:35:18.649665,652.85,422897.0,360498.0
2025-06-20 10:35:18.697517,652.85,422897.0,360498.0
2025-06-20 10:35:19.660154,652.8,424041.0,361031.0
2025-06-20 10:35:19.692818,652.8,424041.0,361031.0
2025-06-20 10:35:20.552082,652.8,423728.0,364732.0
2025-06-20 10:35:20.695701,652.8,423728.0,364732.0
2025-06-20 10:35:21.490525,652.8,421901.0,365764.0
2025-06-20 10:35:22.354438,652.8,421564.0,365760.0
2025-06-20 10:35:23.354326,652.8,423430.0,365864.0
2025-06-20 10:35:23.722567,652.8,423430.0,365864.0
2025-06-20 10:35:24.351825,653.0,424291.0,364079.0
2025-06-20 10:35:24.695980,653.0,424291.0,364079.0
2025-06-20 10:35:25.356147,652.9,424410.0,363872.0
2025-06-20 10:35:25.693136,652.9,424410.0,363872.0
2025-06-20 10:35:26.355421,652.9,424802.0,363531.0
2025-06-20 10:35:26.699713,652.9,424802.0,363531.0
2025-06-20 10:35:27.355834,652.9,424787.0,363701.0
2025-06-20 10:35:27.699471,653.4,424787.0,363701.0
2025-06-20 10:35:28.357112,653.5,422449.0,353931.0
2025-06-20 10:35:28.703811,653.3,422449.0,353931.0
2025-06-20 10:35:29.354082,653.3,424697.0,351987.0
2025-06-20 10:35:29.696995,653.3,424697.0,351987.0
2025-06-20 10:35:30.260264,653.35,422800.0,355689.0
2025-06-20 10:35:30.706817,653.35,422800.0,355689.0
2025-06-20 10:35:31.257149,653.6,423523.0,355979.0
2025-06-20 10:35:31.697434,653.4,423523.0,355979.0
2025-06-20 10:35:32.258455,653.65,422357.0,355524.0
2025-06-20 10:35:32.699131,653.5,422357.0,355524.0
2025-06-20 10:35:33.160127,653.55,420803.0,358678.0
2025-06-20 10:35:33.699270,653.55,420803.0,358678.0
2025-06-20 10:35:34.159236,653.55,421725.0,357576.0
2025-06-20 10:35:34.723941,653.35,421725.0,357576.0
2025-06-20 10:35:35.063456,653.55,416495.0,357333.0
2025-06-20 10:35:35.697677,653.4,416495.0,357333.0
2025-06-20 10:35:36.063075,653.4,415939.0,355716.0
2025-06-20 10:35:36.699296,653.55,415939.0,355716.0
2025-06-20 10:35:37.059812,653.55,416620.0,356487.0
2025-06-20 10:35:38.071344,653.55,416587.0,356339.0
2025-06-20 10:35:39.062611,653.55,417161.0,355898.0
2025-06-20 10:35:39.712711,653.55,417161.0,355898.0
2025-06-20 10:35:40.061916,653.55,417110.0,356080.0
2025-06-20 10:35:40.702902,653.4,417110.0,356080.0
2025-06-20 10:35:41.062615,653.4,414583.0,357254.0
2025-06-20 10:35:41.695220,653.4,414583.0,357254.0
2025-06-20 10:35:42.065671,653.35,414083.0,360992.0
2025-06-20 10:35:42.695578,653.35,414083.0,360992.0
2025-06-20 10:35:43.063795,653.4,414906.0,360857.0
2025-06-20 10:35:43.711151,653.3,414906.0,360857.0
2025-06-20 10:35:44.064118,653.3,414060.0,359720.0
2025-06-20 10:35:45.064680,653.25,412889.0,361638.0
2025-06-20 10:35:45.697981,653.2,412889.0,361638.0
2025-06-20 10:35:46.175028,653.2,413097.0,361393.0
2025-06-20 10:35:46.693522,653.4,413097.0,361393.0
2025-06-20 10:35:47.062991,653.25,410913.0,362668.0
2025-06-20 10:35:47.696419,653.25,410913.0,362668.0
2025-06-20 10:35:48.066732,653.25,412614.0,362681.0
2025-06-20 10:35:48.697001,653.2,412614.0,362681.0
2025-06-20 10:35:49.065998,653.2,414227.0,362268.0
2025-06-20 10:35:49.754907,653.2,414227.0,362268.0
2025-06-20 10:35:50.068607,653.1,412641.0,362753.0
2025-06-20 10:35:50.700391,653.1,412641.0,362753.0
2025-06-20 10:35:51.077118,653.1,412441.0,362813.0
2025-06-20 10:35:51.705905,653.2,412441.0,362813.0
2025-06-20 10:35:52.167574,653.1,413755.0,362334.0
2025-06-20 10:35:52.749909,653.1,413755.0,362334.0
2025-06-20 10:35:53.171439,653.1,414206.0,362841.0
2025-06-20 10:35:53.709770,653.1,414206.0,362841.0
2025-06-20 10:35:54.176427,653.0,414908.0,362602.0
2025-06-20 10:35:54.703367,653.0,414908.0,362602.0
2025-06-20 10:35:55.069880,652.95,414773.0,362703.0
2025-06-20 10:35:55.716861,653.1,414773.0,362703.0
2025-06-20 10:35:56.076580,653.2,415570.0,362589.0
2025-06-20 10:35:56.697263,653.1,415570.0,362589.0
2025-06-20 10:35:57.173543,653.1,416388.0,361812.0
2025-06-20 10:35:58.271010,653.15,416246.0,361367.0
2025-06-20 10:35:58.696343,653.15,416246.0,361367.0
2025-06-20 10:35:59.272415,653.15,415742.0,362226.0
2025-06-20 10:35:59.708077,653.15,415742.0,362226.0
2025-06-20 10:36:00.373374,653.0,414230.0,364877.0
2025-06-20 10:36:01.672445,653.0,415044.0,365308.0
2025-06-20 10:36:01.705220,653.0,415044.0,365308.0
2025-06-20 10:36:02.673104,652.95,413151.0,365777.0
2025-06-20 10:36:02.698041,652.95,413151.0,365777.0
2025-06-20 10:36:03.671820,653.1,414430.0,364648.0
2025-06-20 10:36:03.699622,653.1,414430.0,364648.0
2025-06-20 10:36:04.686479,653.1,414387.0,364768.0
2025-06-20 10:36:05.697782,652.95,414387.0,364768.0
2025-06-20 10:36:05.772432,652.95,414029.0,365941.0
2025-06-20 10:36:06.878037,652.95,414747.0,365696.0
2025-06-20 10:36:07.996203,652.95,415121.0,365582.0
2025-06-20 10:36:08.728166,653.0,415121.0,365582.0
2025-06-20 10:36:08.896691,653.15,415178.0,365124.0
2025-06-20 10:36:09.748393,652.95,415178.0,365124.0
2025-06-20 10:36:10.109651,652.95,411444.0,366372.0
2025-06-20 10:36:10.696713,653.3,411444.0,366372.0
2025-06-20 10:36:10.903474,653.3,413893.0,363803.0
2025-06-20 10:36:11.698500,653.3,413893.0,363803.0
2025-06-20 10:36:11.978381,653.3,414732.0,364102.0
2025-06-20 10:36:12.692772,653.0,414732.0,364102.0
2025-06-20 10:36:12.899269,653.0,415322.0,364369.0
2025-06-20 10:36:13.699488,653.1,415322.0,364369.0
2025-06-20 10:36:13.998266,653.1,417625.0,363730.0
2025-06-20 10:36:14.712019,653.3,417625.0,363730.0
2025-06-20 10:36:15.075954,653.3,417226.0,363817.0
2025-06-20 10:36:15.693873,653.15,417226.0,363817.0
2025-06-20 10:36:16.179317,653.15,417763.0,360602.0
2025-06-20 10:36:17.279473,653.25,417554.0,360213.0
2025-06-20 10:36:17.699272,653.3,417554.0,360213.0
2025-06-20 10:36:18.703342,653.25,417554.0,360213.0
2025-06-20 10:36:18.883861,653.25,417128.0,360719.0
2025-06-20 10:36:19.696691,653.25,417128.0,360719.0
2025-06-20 10:36:19.990742,653.25,414784.0,361652.0
2025-06-20 10:36:20.701801,653.25,414784.0,361652.0
2025-06-20 10:36:21.080299,653.25,414863.0,362304.0
2025-06-20 10:36:22.181280,653.25,414252.0,362569.0
2025-06-20 10:36:23.282576,653.6,417978.0,357109.0
2025-06-20 10:36:23.704495,653.6,417978.0,357109.0
2025-06-20 10:36:24.380863,653.8,417957.0,356983.0
2025-06-20 10:36:24.711925,653.75,417957.0,356983.0
2025-06-20 10:36:25.283237,653.45,416259.0,359377.0
2025-06-20 10:36:25.702395,653.45,416259.0,359377.0
2025-06-20 10:36:26.381843,653.45,416518.0,361034.0
2025-06-20 10:36:26.694011,653.4,416518.0,361034.0
2025-06-20 10:36:27.497540,653.35,413983.0,362542.0
2025-06-20 10:36:27.697749,653.5,413983.0,362542.0
2025-06-20 10:36:28.592076,653.35,414925.0,362412.0
2025-06-20 10:36:28.694917,653.35,414925.0,362412.0
2025-06-20 10:36:29.590089,653.35,410903.0,365368.0
2025-06-20 10:36:29.694201,653.35,410903.0,365368.0
2025-06-20 10:36:30.687900,653.3,411568.0,368951.0
2025-06-20 10:36:30.702307,653.3,411568.0,368951.0
2025-06-20 10:36:31.685883,653.3,413615.0,365248.0
2025-06-20 10:36:32.686489,653.1,412828.0,364639.0
2025-06-20 10:36:32.698147,653.1,412828.0,364639.0
2025-06-20 10:36:33.688819,653.6,415115.0,360112.0
2025-06-20 10:36:33.702934,653.6,415115.0,360112.0
2025-06-20 10:36:34.687816,653.7,413670.0,362948.0
2025-06-20 10:36:34.703702,653.7,413670.0,362948.0
2025-06-20 10:36:35.689211,653.35,412740.0,363323.0
2025-06-20 10:36:35.704706,653.35,412740.0,363323.0
2025-06-20 10:36:36.593659,654.0,419362.0,354124.0
2025-06-20 10:36:36.698590,654.0,419362.0,354124.0
2025-06-20 10:36:37.590962,654.0,420500.0,354449.0
2025-06-20 10:36:37.713162,653.85,420500.0,354449.0
2025-06-20 10:36:38.590903,653.8,417026.0,357569.0
2025-06-20 10:36:38.696645,653.8,417026.0,357569.0
2025-06-20 10:36:39.590856,653.8,417201.0,359054.0
2025-06-20 10:36:40.591890,653.7,416955.0,359526.0
2025-06-20 10:36:40.704660,653.7,416955.0,359526.0
2025-06-20 10:36:41.592872,654.0,419339.0,357294.0
2025-06-20 10:36:41.712883,654.0,419339.0,357294.0
2025-06-20 10:36:42.534447,653.8,418970.0,357836.0
2025-06-20 10:36:42.702592,653.8,418970.0,357836.0
2025-06-20 10:36:43.595431,653.7,417256.0,358545.0
2025-06-20 10:36:43.698841,653.8,417256.0,358545.0
2025-06-20 10:36:44.145830,653.8,417256.0,358545.0
2025-06-20 10:36:44.594255,653.9,414082.0,363104.0
2025-06-20 10:36:44.701901,653.9,414082.0,363104.0
2025-06-20 10:36:44.848122,653.9,414082.0,363104.0
2025-06-20 10:36:45.242608,653.9,414082.0,363104.0
2025-06-20 10:36:45.593107,653.9,417162.0,358991.0
2025-06-20 10:36:45.699601,653.9,417162.0,358991.0
2025-06-20 10:36:45.880581,653.9,417162.0,358991.0
2025-06-20 10:36:46.287697,653.9,417162.0,358991.0
2025-06-20 10:36:46.594405,653.9,414990.0,359980.0
2025-06-20 10:36:46.952618,653.9,414990.0,359980.0
2025-06-20 10:36:47.445393,653.9,414990.0,359980.0
2025-06-20 10:36:47.597137,653.9,418750.0,358301.0
2025-06-20 10:36:47.696726,653.9,418750.0,358301.0
2025-06-20 10:36:48.223623,653.9,418750.0,358301.0
2025-06-20 10:36:48.398733,653.9,418750.0,358301.0
2025-06-20 10:36:48.597936,653.75,415974.0,360600.0
2025-06-20 10:36:48.698998,653.75,415974.0,360600.0
2025-06-20 10:36:49.352009,653.75,415974.0,360600.0
2025-06-20 10:36:49.607078,653.75,418195.0,360520.0
2025-06-20 10:36:49.699847,653.75,418195.0,360520.0
2025-06-20 10:36:50.694179,653.75,418195.0,360520.0
2025-06-20 10:36:50.723469,653.75,418195.0,360520.0
2025-06-20 10:36:50.728006,653.75,418221.0,361159.0
2025-06-20 10:36:51.680041,653.75,418221.0,361159.0
2025-06-20 10:36:51.712434,653.75,418221.0,361548.0
2025-06-20 10:36:52.707403,653.75,418799.0,358613.0
2025-06-20 10:36:53.229356,653.75,418799.0,358613.0
2025-06-20 10:36:53.702953,653.8,418799.0,358613.0
2025-06-20 10:36:53.800707,653.8,416684.0,357301.0
2025-06-20 10:36:54.529026,653.8,416684.0,357301.0
2025-06-20 10:36:54.701781,653.8,416684.0,357301.0
2025-06-20 10:36:54.800842,653.8,417126.0,357491.0
2025-06-20 10:36:55.700098,653.75,417126.0,357491.0
2025-06-20 10:36:55.766652,653.75,417126.0,357491.0
2025-06-20 10:36:55.801874,653.75,417071.0,358004.0
2025-06-20 10:36:56.697844,653.7,417071.0,358004.0
2025-06-20 10:36:56.914824,653.9,415068.0,359169.0
2025-06-20 10:36:57.383718,653.9,415068.0,359169.0
2025-06-20 10:36:57.702398,653.75,415068.0,359169.0
2025-06-20 10:36:57.910265,653.75,414286.0,361954.0
2025-06-20 10:36:58.917430,653.75,413932.0,363164.0
2025-06-20 10:36:59.902515,653.75,417927.0,363648.0
2025-06-20 10:37:00.708788,653.65,417927.0,363648.0
2025-06-20 10:37:01.035738,653.8,421039.0,361232.0
2025-06-20 10:37:01.701865,653.75,421039.0,361232.0
2025-06-20 10:37:02.106515,653.75,421921.0,361410.0
2025-06-20 10:37:02.699182,654.25,421921.0,361410.0
2025-06-20 10:37:03.207253,654.25,420706.0,351997.0
2025-06-20 10:37:03.700640,654.35,420706.0,351997.0
2025-06-20 10:37:04.307088,654.35,419148.0,354641.0
2025-06-20 10:37:05.309357,654.05,419828.0,356343.0
2025-06-20 10:37:05.700151,654.05,419828.0,356343.0
2025-06-20 10:37:06.309521,654.05,418061.0,356472.0
2025-06-20 10:37:06.707215,654.1,418061.0,356472.0
2025-06-20 10:37:07.308358,654.1,419290.0,356957.0
2025-06-20 10:37:07.703389,654.1,419290.0,356957.0
2025-06-20 10:37:08.311228,654.0,418900.0,360889.0
2025-06-20 10:37:08.698510,654.05,418900.0,360889.0
2025-06-20 10:37:09.310731,654.05,418704.0,361229.0
2025-06-20 10:37:10.422924,653.9,416672.0,362619.0
2025-06-20 10:37:10.709229,653.75,416672.0,362619.0
2025-06-20 10:37:11.656238,653.75,417126.0,362965.0
2025-06-20 10:37:12.523010,653.75,416800.0,363598.0
2025-06-20 10:37:12.707470,653.75,416800.0,363598.0
2025-06-20 10:37:13.613737,653.75,415796.0,365520.0
2025-06-20 10:37:13.699122,653.75,415796.0,365520.0
2025-06-20 10:37:14.700357,653.85,415796.0,365520.0
2025-06-20 10:37:14.727904,653.85,416439.0,366023.0
2025-06-20 10:37:15.704042,653.7,416439.0,366023.0
2025-06-20 10:37:15.813697,653.7,414168.0,365574.0
2025-06-20 10:37:16.704097,653.7,414168.0,365574.0
2025-06-20 10:37:16.928106,653.95,416594.0,361350.0
2025-06-20 10:37:17.699670,654.0,416594.0,361350.0
2025-06-20 10:37:17.928970,654.0,417074.0,360803.0
2025-06-20 10:37:18.723171,653.85,417074.0,360803.0
2025-06-20 10:37:19.614655,653.85,417398.0,361400.0
2025-06-20 10:37:20.701769,653.9,417398.0,361400.0
2025-06-20 10:37:20.737710,653.9,416957.0,361348.0
2025-06-20 10:37:21.701065,654.0,416957.0,361348.0
2025-06-20 10:37:21.728533,654.0,416067.0,361558.0
2025-06-20 10:37:22.700707,654.0,416067.0,361558.0
2025-06-20 10:37:22.930300,654.0,416628.0,361513.0
2025-06-20 10:37:23.704177,653.7,416628.0,361513.0
2025-06-20 10:37:23.928971,653.7,414173.0,364584.0
2025-06-20 10:37:25.118257,653.7,414263.0,364848.0
2025-06-20 10:37:25.700075,653.7,414263.0,364848.0
2025-06-20 10:37:26.219076,653.7,414758.0,364898.0
2025-06-20 10:37:27.320380,653.7,414977.0,366047.0
2025-06-20 10:37:27.700827,653.85,414977.0,366047.0
2025-06-20 10:37:28.351467,653.75,415151.0,365909.0
2025-06-20 10:37:28.750398,653.75,415151.0,365909.0
2025-06-20 10:37:29.433943,653.95,415441.0,366072.0
2025-06-20 10:37:29.706100,653.95,415441.0,366072.0
2025-06-20 10:37:30.528905,653.95,414711.0,368102.0
2025-06-20 10:37:30.701249,653.75,414711.0,368102.0
2025-06-20 10:37:31.624846,653.75,414701.0,368272.0
2025-06-20 10:37:31.702475,653.75,414701.0,368272.0
2025-06-20 10:37:32.625507,653.75,412348.0,371021.0
2025-06-20 10:37:32.699880,653.75,412348.0,371021.0
2025-06-20 10:37:33.734723,653.75,413952.0,369901.0
2025-06-20 10:37:34.709422,653.75,413952.0,369901.0
2025-06-20 10:37:34.832421,653.85,412297.0,370619.0
2025-06-20 10:37:35.705541,653.75,412297.0,370619.0
2025-06-20 10:37:35.937817,653.7,411854.0,374006.0
2025-06-20 10:37:36.702589,653.75,411854.0,374006.0
2025-06-20 10:37:37.031497,653.75,413330.0,373905.0
2025-06-20 10:37:38.129135,653.65,413361.0,372852.0
2025-06-20 10:37:38.701276,653.65,413361.0,372852.0
2025-06-20 10:37:39.302413,653.65,413855.0,372711.0
2025-06-20 10:37:40.335103,653.65,413925.0,372723.0
2025-06-20 10:37:40.706075,653.65,413925.0,372723.0
2025-06-20 10:37:41.443392,653.65,413898.0,372677.0
2025-06-20 10:37:42.535039,653.65,413910.0,373151.0
2025-06-20 10:37:42.708127,653.65,413910.0,373151.0
2025-06-20 10:37:43.633024,653.65,413996.0,372998.0
2025-06-20 10:37:44.704638,653.5,413996.0,372998.0
2025-06-20 10:37:44.744043,653.5,413080.0,375860.0
2025-06-20 10:37:45.633241,653.5,413099.0,376084.0
2025-06-20 10:37:45.701287,653.5,413099.0,376084.0
2025-06-20 10:37:46.634865,653.55,415573.0,373439.0
2025-06-20 10:37:46.706182,653.55,415573.0,373439.0
2025-06-20 10:37:47.744880,653.55,414000.0,374336.0
2025-06-20 10:37:48.836420,653.55,414427.0,374657.0
2025-06-20 10:37:50.003854,653.55,414298.0,375194.0
2025-06-20 10:37:50.700715,653.5,414298.0,375194.0
2025-06-20 10:37:51.038615,653.5,413760.0,376849.0
2025-06-20 10:37:51.704523,653.5,413760.0,376849.0
2025-06-20 10:37:52.138413,653.5,413644.0,377249.0
2025-06-20 10:37:52.747083,653.5,413644.0,377249.0
2025-06-20 10:37:53.241400,653.5,412697.0,379110.0
2025-06-20 10:37:53.704448,653.5,412697.0,379110.0
2025-06-20 10:37:54.340877,653.5,412930.0,379234.0
2025-06-20 10:37:54.703022,653.45,412930.0,379234.0
2025-06-20 10:37:55.449904,653.45,413089.0,379027.0
2025-06-20 10:37:55.703102,653.45,413089.0,379027.0
2025-06-20 10:37:56.545562,653.45,413075.0,378982.0
2025-06-20 10:37:57.641811,653.5,412988.0,379203.0
2025-06-20 10:37:57.707426,653.5,412988.0,379203.0
2025-06-20 10:37:58.704992,653.35,412988.0,379203.0
2025-06-20 10:37:58.743347,653.35,410834.0,379792.0
2025-06-20 10:37:59.707496,653.5,410834.0,379792.0
2025-06-20 10:37:59.843650,653.5,407383.0,379522.0
2025-06-20 10:38:01.347427,653.55,411618.0,380269.0
2025-06-20 10:38:01.706487,653.55,411618.0,380269.0
2025-06-20 10:38:02.345818,653.45,411773.0,380465.0
2025-06-20 10:38:02.707527,653.45,411773.0,380465.0
2025-06-20 10:38:03.348372,653.25,411415.0,380438.0
2025-06-20 10:38:03.706076,653.25,411415.0,380438.0
2025-06-20 10:38:04.488159,653.25,411863.0,380790.0
2025-06-20 10:38:04.703136,653.25,411863.0,380790.0
2025-06-20 10:38:05.548460,653.25,410883.0,381252.0
2025-06-20 10:38:05.706295,653.25,410883.0,381252.0
2025-06-20 10:38:06.651531,653.45,411131.0,381256.0
2025-06-20 10:38:06.705739,653.45,411131.0,381256.0
2025-06-20 10:38:07.706759,653.25,411131.0,381256.0
2025-06-20 10:38:07.750479,653.25,411476.0,381544.0
2025-06-20 10:38:08.749733,653.25,410549.0,381680.0
2025-06-20 10:38:09.753896,653.25,410015.0,383519.0
2025-06-20 10:38:10.705018,653.4,410015.0,383519.0
2025-06-20 10:38:10.852681,653.4,411037.0,383893.0
2025-06-20 10:38:11.986372,653.4,411152.0,384158.0
2025-06-20 10:38:13.053892,653.4,411919.0,382887.0
2025-06-20 10:38:14.055171,653.4,412204.0,382895.0
2025-06-20 10:38:14.707002,653.25,412204.0,382895.0
2025-06-20 10:38:15.155540,653.2,418685.0,390540.0
2025-06-20 10:38:15.706890,653.2,418685.0,390540.0
2025-06-20 10:38:16.258250,653.2,418979.0,390491.0
2025-06-20 10:38:17.257766,653.2,417848.0,390936.0
2025-06-20 10:38:17.704721,653.3,417848.0,390936.0
2025-06-20 10:38:18.358278,653.3,418182.0,390946.0
2025-06-20 10:38:18.707687,653.3,418182.0,390946.0
2025-06-20 10:38:19.359702,653.3,418582.0,390192.0
2025-06-20 10:38:20.499837,653.3,418394.0,390822.0
2025-06-20 10:38:20.709706,653.3,418394.0,390822.0
2025-06-20 10:38:21.593697,653.4,418317.0,390741.0
2025-06-20 10:38:21.705522,653.4,418317.0,390741.0
2025-06-20 10:38:22.663071,653.3,418133.0,390755.0
2025-06-20 10:38:22.705541,653.3,418133.0,390755.0
2025-06-20 10:38:24.265254,653.3,417699.0,391731.0
2025-06-20 10:38:25.177299,653.3,417630.0,391927.0
2025-06-20 10:38:25.708524,653.25,417630.0,391927.0
2025-06-20 10:38:26.168780,653.35,417283.0,394667.0
2025-06-20 10:38:26.706764,653.35,417283.0,394667.0
2025-06-20 10:38:27.269466,653.35,416335.0,396673.0
2025-06-20 10:38:28.369115,653.35,416600.0,397223.0
2025-06-20 10:38:29.478661,653.35,416535.0,397477.0
2025-06-20 10:38:30.370562,653.15,413968.0,399668.0
2025-06-20 10:38:30.709236,653.0,413968.0,399668.0
2025-06-20 10:38:31.410346,653.0,415161.0,400164.0
2025-06-20 10:38:31.757196,653.0,415161.0,400164.0
2025-06-20 10:38:32.372226,653.0,415527.0,400071.0
2025-06-20 10:38:33.372769,653.0,415937.0,399843.0
2025-06-20 10:38:34.502581,653.0,415923.0,399957.0
2025-06-20 10:38:34.704938,653.0,415923.0,399957.0
2025-06-20 10:38:35.392526,652.9,408214.0,400983.0
2025-06-20 10:38:35.714255,653.15,408214.0,400983.0
2025-06-20 10:38:36.695635,652.9,411013.0,403479.0
2025-06-20 10:38:36.703895,652.9,411013.0,403479.0
2025-06-20 10:38:37.510906,652.9,411053.0,403857.0
2025-06-20 10:38:37.707907,652.9,411053.0,403857.0
2025-06-20 10:38:38.486854,652.9,411072.0,403772.0
2025-06-20 10:38:38.708809,652.9,411072.0,403772.0
2025-06-20 10:38:39.503534,652.9,411179.0,403722.0
2025-06-20 10:38:39.708160,652.9,411179.0,403722.0
2025-06-20 10:38:40.514432,652.7,407706.0,407558.0
2025-06-20 10:38:40.771630,652.7,407706.0,407558.0
2025-06-20 10:38:41.493597,652.7,409219.0,407615.0
2025-06-20 10:38:41.714068,652.7,409219.0,407615.0
2025-06-20 10:38:42.493986,652.7,410085.0,407403.0
2025-06-20 10:38:42.708442,652.7,410085.0,407403.0
2025-06-20 10:38:43.581616,652.7,409085.0,408776.0
2025-06-20 10:38:43.707222,652.75,409085.0,408776.0
2025-06-20 10:38:44.583203,652.75,409576.0,408683.0
2025-06-20 10:38:45.586393,652.7,409386.0,410905.0
2025-06-20 10:38:45.708136,652.7,409386.0,410905.0
2025-06-20 10:38:46.584882,652.7,408933.0,410882.0
2025-06-20 10:38:46.713797,652.7,408933.0,410882.0
2025-06-20 10:38:47.585424,652.7,406944.0,412518.0
2025-06-20 10:38:47.723126,652.7,406944.0,412518.0
2025-06-20 10:38:48.585280,652.55,404915.0,418075.0
2025-06-20 10:38:48.708124,652.55,404915.0,418075.0
2025-06-20 10:38:49.584628,652.55,406133.0,418449.0
2025-06-20 10:38:49.710886,652.5,406133.0,418449.0
2025-06-20 10:38:50.686757,652.5,405804.0,417283.0
2025-06-20 10:38:51.687534,652.3,405665.0,416594.0
2025-06-20 10:38:51.706694,652.3,405665.0,416594.0
2025-06-20 10:38:52.600510,652.35,405578.0,416452.0
2025-06-20 10:38:52.706180,652.35,405578.0,416452.0
2025-06-20 10:38:53.712609,652.35,405578.0,416452.0
2025-06-20 10:38:53.787205,652.35,405489.0,416922.0
2025-06-20 10:38:54.762169,652.55,405489.0,416922.0
2025-06-20 10:38:54.891119,652.35,405219.0,417205.0
2025-06-20 10:38:55.708856,652.35,405219.0,417205.0
2025-06-20 10:38:56.014633,652.35,405493.0,416754.0
2025-06-20 10:38:57.088970,652.35,405232.0,416989.0
2025-06-20 10:38:57.756002,652.35,405232.0,416989.0
2025-06-20 10:38:58.003567,652.35,404650.0,416901.0
2025-06-20 10:38:58.708809,652.1,404650.0,416901.0
2025-06-20 10:38:59.319638,652.1,404440.0,416929.0
2025-06-20 10:38:59.709311,652.35,404440.0,416929.0
2025-06-20 10:39:00.191543,652.35,404782.0,417435.0
2025-06-20 10:39:00.704090,652.15,404782.0,417435.0
2025-06-20 10:39:01.398705,652.3,406150.0,418765.0
2025-06-20 10:39:01.750036,652.35,406150.0,418765.0
2025-06-20 10:39:02.398494,652.35,406284.0,418398.0
2025-06-20 10:39:03.304278,652.35,406535.0,417700.0
2025-06-20 10:39:04.404792,652.35,406340.0,417730.0
2025-06-20 10:39:04.712444,652.2,406340.0,417730.0
2025-06-20 10:39:05.417423,652.2,403977.0,416124.0
2025-06-20 10:39:05.720025,652.2,403977.0,416124.0
2025-06-20 10:39:06.406054,652.25,404424.0,417842.0
2025-06-20 10:39:06.718745,652.25,404424.0,417842.0
2025-06-20 10:39:07.510931,652.35,405150.0,417854.0
2025-06-20 10:39:07.713843,652.35,405150.0,417854.0
2025-06-20 10:39:08.600430,652.35,405630.0,418714.0
2025-06-20 10:39:09.511581,652.35,403001.0,421316.0
2025-06-20 10:39:10.508751,652.2,404170.0,421506.0
2025-06-20 10:39:10.713158,652.2,404170.0,421506.0
2025-06-20 10:39:11.536394,652.2,405672.0,421318.0
2025-06-20 10:39:12.603467,652.2,405285.0,421764.0
2025-06-20 10:39:13.729223,652.2,405285.0,421764.0
2025-06-20 10:39:13.745389,652.2,402972.0,425732.0
2025-06-20 10:39:14.719503,652.2,402972.0,425732.0
2025-06-20 10:39:14.806150,652.1,391127.0,426967.0
2025-06-20 10:39:15.709721,652.05,391127.0,426967.0
2025-06-20 10:39:15.806302,652.05,393068.0,425937.0
2025-06-20 10:39:16.714155,652.05,393068.0,425937.0
2025-06-20 10:39:16.943709,652.0,394410.0,426555.0
2025-06-20 10:39:17.716928,652.05,394410.0,426555.0
2025-06-20 10:39:18.021432,652.05,400125.0,425586.0
2025-06-20 10:39:19.109133,652.05,400125.0,427286.0
2025-06-20 10:39:19.713140,652.15,400125.0,427286.0
2025-06-20 10:39:20.024840,652.15,400421.0,427171.0
2025-06-20 10:39:20.714194,652.2,400421.0,427171.0
2025-06-20 10:39:21.325905,652.05,400769.0,427030.0
2025-06-20 10:39:21.714322,652.05,400769.0,427030.0
2025-06-20 10:39:22.420177,652.05,400517.0,427783.0
2025-06-20 10:39:23.421608,652.05,401282.0,426869.0
2025-06-20 10:39:23.713447,652.2,401282.0,426869.0
2025-06-20 10:39:24.522356,652.2,401603.0,426997.0
2025-06-20 10:39:24.710952,652.2,401603.0,426997.0
2025-06-20 10:39:25.532999,652.05,400538.0,428566.0
2025-06-20 10:39:25.713011,652.05,400538.0,428566.0
2025-06-20 10:39:26.415925,652.05,400946.0,428559.0
2025-06-20 10:39:28.024782,652.05,400886.0,427893.0
2025-06-20 10:39:28.766659,652.05,400886.0,427893.0
2025-06-20 10:39:29.115457,652.05,400812.0,428028.0
2025-06-20 10:39:30.119096,652.05,401135.0,428050.0
2025-06-20 10:39:30.713499,652.05,401135.0,428050.0
2025-06-20 10:39:31.119956,652.05,401348.0,428936.0
2025-06-20 10:39:32.028813,652.05,401410.0,428737.0
2025-06-20 10:39:33.527813,652.15,402097.0,428682.0
2025-06-20 10:39:33.718443,652.15,402097.0,428682.0
2025-06-20 10:39:34.533760,652.2,401612.0,428671.0
2025-06-20 10:39:34.710606,652.2,401612.0,428671.0
2025-06-20 10:39:35.535112,652.05,401157.0,428764.0
2025-06-20 10:39:35.715725,652.05,401157.0,428764.0
2025-06-20 10:39:36.535981,652.05,401003.0,428794.0
2025-06-20 10:39:37.535462,652.05,401350.0,429047.0
2025-06-20 10:39:38.435809,652.05,401140.0,428954.0
2025-06-20 10:39:39.456022,651.85,397197.0,426540.0
2025-06-20 10:39:39.718673,651.85,397197.0,426540.0
2025-06-20 10:39:40.454822,651.95,401265.0,425995.0
2025-06-20 10:39:40.717783,652.2,401265.0,425995.0
2025-06-20 10:39:41.331599,651.95,400942.0,427481.0
2025-06-20 10:39:41.719468,651.95,400942.0,427481.0
2025-06-20 10:39:42.437841,651.95,399624.0,427969.0
2025-06-20 10:39:43.438206,651.95,399279.0,428410.0
2025-06-20 10:39:43.719568,652.0,399279.0,428410.0
2025-06-20 10:39:44.442141,652.0,399833.0,427989.0
2025-06-20 10:39:44.647371,652.0,399833.0,427989.0
2025-06-20 10:39:45.041645,652.0,399833.0,427989.0
2025-06-20 10:39:45.443300,651.9,399640.0,428547.0
2025-06-20 10:39:45.718656,651.9,399640.0,428547.0
2025-06-20 10:39:45.755828,651.9,399640.0,428547.0
2025-06-20 10:39:46.062759,651.9,399640.0,428547.0
2025-06-20 10:39:46.391932,652.0,399606.0,429030.0
2025-06-20 10:39:46.794593,651.95,399606.0,429030.0
2025-06-20 10:39:46.950389,651.95,399606.0,429030.0
2025-06-20 10:39:47.453343,651.95,399606.0,429030.0
2025-06-20 10:39:47.463992,651.95,399976.0,428708.0
2025-06-20 10:39:47.883947,651.95,399976.0,428708.0
2025-06-20 10:39:48.456775,651.95,399976.0,428708.0
2025-06-20 10:39:48.457591,651.95,399987.0,428202.0
2025-06-20 10:39:48.762420,651.95,399987.0,428202.0
2025-06-20 10:39:48.866133,651.95,399987.0,428202.0
2025-06-20 10:39:49.442157,651.9,400097.0,427872.0
2025-06-20 10:39:49.769415,651.9,400097.0,427872.0
2025-06-20 10:39:49.829611,651.9,400097.0,427872.0
2025-06-20 10:39:50.346001,651.9,399964.0,428011.0
2025-06-20 10:39:50.796056,651.9,399964.0,428011.0
2025-06-20 10:39:51.259662,651.9,399964.0,428011.0
2025-06-20 10:39:51.342477,651.9,399914.0,427665.0
2025-06-20 10:39:52.159171,651.9,399914.0,427665.0
2025-06-20 10:39:52.444552,651.85,399688.0,427316.0
2025-06-20 10:39:52.720975,651.9,399688.0,427316.0
2025-06-20 10:39:53.634428,651.95,401009.0,425085.0
2025-06-20 10:39:53.836008,651.95,401009.0,425085.0
2025-06-20 10:39:53.842616,652.05,401009.0,425085.0
2025-06-20 10:39:54.636296,652.45,402251.0,418163.0
2025-06-20 10:39:54.725686,652.45,402251.0,418163.0
2025-06-20 10:39:55.046612,652.45,402251.0,418163.0
2025-06-20 10:39:55.638473,652.45,403369.0,417771.0
2025-06-20 10:39:55.726616,652.45,403369.0,417771.0
2025-06-20 10:39:56.258423,652.45,403369.0,417771.0
2025-06-20 10:39:56.542386,652.45,403601.0,417339.0
2025-06-20 10:39:57.548209,652.45,403601.0,417539.0
2025-06-20 10:39:57.887801,652.45,403601.0,417539.0
2025-06-20 10:39:58.549305,652.35,402236.0,422204.0
2025-06-20 10:39:58.726638,652.35,402236.0,422204.0
2025-06-20 10:39:59.643256,652.2,401187.0,423184.0
2025-06-20 10:39:59.719532,652.2,401187.0,423184.0
2025-06-20 10:40:01.446210,652.2,402893.0,421935.0
2025-06-20 10:40:01.771938,652.2,402893.0,421935.0
2025-06-20 10:40:02.451110,652.2,403960.0,421887.0
