timestamp,ltp,bid_qty,ask_qty
2025-06-20 10:10:48.219378,2300.1,111766.0,126676.0
2025-06-20 10:10:50.065708,2300.1,111792.0,126541.0
2025-06-20 10:10:51.595870,2300.1,111792.0,126541.0
2025-06-20 10:10:53.585426,2300.1,111792.0,126541.0
2025-06-20 10:10:55.586618,2300.1,111792.0,126541.0
2025-06-20 10:10:55.765051,2300.1,111676.0,127058.0
2025-06-20 10:10:58.612199,2299.5,111676.0,127058.0
2025-06-20 10:11:01.074735,2299.5,111647.0,127041.0
2025-06-20 10:11:03.603446,2300.0,111647.0,127041.0
2025-06-20 10:11:07.073074,2300.0,111609.0,126895.0
2025-06-20 10:11:07.606111,2300.0,111609.0,126895.0
2025-06-20 10:11:13.077715,2300.0,112249.0,126500.0
2025-06-20 10:11:14.683174,2300.0,112249.0,126500.0
2025-06-20 10:11:17.616796,2300.0,112249.0,126500.0
2025-06-20 10:11:18.597148,2300.0,112269.0,126789.0
2025-06-20 10:11:21.656045,2300.0,112269.0,126789.0
2025-06-20 10:11:22.669936,2299.5,112269.0,126789.0
2025-06-20 10:11:23.710031,2300.0,111965.0,126876.0
2025-06-20 10:11:26.254842,2299.6,111965.0,126876.0
2025-06-20 10:11:29.186915,2299.6,111798.0,127334.0
2025-06-20 10:11:33.592779,2300.9,111798.0,127334.0
2025-06-20 10:11:34.692534,2300.9,111951.0,126633.0
2025-06-20 10:11:40.609472,2300.7,112003.0,126486.0
2025-06-20 10:11:41.590856,2300.7,112003.0,126486.0
2025-06-20 10:11:45.596517,2300.2,112003.0,126486.0
2025-06-20 10:11:46.637179,2300.2,112625.0,126404.0
2025-06-20 10:11:51.601317,2300.0,112625.0,126404.0
2025-06-20 10:11:52.435355,2301.0,112930.0,125494.0
2025-06-20 10:11:53.610874,2301.0,112930.0,125494.0
2025-06-20 10:11:54.603226,2301.4,112930.0,125494.0
2025-06-20 10:11:57.600435,2301.3,112930.0,125494.0
2025-06-20 10:11:58.319634,2301.3,113627.0,125033.0
2025-06-20 10:12:03.601804,2300.9,113627.0,125033.0
2025-06-20 10:12:04.710044,2300.9,114488.0,123774.0
2025-06-20 10:12:07.596912,2301.1,114488.0,123774.0
2025-06-20 10:12:11.518718,2301.3,113382.0,124417.0
2025-06-20 10:12:12.607282,2301.3,113382.0,124417.0
2025-06-20 10:12:15.599622,2300.9,113382.0,124417.0
2025-06-20 10:12:17.846902,2300.9,113391.0,124626.0
2025-06-20 10:12:18.613260,2300.9,113391.0,124626.0
2025-06-20 10:12:21.602152,2300.9,113391.0,124626.0
2025-06-20 10:12:24.024673,2301.0,114943.0,123498.0
2025-06-20 10:12:24.603806,2301.0,114943.0,123498.0
2025-06-20 10:12:27.600378,2301.6,114943.0,123498.0
2025-06-20 10:12:30.232743,2301.6,114512.0,123221.0
2025-06-20 10:12:31.601155,2301.6,114512.0,123221.0
2025-06-20 10:12:33.601317,2302.0,114512.0,123221.0
2025-06-20 10:12:35.605908,2302.4,114512.0,123221.0
2025-06-20 10:12:36.228313,2302.4,114362.0,123323.0
2025-06-20 10:12:37.609090,2302.4,114362.0,123323.0
2025-06-20 10:12:39.601708,2302.0,114362.0,123323.0
2025-06-20 10:12:40.551120,2302.0,114362.0,123323.0
2025-06-20 10:12:41.169453,2302.0,114362.0,123323.0
2025-06-20 10:12:42.032812,2302.0,114654.0,123870.0
2025-06-20 10:12:42.297837,2302.0,114654.0,123870.0
2025-06-20 10:12:43.452169,2302.0,114654.0,123870.0
2025-06-20 10:12:43.598179,2301.8,114654.0,123870.0
2025-06-20 10:12:43.945403,2301.8,114654.0,123870.0
2025-06-20 10:12:44.662716,2301.8,114654.0,123870.0
2025-06-20 10:12:45.459253,2301.8,114654.0,123870.0
2025-06-20 10:12:45.639366,2301.6,114654.0,123870.0
2025-06-20 10:12:46.696037,2301.6,114654.0,123870.0
2025-06-20 10:12:47.653499,2301.6,114654.0,123870.0
2025-06-20 10:12:47.940865,2301.6,114684.0,123597.0
2025-06-20 10:12:49.159116,2301.6,114684.0,123597.0
2025-06-20 10:12:49.602377,2301.6,114684.0,123597.0
2025-06-20 10:12:50.477059,2301.6,114684.0,123597.0
2025-06-20 10:12:51.616341,2301.3,114684.0,123597.0
2025-06-20 10:12:51.713567,2301.3,114684.0,123597.0
2025-06-20 10:12:53.281973,2301.3,114684.0,123597.0
2025-06-20 10:12:53.619158,2301.6,114684.0,123597.0
2025-06-20 10:12:53.869324,2301.3,114570.0,123828.0
2025-06-20 10:12:55.602467,2301.6,114570.0,123828.0
2025-06-20 10:12:59.551357,2301.6,114529.0,124007.0
2025-06-20 10:12:59.604588,2301.6,114529.0,124007.0
2025-06-20 10:13:05.054838,2301.6,114549.0,123863.0
2025-06-20 10:13:05.610826,2301.6,114549.0,123863.0
2025-06-20 10:13:07.603715,2301.4,114549.0,123863.0
2025-06-20 10:13:10.757825,2301.6,114484.0,123763.0
2025-06-20 10:13:11.601513,2301.6,114484.0,123763.0
2025-06-20 10:13:15.610821,2301.9,114484.0,123763.0
2025-06-20 10:13:16.565159,2301.9,114209.0,124272.0
2025-06-20 10:13:21.605779,2302.0,114209.0,124272.0
2025-06-20 10:13:22.763258,2301.9,114723.0,124019.0
2025-06-20 10:13:23.616347,2301.9,114723.0,124019.0
2025-06-20 10:13:24.621105,2301.9,114723.0,124019.0
2025-06-20 10:13:27.608275,2301.8,114723.0,124019.0
2025-06-20 10:13:28.968822,2301.9,114667.0,123904.0
2025-06-20 10:13:29.605534,2301.9,114667.0,123904.0
2025-06-20 10:13:33.602578,2301.7,114667.0,123904.0
2025-06-20 10:13:35.174217,2301.9,114799.0,124213.0
2025-06-20 10:13:35.605677,2301.9,114799.0,124213.0
2025-06-20 10:13:37.626651,2301.6,114799.0,124213.0
2025-06-20 10:13:39.600976,2301.9,114799.0,124213.0
2025-06-20 10:13:41.277426,2301.9,114819.0,123897.0
2025-06-20 10:13:45.611015,2301.3,114819.0,123897.0
2025-06-20 10:13:47.281518,2301.3,114750.0,124137.0
2025-06-20 10:13:51.606129,2301.5,114750.0,124137.0
2025-06-20 10:13:52.585195,2301.3,114769.0,124072.0
2025-06-20 10:13:52.625680,2301.3,114769.0,124072.0
2025-06-20 10:13:55.599238,2301.5,114769.0,124072.0
2025-06-20 10:13:57.611454,2301.5,114769.0,124072.0
2025-06-20 10:13:58.287480,2301.5,114789.0,124111.0
2025-06-20 10:14:01.604590,2301.5,114789.0,124111.0
2025-06-20 10:14:03.923767,2301.5,115424.0,123918.0
2025-06-20 10:14:05.652732,2301.5,115424.0,123918.0
2025-06-20 10:14:07.623800,2301.5,115424.0,123918.0
2025-06-20 10:14:09.601056,2301.5,115258.0,123781.0
2025-06-20 10:14:09.613387,2301.5,115258.0,123781.0
2025-06-20 10:14:11.618092,2301.8,115258.0,123781.0
2025-06-20 10:14:13.622264,2301.4,115258.0,123781.0
2025-06-20 10:14:15.499115,2301.4,115061.0,123879.0
2025-06-20 10:14:15.610110,2301.4,115061.0,123879.0
2025-06-20 10:14:17.601257,2301.5,115061.0,123879.0
2025-06-20 10:14:19.651823,2301.8,115061.0,123879.0
2025-06-20 10:14:21.204830,2302.0,115890.0,122202.0
2025-06-20 10:14:21.617523,2302.0,115890.0,122202.0
2025-06-20 10:14:25.606911,2301.9,115890.0,122202.0
2025-06-20 10:14:27.311395,2301.9,116072.0,122502.0
2025-06-20 10:14:29.604447,2302.2,116072.0,122502.0
2025-06-20 10:14:31.665161,2302.6,116072.0,122502.0
2025-06-20 10:14:33.118392,2302.6,116046.0,122371.0
2025-06-20 10:14:33.612602,2302.6,116046.0,122371.0
2025-06-20 10:14:35.615704,2302.6,116046.0,122371.0
2025-06-20 10:14:37.604805,2303.0,116046.0,122371.0
2025-06-20 10:14:43.608002,2302.1,116046.0,122371.0
2025-06-20 10:14:44.325993,2302.1,115736.0,122248.0
2025-06-20 10:14:45.657384,2302.2,115736.0,122248.0
2025-06-20 10:14:49.936921,2302.2,116056.0,122459.0
2025-06-20 10:14:51.608373,2302.1,116056.0,122459.0
2025-06-20 10:14:52.650652,2302.2,116056.0,122459.0
2025-06-20 10:14:56.021629,2302.2,116760.0,121432.0
2025-06-20 10:14:57.620142,2303.3,116760.0,121432.0
2025-06-20 10:15:01.679019,2304.0,116760.0,121432.0
2025-06-20 10:15:02.339862,2304.0,117484.0,122302.0
2025-06-20 10:15:03.663361,2303.2,117484.0,122302.0
2025-06-20 10:15:05.617800,2303.4,117484.0,122302.0
2025-06-20 10:15:08.732215,2304.3,119044.0,121663.0
2025-06-20 10:15:09.611245,2304.3,119044.0,121663.0
2025-06-20 10:15:11.612187,2303.4,119044.0,121663.0
2025-06-20 10:15:13.611476,2304.5,119044.0,121663.0
2025-06-20 10:15:15.137493,2304.5,119325.0,121440.0
2025-06-20 10:15:17.609549,2304.4,119325.0,121440.0
2025-06-20 10:15:21.451900,2304.3,117755.0,123372.0
2025-06-20 10:15:21.619499,2304.3,117755.0,123372.0
2025-06-20 10:15:23.609160,2303.1,117755.0,123372.0
2025-06-20 10:15:25.612270,2304.0,117755.0,123372.0
2025-06-20 10:15:27.614778,2304.0,117755.0,123372.0
2025-06-20 10:15:27.874952,2304.0,118516.0,120550.0
2025-06-20 10:15:29.619509,2304.6,118516.0,120550.0
2025-06-20 10:15:33.608323,2304.3,118516.0,120550.0
2025-06-20 10:15:33.951334,2304.3,118304.0,121011.0
2025-06-20 10:15:35.617285,2304.6,118304.0,121011.0
2025-06-20 10:15:39.631568,2304.6,118304.0,121011.0
2025-06-20 10:15:39.956431,2304.6,118352.0,120951.0
2025-06-20 10:15:40.971838,2304.6,118352.0,120951.0
2025-06-20 10:15:41.375984,2304.6,118352.0,120951.0
2025-06-20 10:15:41.615430,2304.8,118352.0,120951.0
2025-06-20 10:15:41.916020,2304.8,118352.0,120951.0
2025-06-20 10:15:42.174770,2304.8,118352.0,120951.0
2025-06-20 10:15:43.471686,2304.8,118352.0,120951.0
2025-06-20 10:15:44.467060,2304.8,118352.0,120951.0
2025-06-20 10:15:45.615652,2305.0,118352.0,120951.0
2025-06-20 10:15:45.781516,2305.0,118352.0,120951.0
2025-06-20 10:15:45.783473,2305.0,118896.0,121111.0
2025-06-20 10:15:47.117430,2305.0,118896.0,121111.0
2025-06-20 10:15:47.615384,2306.7,118896.0,121111.0
2025-06-20 10:15:48.082060,2306.7,118896.0,121111.0
2025-06-20 10:15:49.653278,2306.7,118896.0,121111.0
2025-06-20 10:15:49.662678,2307.0,118896.0,121111.0
2025-06-20 10:15:50.884913,2307.0,118896.0,121111.0
2025-06-20 10:15:51.966793,2306.0,119338.0,118987.0
2025-06-20 10:15:52.129461,2306.0,119338.0,118987.0
2025-06-20 10:15:52.620182,2306.0,119338.0,118987.0
2025-06-20 10:15:53.703428,2306.0,119338.0,118987.0
2025-06-20 10:15:55.846297,2306.5,119338.0,118987.0
2025-06-20 10:15:58.475719,2306.0,119518.0,118891.0
2025-06-20 10:15:58.614632,2306.1,119518.0,118891.0
2025-06-20 10:16:01.070054,2306.5,118572.0,118266.0
2025-06-20 10:16:01.615353,2306.5,118572.0,118266.0
2025-06-20 10:16:02.231611,2306.5,118374.0,118752.0
2025-06-20 10:16:02.611197,2305.9,118374.0,118752.0
2025-06-20 10:16:03.269249,2305.9,118739.0,118803.0
2025-06-20 10:16:04.373218,2306.5,118772.0,118215.0
2025-06-20 10:16:04.619071,2306.5,118772.0,118215.0
2025-06-20 10:16:05.470974,2306.0,118657.0,117969.0
2025-06-20 10:16:05.663706,2306.0,118657.0,117969.0
2025-06-20 10:16:06.378863,2306.0,118745.0,118462.0
2025-06-20 10:16:06.615353,2306.9,118745.0,118462.0
2025-06-20 10:16:07.497651,2306.0,118652.0,118945.0
2025-06-20 10:16:07.615387,2306.0,118652.0,118945.0
2025-06-20 10:16:08.471023,2306.2,118445.0,118292.0
2025-06-20 10:16:08.608741,2306.2,118445.0,118292.0
2025-06-20 10:16:09.572383,2307.1,118643.0,118658.0
2025-06-20 10:16:09.613810,2307.1,118643.0,118658.0
2025-06-20 10:16:10.574197,2307.1,118642.0,118814.0
2025-06-20 10:16:11.675609,2307.1,118510.0,119231.0
2025-06-20 10:16:12.774534,2307.1,118502.0,119661.0
2025-06-20 10:16:13.612585,2306.0,118502.0,119661.0
2025-06-20 10:16:13.881771,2306.0,112268.0,120007.0
2025-06-20 10:16:14.888583,2306.0,117980.0,120382.0
2025-06-20 10:16:15.885934,2306.0,118737.0,121115.0
2025-06-20 10:16:16.878298,2305.6,118319.0,121670.0
2025-06-20 10:16:17.614705,2305.6,118319.0,121670.0
2025-06-20 10:16:17.978241,2305.6,118342.0,121867.0
2025-06-20 10:16:18.613930,2305.3,118342.0,121867.0
2025-06-20 10:16:19.126161,2305.3,118119.0,121970.0
2025-06-20 10:16:20.177576,2305.2,118442.0,120793.0
2025-06-20 10:16:20.616323,2305.2,118442.0,120793.0
2025-06-20 10:16:21.275385,2305.2,118737.0,121264.0
2025-06-20 10:16:22.387155,2305.2,118739.0,121067.0
2025-06-20 10:16:23.477353,2305.2,118449.0,121077.0
2025-06-20 10:16:24.481203,2305.1,118172.0,121117.0
2025-06-20 10:16:24.624071,2305.1,118172.0,121117.0
2025-06-20 10:16:25.482958,2306.1,119862.0,118634.0
2025-06-20 10:16:25.615871,2306.1,119862.0,118634.0
2025-06-20 10:16:26.586046,2306.1,119076.0,119137.0
2025-06-20 10:16:27.683993,2306.1,118322.0,119771.0
2025-06-20 10:16:28.693290,2306.1,118280.0,119843.0
2025-06-20 10:16:29.784115,2306.1,118513.0,119921.0
2025-06-20 10:16:30.785470,2306.1,118171.0,120161.0
2025-06-20 10:16:31.689283,2306.1,117851.0,120522.0
2025-06-20 10:16:32.612912,2306.5,117851.0,120522.0
2025-06-20 10:16:32.688199,2306.5,118431.0,120424.0
2025-06-20 10:16:33.614617,2305.6,118431.0,120424.0
2025-06-20 10:16:33.686231,2305.6,118580.0,120446.0
2025-06-20 10:16:34.661603,2305.3,118580.0,120446.0
2025-06-20 10:16:34.788488,2305.3,118310.0,120418.0
2025-06-20 10:16:35.903815,2306.1,118223.0,120349.0
2025-06-20 10:16:36.625144,2306.1,118223.0,120349.0
2025-06-20 10:16:36.992572,2306.1,118264.0,120664.0
2025-06-20 10:16:37.992987,2306.1,118300.0,120736.0
2025-06-20 10:16:39.091528,2306.1,118313.0,120736.0
2025-06-20 10:16:39.650000,2306.0,118313.0,120736.0
2025-06-20 10:16:40.192644,2306.5,118516.0,120173.0
2025-06-20 10:16:40.613666,2306.5,118516.0,120173.0
2025-06-20 10:16:41.193461,2306.5,118402.0,120164.0
2025-06-20 10:16:41.617355,2305.4,118402.0,120164.0
2025-06-20 10:16:42.193358,2305.4,118265.0,120622.0
2025-06-20 10:16:43.197026,2305.4,118570.0,120554.0
2025-06-20 10:16:44.195107,2305.4,118405.0,120562.0
2025-06-20 10:16:45.196931,2306.1,118183.0,120872.0
2025-06-20 10:16:45.618451,2306.1,118183.0,120872.0
2025-06-20 10:16:46.196525,2306.1,118193.0,120851.0
2025-06-20 10:16:47.197394,2306.0,117742.0,121855.0
2025-06-20 10:16:47.619100,2306.0,117742.0,121855.0
2025-06-20 10:16:48.197291,2306.0,118070.0,121777.0
2025-06-20 10:16:49.204043,2306.2,118050.0,121993.0
2025-06-20 10:16:49.617179,2306.2,118050.0,121993.0
2025-06-20 10:16:50.200543,2306.2,118049.0,122283.0
2025-06-20 10:16:51.305936,2306.2,118259.0,122393.0
2025-06-20 10:16:52.308089,2306.2,118357.0,122194.0
2025-06-20 10:16:53.307794,2306.2,118339.0,121946.0
2025-06-20 10:16:54.312905,2306.2,118314.0,121946.0
2025-06-20 10:16:55.331890,2306.2,118326.0,122582.0
2025-06-20 10:16:56.452618,2306.2,118306.0,122657.0
2025-06-20 10:16:57.507964,2306.2,118089.0,122711.0
2025-06-20 10:16:58.507968,2306.2,118054.0,122730.0
2025-06-20 10:16:59.606953,2305.5,118040.0,122689.0
2025-06-20 10:16:59.620414,2305.5,118040.0,122689.0
2025-06-20 10:17:01.514891,2305.5,118115.0,122050.0
2025-06-20 10:17:02.505211,2305.7,118124.0,122580.0
2025-06-20 10:17:02.618645,2305.7,118124.0,122580.0
2025-06-20 10:17:03.510454,2305.7,118436.0,122664.0
2025-06-20 10:17:04.506154,2305.7,118416.0,122645.0
2025-06-20 10:17:05.510276,2305.7,118532.0,122013.0
2025-06-20 10:17:05.616316,2305.7,118532.0,122013.0
2025-06-20 10:17:06.518856,2305.7,118148.0,122642.0
2025-06-20 10:17:07.509741,2305.7,118051.0,123031.0
2025-06-20 10:17:08.510058,2305.5,118076.0,122907.0
2025-06-20 10:17:08.622059,2305.5,118076.0,122907.0
2025-06-20 10:17:09.510686,2305.5,118132.0,123228.0
2025-06-20 10:17:10.446032,2305.5,118146.0,123122.0
2025-06-20 10:17:11.425217,2305.5,118147.0,123148.0
2025-06-20 10:17:12.422317,2305.5,118182.0,122858.0
2025-06-20 10:17:13.422754,2305.5,118153.0,122945.0
2025-06-20 10:17:14.637840,2305.7,118153.0,122945.0
2025-06-20 10:17:14.823583,2305.7,118161.0,122906.0
2025-06-20 10:17:15.922870,2305.7,118104.0,123070.0
2025-06-20 10:17:16.929680,2305.7,118197.0,123060.0
2025-06-20 10:17:18.217735,2305.7,118213.0,123060.0
2025-06-20 10:17:19.215339,2305.7,118004.0,123297.0
2025-06-20 10:17:20.218336,2305.7,118023.0,123269.0
2025-06-20 10:17:20.623284,2305.7,118023.0,123269.0
2025-06-20 10:17:21.130431,2305.7,118056.0,123269.0
2025-06-20 10:17:22.023308,2305.7,118025.0,123278.0
2025-06-20 10:17:23.019587,2305.7,118088.0,122891.0
2025-06-20 10:17:23.624398,2305.5,118088.0,122891.0
2025-06-20 10:17:24.020524,2305.5,118124.0,122981.0
2025-06-20 10:17:24.620564,2305.7,118124.0,122981.0
2025-06-20 10:17:25.629095,2305.5,118124.0,122981.0
2025-06-20 10:17:26.151723,2305.7,118929.0,121723.0
2025-06-20 10:17:26.629355,2305.8,118929.0,121723.0
2025-06-20 10:17:26.947952,2305.8,118240.0,121898.0
2025-06-20 10:17:27.926884,2305.8,118252.0,122449.0
2025-06-20 10:17:28.930305,2305.8,118312.0,122853.0
2025-06-20 10:17:29.930139,2305.8,118401.0,123033.0
2025-06-20 10:17:30.936364,2305.8,118284.0,123081.0
2025-06-20 10:17:31.627839,2305.7,118284.0,123081.0
2025-06-20 10:17:31.928219,2305.7,118067.0,123225.0
2025-06-20 10:17:33.060450,2305.7,118005.0,123241.0
2025-06-20 10:17:33.641501,2306.0,118005.0,123241.0
2025-06-20 10:17:33.868845,2306.0,117748.0,121986.0
2025-06-20 10:17:34.839330,2306.0,118150.0,122155.0
2025-06-20 10:17:35.839288,2306.0,118215.0,121995.0
2025-06-20 10:17:36.619612,2305.4,118215.0,121995.0
2025-06-20 10:17:37.004678,2305.4,118310.0,121940.0
2025-06-20 10:17:37.618729,2305.4,118310.0,121940.0
2025-06-20 10:17:38.727292,2305.4,118373.0,121967.0
2025-06-20 10:17:39.626092,2305.6,118373.0,121967.0
2025-06-20 10:17:39.730113,2305.6,118583.0,121621.0
2025-06-20 10:17:40.628149,2305.6,118583.0,121621.0
2025-06-20 10:17:40.730104,2305.6,118612.0,122256.0
2025-06-20 10:17:41.643846,2305.6,118590.0,122646.0
2025-06-20 10:17:44.532987,2305.6,118480.0,122703.0
2025-06-20 10:17:45.532969,2305.4,118456.0,122614.0
2025-06-20 10:17:45.626812,2305.4,118456.0,122614.0
2025-06-20 10:17:46.531763,2305.4,118428.0,122819.0
2025-06-20 10:17:47.534670,2305.4,118426.0,122687.0
2025-06-20 10:17:48.533258,2305.4,118426.0,122685.0
2025-06-20 10:17:49.534017,2305.4,118426.0,122720.0
2025-06-20 10:17:50.534433,2305.5,118444.0,122827.0
2025-06-20 10:17:50.624934,2305.5,118444.0,122827.0
2025-06-20 10:17:51.534627,2305.5,118417.0,122838.0
2025-06-20 10:17:52.534865,2305.5,118449.0,122380.0
2025-06-20 10:17:52.624382,2305.5,118449.0,122380.0
2025-06-20 10:17:53.535553,2305.5,118505.0,122407.0
2025-06-20 10:17:54.538200,2305.5,118522.0,122013.0
2025-06-20 10:17:55.538757,2305.5,118535.0,122502.0
2025-06-20 10:17:56.548372,2306.0,118494.0,122530.0
2025-06-20 10:17:56.626553,2306.0,118494.0,122530.0
2025-06-20 10:17:57.470925,2306.0,118495.0,122574.0
2025-06-20 10:17:57.624314,2306.0,118495.0,122574.0
2025-06-20 10:17:58.365454,2306.0,118514.0,122574.0
2025-06-20 10:17:59.239669,2306.0,118442.0,122590.0
2025-06-20 10:18:00.244611,2306.0,118438.0,121990.0
2025-06-20 10:18:00.627486,2306.0,118438.0,121990.0
2025-06-20 10:18:01.373222,2306.0,119058.0,122430.0
2025-06-20 10:18:03.630894,2305.9,119058.0,122430.0
2025-06-20 10:18:06.628516,2305.7,119058.0,122430.0
2025-06-20 10:18:07.746882,2305.7,119356.0,121936.0
2025-06-20 10:18:09.627151,2306.0,119356.0,121936.0
2025-06-20 10:18:12.625098,2306.0,119356.0,121936.0
2025-06-20 10:18:13.662391,2306.0,119718.0,121853.0
2025-06-20 10:18:15.624110,2307.0,119718.0,121853.0
2025-06-20 10:18:18.633573,2307.6,119718.0,121853.0
2025-06-20 10:18:19.366507,2307.6,119824.0,123031.0
2025-06-20 10:18:21.626647,2306.9,119824.0,123031.0
2025-06-20 10:18:24.631331,2307.5,119824.0,123031.0
2025-06-20 10:18:26.057706,2307.5,120192.0,122517.0
2025-06-20 10:18:27.631176,2307.4,120192.0,122517.0
2025-06-20 10:18:30.627259,2307.4,120192.0,122517.0
2025-06-20 10:18:32.887735,2306.9,119545.0,123581.0
2025-06-20 10:18:33.631932,2306.9,119545.0,123581.0
2025-06-20 10:18:36.631288,2306.9,119545.0,123581.0
2025-06-20 10:18:38.764252,2306.9,117627.0,124775.0
2025-06-20 10:18:39.635722,2306.5,117627.0,124775.0
2025-06-20 10:18:41.588140,2306.5,117627.0,124775.0
2025-06-20 10:18:42.129623,2306.5,117627.0,124775.0
2025-06-20 10:18:42.682932,2306.5,117627.0,124775.0
2025-06-20 10:18:42.776197,2306.5,117627.0,124775.0
2025-06-20 10:18:43.304614,2306.5,117627.0,124775.0
2025-06-20 10:18:44.442834,2306.5,117627.0,124775.0
2025-06-20 10:18:44.642845,2306.5,117657.0,123559.0
2025-06-20 10:18:45.023085,2306.5,117657.0,123559.0
2025-06-20 10:18:45.440277,2306.5,117657.0,123559.0
2025-06-20 10:18:45.645934,2306.5,117657.0,123559.0
2025-06-20 10:18:46.389268,2306.5,117657.0,123559.0
2025-06-20 10:18:47.700992,2306.5,117657.0,123559.0
2025-06-20 10:18:48.692856,2306.5,117657.0,123559.0
2025-06-20 10:18:50.215050,2306.5,117657.0,123559.0
2025-06-20 10:18:50.471173,2306.2,117706.0,123555.0
2025-06-20 10:18:51.465643,2306.2,117706.0,123555.0
2025-06-20 10:18:51.637181,2306.2,117706.0,123555.0
2025-06-20 10:18:52.727930,2306.2,117706.0,123555.0
2025-06-20 10:18:54.435125,2306.2,117706.0,123555.0
2025-06-20 10:18:56.274122,2306.5,118374.0,122503.0
2025-06-20 10:18:57.641594,2306.5,118374.0,122503.0
2025-06-20 10:19:00.640455,2306.5,118374.0,122503.0
2025-06-20 10:19:01.176867,2306.5,117890.0,123073.0
2025-06-20 10:19:01.641199,2306.5,117890.0,123073.0
2025-06-20 10:19:02.276921,2306.5,117902.0,123154.0
2025-06-20 10:19:02.638487,2306.5,117902.0,123154.0
2025-06-20 10:19:03.392954,2306.5,118170.0,123149.0
2025-06-20 10:19:03.638069,2306.5,118170.0,123149.0
2025-06-20 10:19:04.477258,2306.5,117793.0,123219.0
2025-06-20 10:19:05.477691,2306.9,118738.0,120465.0
2025-06-20 10:19:05.650519,2306.9,118738.0,120465.0
2025-06-20 10:19:06.586332,2306.9,117895.0,121224.0
2025-06-20 10:19:06.633893,2306.9,117895.0,121224.0
2025-06-20 10:19:07.677518,2306.9,118060.0,121404.0
2025-06-20 10:19:08.778547,2306.9,117814.0,121507.0
2025-06-20 10:19:09.779503,2307.8,117831.0,121502.0
2025-06-20 10:19:10.670865,2307.8,117831.0,121502.0
2025-06-20 10:19:10.779781,2307.8,117889.0,120969.0
2025-06-20 10:19:11.893282,2307.8,117675.0,121616.0
2025-06-20 10:19:12.981462,2307.8,117456.0,121919.0
2025-06-20 10:19:14.082079,2306.6,117424.0,122617.0
2025-06-20 10:19:14.646514,2306.6,117424.0,122617.0
2025-06-20 10:19:15.182049,2306.4,117357.0,122463.0
2025-06-20 10:19:15.663206,2306.4,117357.0,122463.0
2025-06-20 10:19:16.283525,2306.4,117634.0,122045.0
2025-06-20 10:19:17.417645,2306.4,117618.0,122156.0
2025-06-20 10:19:18.489156,2306.4,118878.0,122452.0
2025-06-20 10:19:19.586857,2306.3,118894.0,122426.0
2025-06-20 10:19:19.632433,2306.3,118894.0,122426.0
2025-06-20 10:19:20.686473,2306.3,119126.0,122056.0
2025-06-20 10:19:21.684666,2306.6,119126.0,122056.0
2025-06-20 10:19:21.787939,2306.6,119325.0,121581.0
2025-06-20 10:19:22.898799,2306.6,119310.0,121775.0
2025-06-20 10:19:23.645538,2306.5,119310.0,121775.0
2025-06-20 10:19:23.990116,2306.5,119232.0,121831.0
2025-06-20 10:19:24.992797,2306.5,119165.0,121831.0
2025-06-20 10:19:25.694379,2306.5,119165.0,121831.0
2025-06-20 10:19:26.095083,2306.5,118976.0,121940.0
2025-06-20 10:19:27.794938,2306.5,118970.0,122048.0
2025-06-20 10:19:28.935046,2306.5,118972.0,122108.0
2025-06-20 10:19:29.996128,2306.5,118960.0,122278.0
2025-06-20 10:19:31.096227,2306.5,119302.0,122424.0
2025-06-20 10:19:31.669868,2307.0,119302.0,122424.0
2025-06-20 10:19:32.198490,2306.7,119315.0,122486.0
2025-06-20 10:19:32.653324,2306.7,119315.0,122486.0
2025-06-20 10:19:33.300296,2306.7,119325.0,122496.0
2025-06-20 10:19:34.423417,2306.7,119325.0,122286.0
2025-06-20 10:19:35.301737,2307.0,119335.0,122296.0
2025-06-20 10:19:35.644802,2307.0,119335.0,122296.0
2025-06-20 10:19:36.500866,2307.0,119335.0,122296.0
2025-06-20 10:19:37.671771,2307.0,119450.0,122484.0
2025-06-20 10:19:38.637711,2307.0,119450.0,122484.0
2025-06-20 10:19:38.701929,2307.0,119452.0,122624.0
2025-06-20 10:19:39.806694,2307.0,119396.0,122756.0
2025-06-20 10:19:41.008875,2307.0,119336.0,122763.0
2025-06-20 10:19:41.678897,2307.0,119336.0,122763.0
2025-06-20 10:19:41.806515,2307.0,119309.0,122619.0
2025-06-20 10:19:42.905819,2307.0,119299.0,122626.0
2025-06-20 10:19:45.108879,2307.0,119314.0,122631.0
2025-06-20 10:19:45.636098,2306.9,119314.0,122631.0
2025-06-20 10:19:46.232648,2307.0,118720.0,123240.0
2025-06-20 10:19:46.643334,2307.0,118720.0,123240.0
2025-06-20 10:19:47.117028,2307.0,118693.0,123250.0
2025-06-20 10:19:48.313706,2307.0,118683.0,123319.0
2025-06-20 10:19:49.428372,2307.0,118529.0,123375.0
2025-06-20 10:19:49.637941,2307.0,118529.0,123375.0
2025-06-20 10:19:50.516280,2307.0,118698.0,123163.0
2025-06-20 10:19:50.640090,2306.6,118698.0,123163.0
2025-06-20 10:19:51.621427,2306.6,118698.0,123307.0
2025-06-20 10:19:52.692947,2306.6,116987.0,124620.0
2025-06-20 10:19:52.700055,2306.6,116987.0,124620.0
2025-06-20 10:19:53.720260,2306.6,117292.0,124845.0
2025-06-20 10:19:54.647104,2306.0,117292.0,124845.0
2025-06-20 10:19:54.820244,2306.0,117543.0,124864.0
2025-06-20 10:19:55.923504,2306.0,117677.0,124714.0
2025-06-20 10:19:57.027289,2306.0,117991.0,124722.0
2025-06-20 10:19:58.125580,2306.1,117830.0,124769.0
2025-06-20 10:19:58.634836,2306.1,117830.0,124769.0
2025-06-20 10:19:59.127258,2306.1,117622.0,124617.0
2025-06-20 10:19:59.637939,2305.9,117622.0,124617.0
2025-06-20 10:20:00.227415,2307.0,119168.0,120344.0
2025-06-20 10:20:00.668345,2307.0,119168.0,120344.0
2025-06-20 10:20:01.333272,2307.0,119329.0,122208.0
2025-06-20 10:20:01.677570,2307.0,119329.0,122208.0
2025-06-20 10:20:02.229548,2307.0,119931.0,120227.0
2025-06-20 10:20:03.231543,2307.0,120130.0,120665.0
2025-06-20 10:20:04.236446,2307.0,120050.0,120728.0
2025-06-20 10:20:05.231310,2307.5,120082.0,120941.0
2025-06-20 10:20:05.640615,2307.5,120082.0,120941.0
2025-06-20 10:20:06.133237,2307.5,119093.0,121659.0
2025-06-20 10:20:07.035881,2307.5,118750.0,122126.0
2025-06-20 10:20:08.036475,2307.5,118786.0,122092.0
2025-06-20 10:20:08.941208,2307.5,118702.0,122753.0
2025-06-20 10:20:09.848291,2307.5,118678.0,123010.0
2025-06-20 10:20:10.916692,2307.5,118718.0,123063.0
2025-06-20 10:20:11.684687,2307.0,118718.0,123063.0
2025-06-20 10:20:11.940370,2307.0,118828.0,123202.0
2025-06-20 10:20:12.674839,2307.0,118828.0,123202.0
2025-06-20 10:20:12.948105,2307.0,118521.0,123750.0
2025-06-20 10:20:13.636897,2306.5,118521.0,123750.0
2025-06-20 10:20:14.097198,2306.5,118458.0,124010.0
2025-06-20 10:20:14.760987,2306.5,118486.0,124034.0
2025-06-20 10:20:15.749069,2306.5,118443.0,123980.0
2025-06-20 10:20:16.640420,2306.6,118443.0,123980.0
2025-06-20 10:20:16.686014,2306.6,118399.0,123935.0
2025-06-20 10:20:17.685127,2306.6,118181.0,123490.0
2025-06-20 10:20:18.540429,2306.6,118454.0,123668.0
2025-06-20 10:20:19.442303,2306.8,118456.0,123661.0
2025-06-20 10:20:19.639314,2306.8,118456.0,123661.0
2025-06-20 10:20:20.452956,2306.8,118467.0,123561.0
2025-06-20 10:20:20.639734,2306.8,118467.0,123561.0
2025-06-20 10:20:21.443775,2306.8,118508.0,123727.0
2025-06-20 10:20:22.542818,2306.8,118724.0,123880.0
2025-06-20 10:20:22.636570,2306.8,118724.0,123880.0
2025-06-20 10:20:23.543056,2306.8,118511.0,123845.0
2025-06-20 10:20:23.644160,2306.8,118511.0,123845.0
2025-06-20 10:20:24.557928,2306.8,118509.0,123919.0
2025-06-20 10:20:25.545313,2306.8,118411.0,123717.0
2025-06-20 10:20:26.552938,2306.8,118696.0,123660.0
2025-06-20 10:20:26.639387,2306.8,118696.0,123660.0
2025-06-20 10:20:27.548744,2306.8,118668.0,123286.0
2025-06-20 10:20:28.550348,2306.8,118635.0,123007.0
2025-06-20 10:20:29.552296,2306.8,118500.0,123133.0
2025-06-20 10:20:29.640813,2306.8,118500.0,123133.0
2025-06-20 10:20:30.587859,2306.8,117151.0,123187.0
2025-06-20 10:20:31.453599,2306.8,117193.0,123352.0
2025-06-20 10:20:32.458308,2306.5,117216.0,123157.0
2025-06-20 10:20:32.706583,2306.5,117216.0,123157.0
2025-06-20 10:20:33.456637,2306.5,117296.0,123074.0
2025-06-20 10:20:33.640685,2306.5,117296.0,123074.0
2025-06-20 10:20:34.582565,2306.4,117293.0,123233.0
2025-06-20 10:20:34.639128,2306.4,117293.0,123233.0
2025-06-20 10:20:35.459181,2306.4,117436.0,123329.0
2025-06-20 10:20:36.468868,2306.4,117228.0,123652.0
2025-06-20 10:20:37.460968,2306.4,117218.0,123648.0
2025-06-20 10:20:38.459987,2306.4,117229.0,123617.0
2025-06-20 10:20:39.461760,2306.5,117244.0,123433.0
2025-06-20 10:20:39.644005,2306.5,117244.0,123433.0
2025-06-20 10:20:40.475192,2306.5,117239.0,123479.0
2025-06-20 10:20:41.568232,2306.5,117252.0,123515.0
2025-06-20 10:20:42.674608,2306.5,117123.0,123569.0
2025-06-20 10:20:43.680107,2306.5,117231.0,123773.0
2025-06-20 10:20:44.645471,2306.1,117231.0,123773.0
2025-06-20 10:20:44.669687,2306.1,117401.0,124064.0
2025-06-20 10:20:45.659073,2306.1,117401.0,124064.0
2025-06-20 10:20:45.671891,2306.1,117284.0,123973.0
2025-06-20 10:20:46.671839,2306.1,117713.0,123606.0
2025-06-20 10:20:47.645694,2306.5,117713.0,123606.0
2025-06-20 10:20:47.675355,2306.5,117722.0,123565.0
2025-06-20 10:20:48.644306,2306.5,117722.0,123565.0
2025-06-20 10:20:48.671510,2306.5,117722.0,123612.0
2025-06-20 10:20:49.706510,2306.5,117243.0,123897.0
2025-06-20 10:20:50.746998,2306.5,117391.0,123841.0
2025-06-20 10:20:51.675103,2306.5,118831.0,124236.0
2025-06-20 10:20:52.643801,2306.1,118831.0,124236.0
2025-06-20 10:20:52.766905,2306.1,119148.0,124082.0
2025-06-20 10:20:53.769929,2306.1,119149.0,124237.0
2025-06-20 10:20:54.641945,2306.1,119149.0,124237.0
2025-06-20 10:20:54.768865,2306.1,119000.0,124324.0
2025-06-20 10:20:55.881147,2305.7,118679.0,124430.0
2025-06-20 10:20:56.653958,2305.7,118679.0,124430.0
2025-06-20 10:20:56.971904,2306.1,118600.0,124441.0
2025-06-20 10:20:57.646880,2306.1,118600.0,124441.0
2025-06-20 10:20:58.070172,2306.1,118965.0,124051.0
2025-06-20 10:20:58.642937,2305.7,118965.0,124051.0
2025-06-20 10:20:59.183913,2305.7,118320.0,124207.0
2025-06-20 10:20:59.653848,2306.5,118320.0,124207.0
2025-06-20 10:21:00.171239,2306.5,118390.0,124184.0
2025-06-20 10:21:03.651364,2306.1,118390.0,124184.0
2025-06-20 10:21:05.073886,2306.5,118313.0,124203.0
2025-06-20 10:21:05.651430,2306.0,118313.0,124203.0
2025-06-20 10:21:08.651630,2306.5,118313.0,124203.0
2025-06-20 10:21:11.503770,2306.3,118011.0,125642.0
2025-06-20 10:21:11.653045,2306.3,118011.0,125642.0
2025-06-20 10:21:14.657801,2305.7,118011.0,125642.0
2025-06-20 10:21:17.653560,2306.0,118011.0,125642.0
2025-06-20 10:21:17.685535,2306.0,117989.0,126021.0
2025-06-20 10:21:20.661549,2305.7,117989.0,126021.0
2025-06-20 10:21:23.624688,2305.7,117547.0,126597.0
2025-06-20 10:21:23.663384,2305.7,117547.0,126597.0
2025-06-20 10:21:26.650230,2305.6,117547.0,126597.0
2025-06-20 10:21:29.593863,2305.9,117943.0,124896.0
2025-06-20 10:21:29.657804,2305.9,117943.0,124896.0
2025-06-20 10:21:32.672559,2305.8,117943.0,124896.0
2025-06-20 10:21:35.593948,2305.8,117893.0,125805.0
2025-06-20 10:21:38.648817,2306.0,117893.0,125805.0
2025-06-20 10:21:41.499152,2305.6,117747.0,126538.0
2025-06-20 10:21:41.652165,2305.6,117747.0,126538.0
2025-06-20 10:21:41.852218,2305.6,117747.0,126538.0
2025-06-20 10:21:42.203748,2305.6,117747.0,126538.0
2025-06-20 10:21:43.097811,2305.6,117747.0,126538.0
2025-06-20 10:21:44.448474,2305.6,117747.0,126538.0
2025-06-20 10:21:45.481165,2305.6,117747.0,126538.0
2025-06-20 10:21:46.843107,2305.6,117747.0,126538.0
2025-06-20 10:21:47.321812,2305.7,117379.0,126648.0
2025-06-20 10:21:47.662401,2305.7,117379.0,126648.0
2025-06-20 10:21:48.145318,2305.7,117379.0,126648.0
2025-06-20 10:21:49.117791,2305.7,117379.0,126648.0
2025-06-20 10:21:50.683546,2306.0,117379.0,126648.0
2025-06-20 10:21:50.719175,2306.0,117379.0,126648.0
2025-06-20 10:21:51.987181,2306.0,117379.0,126648.0
2025-06-20 10:21:52.939339,2306.0,118150.0,125635.0
2025-06-20 10:21:53.218445,2306.0,118150.0,125635.0
2025-06-20 10:21:53.647518,2306.0,118150.0,125635.0
2025-06-20 10:21:54.821477,2306.0,118150.0,125635.0
2025-06-20 10:21:58.611581,2306.0,117654.0,126259.0
2025-06-20 10:22:01.110526,2305.8,117601.0,126586.0
2025-06-20 10:22:01.661822,2305.8,117601.0,126586.0
2025-06-20 10:22:02.108959,2305.8,117592.0,126635.0
2025-06-20 10:22:03.210117,2305.8,117596.0,126648.0
2025-06-20 10:22:04.309922,2305.8,117596.0,126663.0
2025-06-20 10:22:05.424607,2305.6,117489.0,126891.0
2025-06-20 10:22:05.712872,2305.6,117489.0,126891.0
2025-06-20 10:22:06.313115,2305.6,117307.0,127108.0
2025-06-20 10:22:06.652258,2305.6,117307.0,127108.0
2025-06-20 10:22:07.770125,2305.6,117273.0,127181.0
2025-06-20 10:22:08.502279,2305.6,117220.0,127232.0
2025-06-20 10:22:09.512852,2305.6,117078.0,127511.0
2025-06-20 10:22:11.513313,2305.6,117105.0,127538.0
2025-06-20 10:22:11.696022,2305.8,117105.0,127538.0
2025-06-20 10:22:12.212305,2305.8,116186.0,128070.0
2025-06-20 10:22:13.216922,2305.8,116588.0,127552.0
2025-06-20 10:22:14.323943,2305.8,116594.0,127939.0
2025-06-20 10:22:15.429622,2305.8,116593.0,127907.0
2025-06-20 10:22:16.517143,2305.8,116640.0,127482.0
2025-06-20 10:22:17.518981,2305.7,116644.0,127440.0
2025-06-20 10:22:17.652911,2305.7,116644.0,127440.0
2025-06-20 10:22:18.448335,2305.6,116685.0,127608.0
2025-06-20 10:22:18.688709,2305.6,116685.0,127608.0
2025-06-20 10:22:19.520668,2305.5,116666.0,127547.0
2025-06-20 10:22:19.648843,2305.5,116666.0,127547.0
2025-06-20 10:22:20.629909,2305.5,116666.0,127546.0
2025-06-20 10:22:21.659379,2305.7,116666.0,127546.0
2025-06-20 10:22:21.725395,2305.7,116678.0,127505.0
2025-06-20 10:22:22.671960,2305.7,116678.0,127505.0
2025-06-20 10:22:22.932817,2305.7,116731.0,127177.0
2025-06-20 10:22:23.652992,2305.5,116731.0,127177.0
2025-06-20 10:22:23.933370,2305.5,116768.0,126847.0
2025-06-20 10:22:24.823483,2305.5,116802.0,126899.0
2025-06-20 10:22:25.823625,2305.5,116816.0,126473.0
2025-06-20 10:22:26.650231,2305.7,116816.0,126473.0
2025-06-20 10:22:26.936804,2305.8,117531.0,125023.0
2025-06-20 10:22:27.647763,2305.8,117531.0,125023.0
2025-06-20 10:22:28.031042,2305.8,117434.0,125345.0
2025-06-20 10:22:29.030270,2305.8,117467.0,125532.0
2025-06-20 10:22:30.130133,2305.8,117136.0,125337.0
2025-06-20 10:22:31.173389,2305.8,117136.0,125337.0
2025-06-20 10:22:31.225158,2305.8,116980.0,125325.0
2025-06-20 10:22:31.659347,2306.0,116980.0,125325.0
2025-06-20 10:22:32.234457,2306.0,117069.0,125288.0
2025-06-20 10:22:33.329917,2306.0,117356.0,124796.0
2025-06-20 10:22:34.438733,2306.0,117408.0,124914.0
2025-06-20 10:22:34.718800,2306.0,117408.0,124914.0
2025-06-20 10:22:35.527137,2305.6,117047.0,124989.0
2025-06-20 10:22:35.652369,2305.6,117047.0,124989.0
2025-06-20 10:22:36.450707,2305.6,117040.0,125018.0
2025-06-20 10:22:37.630974,2305.6,117040.0,125056.0
2025-06-20 10:22:38.729612,2305.6,116976.0,125017.0
2025-06-20 10:22:39.732433,2305.6,116998.0,125116.0
2025-06-20 10:22:40.733075,2306.0,116998.0,125116.0
2025-06-20 10:22:40.939548,2306.0,118218.0,123512.0
2025-06-20 10:22:41.699895,2306.9,118218.0,123512.0
2025-06-20 10:22:41.832992,2306.9,118174.0,122760.0
2025-06-20 10:22:42.947512,2306.9,118157.0,122648.0
2025-06-20 10:22:44.038812,2306.9,118128.0,122670.0
2025-06-20 10:22:45.037102,2306.9,118222.0,122897.0
2025-06-20 10:22:46.135445,2306.9,118251.0,122907.0
2025-06-20 10:22:46.654732,2307.0,118251.0,122907.0
2025-06-20 10:22:47.235981,2307.0,118162.0,122893.0
2025-06-20 10:22:48.137494,2307.0,117983.0,122925.0
2025-06-20 10:22:48.657916,2307.1,117983.0,122925.0
2025-06-20 10:22:49.335987,2307.0,113072.0,121254.0
2025-06-20 10:22:49.654354,2307.0,113072.0,121254.0
2025-06-20 10:22:50.478763,2307.0,118518.0,121870.0
2025-06-20 10:22:50.652609,2307.0,118518.0,121870.0
2025-06-20 10:22:51.443511,2307.0,118519.0,121817.0
2025-06-20 10:22:51.651271,2307.0,118519.0,121817.0
2025-06-20 10:22:52.447318,2307.0,118186.0,121460.0
2025-06-20 10:22:52.654564,2307.0,118186.0,121460.0
2025-06-20 10:22:53.447261,2307.0,118163.0,121621.0
2025-06-20 10:22:53.654919,2307.0,118163.0,121621.0
2025-06-20 10:22:54.344323,2307.0,117924.0,121532.0
2025-06-20 10:22:55.448137,2307.0,117934.0,121577.0
2025-06-20 10:22:56.541411,2307.8,117950.0,121760.0
2025-06-20 10:22:56.654284,2307.8,117950.0,121760.0
2025-06-20 10:22:57.543996,2307.8,117867.0,122080.0
2025-06-20 10:22:58.559236,2307.8,118015.0,122102.0
2025-06-20 10:22:59.543169,2307.8,118000.0,122105.0
2025-06-20 10:23:01.062285,2307.8,118214.0,122277.0
2025-06-20 10:23:01.953870,2307.8,118131.0,122224.0
2025-06-20 10:23:02.904080,2307.8,118102.0,122204.0
2025-06-20 10:23:03.702915,2307.3,118102.0,122204.0
2025-06-20 10:23:03.844859,2307.3,118221.0,121905.0
2025-06-20 10:23:04.848575,2307.7,118739.0,121950.0
2025-06-20 10:23:05.650631,2307.7,118739.0,121950.0
2025-06-20 10:23:05.847448,2307.7,118746.0,121926.0
2025-06-20 10:23:06.750626,2307.7,118436.0,122276.0
2025-06-20 10:23:07.656881,2307.7,118394.0,122522.0
2025-06-20 10:23:08.659058,2307.7,118351.0,122365.0
2025-06-20 10:23:09.549751,2307.7,118422.0,122414.0
2025-06-20 10:23:09.700232,2307.7,118422.0,122414.0
2025-06-20 10:23:10.453598,2307.7,118439.0,122369.0
2025-06-20 10:23:10.650124,2307.7,118439.0,122369.0
2025-06-20 10:23:11.455990,2308.0,117873.0,121459.0
2025-06-20 10:23:11.732200,2308.0,117873.0,121459.0
2025-06-20 10:23:12.465586,2308.0,118119.0,121384.0
2025-06-20 10:23:13.459051,2308.0,118154.0,121383.0
2025-06-20 10:23:14.467754,2308.0,118171.0,121471.0
2025-06-20 10:23:14.651418,2307.6,118171.0,121471.0
2025-06-20 10:23:15.454165,2307.6,118123.0,121470.0
2025-06-20 10:23:16.456399,2307.6,118050.0,121272.0
2025-06-20 10:23:17.363044,2307.6,117907.0,121272.0
2025-06-20 10:23:18.362679,2307.6,117908.0,121334.0
2025-06-20 10:23:19.382919,2307.6,117876.0,121694.0
2025-06-20 10:23:20.362901,2307.9,118176.0,121666.0
2025-06-20 10:23:20.652569,2307.9,118176.0,121666.0
2025-06-20 10:23:21.258491,2307.9,118156.0,121654.0
2025-06-20 10:23:21.653848,2307.9,118156.0,121654.0
2025-06-20 10:23:22.259710,2307.9,118521.0,121581.0
2025-06-20 10:23:22.650337,2307.9,118521.0,121581.0
2025-06-20 10:23:23.259139,2307.9,118449.0,121595.0
2025-06-20 10:23:24.260411,2308.0,118245.0,121583.0
2025-06-20 10:23:24.651992,2308.0,118245.0,121583.0
2025-06-20 10:23:25.263922,2308.0,118245.0,121589.0
2025-06-20 10:23:26.172173,2308.0,118207.0,121676.0
2025-06-20 10:23:26.651824,2308.0,118207.0,121676.0
2025-06-20 10:23:27.175654,2308.0,118209.0,121679.0
2025-06-20 10:23:28.199563,2308.0,118271.0,121708.0
2025-06-20 10:23:29.075168,2308.0,118271.0,121709.0
2025-06-20 10:23:30.063264,2308.0,118264.0,121727.0
2025-06-20 10:23:31.104113,2308.0,118276.0,121697.0
2025-06-20 10:23:32.103663,2308.0,118233.0,121883.0
2025-06-20 10:23:33.067167,2308.0,118246.0,121896.0
2025-06-20 10:23:34.067004,2308.0,118247.0,121696.0
2025-06-20 10:23:34.658366,2308.0,118247.0,121696.0
2025-06-20 10:23:34.991848,2308.0,118237.0,122241.0
2025-06-20 10:23:35.656694,2308.0,118237.0,122241.0
2025-06-20 10:23:35.973426,2307.8,118237.0,122239.0
2025-06-20 10:23:36.654114,2307.8,118237.0,122239.0
2025-06-20 10:23:37.068979,2307.8,118495.0,122245.0
2025-06-20 10:23:37.651597,2307.8,118495.0,122245.0
2025-06-20 10:23:37.970746,2307.8,118348.0,122314.0
2025-06-20 10:23:38.974310,2307.8,118507.0,122347.0
2025-06-20 10:23:39.971652,2307.8,118507.0,122418.0
2025-06-20 10:23:40.974341,2307.8,118535.0,121871.0
2025-06-20 10:23:41.652454,2307.9,118535.0,121871.0
2025-06-20 10:23:41.887782,2307.9,118508.0,122191.0
2025-06-20 10:23:43.128419,2307.9,118706.0,122202.0
2025-06-20 10:23:43.895097,2307.9,118584.0,122271.0
2025-06-20 10:23:44.775177,2307.9,118488.0,122270.0
2025-06-20 10:23:45.668140,2308.0,118488.0,122270.0
2025-06-20 10:23:45.774615,2308.0,118611.0,122415.0
2025-06-20 10:23:46.657298,2308.0,118611.0,122415.0
2025-06-20 10:23:46.704736,2308.0,118615.0,122364.0
2025-06-20 10:23:47.598361,2308.0,118636.0,122364.0
2025-06-20 10:23:48.479596,2307.8,118593.0,122371.0
2025-06-20 10:23:48.663273,2307.8,118593.0,122371.0
2025-06-20 10:23:49.480668,2307.8,118592.0,122371.0
2025-06-20 10:23:49.653386,2307.8,118592.0,122371.0
2025-06-20 10:23:50.480530,2307.8,118592.0,122371.0
2025-06-20 10:23:51.485087,2307.8,118304.0,123506.0
2025-06-20 10:23:52.478825,2307.8,118910.0,123447.0
2025-06-20 10:23:53.477991,2307.8,118821.0,123441.0
2025-06-20 10:23:54.485046,2308.0,118786.0,123118.0
2025-06-20 10:23:54.655960,2308.0,118786.0,123118.0
2025-06-20 10:23:55.490882,2308.0,118808.0,123118.0
2025-06-20 10:23:56.482411,2308.0,118409.0,123492.0
2025-06-20 10:23:56.655723,2308.0,118409.0,123492.0
2025-06-20 10:23:57.394671,2308.0,118520.0,123139.0
2025-06-20 10:23:58.416979,2308.0,118451.0,123429.0
2025-06-20 10:23:59.284445,2308.0,118717.0,123454.0
2025-06-20 10:24:00.183531,2307.8,118473.0,124044.0
2025-06-20 10:24:00.658531,2307.8,118473.0,124044.0
2025-06-20 10:24:01.709911,2307.9,118584.0,124364.0
2025-06-20 10:24:02.671812,2307.9,118584.0,124364.0
2025-06-20 10:24:06.666517,2307.7,118584.0,124364.0
2025-06-20 10:24:07.398126,2307.7,118608.0,125305.0
2025-06-20 10:24:10.930748,2307.4,118608.0,125305.0
2025-06-20 10:24:12.843091,2307.0,118608.0,125305.0
2025-06-20 10:24:12.992321,2307.0,117779.0,125856.0
2025-06-20 10:24:18.701055,2306.8,117779.0,125856.0
2025-06-20 10:24:18.800134,2306.8,117715.0,126355.0
2025-06-20 10:24:22.659930,2307.0,117715.0,126355.0
2025-06-20 10:24:24.205904,2307.0,118027.0,125554.0
2025-06-20 10:24:24.669472,2306.8,118027.0,125554.0
2025-06-20 10:24:26.660067,2306.6,118027.0,125554.0
2025-06-20 10:24:28.669369,2306.9,118027.0,125554.0
2025-06-20 10:24:30.130136,2306.9,128688.0,125289.0
2025-06-20 10:24:30.694158,2306.9,128688.0,125289.0
2025-06-20 10:24:35.718927,2306.8,128619.0,125768.0
2025-06-20 10:24:36.693196,2306.6,128619.0,125768.0
2025-06-20 10:24:40.671327,2306.4,128619.0,125768.0
2025-06-20 10:24:41.710897,2306.4,128416.0,125677.0
2025-06-20 10:24:42.298074,2306.4,128416.0,125677.0
2025-06-20 10:24:43.505924,2306.4,128416.0,125677.0
2025-06-20 10:24:44.040934,2306.4,128416.0,125677.0
2025-06-20 10:24:45.089821,2306.4,128416.0,125677.0
2025-06-20 10:24:45.667137,2306.9,128416.0,125677.0
2025-06-20 10:24:46.103768,2306.9,128416.0,125677.0
2025-06-20 10:24:47.637418,2306.8,129328.0,124231.0
2025-06-20 10:24:47.694090,2306.8,129328.0,124231.0
2025-06-20 10:24:48.664982,2306.8,129328.0,124231.0
2025-06-20 10:24:48.820046,2306.8,129328.0,124231.0
2025-06-20 10:24:49.797472,2306.8,129328.0,124231.0
2025-06-20 10:24:50.661390,2306.8,129328.0,124231.0
2025-06-20 10:24:51.302570,2306.8,129328.0,124231.0
2025-06-20 10:24:52.578841,2306.8,129328.0,124231.0
2025-06-20 10:24:53.114254,2306.8,129157.0,123815.0
2025-06-20 10:24:53.837556,2306.8,129157.0,123815.0
2025-06-20 10:24:54.663407,2307.0,129157.0,123815.0
2025-06-20 10:24:55.471503,2307.0,129157.0,123815.0
2025-06-20 10:24:56.659473,2307.6,129157.0,123815.0
2025-06-20 10:24:58.663765,2307.6,129157.0,123815.0
2025-06-20 10:24:59.016945,2307.6,127659.0,123971.0
2025-06-20 10:25:02.661841,2307.8,127659.0,123971.0
2025-06-20 10:25:04.934054,2307.8,127779.0,124435.0
2025-06-20 10:25:06.662218,2307.6,127779.0,124435.0
2025-06-20 10:25:10.689279,2307.4,127779.0,124435.0
2025-06-20 10:25:11.028954,2307.3,127614.0,125865.0
2025-06-20 10:25:13.661429,2307.3,127614.0,125865.0
2025-06-20 10:25:16.679643,2307.3,127614.0,125865.0
2025-06-20 10:25:17.332467,2307.3,127692.0,125705.0
2025-06-20 10:25:22.667744,2307.3,127692.0,125705.0
2025-06-20 10:25:23.345436,2307.3,127874.0,125435.0
2025-06-20 10:25:29.451829,2307.3,127387.0,125473.0
2025-06-20 10:25:34.666352,2307.1,127387.0,125473.0
2025-06-20 10:25:35.541731,2307.3,127919.0,125552.0
2025-06-20 10:25:37.663426,2307.3,127919.0,125552.0
2025-06-20 10:25:40.673949,2307.1,127919.0,125552.0
2025-06-20 10:25:41.958658,2308.2,129668.0,122378.0
2025-06-20 10:25:43.740906,2308.2,129668.0,122378.0
2025-06-20 10:25:46.668407,2308.4,129668.0,122378.0
2025-06-20 10:25:48.052437,2309.0,128922.0,121472.0
2025-06-20 10:25:49.665904,2308.8,128922.0,121472.0
2025-06-20 10:25:52.669331,2308.8,128922.0,121472.0
2025-06-20 10:25:54.157813,2308.8,128493.0,122702.0
2025-06-20 10:25:58.673709,2308.5,128493.0,122702.0
2025-06-20 10:25:59.962220,2308.5,128298.0,122430.0
2025-06-20 10:26:01.667509,2308.5,128298.0,122430.0
2025-06-20 10:26:04.668763,2308.4,128298.0,122430.0
2025-06-20 10:26:05.863687,2308.2,128219.0,122143.0
2025-06-20 10:26:07.674645,2308.2,128219.0,122143.0
2025-06-20 10:26:10.673287,2308.2,128219.0,122143.0
2025-06-20 10:26:12.271473,2308.2,128664.0,121764.0
2025-06-20 10:26:16.669081,2308.2,128664.0,121764.0
2025-06-20 10:26:18.585146,2308.2,128785.0,121436.0
2025-06-20 10:26:22.668509,2307.9,128785.0,121436.0
2025-06-20 10:26:24.779440,2308.2,128734.0,121987.0
2025-06-20 10:26:25.666646,2307.8,128734.0,121987.0
2025-06-20 10:26:30.986253,2307.8,128954.0,122124.0
2025-06-20 10:26:34.675563,2307.8,128954.0,122124.0
2025-06-20 10:26:37.085015,2307.8,128953.0,122004.0
2025-06-20 10:26:37.682314,2307.8,128953.0,122004.0
2025-06-20 10:26:40.669303,2308.1,128953.0,122004.0
2025-06-20 10:26:43.590923,2308.0,129571.0,120770.0
2025-06-20 10:26:43.709941,2308.0,129571.0,120770.0
2025-06-20 10:26:46.723880,2308.0,129571.0,120770.0
2025-06-20 10:26:49.716389,2307.9,129571.0,120770.0
2025-06-20 10:26:49.801676,2307.9,129631.0,120991.0
2025-06-20 10:26:52.915937,2308.5,129631.0,120991.0
2025-06-20 10:26:56.102801,2308.3,129631.0,120991.0
2025-06-20 10:26:56.105555,2308.4,130199.0,120630.0
2025-06-20 10:26:58.701205,2308.8,130199.0,120630.0
2025-06-20 10:27:01.306945,2308.9,129839.0,120493.0
2025-06-20 10:27:01.690228,2308.9,129839.0,120493.0
2025-06-20 10:27:02.447449,2308.9,130003.0,119917.0
2025-06-20 10:27:03.510592,2308.9,130378.0,119951.0
2025-06-20 10:27:04.610749,2308.9,130331.0,120262.0
2025-06-20 10:27:04.722580,2308.9,130331.0,120262.0
2025-06-20 10:27:05.690844,2308.6,130331.0,120262.0
2025-06-20 10:27:05.718380,2308.6,129809.0,120173.0
2025-06-20 10:27:06.744547,2308.6,129926.0,120193.0
2025-06-20 10:27:07.741474,2308.6,129926.0,120194.0
2025-06-20 10:27:08.724563,2308.6,129950.0,120210.0
2025-06-20 10:27:09.836178,2308.6,130149.0,119785.0
2025-06-20 10:27:10.703383,2309.2,130149.0,119785.0
2025-06-20 10:27:10.751809,2309.2,129740.0,118306.0
2025-06-20 10:27:11.674684,2309.9,129740.0,118306.0
2025-06-20 10:27:12.021289,2309.9,129521.0,118950.0
2025-06-20 10:27:12.952323,2309.9,128734.0,119024.0
2025-06-20 10:27:13.681711,2310.0,128734.0,119024.0
2025-06-20 10:27:14.154204,2310.0,128638.0,119219.0
2025-06-20 10:27:15.118538,2310.0,128571.0,119419.0
2025-06-20 10:27:16.223587,2310.6,128379.0,114379.0
2025-06-20 10:27:16.666665,2311.0,128379.0,114379.0
2025-06-20 10:27:17.318337,2311.0,128889.0,115079.0
2025-06-20 10:27:17.666053,2310.7,128889.0,115079.0
2025-06-20 10:27:18.319011,2310.1,128427.0,116096.0
2025-06-20 10:27:18.673121,2310.1,128427.0,116096.0
2025-06-20 10:27:19.458222,2311.0,128391.0,115656.0
2025-06-20 10:27:19.663949,2311.0,128391.0,115656.0
2025-06-20 10:27:20.526015,2311.0,128733.0,115421.0
2025-06-20 10:27:20.672878,2311.0,128733.0,115421.0
2025-06-20 10:27:21.621911,2311.0,129135.0,115857.0
2025-06-20 10:27:21.665244,2311.0,129135.0,115857.0
2025-06-20 10:27:22.682394,2311.0,129135.0,115857.0
2025-06-20 10:27:22.735018,2311.0,129227.0,115169.0
2025-06-20 10:27:24.136222,2311.0,129227.0,115169.0
2025-06-20 10:27:24.171825,2311.0,127901.0,116613.0
2025-06-20 10:27:25.346280,2311.3,127901.0,116613.0
2025-06-20 10:27:25.379291,2311.3,127952.0,117048.0
2025-06-20 10:27:25.676214,2311.0,127952.0,117048.0
2025-06-20 10:27:26.024706,2311.0,128131.0,118212.0
2025-06-20 10:27:27.124861,2311.0,128334.0,119067.0
2025-06-20 10:27:27.672030,2310.0,128334.0,119067.0
2025-06-20 10:27:28.228203,2310.0,127747.0,119630.0
2025-06-20 10:27:28.736115,2310.5,127747.0,119630.0
2025-06-20 10:27:29.328106,2310.5,127779.0,119120.0
2025-06-20 10:27:30.327601,2310.5,128081.0,118835.0
2025-06-20 10:27:31.354772,2310.5,128117.0,118837.0
2025-06-20 10:27:32.331057,2310.5,129331.0,118782.0
2025-06-20 10:27:33.442491,2310.5,129310.0,119299.0
2025-06-20 10:27:34.537809,2310.2,129064.0,119511.0
2025-06-20 10:27:34.691776,2310.2,129064.0,119511.0
2025-06-20 10:27:35.633864,2310.5,129153.0,119641.0
2025-06-20 10:27:35.669741,2310.5,129153.0,119641.0
2025-06-20 10:27:36.692991,2310.5,129153.0,119641.0
2025-06-20 10:27:36.765610,2310.5,128989.0,120035.0
2025-06-20 10:27:37.636985,2310.5,128947.0,120099.0
2025-06-20 10:27:37.678241,2310.5,128947.0,120099.0
2025-06-20 10:27:38.793425,2310.5,128872.0,120311.0
2025-06-20 10:27:39.695816,2309.8,128872.0,120311.0
2025-06-20 10:27:39.842665,2309.8,128370.0,121462.0
2025-06-20 10:27:40.691602,2309.5,128370.0,121462.0
2025-06-20 10:27:40.976449,2309.5,128247.0,122159.0
2025-06-20 10:27:42.042990,2309.5,128568.0,122190.0
2025-06-20 10:27:42.703529,2309.5,128568.0,122190.0
2025-06-20 10:27:42.707485,2309.8,128568.0,122190.0
2025-06-20 10:27:43.053485,2309.8,128568.0,122190.0
2025-06-20 10:27:43.140585,2309.8,128496.0,121744.0
2025-06-20 10:27:43.327555,2309.8,128496.0,121744.0
2025-06-20 10:27:44.042146,2309.8,128496.0,121664.0
2025-06-20 10:27:44.267684,2309.8,128496.0,121664.0
2025-06-20 10:27:45.250196,2309.5,127979.0,122060.0
2025-06-20 10:27:45.300022,2309.5,127979.0,122060.0
2025-06-20 10:27:45.679890,2309.5,127979.0,122060.0
2025-06-20 10:27:45.782529,2309.5,127979.0,122060.0
2025-06-20 10:27:46.313030,2309.5,127979.0,122060.0
2025-06-20 10:27:46.342846,2309.5,128115.0,122548.0
2025-06-20 10:27:46.747582,2309.5,128115.0,122548.0
2025-06-20 10:27:47.458763,2309.5,128434.0,122206.0
2025-06-20 10:27:47.698754,2309.5,128434.0,122206.0
2025-06-20 10:27:48.552093,2309.5,128411.0,122339.0
2025-06-20 10:27:49.020918,2309.5,128411.0,122339.0
2025-06-20 10:27:49.647894,2309.9,128431.0,121961.0
2025-06-20 10:27:49.678940,2309.9,128431.0,121961.0
2025-06-20 10:27:50.014098,2309.9,128431.0,121961.0
2025-06-20 10:27:50.648516,2309.0,128332.0,121878.0
2025-06-20 10:27:50.678244,2309.0,128332.0,121878.0
2025-06-20 10:27:51.511977,2309.0,128332.0,121878.0
2025-06-20 10:27:51.647589,2309.0,128350.0,121769.0
2025-06-20 10:27:52.676729,2309.8,128350.0,121769.0
2025-06-20 10:27:52.762552,2309.8,128414.0,121557.0
2025-06-20 10:27:52.826330,2309.8,128414.0,121557.0
2025-06-20 10:27:53.850513,2309.8,128120.0,122326.0
2025-06-20 10:27:54.027873,2309.8,128120.0,122326.0
2025-06-20 10:27:54.957658,2309.8,128244.0,121516.0
2025-06-20 10:27:55.625761,2309.8,128244.0,121516.0
2025-06-20 10:27:55.718179,2309.8,128244.0,121516.0
2025-06-20 10:27:56.052590,2309.8,128193.0,122062.0
2025-06-20 10:27:56.676542,2309.8,128193.0,122062.0
2025-06-20 10:27:57.053917,2309.8,128322.0,121943.0
2025-06-20 10:27:58.053621,2309.8,128426.0,122275.0
2025-06-20 10:27:59.053844,2309.8,128197.0,122224.0
2025-06-20 10:28:00.055666,2309.8,128340.0,121581.0
2025-06-20 10:28:01.662260,2309.6,128203.0,121136.0
2025-06-20 10:28:01.712463,2309.6,128203.0,121136.0
2025-06-20 10:28:02.658204,2309.6,128543.0,121457.0
2025-06-20 10:28:03.561400,2309.6,128564.0,121458.0
2025-06-20 10:28:04.658943,2309.6,128517.0,121450.0
2025-06-20 10:28:05.666854,2309.2,128517.0,121450.0
2025-06-20 10:28:05.760031,2309.2,128739.0,121269.0
2025-06-20 10:28:06.861494,2309.2,128774.0,121317.0
2025-06-20 10:28:07.864535,2309.2,128836.0,121273.0
2025-06-20 10:28:08.967072,2309.2,128723.0,121362.0
2025-06-20 10:28:10.061250,2309.2,128671.0,121498.0
2025-06-20 10:28:11.161145,2309.2,128730.0,121791.0
2025-06-20 10:28:11.666093,2309.5,128730.0,121791.0
2025-06-20 10:28:12.264427,2309.5,129015.0,121251.0
2025-06-20 10:28:12.668645,2309.5,129015.0,121251.0
2025-06-20 10:28:13.364337,2309.5,128970.0,121330.0
2025-06-20 10:28:14.469824,2309.5,128929.0,121482.0
2025-06-20 10:28:15.565683,2309.5,128726.0,121570.0
2025-06-20 10:28:16.665408,2309.8,128726.0,121570.0
2025-06-20 10:28:16.674082,2309.8,128723.0,121671.0
2025-06-20 10:28:17.665467,2309.4,128723.0,121671.0
2025-06-20 10:28:17.767782,2309.4,128666.0,121698.0
2025-06-20 10:28:18.877730,2309.4,128550.0,122194.0
2025-06-20 10:28:20.047055,2309.7,128774.0,121675.0
2025-06-20 10:28:20.666461,2309.7,128774.0,121675.0
2025-06-20 10:28:20.991878,2309.7,128783.0,121747.0
2025-06-20 10:28:21.665265,2309.5,128783.0,121747.0
2025-06-20 10:28:22.070932,2309.5,128930.0,121643.0
2025-06-20 10:28:22.709178,2309.7,128930.0,121643.0
2025-06-20 10:28:23.170466,2309.8,128725.0,121719.0
2025-06-20 10:28:23.684883,2309.8,128725.0,121719.0
2025-06-20 10:28:24.274699,2309.8,128687.0,121819.0
2025-06-20 10:28:24.668490,2309.7,128687.0,121819.0
2025-06-20 10:28:25.373798,2309.7,128729.0,121819.0
2025-06-20 10:28:26.485478,2309.5,129103.0,122057.0
2025-06-20 10:28:26.665850,2309.5,129103.0,122057.0
2025-06-20 10:28:27.576210,2309.5,128910.0,122186.0
2025-06-20 10:28:27.665280,2309.5,128910.0,122186.0
2025-06-20 10:28:28.677353,2309.5,128910.0,122186.0
2025-06-20 10:28:28.709417,2309.5,128928.0,121870.0
2025-06-20 10:28:29.778267,2309.1,128879.0,122507.0
2025-06-20 10:28:30.667000,2309.2,128879.0,122507.0
2025-06-20 10:28:30.957346,2309.2,128916.0,122453.0
2025-06-20 10:28:31.668258,2309.0,128916.0,122453.0
2025-06-20 10:28:32.110429,2309.2,128803.0,122482.0
2025-06-20 10:28:32.667875,2309.2,128803.0,122482.0
2025-06-20 10:28:32.983303,2309.2,128819.0,122482.0
2025-06-20 10:28:33.987027,2308.9,128775.0,122426.0
2025-06-20 10:28:34.665363,2308.9,128775.0,122426.0
2025-06-20 10:28:35.121306,2308.9,128800.0,122567.0
2025-06-20 10:28:36.083388,2308.9,128742.0,122474.0
2025-06-20 10:28:36.674569,2308.9,128742.0,122474.0
2025-06-20 10:28:37.186252,2308.9,128761.0,122474.0
2025-06-20 10:28:37.666856,2309.1,128761.0,122474.0
2025-06-20 10:28:38.284123,2309.1,128687.0,122500.0
2025-06-20 10:28:39.288943,2309.1,128689.0,122474.0
2025-06-20 10:28:39.677207,2309.1,128689.0,122474.0
2025-06-20 10:28:40.386211,2308.9,128689.0,122233.0
2025-06-20 10:28:40.668784,2308.9,128689.0,122233.0
2025-06-20 10:28:41.385243,2308.9,128685.0,122393.0
2025-06-20 10:28:41.667560,2309.0,128685.0,122393.0
2025-06-20 10:28:42.495418,2309.0,128767.0,122600.0
2025-06-20 10:28:43.492808,2309.0,128767.0,122378.0
2025-06-20 10:28:43.667842,2309.0,128767.0,122378.0
2025-06-20 10:28:44.585207,2309.0,128558.0,122404.0
2025-06-20 10:28:45.495409,2309.4,129048.0,120752.0
2025-06-20 10:28:45.673110,2309.4,129048.0,120752.0
2025-06-20 10:28:46.585778,2309.4,129247.0,120294.0
2025-06-20 10:28:47.698247,2309.4,129284.0,120341.0
2025-06-20 10:28:48.789738,2309.4,129241.0,120364.0
2025-06-20 10:28:49.901955,2309.8,129223.0,120528.0
2025-06-20 10:28:50.708608,2309.5,129223.0,120528.0
2025-06-20 10:28:50.993139,2309.5,128862.0,120703.0
2025-06-20 10:28:51.668507,2309.4,128862.0,120703.0
2025-06-20 10:28:51.994111,2309.4,128861.0,120881.0
2025-06-20 10:28:53.588891,2309.4,128838.0,120948.0
2025-06-20 10:28:54.670850,2309.5,128838.0,120948.0
2025-06-20 10:28:54.699160,2309.5,128972.0,120817.0
2025-06-20 10:28:55.667133,2309.9,128972.0,120817.0
2025-06-20 10:28:55.790479,2309.9,128820.0,121020.0
2025-06-20 10:28:56.667819,2309.9,128820.0,121020.0
2025-06-20 10:28:56.902591,2309.9,128992.0,120807.0
2025-06-20 10:28:58.000448,2309.9,128943.0,120758.0
2025-06-20 10:28:59.092803,2310.0,129378.0,119700.0
2025-06-20 10:28:59.668156,2310.0,129378.0,119700.0
2025-06-20 10:29:00.193018,2310.0,129420.0,120300.0
2025-06-20 10:29:01.793401,2310.0,129425.0,120055.0
2025-06-20 10:29:02.682103,2309.9,129425.0,120055.0
2025-06-20 10:29:03.678686,2310.0,129425.0,120055.0
2025-06-20 10:29:06.680238,2310.3,129425.0,120055.0
2025-06-20 10:29:07.799164,2310.3,129695.0,120260.0
2025-06-20 10:29:09.686978,2310.2,129695.0,120260.0
2025-06-20 10:29:12.718629,2310.9,129695.0,120260.0
2025-06-20 10:29:14.010853,2311.0,129551.0,119240.0
2025-06-20 10:29:14.682150,2311.0,129551.0,119240.0
2025-06-20 10:29:18.985526,2311.0,129551.0,119240.0
2025-06-20 10:29:20.109421,2311.3,129586.0,119598.0
2025-06-20 10:29:20.716570,2311.3,129586.0,119598.0
2025-06-20 10:29:22.693164,2311.3,129586.0,119598.0
2025-06-20 10:29:24.712380,2311.4,129586.0,119598.0
2025-06-20 10:29:25.727390,2311.4,129499.0,118197.0
2025-06-20 10:29:26.684309,2311.5,129499.0,118197.0
2025-06-20 10:29:28.680367,2311.5,129499.0,118197.0
2025-06-20 10:29:30.726711,2311.3,129499.0,118197.0
2025-06-20 10:29:31.435268,2311.3,129325.0,119824.0
2025-06-20 10:29:34.679331,2311.3,129325.0,119824.0
2025-06-20 10:29:36.678542,2311.3,129325.0,119824.0
2025-06-20 10:29:37.123245,2311.3,129015.0,121033.0
2025-06-20 10:29:39.690176,2311.1,129015.0,121033.0
2025-06-20 10:29:42.691263,2311.2,129015.0,121033.0
2025-06-20 10:29:43.047870,2311.2,129731.0,119780.0
2025-06-20 10:29:45.711857,2311.1,129731.0,119780.0
2025-06-20 10:29:48.823058,2311.0,129731.0,119780.0
2025-06-20 10:29:49.041668,2311.0,129221.0,120040.0
2025-06-20 10:29:51.715179,2311.0,129221.0,120040.0
2025-06-20 10:29:54.679534,2311.0,129221.0,120040.0
2025-06-20 10:29:55.170852,2311.0,129962.0,119979.0
2025-06-20 10:29:57.683612,2311.2,129962.0,119979.0
2025-06-20 10:30:00.341410,2311.0,129726.0,120264.0
2025-06-20 10:30:00.695300,2311.0,129726.0,120264.0
2025-06-20 10:30:02.689970,2311.1,129726.0,120264.0
2025-06-20 10:30:05.729157,2311.0,129726.0,120264.0
2025-06-20 10:30:06.067549,2311.0,129572.0,120188.0
2025-06-20 10:30:08.689381,2311.0,129572.0,120188.0
2025-06-20 10:30:12.161679,2311.0,129485.0,120882.0
2025-06-20 10:30:12.722719,2310.8,129485.0,120882.0
2025-06-20 10:30:16.962909,2310.8,129485.0,120882.0
2025-06-20 10:30:18.052199,2310.4,129789.0,120809.0
2025-06-20 10:30:18.792993,2310.4,129789.0,120809.0
2025-06-20 10:30:23.992661,2310.9,128954.0,121190.0
2025-06-20 10:30:24.726998,2310.9,128954.0,121190.0
2025-06-20 10:30:26.730780,2310.9,128954.0,121190.0
2025-06-20 10:30:29.673442,2311.0,129624.0,120993.0
2025-06-20 10:30:31.712667,2310.8,129624.0,120993.0
2025-06-20 10:30:34.724334,2310.6,129624.0,120993.0
2025-06-20 10:30:35.368632,2310.8,129498.0,120394.0
2025-06-20 10:30:37.690019,2310.8,129498.0,120394.0
2025-06-20 10:30:40.696638,2310.8,129498.0,120394.0
2025-06-20 10:30:41.192256,2310.8,130333.0,120822.0
2025-06-20 10:30:43.225213,2310.8,130333.0,120822.0
2025-06-20 10:30:44.248911,2310.8,130333.0,120822.0
2025-06-20 10:30:45.318554,2310.8,130333.0,120822.0
2025-06-20 10:30:46.504905,2310.8,130333.0,120822.0
2025-06-20 10:30:46.679917,2310.6,130333.0,120822.0
2025-06-20 10:30:46.873532,2310.6,129771.0,121019.0
2025-06-20 10:30:47.034631,2310.6,129771.0,121019.0
2025-06-20 10:30:47.700114,2310.6,129771.0,121019.0
2025-06-20 10:30:48.386832,2310.6,129771.0,121019.0
2025-06-20 10:30:49.733717,2310.6,129771.0,121019.0
2025-06-20 10:30:50.766139,2310.6,129771.0,121019.0
2025-06-20 10:30:52.260847,2310.6,129771.0,121019.0
2025-06-20 10:30:52.376473,2310.6,130031.0,120932.0
2025-06-20 10:30:52.702483,2310.6,130031.0,120932.0
2025-06-20 10:30:53.533577,2310.6,130031.0,120932.0
2025-06-20 10:30:54.819872,2310.6,130031.0,120932.0
2025-06-20 10:30:55.696686,2310.7,130031.0,120932.0
2025-06-20 10:30:56.511416,2310.7,130031.0,120932.0
2025-06-20 10:30:58.278519,2310.8,130158.0,118724.0
2025-06-20 10:30:58.693894,2310.4,130158.0,118724.0
2025-06-20 10:31:01.696402,2310.8,130158.0,118724.0
2025-06-20 10:31:04.492754,2310.8,129518.0,119156.0
2025-06-20 10:31:07.700154,2310.8,129518.0,119156.0
2025-06-20 10:31:10.709753,2311.2,129518.0,119156.0
2025-06-20 10:31:10.799305,2311.2,130344.0,118382.0
2025-06-20 10:31:13.765434,2311.9,130344.0,118382.0
2025-06-20 10:31:16.710444,2312.2,130344.0,118382.0
2025-06-20 10:31:16.796488,2312.2,130028.0,117236.0
2025-06-20 10:31:19.700656,2312.2,130028.0,117236.0
2025-06-20 10:31:22.741265,2311.6,130028.0,117236.0
2025-06-20 10:31:22.797523,2311.6,129101.0,120724.0
2025-06-20 10:31:25.691047,2311.1,129101.0,120724.0
2025-06-20 10:31:28.678536,2311.3,129965.0,119780.0
2025-06-20 10:31:28.744619,2311.3,129965.0,119780.0
2025-06-20 10:31:31.771746,2312.2,129965.0,119780.0
2025-06-20 10:31:34.510611,2311.7,130184.0,118958.0
2025-06-20 10:31:34.749891,2311.7,130184.0,118958.0
2025-06-20 10:31:37.726804,2311.8,130184.0,118958.0
2025-06-20 10:31:40.579513,2311.8,129723.0,119375.0
2025-06-20 10:31:41.046380,2312.3,129723.0,119375.0
2025-06-20 10:31:43.736944,2312.3,129723.0,119375.0
2025-06-20 10:31:46.511217,2312.2,129898.0,119200.0
2025-06-20 10:31:46.719920,2312.2,129898.0,119200.0
2025-06-20 10:31:49.703499,2312.2,129898.0,119200.0
2025-06-20 10:31:52.440509,2312.2,129804.0,119972.0
2025-06-20 10:31:52.715578,2312.2,129804.0,119972.0
2025-06-20 10:31:56.693666,2311.9,129804.0,119972.0
2025-06-20 10:31:58.344706,2311.9,129718.0,122547.0
2025-06-20 10:32:01.540937,2311.2,129755.0,124176.0
2025-06-20 10:32:01.704006,2311.2,129755.0,124176.0
2025-06-20 10:32:02.352079,2311.2,129789.0,124805.0
2025-06-20 10:32:02.701698,2311.2,129789.0,124805.0
2025-06-20 10:32:03.646573,2311.2,129892.0,124818.0
2025-06-20 10:32:04.348974,2311.2,129880.0,124818.0
2025-06-20 10:32:05.549218,2310.8,128604.0,125271.0
2025-06-20 10:32:05.696542,2310.8,128604.0,125271.0
2025-06-20 10:32:06.555007,2310.8,128967.0,125292.0
2025-06-20 10:32:06.940247,2310.8,128967.0,125292.0
2025-06-20 10:32:07.369795,2310.8,128813.0,125135.0
2025-06-20 10:32:07.710584,2310.8,128813.0,125135.0
2025-06-20 10:32:08.335640,2310.8,128614.0,125822.0
2025-06-20 10:32:09.336201,2310.8,128701.0,125550.0
2025-06-20 10:32:10.402110,2310.1,128665.0,125616.0
2025-06-20 10:32:10.702013,2310.1,128665.0,125616.0
2025-06-20 10:32:11.338552,2310.1,128582.0,125685.0
2025-06-20 10:32:12.337640,2311.0,129207.0,125445.0
2025-06-20 10:32:12.688730,2311.0,129207.0,125445.0
2025-06-20 10:32:13.230950,2311.3,129121.0,125199.0
2025-06-20 10:32:13.688426,2311.3,129121.0,125199.0
2025-06-20 10:32:14.131908,2311.3,129278.0,125036.0
2025-06-20 10:32:15.132915,2311.3,129423.0,125208.0
2025-06-20 10:32:16.134760,2311.3,129010.0,125315.0
2025-06-20 10:32:17.134099,2311.3,129026.0,125303.0
2025-06-20 10:32:18.135158,2311.3,129005.0,125546.0
2025-06-20 10:32:20.038983,2311.2,129292.0,125388.0
2025-06-20 10:32:20.712659,2311.2,129292.0,125388.0
2025-06-20 10:32:21.040284,2311.2,128804.0,125449.0
2025-06-20 10:32:21.690602,2310.8,128804.0,125449.0
2025-06-20 10:32:22.089742,2310.8,128857.0,125790.0
2025-06-20 10:32:23.038750,2310.2,128782.0,125749.0
2025-06-20 10:32:23.689928,2310.2,128782.0,125749.0
2025-06-20 10:32:24.039574,2310.2,128818.0,125902.0
2025-06-20 10:32:24.693104,2310.8,128818.0,125902.0
2025-06-20 10:32:25.037840,2310.8,128771.0,126079.0
2025-06-20 10:32:25.734781,2310.8,128771.0,126079.0
2025-06-20 10:32:25.959946,2310.8,129246.0,126063.0
2025-06-20 10:32:26.689771,2311.0,129246.0,126063.0
2025-06-20 10:32:26.969035,2311.0,128233.0,127568.0
2025-06-20 10:32:28.168676,2311.0,128044.0,128117.0
2025-06-20 10:32:29.165834,2311.0,128443.0,127532.0
2025-06-20 10:32:29.955488,2311.0,128435.0,127593.0
2025-06-20 10:32:30.964748,2311.0,128435.0,127733.0
2025-06-20 10:32:31.696016,2310.3,128435.0,127733.0
2025-06-20 10:32:31.847768,2310.3,127969.0,128213.0
2025-06-20 10:32:32.928683,2310.3,128142.0,128330.0
2025-06-20 10:32:33.849269,2310.3,128445.0,128279.0
2025-06-20 10:32:34.754142,2310.6,128422.0,128254.0
2025-06-20 10:32:35.647423,2310.6,128157.0,128409.0
2025-06-20 10:32:35.721064,2310.6,128157.0,128409.0
2025-06-20 10:32:36.545528,2310.6,128489.0,128112.0
2025-06-20 10:32:36.726867,2310.6,128489.0,128112.0
2025-06-20 10:32:37.547672,2310.6,128431.0,128341.0
2025-06-20 10:32:38.459343,2310.0,128359.0,128527.0
2025-06-20 10:32:38.913295,2310.0,128359.0,128527.0
2025-06-20 10:32:39.459862,2310.0,128359.0,128508.0
2025-06-20 10:32:40.547375,2310.0,128324.0,128055.0
2025-06-20 10:32:41.462866,2310.0,128386.0,128637.0
2025-06-20 10:32:42.347083,2310.0,128130.0,128409.0
2025-06-20 10:32:43.250840,2310.0,128206.0,128232.0
2025-06-20 10:32:44.247421,2310.0,128285.0,128251.0
2025-06-20 10:32:44.691268,2310.0,128285.0,128251.0
2025-06-20 10:32:45.149711,2310.0,128178.0,128352.0
2025-06-20 10:32:45.725013,2310.1,128178.0,128352.0
2025-06-20 10:32:46.051252,2310.1,128218.0,128358.0
2025-06-20 10:32:46.979396,2310.1,128213.0,128343.0
2025-06-20 10:32:47.992297,2310.1,128454.0,126576.0
2025-06-20 10:32:48.709681,2310.2,128454.0,126576.0
2025-06-20 10:32:48.976397,2310.2,128536.0,126666.0
2025-06-20 10:32:49.854205,2310.2,128398.0,127153.0
2025-06-20 10:32:50.852653,2310.2,128385.0,126969.0
2025-06-20 10:32:51.870374,2310.2,128385.0,126969.0
2025-06-20 10:32:51.935712,2310.2,128702.0,126885.0
2025-06-20 10:32:52.753342,2310.2,128659.0,126989.0
2025-06-20 10:32:53.655932,2310.2,128659.0,127004.0
2025-06-20 10:32:54.554722,2310.2,128310.0,127217.0
2025-06-20 10:32:54.695221,2310.3,128310.0,127217.0
2025-06-20 10:32:55.471131,2310.3,128310.0,127219.0
2025-06-20 10:32:56.486045,2310.3,128297.0,127272.0
2025-06-20 10:32:56.749260,2310.3,128297.0,127272.0
2025-06-20 10:32:57.468727,2310.3,128670.0,127169.0
2025-06-20 10:32:58.482483,2310.3,128713.0,127044.0
2025-06-20 10:32:59.472869,2310.3,128672.0,127043.0
2025-06-20 10:32:59.702916,2310.3,128672.0,127043.0
2025-06-20 10:33:00.359787,2310.3,128883.0,126844.0
2025-06-20 10:33:01.472255,2310.3,128660.0,127069.0
2025-06-20 10:33:02.359592,2310.2,128016.0,127156.0
2025-06-20 10:33:02.699256,2310.2,128016.0,127156.0
2025-06-20 10:33:03.558932,2310.2,128344.0,126939.0
2025-06-20 10:33:03.780895,2310.2,128344.0,126939.0
2025-06-20 10:33:04.560850,2310.2,128691.0,126741.0
2025-06-20 10:33:05.661949,2310.1,128592.0,126969.0
2025-06-20 10:33:05.699611,2310.1,128592.0,126969.0
2025-06-20 10:33:06.766882,2310.1,128618.0,127074.0
2025-06-20 10:33:07.699310,2310.1,128590.0,126825.0
2025-06-20 10:33:09.154740,2310.1,128607.0,126981.0
2025-06-20 10:33:09.972537,2310.1,128519.0,127336.0
2025-06-20 10:33:10.841999,2310.1,128519.0,127336.0
2025-06-20 10:33:11.101683,2310.6,128515.0,127396.0
2025-06-20 10:33:11.706984,2310.6,128515.0,127396.0
2025-06-20 10:33:12.063717,2310.6,128646.0,126924.0
2025-06-20 10:33:13.064520,2310.6,128656.0,126940.0
2025-06-20 10:33:14.165742,2310.6,128628.0,127248.0
2025-06-20 10:33:14.693841,2310.0,128628.0,127248.0
2025-06-20 10:33:15.266528,2310.0,128649.0,127333.0
2025-06-20 10:33:16.366614,2310.0,128679.0,127363.0
2025-06-20 10:33:17.367192,2310.8,128699.0,127388.0
2025-06-20 10:33:17.702465,2310.8,128699.0,127388.0
2025-06-20 10:33:18.570235,2310.8,128972.0,127318.0
2025-06-20 10:33:19.496379,2310.8,128937.0,127330.0
2025-06-20 10:33:20.492889,2310.8,128981.0,127342.0
2025-06-20 10:33:20.690703,2310.8,128981.0,127342.0
2025-06-20 10:33:21.482459,2310.8,128980.0,127329.0
2025-06-20 10:33:21.696015,2310.8,128980.0,127329.0
2025-06-20 10:33:22.573265,2310.8,128893.0,127215.0
2025-06-20 10:33:23.647680,2310.8,128614.0,127934.0
2025-06-20 10:33:24.574761,2310.8,128884.0,127725.0
2025-06-20 10:33:25.490106,2310.8,128899.0,127363.0
2025-06-20 10:33:26.498336,2310.4,128047.0,129360.0
2025-06-20 10:33:26.696319,2310.4,128047.0,129360.0
2025-06-20 10:33:27.578627,2310.0,128215.0,129838.0
2025-06-20 10:33:27.692418,2310.0,128215.0,129838.0
2025-06-20 10:33:28.577689,2310.0,128386.0,129721.0
2025-06-20 10:33:29.682910,2310.0,128323.0,130040.0
2025-06-20 10:33:29.711078,2310.0,128323.0,130040.0
2025-06-20 10:33:30.778828,2310.0,128365.0,130096.0
2025-06-20 10:33:31.780029,2310.0,128365.0,130163.0
2025-06-20 10:33:32.838449,2310.0,128354.0,130150.0
2025-06-20 10:33:33.778925,2310.0,128365.0,130164.0
2025-06-20 10:33:34.779127,2310.1,128381.0,129943.0
2025-06-20 10:33:35.776532,2310.1,128381.0,129943.0
2025-06-20 10:33:35.866878,2310.1,128513.0,130153.0
2025-06-20 10:33:36.702376,2310.1,128513.0,130153.0
2025-06-20 10:33:36.883136,2310.1,130522.0,129767.0
2025-06-20 10:33:37.786451,2310.1,130640.0,129634.0
2025-06-20 10:33:38.883687,2310.1,130110.0,129439.0
2025-06-20 10:33:39.991697,2310.1,129945.0,129487.0
2025-06-20 10:33:41.082870,2310.1,129962.0,129797.0
2025-06-20 10:33:42.191606,2310.1,129752.0,129968.0
2025-06-20 10:33:43.184705,2310.1,130019.0,129918.0
2025-06-20 10:33:43.685479,2310.1,130019.0,129918.0
2025-06-20 10:33:44.049343,2310.1,130019.0,129918.0
2025-06-20 10:33:44.182998,2310.1,130031.0,129971.0
2025-06-20 10:33:44.346210,2310.1,130031.0,129971.0
2025-06-20 10:33:45.041051,2310.1,130031.0,129971.0
2025-06-20 10:33:45.284881,2309.5,129784.0,129649.0
2025-06-20 10:33:45.306105,2309.5,129784.0,129649.0
2025-06-20 10:33:45.694375,2309.5,129784.0,129649.0
2025-06-20 10:33:45.746063,2309.5,129784.0,129649.0
2025-06-20 10:33:46.386326,2309.5,129784.0,129649.0
2025-06-20 10:33:46.416254,2309.5,130040.0,129899.0
2025-06-20 10:33:46.849740,2309.5,130040.0,129899.0
2025-06-20 10:33:47.527472,2309.5,130040.0,129899.0
2025-06-20 10:33:47.528493,2309.5,129420.0,130259.0
2025-06-20 10:33:47.831730,2309.5,129420.0,130259.0
2025-06-20 10:33:48.586486,2309.5,129504.0,130466.0
2025-06-20 10:33:48.798925,2309.5,129504.0,130466.0
2025-06-20 10:33:49.493792,2309.5,129790.0,129997.0
2025-06-20 10:33:50.147773,2309.5,129790.0,129997.0
2025-06-20 10:33:50.673293,2308.9,129570.0,130803.0
2025-06-20 10:33:50.767481,2308.9,129570.0,130803.0
2025-06-20 10:33:51.363997,2308.9,129570.0,130803.0
2025-06-20 10:33:51.725704,2308.9,128012.0,131798.0
2025-06-20 10:33:52.674404,2308.9,128012.0,131798.0
2025-06-20 10:33:52.713574,2308.9,128012.0,131798.0
2025-06-20 10:33:52.791307,2308.9,129388.0,131336.0
2025-06-20 10:33:53.900703,2308.9,129380.0,131176.0
2025-06-20 10:33:54.002931,2308.9,129380.0,131176.0
2025-06-20 10:33:54.791692,2308.9,129380.0,131188.0
2025-06-20 10:33:55.210915,2308.9,129380.0,131188.0
2025-06-20 10:33:55.905488,2308.9,129247.0,131186.0
2025-06-20 10:33:56.689018,2309.2,129247.0,131186.0
2025-06-20 10:33:56.858076,2309.2,129247.0,131186.0
2025-06-20 10:33:57.000032,2309.2,129809.0,130482.0
2025-06-20 10:33:58.093390,2309.2,129902.0,130482.0
2025-06-20 10:33:59.199475,2309.2,129935.0,130481.0
2025-06-20 10:34:00.197419,2309.2,129682.0,130761.0
2025-06-20 10:34:01.801732,2309.2,129530.0,130784.0
2025-06-20 10:34:02.906980,2309.2,129013.0,131945.0
2025-06-20 10:34:03.999129,2309.2,128996.0,132105.0
2025-06-20 10:34:05.006531,2309.1,129021.0,132262.0
2025-06-20 10:34:05.694697,2308.9,129021.0,132262.0
2025-06-20 10:34:06.005906,2308.9,128909.0,132145.0
2025-06-20 10:34:06.696608,2308.9,128909.0,132145.0
2025-06-20 10:34:07.005857,2308.9,129367.0,132156.0
2025-06-20 10:34:08.004732,2308.9,129334.0,131757.0
2025-06-20 10:34:09.003630,2308.9,129287.0,131796.0
2025-06-20 10:34:09.690515,2309.2,129287.0,131796.0
2025-06-20 10:34:10.202006,2309.2,129154.0,131255.0
2025-06-20 10:34:11.303970,2309.1,129141.0,131611.0
2025-06-20 10:34:11.716354,2309.1,129141.0,131611.0
2025-06-20 10:34:12.203715,2309.1,129183.0,130647.0
2025-06-20 10:34:13.420001,2309.1,129020.0,130958.0
2025-06-20 10:34:14.511704,2309.1,129126.0,130989.0
2025-06-20 10:34:15.615836,2309.1,129340.0,131110.0
2025-06-20 10:34:15.692222,2309.1,129340.0,131110.0
2025-06-20 10:34:16.750589,2309.1,129090.0,131110.0
2025-06-20 10:34:17.806178,2309.1,129121.0,131254.0
2025-06-20 10:34:18.807032,2309.1,129756.0,130367.0
2025-06-20 10:34:19.690517,2309.1,129756.0,130367.0
2025-06-20 10:34:19.807391,2309.1,129375.0,130525.0
2025-06-20 10:34:20.702393,2309.1,129375.0,130525.0
2025-06-20 10:34:20.948401,2309.1,129589.0,130954.0
2025-06-20 10:34:21.699767,2309.1,129589.0,130954.0
2025-06-20 10:34:22.013760,2309.1,129874.0,130535.0
2025-06-20 10:34:22.710430,2309.1,129874.0,130535.0
2025-06-20 10:34:22.927921,2309.1,129712.0,130713.0
2025-06-20 10:34:23.922059,2309.1,129773.0,130713.0
2025-06-20 10:34:25.013253,2309.1,129770.0,130909.0
2025-06-20 10:34:26.108329,2309.1,129751.0,130909.0
2025-06-20 10:34:26.698917,2309.0,129751.0,130909.0
2025-06-20 10:34:27.209939,2309.0,129666.0,130665.0
2025-06-20 10:34:27.739946,2309.3,129666.0,130665.0
2025-06-20 10:34:28.213325,2309.2,129853.0,129512.0
2025-06-20 10:34:28.710155,2309.2,129853.0,129512.0
2025-06-20 10:34:29.213307,2309.2,129854.0,129489.0
2025-06-20 10:34:30.638000,2309.2,130164.0,129369.0
2025-06-20 10:34:31.427321,2309.2,130133.0,129419.0
2025-06-20 10:34:31.701719,2309.2,130133.0,129419.0
2025-06-20 10:34:32.422985,2309.2,130209.0,129449.0
2025-06-20 10:34:33.416482,2309.2,130214.0,129479.0
2025-06-20 10:34:34.424032,2309.2,130214.0,129620.0
2025-06-20 10:34:34.697454,2309.4,130214.0,129620.0
2025-06-20 10:34:35.553163,2309.4,129937.0,130306.0
2025-06-20 10:34:35.705775,2309.4,129937.0,130306.0
2025-06-20 10:34:36.734311,2309.4,129937.0,130306.0
2025-06-20 10:34:37.225208,2309.4,129999.0,130103.0
2025-06-20 10:34:38.317581,2309.9,129987.0,128301.0
2025-06-20 10:34:38.708395,2309.9,129987.0,128301.0
2025-06-20 10:34:39.423309,2309.9,130421.0,128641.0
2025-06-20 10:34:40.521371,2309.9,130390.0,129029.0
2025-06-20 10:34:41.618627,2309.7,130098.0,128979.0
2025-06-20 10:34:41.751071,2309.7,130098.0,128979.0
2025-06-20 10:34:42.622475,2310.0,130291.0,128974.0
2025-06-20 10:34:42.736273,2310.0,130291.0,128974.0
2025-06-20 10:34:44.083988,2310.0,130291.0,128973.0
2025-06-20 10:34:45.417652,2310.0,130261.0,129157.0
2025-06-20 10:34:45.956934,2310.0,130229.0,129055.0
2025-06-20 10:34:46.724074,2310.0,130229.0,129055.0
2025-06-20 10:34:47.030996,2310.0,130223.0,129394.0
2025-06-20 10:34:47.736296,2310.1,130223.0,129394.0
2025-06-20 10:34:48.028318,2310.1,130745.0,127858.0
2025-06-20 10:34:49.126588,2310.1,130720.0,127886.0
2025-06-20 10:34:50.227330,2310.1,130603.0,127901.0
2025-06-20 10:34:50.760399,2310.0,130603.0,127901.0
2025-06-20 10:34:51.231911,2310.0,130490.0,127809.0
2025-06-20 10:34:52.493989,2310.0,130285.0,128433.0
2025-06-20 10:34:52.758728,2310.0,130285.0,128433.0
2025-06-20 10:34:53.441893,2310.0,130295.0,128312.0
2025-06-20 10:34:54.632449,2310.0,130326.0,127755.0
2025-06-20 10:34:55.533557,2310.0,130306.0,128056.0
2025-06-20 10:34:55.717134,2310.8,130306.0,128056.0
2025-06-20 10:34:56.636143,2310.8,130139.0,127265.0
2025-06-20 10:34:57.833606,2310.1,130276.0,127195.0
2025-06-20 10:34:58.697983,2310.1,130276.0,127195.0
2025-06-20 10:34:58.836063,2310.1,130313.0,127281.0
2025-06-20 10:35:00.036160,2310.1,130371.0,127120.0
2025-06-20 10:35:01.240312,2310.1,130342.0,127225.0
2025-06-20 10:35:01.690516,2310.6,130342.0,127225.0
2025-06-20 10:35:02.338766,2310.4,130476.0,127463.0
2025-06-20 10:35:02.702477,2310.4,130476.0,127463.0
2025-06-20 10:35:03.337524,2310.4,130528.0,127465.0
2025-06-20 10:35:03.696005,2310.8,130528.0,127465.0
2025-06-20 10:35:04.449140,2310.8,130548.0,127497.0
2025-06-20 10:35:05.694329,2310.8,130548.0,127497.0
2025-06-20 10:35:06.039019,2310.8,130626.0,127163.0
2025-06-20 10:35:06.693952,2310.8,130626.0,127163.0
2025-06-20 10:35:07.139495,2310.8,130712.0,126835.0
2025-06-20 10:35:08.144567,2310.8,130654.0,126688.0
2025-06-20 10:35:09.541292,2310.8,130650.0,126688.0
2025-06-20 10:35:10.542444,2310.8,130589.0,126787.0
2025-06-20 10:35:11.541281,2310.9,130729.0,126627.0
2025-06-20 10:35:11.694173,2310.9,130729.0,126627.0
2025-06-20 10:35:12.457448,2310.9,130700.0,126550.0
2025-06-20 10:35:13.475000,2310.9,130799.0,126550.0
2025-06-20 10:35:14.545218,2310.9,130788.0,126482.0
2025-06-20 10:35:15.458749,2311.1,130412.0,126892.0
2025-06-20 10:35:15.694371,2311.1,130412.0,126892.0
2025-06-20 10:35:16.459228,2311.1,130513.0,126609.0
2025-06-20 10:35:16.978794,2311.3,130513.0,126609.0
2025-06-20 10:35:17.545956,2311.3,130619.0,126433.0
2025-06-20 10:35:18.459074,2311.2,127865.0,127722.0
2025-06-20 10:35:18.693789,2310.7,127865.0,127722.0
2025-06-20 10:35:19.469677,2310.7,130253.0,128352.0
2025-06-20 10:35:19.691098,2309.9,130253.0,128352.0
2025-06-20 10:35:20.350282,2309.9,129990.0,127980.0
2025-06-20 10:35:21.249252,2309.9,130088.0,127689.0
2025-06-20 10:35:22.151117,2309.9,130374.0,127204.0
2025-06-20 10:35:23.149372,2309.9,130557.0,127214.0
2025-06-20 10:35:24.151483,2309.9,130278.0,127557.0
2025-06-20 10:35:25.152867,2310.0,129945.0,127337.0
2025-06-20 10:35:25.690642,2310.0,129945.0,127337.0
2025-06-20 10:35:26.181253,2310.0,130205.0,127209.0
2025-06-20 10:35:26.694533,2310.9,130205.0,127209.0
2025-06-20 10:35:27.153776,2310.9,130891.0,126800.0
2025-06-20 10:35:28.154558,2310.9,130326.0,126427.0
2025-06-20 10:35:29.154224,2310.9,130186.0,126457.0
2025-06-20 10:35:30.053378,2310.9,130249.0,126690.0
2025-06-20 10:35:30.705892,2311.1,130249.0,126690.0
2025-06-20 10:35:31.054736,2311.1,130260.0,126650.0
2025-06-20 10:35:31.693028,2311.3,130260.0,126650.0
2025-06-20 10:35:32.055491,2311.3,130481.0,126437.0
2025-06-20 10:35:32.696940,2311.3,130481.0,126437.0
2025-06-20 10:35:32.966700,2311.3,130350.0,125143.0
2025-06-20 10:35:33.968987,2311.3,130284.0,125357.0
2025-06-20 10:35:34.869213,2311.8,130389.0,125718.0
2025-06-20 10:35:35.693315,2311.8,130389.0,125718.0
2025-06-20 10:35:35.858108,2311.8,130183.0,126087.0
2025-06-20 10:35:36.694765,2311.6,130183.0,126087.0
2025-06-20 10:35:36.862117,2311.6,130061.0,126881.0
2025-06-20 10:35:37.858395,2311.6,130065.0,127004.0
2025-06-20 10:35:39.661073,2311.7,130658.0,125885.0
2025-06-20 10:35:39.709253,2311.7,130658.0,125885.0
2025-06-20 10:35:40.661676,2311.7,130366.0,125940.0
2025-06-20 10:35:41.660820,2311.7,130367.0,126048.0
2025-06-20 10:35:42.662062,2311.7,130354.0,125509.0
2025-06-20 10:35:43.562569,2311.7,130357.0,125508.0
2025-06-20 10:35:44.561797,2311.7,130424.0,125527.0
2025-06-20 10:35:45.573591,2311.7,130705.0,125463.0
2025-06-20 10:35:45.695799,2311.7,130705.0,125463.0
2025-06-20 10:35:46.562615,2311.7,130861.0,125601.0
2025-06-20 10:35:47.563622,2311.7,130594.0,125777.0
2025-06-20 10:35:48.571362,2311.7,130518.0,125777.0
2025-06-20 10:35:49.565466,2311.7,130579.0,125790.0
2025-06-20 10:35:49.751796,2311.7,130579.0,125790.0
2025-06-20 10:35:50.581513,2311.0,130048.0,126464.0
2025-06-20 10:35:50.697202,2311.0,130048.0,126464.0
2025-06-20 10:35:51.663604,2311.0,130360.0,126370.0
2025-06-20 10:35:52.666652,2311.0,130361.0,126449.0
2025-06-20 10:35:53.669708,2311.0,130336.0,126357.0
2025-06-20 10:35:54.668786,2311.0,130591.0,126247.0
2025-06-20 10:35:55.979071,2311.0,130589.0,126195.0
2025-06-20 10:35:56.694917,2311.5,130589.0,126195.0
2025-06-20 10:35:57.067623,2311.5,130645.0,125764.0
2025-06-20 10:35:58.169322,2311.5,130706.0,126060.0
2025-06-20 10:35:59.169976,2311.5,130693.0,125931.0
2025-06-20 10:36:00.272774,2311.6,130726.0,126093.0
2025-06-20 10:36:00.691442,2311.6,130726.0,126093.0
2025-06-20 10:36:01.572512,2311.5,130406.0,126734.0
2025-06-20 10:36:01.704105,2311.5,130406.0,126734.0
2025-06-20 10:36:02.671256,2311.4,130020.0,127378.0
2025-06-20 10:36:02.696170,2311.4,130020.0,127378.0
2025-06-20 10:36:03.670188,2311.4,130083.0,127316.0
2025-06-20 10:36:04.685039,2310.2,127994.0,127504.0
2025-06-20 10:36:04.695902,2310.2,127994.0,127504.0
2025-06-20 10:36:05.696368,2310.2,127994.0,127504.0
2025-06-20 10:36:05.771290,2310.2,129937.0,127443.0
2025-06-20 10:36:06.877135,2310.2,129160.0,129408.0
2025-06-20 10:36:07.708538,2310.2,129160.0,129408.0
2025-06-20 10:36:07.994831,2310.2,129436.0,129316.0
2025-06-20 10:36:08.895531,2310.2,129390.0,129482.0
2025-06-20 10:36:10.108447,2310.2,129372.0,129763.0
2025-06-20 10:36:10.693350,2310.2,129372.0,129763.0
2025-06-20 10:36:10.902684,2310.2,129366.0,129461.0
2025-06-20 10:36:11.697579,2310.6,129366.0,129461.0
2025-06-20 10:36:11.977799,2310.6,129930.0,128602.0
2025-06-20 10:36:12.898480,2310.6,129813.0,128542.0
2025-06-20 10:36:13.997626,2310.6,129876.0,128575.0
2025-06-20 10:36:14.703028,2310.7,129876.0,128575.0
2025-06-20 10:36:15.075084,2310.7,129767.0,128412.0
2025-06-20 10:36:16.178568,2310.7,129943.0,127906.0
2025-06-20 10:36:16.696940,2310.7,129943.0,127906.0
2025-06-20 10:36:17.278461,2310.7,130018.0,128257.0
2025-06-20 10:36:18.278690,2310.7,129845.0,128445.0
2025-06-20 10:36:19.378294,2310.7,129477.0,129952.0
2025-06-20 10:36:19.694377,2310.7,129477.0,129952.0
2025-06-20 10:36:20.506894,2310.7,129547.0,129270.0
2025-06-20 10:36:20.700202,2310.7,129547.0,129270.0
2025-06-20 10:36:21.581283,2310.7,129753.0,132564.0
2025-06-20 10:36:21.696332,2310.7,129753.0,132564.0
2025-06-20 10:36:22.686829,2310.7,129686.0,131975.0
2025-06-20 10:36:23.779556,2310.7,129872.0,131847.0
2025-06-20 10:36:24.683337,2310.7,130472.0,131885.0
2025-06-20 10:36:24.704916,2310.7,130472.0,131885.0
2025-06-20 10:36:25.684978,2310.7,129570.0,132545.0
2025-06-20 10:36:26.787733,2310.7,129514.0,132690.0
2025-06-20 10:36:27.695538,2310.6,129514.0,132690.0
2025-06-20 10:36:27.884384,2310.6,129519.0,132666.0
2025-06-20 10:36:29.008137,2310.6,129477.0,132746.0
2025-06-20 10:36:30.087452,2310.6,129552.0,133068.0
2025-06-20 10:36:30.700407,2310.6,129552.0,133068.0
2025-06-20 10:36:31.087117,2310.6,129589.0,132887.0
2025-06-20 10:36:32.088819,2310.6,129658.0,132553.0
2025-06-20 10:36:33.090234,2310.6,129711.0,132533.0
2025-06-20 10:36:34.089505,2310.6,129735.0,132554.0
2025-06-20 10:36:35.091317,2310.6,129753.0,132358.0
2025-06-20 10:36:35.696568,2310.6,129753.0,132358.0
2025-06-20 10:36:36.095341,2310.6,129549.0,132424.0
2025-06-20 10:36:36.697176,2310.6,129549.0,132424.0
2025-06-20 10:36:37.001098,2310.6,129389.0,132313.0
2025-06-20 10:36:38.007164,2310.0,129619.0,132341.0
2025-06-20 10:36:38.695936,2310.0,129619.0,132341.0
2025-06-20 10:36:39.500000,2310.0,129610.0,132360.0
2025-06-20 10:36:40.497921,2310.5,129610.0,132455.0
2025-06-20 10:36:40.703555,2310.5,129610.0,132455.0
2025-06-20 10:36:41.496495,2310.5,129610.0,132455.0
2025-06-20 10:36:41.712402,2310.5,129610.0,132455.0
2025-06-20 10:36:42.512308,2310.5,129743.0,132490.0
2025-06-20 10:36:42.697000,2310.5,129743.0,132490.0
2025-06-20 10:36:43.495370,2310.5,129737.0,132329.0
2025-06-20 10:36:44.146229,2310.5,129737.0,132329.0
2025-06-20 10:36:44.506985,2309.6,129893.0,132340.0
2025-06-20 10:36:44.525979,2309.6,129893.0,132340.0
2025-06-20 10:36:44.701045,2309.6,129893.0,132340.0
2025-06-20 10:36:44.848389,2309.6,129893.0,132340.0
2025-06-20 10:36:45.242947,2309.6,129893.0,132340.0
2025-06-20 10:36:45.504934,2309.6,129702.0,132272.0
2025-06-20 10:36:45.530133,2309.6,129702.0,132272.0
2025-06-20 10:36:46.287901,2309.6,129702.0,132272.0
2025-06-20 10:36:46.495648,2310.1,129775.0,133002.0
2025-06-20 10:36:46.698515,2310.0,129775.0,133002.0
2025-06-20 10:36:46.952903,2310.0,129775.0,133002.0
2025-06-20 10:36:47.445757,2310.0,129775.0,133002.0
2025-06-20 10:36:47.504688,2310.0,129856.0,133051.0
2025-06-20 10:36:47.695752,2310.0,129856.0,133051.0
2025-06-20 10:36:48.223865,2310.0,129856.0,133051.0
2025-06-20 10:36:48.398933,2310.0,129856.0,133051.0
2025-06-20 10:36:48.501931,2310.0,129875.0,132992.0
2025-06-20 10:36:49.352158,2310.0,129875.0,132992.0
2025-06-20 10:36:49.511826,2310.0,129855.0,132944.0
2025-06-20 10:36:49.698875,2310.0,129855.0,132944.0
2025-06-20 10:36:50.602491,2310.0,129906.0,132930.0
2025-06-20 10:36:50.694411,2310.0,129906.0,132930.0
2025-06-20 10:36:50.721679,2310.0,129906.0,132930.0
2025-06-20 10:36:51.602995,2310.0,129906.0,132929.0
2025-06-20 10:36:51.680225,2310.0,129906.0,132929.0
2025-06-20 10:36:51.695621,2310.0,129906.0,132929.0
2025-06-20 10:36:52.599957,2310.0,129906.0,132960.0
2025-06-20 10:36:53.229543,2310.0,129906.0,132960.0
2025-06-20 10:36:53.701639,2310.0,129906.0,132960.0
2025-06-20 10:36:53.711594,2310.0,130401.0,132452.0
2025-06-20 10:36:54.529222,2310.0,130401.0,132452.0
2025-06-20 10:36:54.711344,2310.0,130363.0,132441.0
2025-06-20 10:36:55.710184,2310.0,130015.0,132373.0
2025-06-20 10:36:55.766811,2310.0,130015.0,132373.0
2025-06-20 10:36:56.802676,2310.0,130047.0,132383.0
2025-06-20 10:36:57.383871,2310.0,130047.0,132383.0
2025-06-20 10:36:57.802776,2310.0,130059.0,132281.0
2025-06-20 10:36:58.804386,2310.0,130182.0,132285.0
2025-06-20 10:36:59.803057,2310.0,130297.0,132365.0
2025-06-20 10:37:01.706823,2310.0,130297.0,132365.0
2025-06-20 10:37:03.607776,2310.0,130342.0,130585.0
2025-06-20 10:37:03.709311,2310.0,130342.0,130585.0
2025-06-20 10:37:05.704300,2310.0,130342.0,130585.0
2025-06-20 10:37:09.709102,2310.0,130342.0,130585.0
2025-06-20 10:37:09.718861,2310.0,130603.0,129849.0
2025-06-20 10:37:13.706032,2310.0,130603.0,129849.0
2025-06-20 10:37:15.426720,2311.0,132037.0,128136.0
2025-06-20 10:37:15.709413,2311.0,132037.0,128136.0
2025-06-20 10:37:17.705335,2310.7,132037.0,128136.0
2025-06-20 10:37:20.709467,2311.0,132037.0,128136.0
2025-06-20 10:37:21.027934,2311.0,131190.0,129110.0
2025-06-20 10:37:26.709042,2310.7,131190.0,129110.0
2025-06-20 10:37:26.744664,2310.7,130402.0,130421.0
2025-06-20 10:37:29.719144,2310.5,130402.0,130421.0
2025-06-20 10:37:32.225616,2310.5,130445.0,130330.0
2025-06-20 10:37:35.711809,2310.5,130445.0,130330.0
2025-06-20 10:37:37.770680,2310.8,130192.0,130032.0
2025-06-20 10:37:38.708566,2310.8,130192.0,130032.0
2025-06-20 10:37:41.711029,2311.0,130192.0,130032.0
2025-06-20 10:37:43.438591,2311.0,130720.0,130103.0
2025-06-20 10:37:44.711778,2311.0,130720.0,130103.0
2025-06-20 10:37:47.710414,2311.0,130720.0,130103.0
2025-06-20 10:37:49.136616,2311.0,130263.0,129828.0
2025-06-20 10:37:50.710017,2310.9,130263.0,129828.0
2025-06-20 10:37:54.644276,2310.9,130307.0,129809.0
2025-06-20 10:37:56.713388,2310.9,130307.0,129809.0
2025-06-20 10:38:00.455101,2311.4,131313.0,123759.0
2025-06-20 10:38:01.349928,2310.7,129861.0,126001.0
2025-06-20 10:38:01.708161,2310.7,129861.0,126001.0
2025-06-20 10:38:02.347902,2310.7,129603.0,126847.0
2025-06-20 10:38:02.708760,2310.7,129603.0,126847.0
2025-06-20 10:38:03.455052,2310.7,129747.0,127488.0
2025-06-20 10:38:03.707217,2310.7,129747.0,127488.0
2025-06-20 10:38:04.557399,2310.7,129699.0,128337.0
2025-06-20 10:38:05.550585,2310.7,129805.0,128082.0
2025-06-20 10:38:05.707783,2310.7,129805.0,128082.0
2025-06-20 10:38:06.654001,2311.1,129951.0,128027.0
2025-06-20 10:38:06.706957,2310.3,129951.0,128027.0
2025-06-20 10:38:07.752071,2310.3,129600.0,128891.0
2025-06-20 10:38:08.751279,2310.3,129583.0,128918.0
2025-06-20 10:38:09.755184,2310.3,129513.0,129055.0
2025-06-20 10:38:10.854223,2310.3,129552.0,129020.0
2025-06-20 10:38:11.754060,2310.3,129552.0,129020.0
2025-06-20 10:38:11.988562,2310.3,129566.0,129085.0
2025-06-20 10:38:13.056189,2310.3,129652.0,128727.0
2025-06-20 10:38:14.055816,2310.3,129782.0,128784.0
2025-06-20 10:38:14.711359,2310.7,129782.0,128784.0
2025-06-20 10:38:15.157776,2310.7,129731.0,128808.0
2025-06-20 10:38:16.260514,2310.7,129776.0,129116.0
2025-06-20 10:38:16.710765,2310.7,129776.0,129116.0
2025-06-20 10:38:17.260207,2310.7,130046.0,128876.0
2025-06-20 10:38:18.360496,2310.7,130046.0,128897.0
2025-06-20 10:38:18.709196,2310.5,130046.0,128897.0
2025-06-20 10:38:19.362232,2310.5,129784.0,129201.0
2025-06-20 10:38:20.502021,2310.7,129758.0,128770.0
2025-06-20 10:38:20.711144,2310.7,129758.0,128770.0
2025-06-20 10:38:21.596063,2310.7,129758.0,128843.0
2025-06-20 10:38:22.665506,2310.7,129643.0,128826.0
2025-06-20 10:38:23.768059,2310.7,129561.0,129331.0
2025-06-20 10:38:24.666752,2310.6,129538.0,129072.0
2025-06-20 10:38:24.704896,2310.6,129538.0,129072.0
2025-06-20 10:38:25.668860,2310.6,129612.0,129276.0
2025-06-20 10:38:25.709830,2310.6,129612.0,129276.0
2025-06-20 10:38:26.767303,2310.6,129572.0,129125.0
2025-06-20 10:38:27.869478,2310.3,129531.0,129507.0
2025-06-20 10:38:28.709700,2310.3,129531.0,129507.0
2025-06-20 10:38:28.986012,2310.3,129561.0,129833.0
2025-06-20 10:38:29.871547,2310.3,129560.0,129746.0
2025-06-20 10:38:30.870040,2310.3,129525.0,130215.0
2025-06-20 10:38:31.757989,2310.3,129525.0,130215.0
2025-06-20 10:38:31.872318,2310.3,129441.0,129679.0
2025-06-20 10:38:32.708728,2310.7,129441.0,129679.0
2025-06-20 10:38:32.871984,2310.7,129487.0,129706.0
2025-06-20 10:38:34.275443,2310.7,129501.0,129827.0
2025-06-20 10:38:35.073722,2310.3,130935.0,131490.0
2025-06-20 10:38:35.715635,2310.3,130935.0,131490.0
2025-06-20 10:38:35.985082,2310.3,131006.0,131485.0
2025-06-20 10:38:36.704561,2310.6,131006.0,131485.0
2025-06-20 10:38:36.985809,2310.6,131136.0,131059.0
2025-06-20 10:38:38.496932,2310.6,131087.0,131096.0
2025-06-20 10:38:39.504165,2310.6,130983.0,130925.0
2025-06-20 10:38:40.516241,2310.6,131087.0,130803.0
2025-06-20 10:38:40.772632,2310.7,131087.0,130803.0
2025-06-20 10:38:41.494849,2310.7,131260.0,130131.0
2025-06-20 10:38:41.717630,2310.7,131260.0,130131.0
2025-06-20 10:38:42.579441,2310.7,131038.0,130798.0
2025-06-20 10:38:43.583243,2310.7,131084.0,131000.0
2025-06-20 10:38:44.758740,2310.7,131076.0,131004.0
2025-06-20 10:38:44.790482,2310.6,131076.0,131004.0
2025-06-20 10:38:45.682204,2310.0,131051.0,131285.0
2025-06-20 10:38:45.709412,2310.0,131051.0,131285.0
2025-06-20 10:38:46.685638,2310.0,131093.0,131339.0
2025-06-20 10:38:46.715035,2310.0,131093.0,131339.0
2025-06-20 10:38:47.682429,2310.0,131103.0,131320.0
2025-06-20 10:38:48.683679,2310.0,131017.0,131298.0
2025-06-20 10:38:49.684997,2310.0,131017.0,131318.0
2025-06-20 10:38:50.788453,2310.0,131017.0,131405.0
2025-06-20 10:38:51.707489,2309.1,131017.0,131405.0
2025-06-20 10:38:51.786467,2309.1,130971.0,131254.0
2025-06-20 10:38:52.687847,2309.1,130613.0,131533.0
2025-06-20 10:38:53.713345,2309.0,130613.0,131533.0
2025-06-20 10:38:53.789755,2309.0,129438.0,132537.0
2025-06-20 10:38:54.891764,2309.0,129365.0,133258.0
2025-06-20 10:38:55.709997,2309.0,129365.0,133258.0
2025-06-20 10:38:56.016604,2309.0,128987.0,133617.0
2025-06-20 10:38:56.787378,2309.3,128987.0,133617.0
2025-06-20 10:38:57.091343,2309.3,129092.0,133139.0
2025-06-20 10:38:58.004536,2309.3,128934.0,133251.0
2025-06-20 10:38:58.712795,2308.5,128934.0,133251.0
2025-06-20 10:38:59.349727,2308.5,128799.0,133845.0
2025-06-20 10:39:00.194037,2308.5,128998.0,133813.0
2025-06-20 10:39:01.302750,2308.8,129220.0,133516.0
2025-06-20 10:39:01.724771,2308.8,129220.0,133516.0
2025-06-20 10:39:02.195246,2308.8,128865.0,133463.0
2025-06-20 10:39:03.298571,2308.8,128980.0,133443.0
2025-06-20 10:39:04.198974,2308.8,128993.0,133440.0
2025-06-20 10:39:05.303162,2308.8,128682.0,133995.0
2025-06-20 10:39:05.718419,2309.3,128682.0,133995.0
2025-06-20 10:39:06.302990,2309.3,128670.0,133179.0
2025-06-20 10:39:06.717187,2309.3,128670.0,133179.0
2025-06-20 10:39:07.410905,2309.3,128822.0,132255.0
2025-06-20 10:39:07.711481,2309.3,128822.0,132255.0
2025-06-20 10:39:08.513277,2309.3,129967.0,131879.0
2025-06-20 10:39:08.709292,2309.3,129967.0,131879.0
2025-06-20 10:39:09.407376,2309.4,129841.0,131910.0
2025-06-20 10:39:09.712456,2309.4,129841.0,131910.0
2025-06-20 10:39:10.410865,2309.8,129337.0,132181.0
2025-06-20 10:39:10.711152,2309.8,129337.0,132181.0
2025-06-20 10:39:11.412647,2309.8,129293.0,132304.0
2025-06-20 10:39:12.530973,2309.8,129124.0,132113.0
2025-06-20 10:39:13.608159,2309.8,129152.0,132011.0
2025-06-20 10:39:14.717202,2309.8,129152.0,132011.0
2025-06-20 10:39:14.726673,2309.8,129102.0,132007.0
2025-06-20 10:39:15.717532,2309.8,129806.0,131932.0
2025-06-20 10:39:16.712151,2309.8,129806.0,131932.0
2025-06-20 10:39:16.818671,2309.8,129732.0,131208.0
2025-06-20 10:39:17.715330,2309.8,129732.0,131208.0
2025-06-20 10:39:17.922223,2309.8,129844.0,131207.0
2025-06-20 10:39:19.019284,2309.8,129993.0,130850.0
2025-06-20 10:39:19.909978,2310.0,129595.0,131236.0
2025-06-20 10:39:20.710824,2310.0,129595.0,131236.0
2025-06-20 10:39:20.814215,2310.0,129305.0,131353.0
2025-06-20 10:39:21.712247,2309.9,129305.0,131353.0
2025-06-20 10:39:21.922674,2309.9,129348.0,131337.0
2025-06-20 10:39:23.034499,2309.9,129579.0,131494.0
2025-06-20 10:39:23.922824,2309.9,129456.0,131494.0
2025-06-20 10:39:25.024584,2309.9,129681.0,131494.0
2025-06-20 10:39:25.710441,2309.6,129681.0,131494.0
2025-06-20 10:39:25.926383,2309.6,129528.0,131573.0
2025-06-20 10:39:26.939282,2309.6,129528.0,131618.0
2025-06-20 10:39:27.710654,2309.6,129528.0,131618.0
2025-06-20 10:39:27.927594,2309.6,128215.0,136587.0
2025-06-20 10:39:29.021713,2309.6,127602.0,137658.0
2025-06-20 10:39:29.712861,2308.8,127602.0,137658.0
2025-06-20 10:39:30.025439,2308.8,127969.0,137501.0
2025-06-20 10:39:31.027374,2308.8,128633.0,136566.0
2025-06-20 10:39:31.723580,2308.8,128633.0,136566.0
2025-06-20 10:39:31.931334,2308.8,129199.0,135752.0
2025-06-20 10:39:33.029707,2308.8,128970.0,135686.0
2025-06-20 10:39:33.714487,2308.8,128970.0,135686.0
2025-06-20 10:39:34.067159,2308.8,128660.0,135733.0
2025-06-20 10:39:35.032538,2309.5,128470.0,136073.0
2025-06-20 10:39:35.713133,2309.5,128470.0,136073.0
2025-06-20 10:39:35.930097,2309.5,128369.0,135910.0
2025-06-20 10:39:36.711895,2309.7,128369.0,135910.0
2025-06-20 10:39:37.025795,2309.7,128103.0,134500.0
2025-06-20 10:39:37.931503,2309.7,128386.0,135205.0
2025-06-20 10:39:38.925529,2309.7,127670.0,136125.0
2025-06-20 10:39:39.935494,2309.7,128228.0,135455.0
2025-06-20 10:39:40.935028,2309.7,128191.0,135850.0
2025-06-20 10:39:41.936009,2309.7,128289.0,135984.0
2025-06-20 10:39:42.936189,2309.7,128447.0,135967.0
2025-06-20 10:39:43.934137,2309.7,128486.0,135913.0
2025-06-20 10:39:44.647858,2309.7,128486.0,135913.0
2025-06-20 10:39:44.939285,2309.7,128423.0,135742.0
2025-06-20 10:39:45.041812,2309.7,128423.0,135742.0
2025-06-20 10:39:45.715334,2308.4,128423.0,135742.0
2025-06-20 10:39:45.756002,2308.4,128423.0,135742.0
2025-06-20 10:39:45.932297,2308.4,128297.0,135787.0
2025-06-20 10:39:46.063224,2308.4,128297.0,135787.0
2025-06-20 10:39:47.037380,2308.4,128676.0,135816.0
2025-06-20 10:39:47.453499,2308.4,128676.0,135816.0
2025-06-20 10:39:47.932704,2308.4,128479.0,135260.0
2025-06-20 10:39:48.456933,2308.4,128479.0,135260.0
2025-06-20 10:39:48.760405,2308.9,128479.0,135260.0
2025-06-20 10:39:48.839527,2309.0,129337.0,134606.0
2025-06-20 10:39:48.866464,2309.0,129337.0,134606.0
2025-06-20 10:39:49.766658,2309.0,129337.0,134606.0
2025-06-20 10:39:49.829757,2309.0,129337.0,134606.0
2025-06-20 10:39:49.842433,2309.0,129337.0,134624.0
2025-06-20 10:39:50.819598,2309.0,129286.0,134773.0
2025-06-20 10:39:51.259965,2309.0,129286.0,134773.0
2025-06-20 10:39:51.837395,2309.0,128531.0,134882.0
2025-06-20 10:39:52.159333,2309.0,128531.0,134882.0
2025-06-20 10:39:52.946777,2309.0,128447.0,134876.0
2025-06-20 10:39:53.836245,2309.0,128447.0,134876.0
2025-06-20 10:39:54.136404,2309.0,128381.0,134817.0
2025-06-20 10:39:55.046769,2309.0,128381.0,134817.0
2025-06-20 10:39:55.138538,2309.0,128407.0,135061.0
2025-06-20 10:39:56.038586,2309.0,128090.0,134952.0
2025-06-20 10:39:56.258558,2309.0,128090.0,134952.0
2025-06-20 10:39:57.449331,2309.0,128108.0,134963.0
2025-06-20 10:39:57.887970,2309.0,128108.0,134963.0
2025-06-20 10:39:58.448443,2306.0,121628.0,140393.0
2025-06-20 10:39:58.723229,2305.8,121628.0,140393.0
2025-06-20 10:39:59.546096,2305.8,123345.0,140071.0
2025-06-20 10:40:01.057603,2306.1,123487.0,140282.0
2025-06-20 10:40:01.765600,2307.1,123487.0,140282.0
2025-06-20 10:40:02.057611,2307.1,124154.0,139751.0
2025-06-20 10:40:02.951895,2307.1,125009.0,139206.0
2025-06-20 10:40:03.946676,2307.1,125042.0,139221.0
2025-06-20 10:40:04.981717,2307.1,124023.0,139690.0
2025-06-20 10:40:05.960387,2307.1,124402.0,139690.0
2025-06-20 10:40:06.723316,2306.4,124402.0,139690.0
2025-06-20 10:40:06.948483,2307.3,125491.0,138862.0
2025-06-20 10:40:07.713691,2307.3,125491.0,138862.0
2025-06-20 10:40:07.931735,2307.3,125249.0,139289.0
2025-06-20 10:40:08.851466,2307.3,125235.0,139251.0
2025-06-20 10:40:09.716806,2306.6,125235.0,139251.0
2025-06-20 10:40:09.756092,2306.6,124777.0,139187.0
2025-06-20 10:40:10.651467,2306.6,124862.0,139187.0
2025-06-20 10:40:11.552719,2306.6,124708.0,139356.0
2025-06-20 10:40:12.560523,2307.1,124399.0,139026.0
2025-06-20 10:40:12.717470,2307.1,124399.0,139026.0
2025-06-20 10:40:13.559722,2307.1,124329.0,139543.0
2025-06-20 10:40:14.458809,2307.1,124389.0,139379.0
2025-06-20 10:40:15.461723,2307.1,124249.0,139445.0
2025-06-20 10:40:16.362960,2307.1,124284.0,139416.0
2025-06-20 10:40:17.259989,2307.1,124258.0,139418.0
2025-06-20 10:40:18.158274,2307.1,124295.0,139434.0
2025-06-20 10:40:19.061313,2307.1,124518.0,139445.0
2025-06-20 10:40:20.061276,2307.1,124354.0,139429.0
2025-06-20 10:40:20.722012,2307.1,124354.0,139429.0
2025-06-20 10:40:20.970823,2307.1,124404.0,139492.0
2025-06-20 10:40:21.713393,2307.1,124404.0,139492.0
2025-06-20 10:40:21.973104,2307.1,124604.0,139411.0
2025-06-20 10:40:22.976717,2307.1,123970.0,139558.0
2025-06-20 10:40:23.957925,2306.3,123970.0,139558.0
2025-06-20 10:40:24.186233,2306.3,123973.0,139622.0
2025-06-20 10:40:25.206758,2306.3,124300.0,139741.0
2025-06-20 10:40:25.974587,2306.3,123988.0,139699.0
2025-06-20 10:40:26.973944,2306.3,123980.0,139553.0
2025-06-20 10:40:27.979212,2306.3,123980.0,139565.0
2025-06-20 10:40:29.055348,2306.3,123955.0,139441.0
2025-06-20 10:40:30.015391,2306.7,123836.0,138758.0
2025-06-20 10:40:30.716784,2306.7,123836.0,138758.0
2025-06-20 10:40:31.003992,2306.7,123857.0,139166.0
2025-06-20 10:40:31.866491,2306.7,124291.0,139306.0
2025-06-20 10:40:32.868802,2306.7,124383.0,139241.0
2025-06-20 10:40:33.869795,2306.7,124438.0,139374.0
2025-06-20 10:40:34.726481,2306.7,124438.0,139374.0
2025-06-20 10:40:34.869876,2307.1,124311.0,139164.0
2025-06-20 10:40:35.756164,2307.5,124311.0,139164.0
2025-06-20 10:40:35.870713,2307.5,124981.0,137677.0
2025-06-20 10:40:36.875773,2307.5,124304.0,138127.0
2025-06-20 10:40:37.780529,2307.5,124300.0,138453.0
2025-06-20 10:40:38.674182,2307.5,124387.0,138451.0
2025-06-20 10:40:39.674685,2307.5,124478.0,138361.0
2025-06-20 10:40:40.674138,2307.5,124393.0,138304.0
2025-06-20 10:40:41.673478,2307.5,124727.0,138316.0
2025-06-20 10:40:42.574098,2307.5,124764.0,138302.0
2025-06-20 10:40:43.576689,2306.9,124674.0,138334.0
2025-06-20 10:40:43.720521,2306.9,124674.0,138334.0
2025-06-20 10:40:44.489913,2306.9,124712.0,138334.0
2025-06-20 10:40:45.378434,2307.1,124740.0,138300.0
2025-06-20 10:40:45.720476,2307.1,124740.0,138300.0
2025-06-20 10:40:46.277965,2306.9,124778.0,138264.0
2025-06-20 10:40:46.726435,2306.9,124778.0,138264.0
2025-06-20 10:40:47.280918,2307.1,124795.0,138225.0
2025-06-20 10:40:47.727535,2307.1,124795.0,138225.0
2025-06-20 10:40:48.280090,2307.1,124822.0,138246.0
2025-06-20 10:40:48.724451,2307.1,124822.0,138246.0
2025-06-20 10:40:49.279573,2307.1,125393.0,137759.0
2025-06-20 10:40:49.716730,2307.1,125393.0,137759.0
2025-06-20 10:40:50.181687,2307.1,125269.0,137524.0
2025-06-20 10:40:51.182483,2307.1,125244.0,137600.0
2025-06-20 10:40:52.181318,2307.1,125219.0,137600.0
2025-06-20 10:40:53.085551,2307.1,125219.0,135110.0
2025-06-20 10:40:53.723967,2307.6,125219.0,135110.0
2025-06-20 10:40:54.012163,2307.6,125219.0,135104.0
2025-06-20 10:40:55.013819,2307.6,125239.0,135104.0
2025-06-20 10:40:55.715849,2307.6,125239.0,135104.0
2025-06-20 10:40:55.887999,2307.6,125453.0,134997.0
2025-06-20 10:40:56.717927,2307.6,125453.0,134997.0
2025-06-20 10:40:56.886067,2307.6,124597.0,133740.0
2025-06-20 10:40:57.889813,2307.6,124846.0,133649.0
2025-06-20 10:40:58.793990,2307.6,124864.0,134205.0
2025-06-20 10:40:59.715853,2307.6,124864.0,134205.0
2025-06-20 10:40:59.794423,2307.6,124880.0,134599.0
2025-06-20 10:41:00.731651,2307.6,124880.0,134599.0
2025-06-20 10:41:03.797200,2308.5,125536.0,132542.0
2025-06-20 10:41:04.727981,2308.9,125536.0,132542.0
2025-06-20 10:41:08.726788,2308.9,125536.0,132542.0
2025-06-20 10:41:10.096373,2308.9,125529.0,132718.0
2025-06-20 10:41:16.206626,2308.9,125262.0,132795.0
2025-06-20 10:41:19.753944,2308.4,125262.0,132795.0
2025-06-20 10:41:22.032059,2308.9,125673.0,132273.0
2025-06-20 10:41:22.730314,2308.2,125673.0,132273.0
2025-06-20 10:41:25.729421,2308.1,125673.0,132273.0
2025-06-20 10:41:27.710139,2308.1,125391.0,132018.0
2025-06-20 10:41:28.740299,2308.9,125391.0,132018.0
2025-06-20 10:41:32.738973,2308.7,125391.0,132018.0
2025-06-20 10:41:34.071065,2308.7,125643.0,132530.0
2025-06-20 10:41:36.733389,2308.7,125643.0,132530.0
2025-06-20 10:41:39.748842,2308.4,125643.0,132530.0
2025-06-20 10:41:40.434753,2308.4,126255.0,132970.0
2025-06-20 10:41:42.731880,2308.4,126255.0,132970.0
2025-06-20 10:41:45.739714,2308.2,126255.0,132970.0
2025-06-20 10:41:46.558846,2308.2,126330.0,132735.0
2025-06-20 10:41:49.762300,2308.4,126330.0,132735.0
2025-06-20 10:41:51.954195,2308.6,126515.0,132922.0
2025-06-20 10:41:53.735613,2308.6,126515.0,132922.0
2025-06-20 10:41:55.731718,2308.6,126515.0,132922.0
2025-06-20 10:41:57.128237,2308.1,126532.0,132800.0
2025-06-20 10:41:57.752722,2308.6,126532.0,132800.0
