timestamp,ltp,bid_qty,ask_qty
2025-06-20 10:10:48.218521,1414.3,295202.0,355182.0
2025-06-20 10:10:48.592596,1414.9,295202.0,355182.0
2025-06-20 10:10:50.588002,1414.9,295202.0,355182.0
2025-06-20 10:10:52.590124,1415.0,295202.0,355182.0
2025-06-20 10:10:53.067447,1415.0,296146.0,356575.0
2025-06-20 10:10:54.594326,1414.9,296146.0,356575.0
2025-06-20 10:10:56.593259,1414.7,296146.0,356575.0
2025-06-20 10:10:58.677527,1414.7,292101.0,357338.0
2025-06-20 10:11:00.629096,1414.3,292101.0,357338.0
2025-06-20 10:11:02.598369,1414.8,292101.0,357338.0
2025-06-20 10:11:04.172397,1414.8,289911.0,357056.0
2025-06-20 10:11:04.598131,1414.8,289911.0,357056.0
2025-06-20 10:11:08.855927,1414.4,289911.0,357056.0
2025-06-20 10:11:10.376062,1414.4,293344.0,358556.0
2025-06-20 10:11:10.647431,1414.4,293344.0,358556.0
2025-06-20 10:11:12.901414,1414.5,293344.0,358556.0
2025-06-20 10:11:14.680735,1414.8,293344.0,358556.0
2025-06-20 10:11:15.980054,1414.8,293809.0,359172.0
2025-06-20 10:11:16.657624,1414.8,293809.0,359172.0
2025-06-20 10:11:19.261742,1414.8,293809.0,359172.0
2025-06-20 10:11:20.598662,1414.8,293809.0,359172.0
2025-06-20 10:11:21.284972,1414.8,296720.0,358610.0
2025-06-20 10:11:22.664935,1414.8,296720.0,358610.0
2025-06-20 10:11:24.660092,1414.8,296720.0,358610.0
2025-06-20 10:11:26.512519,1414.6,293028.0,357670.0
2025-06-20 10:11:26.875685,1414.6,293028.0,357670.0
2025-06-20 10:11:28.873538,1414.8,293028.0,357670.0
2025-06-20 10:11:32.189697,1414.8,295342.0,355618.0
2025-06-20 10:11:34.617896,1414.8,295342.0,355618.0
2025-06-20 10:11:36.603988,1414.8,295342.0,355618.0
2025-06-20 10:11:37.805481,1414.7,296083.0,359468.0
2025-06-20 10:11:38.593766,1414.7,296083.0,359468.0
2025-06-20 10:11:40.595761,1414.4,296083.0,359468.0
2025-06-20 10:11:42.594634,1414.4,296083.0,359468.0
2025-06-20 10:11:43.701694,1414.8,293346.0,359825.0
2025-06-20 10:11:44.596741,1414.8,293346.0,359825.0
2025-06-20 10:11:46.592882,1414.4,293346.0,359825.0
2025-06-20 10:11:49.709465,1414.4,295082.0,357202.0
2025-06-20 10:11:50.600342,1414.8,295082.0,357202.0
2025-06-20 10:11:52.611809,1414.4,295082.0,357202.0
2025-06-20 10:11:54.595377,1414.8,295082.0,357202.0
2025-06-20 10:11:55.513398,1414.5,296644.0,357304.0
2025-06-20 10:11:56.593207,1414.7,296644.0,357304.0
2025-06-20 10:11:58.600871,1415.0,296644.0,357304.0
2025-06-20 10:12:01.612471,1414.8,296644.0,357304.0
2025-06-20 10:12:01.717946,1414.8,296427.0,354989.0
2025-06-20 10:12:05.604626,1414.8,296427.0,354989.0
2025-06-20 10:12:08.434691,1414.9,298722.0,355251.0
2025-06-20 10:12:08.601412,1414.9,298722.0,355251.0
2025-06-20 10:12:11.608170,1415.0,298722.0,355251.0
2025-06-20 10:12:14.642575,1415.0,298722.0,355251.0
2025-06-20 10:12:14.942098,1415.0,298208.0,354126.0
2025-06-20 10:12:17.614053,1414.9,298208.0,354126.0
2025-06-20 10:12:20.629187,1415.2,298208.0,354126.0
2025-06-20 10:12:21.122670,1415.2,297644.0,355812.0
2025-06-20 10:12:23.600485,1415.0,297644.0,355812.0
2025-06-20 10:12:26.619235,1414.8,297644.0,355812.0
2025-06-20 10:12:27.222960,1414.7,297495.0,355120.0
2025-06-20 10:12:28.599784,1414.6,297495.0,355120.0
2025-06-20 10:12:30.604531,1414.7,297495.0,355120.0
2025-06-20 10:12:32.615624,1415.0,297495.0,355120.0
2025-06-20 10:12:33.436484,1415.0,296574.0,357723.0
2025-06-20 10:12:34.608151,1414.6,296574.0,357723.0
2025-06-20 10:12:36.611034,1415.0,296574.0,357723.0
2025-06-20 10:12:38.609014,1415.0,296574.0,357723.0
2025-06-20 10:12:39.345909,1414.6,295554.0,357189.0
2025-06-20 10:12:40.516224,1414.6,295554.0,357189.0
2025-06-20 10:12:40.602021,1414.6,295554.0,357189.0
2025-06-20 10:12:40.885405,1414.6,295554.0,357189.0
2025-06-20 10:12:41.127763,1414.6,295554.0,357189.0
2025-06-20 10:12:42.330121,1414.6,295554.0,357189.0
2025-06-20 10:12:42.599069,1414.8,295554.0,357189.0
2025-06-20 10:12:42.937860,1414.8,295554.0,357189.0
2025-06-20 10:12:43.428681,1414.8,295554.0,357189.0
2025-06-20 10:12:44.607645,1414.8,295554.0,357189.0
2025-06-20 10:12:44.677579,1414.6,295554.0,357189.0
2025-06-20 10:12:45.237451,1414.6,295213.0,358112.0
2025-06-20 10:12:45.442544,1414.6,295213.0,358112.0
2025-06-20 10:12:46.664447,1414.6,295213.0,358112.0
2025-06-20 10:12:47.620499,1414.6,295213.0,358112.0
2025-06-20 10:12:48.604005,1414.8,295213.0,358112.0
2025-06-20 10:12:49.152144,1414.8,295213.0,358112.0
2025-06-20 10:12:50.464940,1414.8,295213.0,358112.0
2025-06-20 10:12:50.601287,1414.6,295213.0,358112.0
2025-06-20 10:12:51.141421,1414.6,297091.0,356184.0
2025-06-20 10:12:51.655292,1414.6,297091.0,356184.0
2025-06-20 10:12:53.260155,1414.6,297091.0,356184.0
2025-06-20 10:12:54.611600,1414.8,297091.0,356184.0
2025-06-20 10:12:56.609398,1414.7,297091.0,356184.0
2025-06-20 10:12:56.942340,1414.7,297375.0,354588.0
2025-06-20 10:12:58.603976,1414.8,297375.0,354588.0
2025-06-20 10:13:00.608054,1414.6,297375.0,354588.0
2025-06-20 10:13:02.455321,1414.6,297363.0,354885.0
2025-06-20 10:13:02.605627,1414.6,297363.0,354885.0
2025-06-20 10:13:04.607069,1414.6,297363.0,354885.0
2025-06-20 10:13:06.606051,1414.8,297363.0,354885.0
2025-06-20 10:13:08.153664,1414.7,296914.0,353147.0
2025-06-20 10:13:08.609291,1414.7,296914.0,353147.0
2025-06-20 10:13:10.611259,1414.6,296914.0,353147.0
2025-06-20 10:13:12.604024,1414.8,296914.0,353147.0
2025-06-20 10:13:13.957982,1414.8,295074.0,355066.0
2025-06-20 10:13:14.608220,1414.6,295074.0,355066.0
2025-06-20 10:13:18.605726,1415.0,295074.0,355066.0
2025-06-20 10:13:19.762635,1414.8,296165.0,355808.0
2025-06-20 10:13:20.606914,1414.8,296165.0,355808.0
2025-06-20 10:13:22.612585,1415.2,296165.0,355808.0
2025-06-20 10:13:24.610879,1415.4,296165.0,355808.0
2025-06-20 10:13:25.967183,1415.1,298642.0,354422.0
2025-06-20 10:13:26.611815,1414.9,298642.0,354422.0
2025-06-20 10:13:30.605624,1414.8,298642.0,354422.0
2025-06-20 10:13:32.172630,1414.8,295994.0,353816.0
2025-06-20 10:13:34.602120,1415.0,295994.0,353816.0
2025-06-20 10:13:36.610678,1415.0,295994.0,353816.0
2025-06-20 10:13:38.476667,1415.0,297450.0,353554.0
2025-06-20 10:13:40.607266,1415.0,297450.0,353554.0
2025-06-20 10:13:42.602920,1415.4,297450.0,353554.0
2025-06-20 10:13:44.484117,1415.4,295774.0,355782.0
2025-06-20 10:13:44.620672,1415.4,295774.0,355782.0
2025-06-20 10:13:46.603101,1415.4,295774.0,355782.0
2025-06-20 10:13:48.618853,1415.4,295774.0,355782.0
2025-06-20 10:13:50.084891,1415.5,297047.0,355540.0
2025-06-20 10:13:50.624432,1415.5,297047.0,355540.0
2025-06-20 10:13:54.602408,1415.3,297047.0,355540.0
2025-06-20 10:13:55.586737,1415.4,296498.0,354966.0
2025-06-20 10:13:56.612388,1415.4,296498.0,354966.0
2025-06-20 10:13:58.622008,1415.3,296498.0,354966.0
2025-06-20 10:14:00.607332,1415.3,296498.0,354966.0
2025-06-20 10:14:01.190814,1415.4,294306.0,357726.0
2025-06-20 10:14:02.658155,1415.4,294306.0,357726.0
2025-06-20 10:14:04.611418,1415.2,294306.0,357726.0
2025-06-20 10:14:06.621949,1415.5,294306.0,357726.0
2025-06-20 10:14:06.992262,1415.5,295489.0,355999.0
2025-06-20 10:14:08.617781,1415.2,295489.0,355999.0
2025-06-20 10:14:10.610416,1415.4,295489.0,355999.0
2025-06-20 10:14:12.615798,1415.2,295489.0,355999.0
2025-06-20 10:14:12.696057,1415.2,295217.0,357379.0
2025-06-20 10:14:14.613467,1415.4,295217.0,357379.0
2025-06-20 10:14:16.613415,1415.4,295217.0,357379.0
2025-06-20 10:14:18.499407,1415.2,297148.0,355160.0
2025-06-20 10:14:18.606243,1415.2,297148.0,355160.0
2025-06-20 10:14:20.610523,1415.2,297148.0,355160.0
2025-06-20 10:14:24.502637,1415.2,297448.0,357531.0
2025-06-20 10:14:24.618930,1415.2,297448.0,357531.0
2025-06-20 10:14:26.608017,1415.2,297448.0,357531.0
2025-06-20 10:14:28.602346,1415.4,297448.0,357531.0
2025-06-20 10:14:30.436210,1415.2,295202.0,357367.0
2025-06-20 10:14:30.613313,1415.2,295202.0,357367.0
2025-06-20 10:14:32.606668,1415.2,295202.0,357367.0
2025-06-20 10:14:34.661254,1415.4,295202.0,357367.0
2025-06-20 10:14:36.109681,1415.4,297127.0,357175.0
2025-06-20 10:14:36.628963,1415.4,297127.0,357175.0
2025-06-20 10:14:40.608717,1415.2,297127.0,357175.0
2025-06-20 10:14:41.619720,1415.2,295577.0,357774.0
2025-06-20 10:14:42.613789,1415.4,295577.0,357774.0
2025-06-20 10:14:44.614524,1415.2,295577.0,357774.0
2025-06-20 10:14:46.605969,1415.2,295577.0,357774.0
2025-06-20 10:14:47.330914,1415.2,296114.0,359544.0
2025-06-20 10:14:48.615012,1415.4,296114.0,359544.0
2025-06-20 10:14:50.607143,1415.2,296114.0,359544.0
2025-06-20 10:14:52.607259,1415.4,296114.0,359544.0
2025-06-20 10:14:53.119759,1415.4,297243.0,359479.0
2025-06-20 10:14:54.618703,1415.2,297243.0,359479.0
2025-06-20 10:14:56.607285,1415.3,297243.0,359479.0
2025-06-20 10:14:58.613560,1415.4,297243.0,359479.0
2025-06-20 10:14:59.524084,1415.4,296209.0,356213.0
2025-06-20 10:15:00.610190,1415.4,296209.0,356213.0
2025-06-20 10:15:04.611146,1415.3,296209.0,356213.0
2025-06-20 10:15:05.644058,1415.3,297718.0,351672.0
2025-06-20 10:15:10.613053,1415.5,297718.0,351672.0
2025-06-20 10:15:12.136093,1415.5,300375.0,347614.0
2025-06-20 10:15:12.609229,1415.9,300375.0,347614.0
2025-06-20 10:15:14.606161,1415.8,300375.0,347614.0
2025-06-20 10:15:16.616062,1415.7,300375.0,347614.0
2025-06-20 10:15:18.454094,1415.7,301555.0,343231.0
2025-06-20 10:15:20.615999,1416.0,301555.0,343231.0
2025-06-20 10:15:24.616532,1416.0,301555.0,343231.0
2025-06-20 10:15:24.948462,1415.7,304238.0,344565.0
2025-06-20 10:15:26.612724,1416.8,304238.0,344565.0
2025-06-20 10:15:30.613736,1416.9,304238.0,344565.0
2025-06-20 10:15:31.151080,1417.0,306476.0,326288.0
2025-06-20 10:15:32.614386,1417.3,306476.0,326288.0
2025-06-20 10:15:34.612224,1417.3,306476.0,326288.0
2025-06-20 10:15:36.618587,1417.3,306476.0,326288.0
2025-06-20 10:15:37.155921,1417.6,305539.0,331757.0
2025-06-20 10:15:38.611963,1417.9,305539.0,331757.0
2025-06-20 10:15:40.625877,1417.3,305539.0,331757.0
2025-06-20 10:15:40.961352,1417.3,305539.0,331757.0
2025-06-20 10:15:41.322493,1417.3,305539.0,331757.0
2025-06-20 10:15:42.164104,1417.3,305539.0,331757.0
2025-06-20 10:15:42.623517,1417.9,305539.0,331757.0
2025-06-20 10:15:42.756227,1417.9,305539.0,331757.0
2025-06-20 10:15:43.167622,1417.9,310495.0,328452.0
2025-06-20 10:15:43.434111,1417.9,310495.0,328452.0
2025-06-20 10:15:44.453457,1417.9,310495.0,328452.0
2025-06-20 10:15:44.614772,1417.8,310495.0,328452.0
2025-06-20 10:15:44.884422,1417.8,310495.0,328452.0
2025-06-20 10:15:45.772537,1417.8,310495.0,328452.0
2025-06-20 10:15:46.616815,1417.9,310495.0,328452.0
2025-06-20 10:15:47.103640,1417.9,310495.0,328452.0
2025-06-20 10:15:48.069740,1417.9,310495.0,328452.0
2025-06-20 10:15:48.611008,1417.9,310495.0,328452.0
2025-06-20 10:15:48.965530,1417.9,308952.0,328723.0
2025-06-20 10:15:49.580372,1417.9,308952.0,328723.0
2025-06-20 10:15:50.878633,1417.9,308952.0,328723.0
2025-06-20 10:15:51.618708,1417.9,308952.0,328723.0
2025-06-20 10:15:52.094705,1417.9,308952.0,328723.0
2025-06-20 10:15:53.682039,1417.9,308952.0,328723.0
2025-06-20 10:15:54.614030,1417.5,308952.0,328723.0
2025-06-20 10:15:55.798134,1417.5,310422.0,329927.0
2025-06-20 10:15:57.683382,1417.9,310422.0,329927.0
2025-06-20 10:16:00.611636,1417.9,310422.0,329927.0
2025-06-20 10:16:00.969175,1417.9,309498.0,325299.0
2025-06-20 10:16:01.613128,1417.7,309498.0,325299.0
2025-06-20 10:16:02.069185,1417.9,309504.0,325810.0
2025-06-20 10:16:02.609320,1417.9,309504.0,325810.0
2025-06-20 10:16:03.177718,1418.0,310702.0,323582.0
2025-06-20 10:16:03.611540,1418.3,310702.0,323582.0
2025-06-20 10:16:04.270456,1418.4,311533.0,327241.0
2025-06-20 10:16:04.615182,1418.4,311533.0,327241.0
2025-06-20 10:16:05.372417,1418.2,310141.0,327558.0
2025-06-20 10:16:05.661987,1418.2,310141.0,327558.0
2025-06-20 10:16:06.275082,1418.6,309489.0,327336.0
2025-06-20 10:16:06.614377,1418.6,309489.0,327336.0
2025-06-20 10:16:07.370257,1418.6,310014.0,326159.0
2025-06-20 10:16:08.380753,1418.6,310147.0,324634.0
2025-06-20 10:16:09.472308,1418.2,310121.0,327055.0
2025-06-20 10:16:09.610269,1418.2,310121.0,327055.0
2025-06-20 10:16:10.472040,1418.2,308361.0,327057.0
2025-06-20 10:16:10.614347,1418.2,308361.0,327057.0
2025-06-20 10:16:11.573152,1418.2,306707.0,329561.0
2025-06-20 10:16:12.672610,1418.2,310013.0,330924.0
2025-06-20 10:16:13.607548,1418.2,310013.0,330924.0
2025-06-20 10:16:13.772728,1418.2,303579.0,332933.0
2025-06-20 10:16:14.611656,1417.9,303579.0,332933.0
2025-06-20 10:16:14.775413,1417.9,298859.0,334599.0
2025-06-20 10:16:15.611520,1418.2,298859.0,334599.0
2025-06-20 10:16:15.774635,1418.2,303394.0,332472.0
2025-06-20 10:16:16.612394,1418.2,303394.0,332472.0
2025-06-20 10:16:16.777709,1417.9,308581.0,331118.0
2025-06-20 10:16:17.612619,1417.9,308581.0,331118.0
2025-06-20 10:16:17.880627,1417.9,309159.0,332993.0
2025-06-20 10:16:18.976881,1417.9,309575.0,332265.0
2025-06-20 10:16:20.077120,1417.9,308442.0,331933.0
2025-06-20 10:16:21.176086,1417.9,308455.0,331697.0
2025-06-20 10:16:21.611390,1417.9,308455.0,331697.0
2025-06-20 10:16:22.278428,1418.2,307841.0,331453.0
2025-06-20 10:16:22.614726,1418.2,307841.0,331453.0
2025-06-20 10:16:23.389479,1418.2,309669.0,331629.0
2025-06-20 10:16:23.610726,1418.2,309669.0,331629.0
2025-06-20 10:16:24.479088,1418.2,309508.0,332104.0
2025-06-20 10:16:24.622843,1418.2,309508.0,332104.0
2025-06-20 10:16:25.480765,1417.9,306770.0,332763.0
2025-06-20 10:16:25.610609,1417.9,306770.0,332763.0
2025-06-20 10:16:26.582473,1418.2,308111.0,331732.0
2025-06-20 10:16:26.644633,1418.2,308111.0,331732.0
2025-06-20 10:16:27.616343,1417.9,308111.0,331732.0
2025-06-20 10:16:27.681298,1417.9,309465.0,332089.0
2025-06-20 10:16:28.609929,1418.0,309465.0,332089.0
2025-06-20 10:16:28.688699,1418.0,309669.0,332027.0
2025-06-20 10:16:29.611385,1417.9,309669.0,332027.0
2025-06-20 10:16:29.781730,1417.9,310895.0,331726.0
2025-06-20 10:16:30.783859,1418.1,310331.0,332079.0
2025-06-20 10:16:31.643489,1418.1,310331.0,332079.0
2025-06-20 10:16:31.686421,1418.1,310869.0,332153.0
2025-06-20 10:16:32.685548,1418.1,308415.0,331607.0
2025-06-20 10:16:33.614310,1417.9,308415.0,331607.0
2025-06-20 10:16:33.684682,1417.9,307404.0,333030.0
2025-06-20 10:16:34.660180,1418.2,307404.0,333030.0
2025-06-20 10:16:34.786387,1418.2,307645.0,333057.0
2025-06-20 10:16:35.901210,1418.2,309696.0,333573.0
2025-06-20 10:16:36.623420,1417.7,309696.0,333573.0
2025-06-20 10:16:36.988965,1417.7,306235.0,335923.0
2025-06-20 10:16:37.610802,1417.7,306235.0,335923.0
2025-06-20 10:16:37.991365,1417.7,307258.0,336047.0
2025-06-20 10:16:38.624390,1417.9,307258.0,336047.0
2025-06-20 10:16:39.089269,1417.9,307166.0,335814.0
2025-06-20 10:16:39.648975,1417.6,307166.0,335814.0
2025-06-20 10:16:40.189667,1417.6,305591.0,336697.0
2025-06-20 10:16:40.611644,1417.6,305591.0,336697.0
2025-06-20 10:16:41.190997,1417.7,307180.0,336961.0
2025-06-20 10:16:41.615657,1417.6,307180.0,336961.0
2025-06-20 10:16:42.191075,1417.6,307944.0,338048.0
2025-06-20 10:16:42.615626,1417.6,307944.0,338048.0
2025-06-20 10:16:43.193542,1417.5,306717.0,337368.0
2025-06-20 10:16:43.615326,1417.6,306717.0,337368.0
2025-06-20 10:16:44.192585,1417.6,307270.0,337764.0
2025-06-20 10:16:44.665070,1417.5,307270.0,337764.0
2025-06-20 10:16:45.193405,1417.5,306373.0,337920.0
2025-06-20 10:16:45.615981,1417.5,306373.0,337920.0
2025-06-20 10:16:46.193440,1417.6,299266.0,338356.0
2025-06-20 10:16:46.612379,1417.6,299266.0,338356.0
2025-06-20 10:16:47.194555,1417.6,307623.0,337977.0
2025-06-20 10:16:48.193547,1417.6,307761.0,337708.0
2025-06-20 10:16:49.201263,1417.5,307706.0,338532.0
2025-06-20 10:16:49.614514,1417.6,307706.0,338532.0
2025-06-20 10:16:50.197941,1417.6,307696.0,338453.0
2025-06-20 10:16:50.612399,1417.6,307696.0,338453.0
2025-06-20 10:16:51.303165,1417.6,306024.0,338453.0
2025-06-20 10:16:51.614889,1417.6,306024.0,338453.0
2025-06-20 10:16:52.305847,1417.6,307338.0,338287.0
2025-06-20 10:16:53.305373,1417.6,306079.0,338319.0
2025-06-20 10:16:53.613007,1417.6,306079.0,338319.0
2025-06-20 10:16:54.305498,1417.5,307438.0,338347.0
2025-06-20 10:16:54.671695,1417.5,307438.0,338347.0
2025-06-20 10:16:55.317929,1417.6,306435.0,336857.0
2025-06-20 10:16:55.614824,1417.6,306435.0,336857.0
2025-06-20 10:16:56.418530,1417.6,307125.0,337745.0
2025-06-20 10:16:57.505585,1417.5,306058.0,335326.0
2025-06-20 10:16:57.660119,1417.5,306058.0,335326.0
2025-06-20 10:16:58.505112,1417.5,306658.0,334999.0
2025-06-20 10:16:59.604511,1417.5,306843.0,337863.0
2025-06-20 10:16:59.618895,1417.5,306843.0,337863.0
2025-06-20 10:17:00.659278,1417.6,306843.0,337863.0
2025-06-20 10:17:01.315140,1417.6,308528.0,336348.0
2025-06-20 10:17:01.614955,1417.6,308528.0,336348.0
2025-06-20 10:17:02.616582,1417.5,308528.0,336348.0
2025-06-20 10:17:02.708650,1417.5,308417.0,336507.0
2025-06-20 10:17:03.614103,1417.6,308417.0,336507.0
2025-06-20 10:17:04.616744,1417.5,308417.0,336507.0
2025-06-20 10:17:05.212630,1417.6,307508.0,335867.0
2025-06-20 10:17:05.614798,1417.6,307508.0,335867.0
2025-06-20 10:17:06.616225,1417.6,307508.0,335867.0
2025-06-20 10:17:07.617671,1417.6,307508.0,335867.0
2025-06-20 10:17:08.621661,1417.5,307508.0,335867.0
2025-06-20 10:17:08.716190,1417.5,307593.0,335909.0
2025-06-20 10:17:09.623951,1417.5,307593.0,335909.0
2025-06-20 10:17:10.215388,1417.5,308215.0,333933.0
2025-06-20 10:17:10.615432,1417.5,308215.0,333933.0
2025-06-20 10:17:11.615576,1417.6,308215.0,333933.0
2025-06-20 10:17:13.616057,1417.6,308215.0,333933.0
2025-06-20 10:17:14.116602,1417.6,308867.0,334098.0
2025-06-20 10:17:14.635848,1417.5,308867.0,334098.0
2025-06-20 10:17:15.922006,1417.5,308748.0,336110.0
2025-06-20 10:17:16.927715,1417.5,309297.0,336398.0
2025-06-20 10:17:17.627691,1417.5,309297.0,336398.0
2025-06-20 10:17:18.018606,1417.5,309413.0,335884.0
2025-06-20 10:17:18.619228,1417.4,309413.0,335884.0
2025-06-20 10:17:19.617484,1417.4,309413.0,335884.0
2025-06-20 10:17:19.925633,1417.4,308812.0,335642.0
2025-06-20 10:17:20.833959,1417.4,308971.0,334048.0
2025-06-20 10:17:21.614449,1417.5,308971.0,334048.0
2025-06-20 10:17:21.829346,1417.5,309291.0,336486.0
2025-06-20 10:17:22.616355,1417.5,309291.0,336486.0
2025-06-20 10:17:22.727185,1417.5,309661.0,336332.0
2025-06-20 10:17:23.623754,1417.5,309661.0,336332.0
2025-06-20 10:17:23.724483,1417.5,309565.0,336839.0
2025-06-20 10:17:24.618887,1417.4,309565.0,336839.0
2025-06-20 10:17:24.722918,1417.4,310718.0,331999.0
2025-06-20 10:17:25.723879,1417.4,310775.0,332041.0
2025-06-20 10:17:26.622873,1417.5,310775.0,332041.0
2025-06-20 10:17:26.651739,1417.5,310673.0,332045.0
2025-06-20 10:17:27.622465,1417.4,310673.0,332045.0
2025-06-20 10:17:27.639777,1417.4,310232.0,333852.0
2025-06-20 10:17:28.615112,1417.4,310232.0,333852.0
2025-06-20 10:17:28.634398,1417.4,309980.0,334063.0
2025-06-20 10:17:29.618637,1417.4,309980.0,334063.0
2025-06-20 10:17:30.618753,1417.5,309980.0,334063.0
2025-06-20 10:17:31.620366,1417.5,309980.0,334063.0
2025-06-20 10:17:32.616093,1417.5,309980.0,334063.0
2025-06-20 10:17:32.636174,1417.5,308255.0,336808.0
2025-06-20 10:17:33.640659,1417.5,308255.0,336808.0
2025-06-20 10:17:34.627349,1417.4,308255.0,336808.0
2025-06-20 10:17:35.618496,1417.5,308255.0,336808.0
2025-06-20 10:17:36.618527,1417.5,308255.0,336808.0
2025-06-20 10:17:38.463254,1417.5,310695.0,334124.0
2025-06-20 10:17:39.462135,1417.4,309440.0,334350.0
2025-06-20 10:17:39.623044,1417.4,309440.0,334350.0
2025-06-20 10:17:40.446508,1417.5,308574.0,336385.0
2025-06-20 10:17:40.625508,1417.4,308574.0,336385.0
2025-06-20 10:17:41.624237,1417.5,308574.0,336385.0
2025-06-20 10:17:42.363585,1417.5,308144.0,334257.0
2025-06-20 10:17:43.236822,1417.5,308783.0,334331.0
2025-06-20 10:17:43.688593,1417.5,308783.0,334331.0
2025-06-20 10:17:44.233973,1417.4,311589.0,333180.0
2025-06-20 10:17:44.615813,1417.4,311589.0,333180.0
2025-06-20 10:17:45.618419,1417.5,311589.0,333180.0
2025-06-20 10:17:46.616682,1417.5,311589.0,333180.0
2025-06-20 10:17:47.616695,1417.6,311589.0,333180.0
2025-06-20 10:17:49.619123,1417.5,311589.0,333180.0
2025-06-20 10:17:50.619927,1417.7,311589.0,333180.0
2025-06-20 10:17:51.237970,1417.5,311080.0,331180.0
2025-06-20 10:17:51.620207,1417.7,311080.0,331180.0
2025-06-20 10:17:52.238687,1417.7,308827.0,331168.0
2025-06-20 10:17:52.622277,1417.7,308827.0,331168.0
2025-06-20 10:17:53.622844,1417.7,308827.0,331168.0
2025-06-20 10:17:54.620022,1417.5,308827.0,331168.0
2025-06-20 10:17:56.622328,1417.5,308827.0,331168.0
2025-06-20 10:17:56.943665,1417.5,309713.0,331908.0
2025-06-20 10:17:57.622361,1417.5,309713.0,331908.0
2025-06-20 10:17:58.140162,1417.5,309727.0,331842.0
2025-06-20 10:17:59.042466,1417.5,310518.0,332960.0
2025-06-20 10:17:59.620751,1417.5,310518.0,332960.0
2025-06-20 10:18:00.042596,1417.7,306698.0,331130.0
2025-06-20 10:18:02.629422,1417.7,306698.0,331130.0
2025-06-20 10:18:04.745528,1417.5,311585.0,332615.0
2025-06-20 10:18:05.626854,1417.5,311585.0,332615.0
2025-06-20 10:18:10.950175,1417.5,311814.0,332311.0
2025-06-20 10:18:11.626936,1417.5,311814.0,332311.0
2025-06-20 10:18:14.679795,1417.6,311814.0,332311.0
2025-06-20 10:18:16.657165,1417.7,311936.0,331520.0
2025-06-20 10:18:17.627625,1417.7,311936.0,331520.0
2025-06-20 10:18:20.630922,1417.5,311936.0,331520.0
2025-06-20 10:18:22.758183,1417.5,309910.0,335033.0
2025-06-20 10:18:23.626500,1417.7,309910.0,335033.0
2025-06-20 10:18:26.658985,1417.7,309910.0,335033.0
2025-06-20 10:18:29.626247,1417.7,309910.0,335033.0
2025-06-20 10:18:29.760073,1417.7,309718.0,335688.0
2025-06-20 10:18:32.631549,1417.5,309718.0,335688.0
2025-06-20 10:18:35.630354,1417.7,309718.0,335688.0
2025-06-20 10:18:36.063995,1417.7,310393.0,332788.0
2025-06-20 10:18:41.327570,1417.7,310393.0,332788.0
2025-06-20 10:18:41.628201,1417.5,310393.0,332788.0
2025-06-20 10:18:41.671432,1417.5,310393.0,332788.0
2025-06-20 10:18:41.870996,1417.5,307734.0,333401.0
2025-06-20 10:18:42.121005,1417.5,307734.0,333401.0
2025-06-20 10:18:43.291894,1417.5,307734.0,333401.0
2025-06-20 10:18:44.431421,1417.5,307734.0,333401.0
2025-06-20 10:18:44.700862,1417.5,307734.0,333401.0
2025-06-20 10:18:45.008300,1417.5,307734.0,333401.0
2025-06-20 10:18:45.427083,1417.5,307734.0,333401.0
2025-06-20 10:18:46.333098,1417.5,307734.0,333401.0
2025-06-20 10:18:47.628531,1417.7,307734.0,333401.0
2025-06-20 10:18:47.668987,1417.7,306126.0,334014.0
2025-06-20 10:18:47.681252,1417.7,306126.0,334014.0
2025-06-20 10:18:48.666597,1417.7,306126.0,334014.0
2025-06-20 10:18:50.202013,1417.7,306126.0,334014.0
2025-06-20 10:18:50.633431,1417.6,306126.0,334014.0
2025-06-20 10:18:51.446846,1417.6,306126.0,334014.0
2025-06-20 10:18:52.759921,1417.6,306126.0,334014.0
2025-06-20 10:18:53.609658,1417.8,305756.0,335579.0
2025-06-20 10:18:53.640238,1417.7,305756.0,335579.0
2025-06-20 10:18:54.396128,1417.7,305756.0,335579.0
2025-06-20 10:18:56.631417,1417.7,305756.0,335579.0
2025-06-20 10:18:59.672992,1417.7,305756.0,335579.0
2025-06-20 10:18:59.682952,1417.7,305302.0,326689.0
2025-06-20 10:19:02.645967,1417.8,305302.0,326689.0
2025-06-20 10:19:05.651950,1417.7,305302.0,326689.0
2025-06-20 10:19:06.082860,1417.7,304685.0,326583.0
2025-06-20 10:19:08.632441,1417.7,304685.0,326583.0
2025-06-20 10:19:11.643448,1417.8,304685.0,326583.0
2025-06-20 10:19:12.284113,1417.8,307001.0,325829.0
2025-06-20 10:19:14.649507,1417.7,307001.0,325829.0
2025-06-20 10:19:17.672721,1417.7,307001.0,325829.0
2025-06-20 10:19:18.423248,1417.7,310850.0,323099.0
2025-06-20 10:19:20.674824,1417.7,310850.0,323099.0
2025-06-20 10:19:23.653898,1417.7,310850.0,323099.0
2025-06-20 10:19:24.293638,1417.7,309090.0,325968.0
2025-06-20 10:19:26.676307,1417.7,309090.0,325968.0
2025-06-20 10:19:29.879691,1417.8,309090.0,325968.0
2025-06-20 10:19:30.498133,1417.8,311203.0,323342.0
2025-06-20 10:19:32.656918,1417.9,311203.0,323342.0
2025-06-20 10:19:35.658846,1418.0,311203.0,323342.0
2025-06-20 10:19:36.603554,1418.0,311905.0,322554.0
2025-06-20 10:19:41.680028,1418.0,311905.0,322554.0
2025-06-20 10:19:42.717143,1418.0,305163.0,323079.0
2025-06-20 10:19:44.636146,1418.0,305163.0,323079.0
2025-06-20 10:19:47.647430,1418.0,305163.0,323079.0
2025-06-20 10:19:48.425558,1418.0,305268.0,323503.0
2025-06-20 10:19:50.643456,1418.0,305268.0,323503.0
2025-06-20 10:19:53.637623,1418.3,305268.0,323503.0
2025-06-20 10:19:54.021657,1418.3,304644.0,323561.0
2025-06-20 10:19:56.637817,1418.3,304644.0,323561.0
2025-06-20 10:19:59.641165,1418.0,304644.0,323561.0
2025-06-20 10:20:00.128110,1418.0,305470.0,320755.0
2025-06-20 10:20:01.632127,1418.4,299128.0,316447.0
2025-06-20 10:20:01.681736,1418.4,299128.0,316447.0
2025-06-20 10:20:02.532128,1418.4,305727.0,318905.0
2025-06-20 10:20:03.533541,1418.6,302995.0,319037.0
2025-06-20 10:20:03.669839,1418.6,302995.0,319037.0
2025-06-20 10:20:04.534484,1418.4,303866.0,319519.0
2025-06-20 10:20:04.640080,1418.4,303866.0,319519.0
2025-06-20 10:20:05.535638,1418.4,304098.0,319612.0
2025-06-20 10:20:06.434870,1418.4,304037.0,319400.0
2025-06-20 10:20:06.641244,1418.4,304037.0,319400.0
2025-06-20 10:20:07.442654,1418.8,305253.0,319074.0
2025-06-20 10:20:07.679785,1418.8,305253.0,319074.0
2025-06-20 10:20:08.343534,1418.8,305828.0,319706.0
2025-06-20 10:20:09.263477,1418.4,303441.0,320199.0
2025-06-20 10:20:09.640650,1418.4,303441.0,320199.0
2025-06-20 10:20:10.138373,1418.4,303528.0,320236.0
2025-06-20 10:20:10.641241,1418.4,303528.0,320236.0
2025-06-20 10:20:11.545043,1418.4,303403.0,320026.0
2025-06-20 10:20:12.139322,1418.4,303870.0,321998.0
2025-06-20 10:20:12.678401,1418.7,303870.0,321998.0
2025-06-20 10:20:13.139458,1418.8,303867.0,322980.0
2025-06-20 10:20:13.679743,1418.8,303867.0,322980.0
2025-06-20 10:20:14.141463,1418.5,304324.0,323170.0
2025-06-20 10:20:14.653073,1418.8,304324.0,323170.0
2025-06-20 10:20:15.041091,1418.8,304190.0,323280.0
2025-06-20 10:20:15.671667,1418.8,304190.0,323280.0
2025-06-20 10:20:16.042316,1418.8,303805.0,323776.0
2025-06-20 10:20:16.941757,1418.7,304256.0,322886.0
2025-06-20 10:20:17.650849,1418.7,304256.0,322886.0
2025-06-20 10:20:17.948397,1418.7,304682.0,323748.0
2025-06-20 10:20:18.854473,1418.7,304479.0,323292.0
2025-06-20 10:20:19.642874,1418.5,304479.0,323292.0
2025-06-20 10:20:19.743666,1418.5,312487.0,321033.0
2025-06-20 10:20:20.752390,1418.5,313413.0,321241.0
2025-06-20 10:20:21.754288,1418.5,312353.0,320899.0
2025-06-20 10:20:22.752167,1418.5,313140.0,318582.0
2025-06-20 10:20:23.646109,1418.6,313140.0,318582.0
2025-06-20 10:20:23.745093,1418.6,313641.0,321104.0
2025-06-20 10:20:24.646218,1418.5,313641.0,321104.0
2025-06-20 10:20:24.751471,1418.5,313274.0,321204.0
2025-06-20 10:20:25.646313,1418.8,313274.0,321204.0
2025-06-20 10:20:25.755872,1418.8,313283.0,320548.0
2025-06-20 10:20:26.750878,1418.8,312451.0,321018.0
2025-06-20 10:20:27.706665,1418.5,312451.0,321018.0
2025-06-20 10:20:27.749810,1418.5,313107.0,318784.0
2025-06-20 10:20:28.749279,1418.5,313257.0,320160.0
2025-06-20 10:20:29.675935,1418.5,313257.0,320160.0
2025-06-20 10:20:29.751415,1418.5,309710.0,320827.0
2025-06-20 10:20:30.644049,1418.5,309710.0,320827.0
2025-06-20 10:20:30.679553,1418.5,309759.0,320640.0
2025-06-20 10:20:31.647143,1418.8,309759.0,320640.0
2025-06-20 10:20:31.673811,1418.8,310256.0,320583.0
2025-06-20 10:20:32.711192,1418.6,310256.0,320583.0
2025-06-20 10:20:32.717588,1418.6,310082.0,321156.0
2025-06-20 10:20:33.644095,1418.8,310082.0,321156.0
2025-06-20 10:20:33.668880,1418.8,309967.0,321184.0
2025-06-20 10:20:34.641851,1418.5,309967.0,321184.0
2025-06-20 10:20:34.674308,1418.5,309384.0,321459.0
2025-06-20 10:20:35.675237,1418.5,308769.0,321538.0
2025-06-20 10:20:36.668568,1418.8,308769.0,321538.0
2025-06-20 10:20:36.672465,1418.8,308824.0,321598.0
2025-06-20 10:20:37.651864,1418.8,308824.0,321598.0
2025-06-20 10:20:37.680083,1418.8,308707.0,323802.0
2025-06-20 10:20:38.646594,1418.5,308707.0,323802.0
2025-06-20 10:20:38.672999,1418.5,308239.0,324393.0
2025-06-20 10:20:39.654979,1418.8,308239.0,324393.0
2025-06-20 10:20:39.676997,1418.8,290434.0,311566.0
2025-06-20 10:20:40.648424,1418.5,290434.0,311566.0
2025-06-20 10:20:40.669547,1418.5,306919.0,326146.0
2025-06-20 10:20:41.642909,1418.5,306919.0,326146.0
2025-06-20 10:20:41.762804,1418.5,307003.0,326573.0
2025-06-20 10:20:42.768773,1418.5,307122.0,326873.0
2025-06-20 10:20:43.676858,1418.7,307122.0,326873.0
2025-06-20 10:20:43.763596,1418.7,307128.0,326394.0
2025-06-20 10:20:44.647971,1418.4,307128.0,326394.0
2025-06-20 10:20:44.766290,1418.4,306876.0,326100.0
2025-06-20 10:20:45.666720,1418.7,306876.0,326100.0
2025-06-20 10:20:45.764321,1418.7,307280.0,327160.0
2025-06-20 10:20:46.644064,1418.7,307280.0,327160.0
2025-06-20 10:20:46.765894,1418.7,307601.0,326362.0
2025-06-20 10:20:47.649732,1418.4,307601.0,326362.0
2025-06-20 10:20:47.767304,1418.4,307601.0,324169.0
2025-06-20 10:20:48.764790,1418.7,306429.0,326659.0
2025-06-20 10:20:49.702793,1418.4,306429.0,326659.0
2025-06-20 10:20:49.767590,1418.4,306308.0,328413.0
2025-06-20 10:20:50.685325,1418.4,306308.0,328413.0
2025-06-20 10:20:50.768304,1418.4,304835.0,328569.0
2025-06-20 10:20:51.644651,1418.7,304835.0,328569.0
2025-06-20 10:20:51.769953,1418.7,309746.0,327465.0
2025-06-20 10:20:52.905008,1418.7,310003.0,328218.0
2025-06-20 10:20:53.656379,1418.7,310003.0,328218.0
2025-06-20 10:20:53.911304,1418.7,309945.0,327964.0
2025-06-20 10:20:54.645184,1418.4,309945.0,327964.0
2025-06-20 10:20:54.975030,1418.4,309987.0,328296.0
2025-06-20 10:20:55.656451,1418.6,309987.0,328296.0
2025-06-20 10:20:55.974551,1418.4,308835.0,328533.0
2025-06-20 10:20:56.657202,1418.4,308835.0,328533.0
2025-06-20 10:20:57.073168,1418.4,309614.0,328056.0
2025-06-20 10:20:58.174049,1418.4,309657.0,327161.0
2025-06-20 10:20:58.645855,1418.4,309657.0,327161.0
2025-06-20 10:20:59.276942,1418.4,309702.0,327479.0
2025-06-20 10:20:59.658517,1418.7,309702.0,327479.0
2025-06-20 10:21:00.279969,1418.7,309747.0,324864.0
2025-06-20 10:21:01.274920,1418.7,308923.0,324395.0
2025-06-20 10:21:01.649101,1418.7,308923.0,324395.0
2025-06-20 10:21:02.274568,1418.7,310586.0,326014.0
2025-06-20 10:21:02.653217,1418.7,310586.0,326014.0
2025-06-20 10:21:03.273412,1418.7,311176.0,325843.0
2025-06-20 10:21:03.646829,1418.7,311176.0,325843.0
2025-06-20 10:21:04.170248,1418.6,311095.0,325718.0
2025-06-20 10:21:04.655359,1418.5,311095.0,325718.0
2025-06-20 10:21:05.170740,1418.5,311397.0,325667.0
2025-06-20 10:21:05.646363,1418.5,311397.0,325667.0
2025-06-20 10:21:06.178424,1418.5,311241.0,326261.0
2025-06-20 10:21:07.074262,1418.5,311273.0,326255.0
2025-06-20 10:21:07.672311,1418.5,311273.0,326255.0
2025-06-20 10:21:08.175600,1418.7,311422.0,323501.0
2025-06-20 10:21:08.644740,1418.7,311422.0,323501.0
2025-06-20 10:21:09.173966,1418.7,312344.0,323244.0
2025-06-20 10:21:09.644188,1418.5,312344.0,323244.0
2025-06-20 10:21:10.114759,1418.5,311868.0,325146.0
2025-06-20 10:21:10.645419,1418.5,311868.0,325146.0
2025-06-20 10:21:10.983573,1418.5,312083.0,325572.0
2025-06-20 10:21:11.992594,1418.5,310783.0,325222.0
2025-06-20 10:21:12.980068,1418.5,310152.0,338136.0
2025-06-20 10:21:13.659236,1418.6,310152.0,338136.0
2025-06-20 10:21:13.890615,1418.6,312550.0,333744.0
2025-06-20 10:21:14.652203,1418.7,312550.0,333744.0
2025-06-20 10:21:14.894431,1418.7,312154.0,336043.0
2025-06-20 10:21:15.782442,1418.7,312196.0,336264.0
2025-06-20 10:21:16.781603,1418.7,311999.0,336214.0
2025-06-20 10:21:17.683411,1418.7,311405.0,336318.0
2025-06-20 10:21:18.645039,1418.7,311405.0,336318.0
2025-06-20 10:21:18.681726,1418.7,309841.0,339492.0
2025-06-20 10:21:19.586225,1418.5,309706.0,339401.0
2025-06-20 10:21:19.645365,1418.5,309706.0,339401.0
2025-06-20 10:21:20.582821,1418.5,309627.0,339454.0
2025-06-20 10:21:21.616885,1418.5,310390.0,339162.0
2025-06-20 10:21:22.585893,1418.5,310374.0,339220.0
2025-06-20 10:21:22.648907,1418.5,310374.0,339220.0
2025-06-20 10:21:23.626044,1418.7,309580.0,338547.0
2025-06-20 10:21:23.658434,1418.7,309580.0,338547.0
2025-06-20 10:21:24.485971,1418.5,311106.0,335964.0
2025-06-20 10:21:24.648018,1418.5,311106.0,335964.0
2025-06-20 10:21:25.400791,1418.5,310648.0,327186.0
2025-06-20 10:21:26.400568,1418.5,311809.0,327583.0
2025-06-20 10:21:27.488664,1418.5,311824.0,328168.0
2025-06-20 10:21:28.609871,1418.5,311824.0,328288.0
2025-06-20 10:21:28.654514,1418.5,311824.0,328288.0
2025-06-20 10:21:29.296447,1418.5,311002.0,330070.0
2025-06-20 10:21:29.652614,1418.5,311002.0,330070.0
2025-06-20 10:21:30.290109,1418.5,310795.0,326595.0
2025-06-20 10:21:31.304088,1418.5,310629.0,327297.0
2025-06-20 10:21:32.324298,1418.5,312391.0,327829.0
2025-06-20 10:21:32.669949,1418.7,312391.0,327829.0
2025-06-20 10:21:33.376329,1418.7,312258.0,330109.0
2025-06-20 10:21:33.652816,1418.7,312258.0,330109.0
2025-06-20 10:21:34.292683,1418.5,312603.0,329877.0
2025-06-20 10:21:34.641839,1418.7,312603.0,329877.0
2025-06-20 10:21:35.191154,1418.7,312689.0,329648.0
2025-06-20 10:21:36.191918,1418.7,311672.0,329760.0
2025-06-20 10:21:36.644606,1418.7,311672.0,329760.0
2025-06-20 10:21:37.117031,1418.5,312684.0,329218.0
2025-06-20 10:21:37.693896,1418.5,312684.0,329218.0
2025-06-20 10:21:37.991435,1418.5,313531.0,327252.0
2025-06-20 10:21:38.927697,1418.5,312410.0,327732.0
2025-06-20 10:21:39.644603,1418.5,312410.0,327732.0
2025-06-20 10:21:39.793414,1418.5,313079.0,329494.0
2025-06-20 10:21:40.645717,1418.5,313079.0,329494.0
2025-06-20 10:21:40.798195,1418.5,313132.0,329977.0
2025-06-20 10:21:41.696559,1418.5,312180.0,329426.0
2025-06-20 10:21:41.839503,1418.5,312180.0,329426.0
2025-06-20 10:21:42.172528,1418.5,312180.0,329426.0
2025-06-20 10:21:42.659405,1418.5,312180.0,329426.0
2025-06-20 10:21:42.695315,1418.5,312868.0,329426.0
2025-06-20 10:21:42.794991,1418.5,312868.0,329426.0
2025-06-20 10:21:43.083626,1418.5,312868.0,329426.0
2025-06-20 10:21:43.600543,1418.7,313140.0,328217.0
2025-06-20 10:21:43.651919,1418.7,313140.0,328217.0
2025-06-20 10:21:43.721791,1418.7,313140.0,328217.0
2025-06-20 10:21:44.426126,1418.7,313140.0,328217.0
2025-06-20 10:21:44.600630,1418.5,313210.0,328224.0
2025-06-20 10:21:44.646423,1418.5,313210.0,328224.0
2025-06-20 10:21:44.836751,1418.5,313210.0,328224.0
2025-06-20 10:21:45.466106,1418.5,313210.0,328224.0
2025-06-20 10:21:45.505043,1418.5,311006.0,328612.0
2025-06-20 10:21:45.706625,1418.5,311006.0,328612.0
2025-06-20 10:21:45.820598,1418.5,311006.0,328612.0
2025-06-20 10:21:46.654631,1418.5,310983.0,328611.0
2025-06-20 10:21:46.689210,1418.5,310983.0,328611.0
2025-06-20 10:21:46.815075,1418.5,310983.0,328611.0
2025-06-20 10:21:47.657083,1418.5,310983.0,328611.0
2025-06-20 10:21:47.701673,1418.5,310693.0,328949.0
2025-06-20 10:21:48.135643,1418.5,310693.0,328949.0
2025-06-20 10:21:48.658432,1418.7,310693.0,328949.0
2025-06-20 10:21:48.807219,1418.7,311440.0,328466.0
2025-06-20 10:21:49.113927,1418.7,311440.0,328466.0
2025-06-20 10:21:49.693325,1418.4,311440.0,328466.0
2025-06-20 10:21:49.802588,1418.4,312562.0,328428.0
2025-06-20 10:21:50.696946,1418.4,312562.0,328428.0
2025-06-20 10:21:50.800877,1418.4,310632.0,328477.0
2025-06-20 10:21:51.695347,1418.7,310632.0,328477.0
2025-06-20 10:21:51.707340,1418.7,311648.0,328168.0
2025-06-20 10:21:51.942074,1418.7,311648.0,328168.0
2025-06-20 10:21:52.917575,1418.7,313833.0,328294.0
2025-06-20 10:21:53.192511,1418.7,313833.0,328294.0
2025-06-20 10:21:53.644092,1418.7,313833.0,328294.0
2025-06-20 10:21:54.006036,1418.5,312082.0,327215.0
2025-06-20 10:21:54.665445,1418.5,312082.0,327215.0
2025-06-20 10:21:54.799074,1418.5,312082.0,327215.0
2025-06-20 10:21:55.008355,1418.5,312566.0,325688.0
2025-06-20 10:21:56.107131,1418.5,313200.0,327716.0
2025-06-20 10:21:56.658469,1418.7,313200.0,327716.0
2025-06-20 10:21:57.207036,1418.7,312475.0,325904.0
2025-06-20 10:21:57.652301,1418.7,312475.0,325904.0
2025-06-20 10:21:58.111558,1419.0,311002.0,328238.0
2025-06-20 10:21:58.646520,1419.0,311002.0,328238.0
2025-06-20 10:21:59.308564,1418.7,312261.0,328106.0
2025-06-20 10:21:59.702175,1419.0,312261.0,328106.0
2025-06-20 10:22:00.211864,1418.7,312364.0,328413.0
2025-06-20 10:22:01.509331,1418.7,312819.0,325896.0
2025-06-20 10:22:01.693519,1419.0,312819.0,325896.0
2025-06-20 10:22:02.508796,1419.0,311961.0,327837.0
2025-06-20 10:22:03.609378,1419.0,312695.0,338871.0
2025-06-20 10:22:03.648434,1419.0,312695.0,338871.0
2025-06-20 10:22:04.610646,1418.7,312589.0,338933.0
2025-06-20 10:22:04.649397,1418.7,312589.0,338933.0
2025-06-20 10:22:05.716005,1419.0,312589.0,338933.0
2025-06-20 10:22:05.721490,1419.0,312616.0,338874.0
2025-06-20 10:22:06.611215,1419.0,315627.0,339926.0
2025-06-20 10:22:06.662075,1419.0,315627.0,339926.0
2025-06-20 10:22:07.892546,1419.2,315263.0,340216.0
2025-06-20 10:22:07.995332,1419.2,315263.0,340216.0
2025-06-20 10:22:08.722768,1419.2,315263.0,340216.0
2025-06-20 10:22:08.724218,1419.2,315033.0,340118.0
2025-06-20 10:22:09.659043,1419.0,315033.0,340118.0
2025-06-20 10:22:09.813518,1419.0,314217.0,340640.0
2025-06-20 10:22:11.293665,1419.0,314217.0,340640.0
2025-06-20 10:22:11.510993,1419.0,312892.0,340402.0
2025-06-20 10:22:11.726623,1419.2,312892.0,340402.0
2025-06-20 10:22:12.015175,1419.2,311483.0,340925.0
2025-06-20 10:22:12.692561,1419.0,311483.0,340925.0
2025-06-20 10:22:13.024513,1419.0,312168.0,341845.0
2025-06-20 10:22:13.701818,1419.3,312168.0,341845.0
2025-06-20 10:22:14.114702,1419.0,312247.0,340854.0
2025-06-20 10:22:14.672170,1419.0,312247.0,340854.0
2025-06-20 10:22:15.116916,1419.0,313490.0,337026.0
2025-06-20 10:22:15.651404,1419.3,313490.0,337026.0
2025-06-20 10:22:16.216973,1419.3,312952.0,336012.0
2025-06-20 10:22:16.664299,1419.3,312952.0,336012.0
2025-06-20 10:22:17.321072,1419.3,310153.0,337547.0
2025-06-20 10:22:17.659722,1419.5,310153.0,337547.0
2025-06-20 10:22:18.220263,1419.5,313694.0,339271.0
2025-06-20 10:22:18.691314,1419.5,313694.0,339271.0
2025-06-20 10:22:19.318417,1419.3,313717.0,339330.0
2025-06-20 10:22:19.652515,1419.3,313717.0,339330.0
2025-06-20 10:22:20.322456,1419.7,314188.0,334775.0
2025-06-20 10:22:20.657001,1419.7,314188.0,334775.0
2025-06-20 10:22:21.432268,1419.7,313689.0,339556.0
2025-06-20 10:22:21.662952,1419.6,313689.0,339556.0
2025-06-20 10:22:22.680659,1419.7,313689.0,339556.0
2025-06-20 10:22:23.038592,1419.7,314282.0,338719.0
2025-06-20 10:22:23.654947,1419.7,314282.0,338719.0
2025-06-20 10:22:24.034502,1419.3,314133.0,338466.0
2025-06-20 10:22:24.657182,1419.3,314133.0,338466.0
2025-06-20 10:22:25.126446,1419.3,313245.0,339963.0
2025-06-20 10:22:26.030599,1419.3,313113.0,339852.0
2025-06-20 10:22:27.036154,1419.3,312833.0,340755.0
2025-06-20 10:22:27.650455,1419.5,312833.0,340755.0
2025-06-20 10:22:28.140583,1419.5,313248.0,340400.0
2025-06-20 10:22:29.225941,1419.5,313132.0,340384.0
2025-06-20 10:22:29.689752,1419.5,313132.0,340384.0
2025-06-20 10:22:30.344526,1419.7,313514.0,339372.0
2025-06-20 10:22:31.176005,1419.7,313514.0,339372.0
2025-06-20 10:22:31.331938,1419.7,313391.0,338750.0
2025-06-20 10:22:31.696025,1419.7,313391.0,338750.0
2025-06-20 10:22:32.438676,1419.7,313453.0,338730.0
2025-06-20 10:22:32.665675,1419.7,313453.0,338730.0
2025-06-20 10:22:33.526633,1419.5,313568.0,337864.0
2025-06-20 10:22:33.658249,1419.5,313568.0,337864.0
2025-06-20 10:22:34.639672,1419.7,314181.0,336315.0
2025-06-20 10:22:34.722671,1419.7,314181.0,336315.0
2025-06-20 10:22:35.653356,1419.8,314181.0,336315.0
2025-06-20 10:22:35.733632,1419.8,315328.0,332570.0
2025-06-20 10:22:36.631930,1419.9,315339.0,336315.0
2025-06-20 10:22:36.655621,1419.9,315339.0,336315.0
2025-06-20 10:22:37.656578,1419.9,315339.0,336315.0
2025-06-20 10:22:37.831664,1419.8,315493.0,336832.0
2025-06-20 10:22:38.661012,1419.9,315493.0,336832.0
2025-06-20 10:22:38.943326,1419.9,315494.0,336532.0
2025-06-20 10:22:39.659533,1420.0,315494.0,336532.0
2025-06-20 10:22:39.944795,1420.0,316166.0,326837.0
2025-06-20 10:22:40.736599,1420.3,316166.0,326837.0
2025-06-20 10:22:40.944383,1420.4,315544.0,326800.0
2025-06-20 10:22:41.701888,1420.4,315544.0,326800.0
2025-06-20 10:22:42.037643,1420.4,312166.0,327338.0
2025-06-20 10:22:42.699441,1420.4,312166.0,327338.0
2025-06-20 10:22:43.136216,1420.4,315479.0,327133.0
2025-06-20 10:22:43.662839,1420.4,315479.0,327133.0
2025-06-20 10:22:44.247750,1420.4,314994.0,325444.0
2025-06-20 10:22:44.689024,1420.5,314994.0,325444.0
2025-06-20 10:22:45.235956,1420.5,315175.0,326965.0
2025-06-20 10:22:45.653877,1420.5,315175.0,326965.0
2025-06-20 10:22:46.338615,1420.3,313132.0,331174.0
2025-06-20 10:22:46.657330,1420.5,313132.0,331174.0
2025-06-20 10:22:47.440712,1420.3,312650.0,330431.0
2025-06-20 10:22:47.658330,1420.3,312650.0,330431.0
2025-06-20 10:22:48.338616,1420.3,312603.0,330166.0
2025-06-20 10:22:49.536783,1420.3,312644.0,330676.0
2025-06-20 10:22:49.658497,1420.3,312644.0,330676.0
2025-06-20 10:22:50.638746,1420.3,312373.0,330812.0
2025-06-20 10:22:51.639562,1420.3,312813.0,330973.0
2025-06-20 10:22:51.686494,1420.3,312813.0,330973.0
2025-06-20 10:22:52.641109,1420.3,313026.0,325306.0
2025-06-20 10:22:53.540922,1420.5,313843.0,325555.0
2025-06-20 10:22:53.657359,1420.5,313843.0,325555.0
2025-06-20 10:22:54.541215,1420.5,313920.0,328344.0
2025-06-20 10:22:54.659376,1420.5,313920.0,328344.0
2025-06-20 10:22:55.643712,1420.5,313796.0,330015.0
2025-06-20 10:22:56.656757,1420.5,313796.0,330015.0
2025-06-20 10:22:56.741412,1420.5,313593.0,331709.0
2025-06-20 10:22:57.781155,1420.5,314007.0,331886.0
2025-06-20 10:22:58.679111,1420.7,314007.0,331886.0
2025-06-20 10:22:58.754864,1420.7,314221.0,329200.0
2025-06-20 10:22:59.654459,1420.8,314221.0,329200.0
2025-06-20 10:22:59.745225,1420.8,314426.0,330167.0
2025-06-20 10:23:01.154477,1420.4,313923.0,331737.0
2025-06-20 10:23:01.651902,1420.4,313923.0,331737.0
2025-06-20 10:23:02.047033,1420.4,314199.0,331555.0
2025-06-20 10:23:02.650111,1420.4,314199.0,331555.0
2025-06-20 10:23:02.984278,1420.3,314072.0,331858.0
2025-06-20 10:23:03.705072,1420.5,314072.0,331858.0
2025-06-20 10:23:03.952430,1420.5,314213.0,334202.0
2025-06-20 10:23:04.656169,1420.4,314213.0,334202.0
2025-06-20 10:23:04.954102,1420.3,313391.0,333519.0
2025-06-20 10:23:05.653706,1420.5,313391.0,333519.0
2025-06-20 10:23:05.959190,1420.5,313194.0,331819.0
2025-06-20 10:23:06.658699,1420.7,313194.0,331819.0
2025-06-20 10:23:06.863483,1420.7,314305.0,332081.0
2025-06-20 10:23:07.651868,1420.5,314305.0,332081.0
2025-06-20 10:23:07.752083,1420.5,314095.0,331634.0
2025-06-20 10:23:08.653433,1420.5,314095.0,331634.0
2025-06-20 10:23:08.756287,1420.5,313875.0,331688.0
2025-06-20 10:23:09.702637,1420.3,313875.0,331688.0
2025-06-20 10:23:09.710775,1420.3,314068.0,332347.0
2025-06-20 10:23:10.553123,1420.3,313962.0,331437.0
2025-06-20 10:23:10.651679,1420.3,313962.0,331437.0
2025-06-20 10:23:11.458651,1420.3,314103.0,331077.0
2025-06-20 10:23:11.733321,1420.5,314103.0,331077.0
2025-06-20 10:23:12.555301,1420.3,314156.0,329087.0
2025-06-20 10:23:12.657504,1420.5,314156.0,329087.0
2025-06-20 10:23:13.555352,1420.5,314537.0,330452.0
2025-06-20 10:23:13.651741,1420.3,314537.0,330452.0
2025-06-20 10:23:14.554689,1420.3,314078.0,330797.0
2025-06-20 10:23:14.654230,1420.3,314078.0,330797.0
2025-06-20 10:23:15.554564,1420.3,315296.0,331087.0
2025-06-20 10:23:16.556705,1420.5,314348.0,329992.0
2025-06-20 10:23:16.652481,1420.5,314348.0,329992.0
2025-06-20 10:23:17.461944,1420.7,314328.0,329508.0
2025-06-20 10:23:17.651809,1420.7,314328.0,329508.0
2025-06-20 10:23:18.458390,1420.5,314575.0,330242.0
2025-06-20 10:23:18.710836,1420.5,314575.0,330242.0
2025-06-20 10:23:19.490747,1420.3,313824.0,331812.0
2025-06-20 10:23:19.666375,1420.3,313824.0,331812.0
2025-06-20 10:23:20.458614,1420.9,314739.0,328429.0
2025-06-20 10:23:20.654223,1420.9,314739.0,328429.0
2025-06-20 10:23:21.362524,1420.8,313665.0,328336.0
2025-06-20 10:23:21.656811,1420.8,313665.0,328336.0
2025-06-20 10:23:22.364206,1420.9,315035.0,331307.0
2025-06-20 10:23:22.652667,1420.9,315035.0,331307.0
2025-06-20 10:23:23.366571,1420.9,314693.0,331451.0
2025-06-20 10:23:23.653807,1420.8,314693.0,331451.0
2025-06-20 10:23:24.369019,1420.8,314227.0,332140.0
2025-06-20 10:23:24.653834,1420.8,314227.0,332140.0
2025-06-20 10:23:25.371612,1420.8,313999.0,332075.0
2025-06-20 10:23:25.658127,1420.6,313999.0,332075.0
2025-06-20 10:23:26.263561,1420.7,312796.0,332562.0
2025-06-20 10:23:26.654276,1420.7,312796.0,332562.0
2025-06-20 10:23:27.262838,1420.7,313537.0,332679.0
2025-06-20 10:23:28.303325,1420.7,313150.0,331967.0
2025-06-20 10:23:28.671810,1420.7,313150.0,331967.0
2025-06-20 10:23:29.173476,1420.7,313178.0,331673.0
2025-06-20 10:23:29.654224,1420.7,313178.0,331673.0
2025-06-20 10:23:30.175602,1420.9,313219.0,331744.0
2025-06-20 10:23:30.653922,1420.9,313219.0,331744.0
2025-06-20 10:23:31.175123,1420.9,313336.0,331389.0
2025-06-20 10:23:32.265643,1420.9,310000.0,332294.0
2025-06-20 10:23:33.171830,1420.9,313791.0,328543.0
2025-06-20 10:23:33.654402,1420.9,313791.0,328543.0
2025-06-20 10:23:34.170316,1421.0,313876.0,329683.0
2025-06-20 10:23:34.659762,1420.5,313876.0,329683.0
2025-06-20 10:23:35.069666,1420.5,312879.0,331521.0
2025-06-20 10:23:35.659177,1420.4,312879.0,331521.0
2025-06-20 10:23:36.069383,1420.4,312497.0,331536.0
2025-06-20 10:23:36.657421,1420.6,312497.0,331536.0
2025-06-20 10:23:37.168995,1420.2,309442.0,336530.0
2025-06-20 10:23:37.654246,1420.1,309442.0,336530.0
2025-06-20 10:23:38.074610,1420.3,311297.0,336783.0
2025-06-20 10:23:38.656321,1420.3,311297.0,336783.0
2025-06-20 10:23:39.074155,1420.3,312055.0,336661.0
2025-06-20 10:23:39.652138,1420.1,312055.0,336661.0
2025-06-20 10:23:40.076114,1420.1,312098.0,337734.0
2025-06-20 10:23:40.726286,1420.3,312098.0,337734.0
2025-06-20 10:23:41.076056,1420.3,312182.0,337476.0
2025-06-20 10:23:41.653890,1420.3,312182.0,337476.0
2025-06-20 10:23:41.990091,1420.3,312346.0,336420.0
2025-06-20 10:23:42.656833,1420.3,312346.0,336420.0
2025-06-20 10:23:43.131237,1420.3,311678.0,336155.0
2025-06-20 10:23:43.657355,1420.4,311678.0,336155.0
2025-06-20 10:23:44.000087,1420.4,311794.0,337386.0
2025-06-20 10:23:44.660870,1420.2,311794.0,337386.0
2025-06-20 10:23:44.899178,1420.2,312562.0,335615.0
2025-06-20 10:23:45.669890,1420.1,312562.0,335615.0
2025-06-20 10:23:45.778530,1420.1,312310.0,338435.0
2025-06-20 10:23:46.661838,1420.3,312310.0,338435.0
2025-06-20 10:23:46.777307,1420.1,312170.0,336732.0
2025-06-20 10:23:47.654962,1420.1,312170.0,336732.0
2025-06-20 10:23:47.694744,1420.1,312018.0,336499.0
2025-06-20 10:23:48.578962,1420.5,312118.0,336703.0
2025-06-20 10:23:48.665360,1420.5,312118.0,336703.0
2025-06-20 10:23:49.579767,1420.3,312275.0,338253.0
2025-06-20 10:23:49.654950,1420.3,312275.0,338253.0
2025-06-20 10:23:50.578827,1420.5,312329.0,337952.0
2025-06-20 10:23:50.658451,1420.5,312329.0,337952.0
2025-06-20 10:23:51.579490,1420.5,312514.0,337964.0
2025-06-20 10:23:51.657091,1420.2,312514.0,337964.0
2025-06-20 10:23:52.580098,1420.5,311485.0,337244.0
2025-06-20 10:23:52.653390,1420.5,311485.0,337244.0
2025-06-20 10:23:53.580527,1420.4,311727.0,337070.0
2025-06-20 10:23:53.655650,1420.4,311727.0,337070.0
2025-06-20 10:23:54.581941,1420.2,311789.0,337420.0
2025-06-20 10:23:54.658188,1420.2,311789.0,337420.0
2025-06-20 10:23:55.493444,1420.2,311866.0,337355.0
2025-06-20 10:23:55.664677,1420.2,311866.0,337355.0
2025-06-20 10:23:56.581335,1420.4,312116.0,337039.0
2025-06-20 10:23:56.658092,1420.4,312116.0,337039.0
2025-06-20 10:23:57.484171,1420.4,312312.0,334928.0
2025-06-20 10:23:57.656542,1420.3,312312.0,334928.0
2025-06-20 10:23:58.483890,1420.3,311958.0,337019.0
2025-06-20 10:23:58.656670,1420.3,311958.0,337019.0
2025-06-20 10:23:59.622321,1420.3,312276.0,337218.0
2025-06-20 10:23:59.656286,1420.3,312276.0,337218.0
2025-06-20 10:24:00.300464,1420.3,312331.0,335414.0
2025-06-20 10:24:01.660324,1420.5,312331.0,335414.0
2025-06-20 10:24:01.794028,1420.5,312769.0,333342.0
2025-06-20 10:24:02.657032,1420.5,312769.0,333342.0
2025-06-20 10:24:02.785754,1420.5,312498.0,335837.0
2025-06-20 10:24:03.657249,1420.3,312498.0,335837.0
2025-06-20 10:24:03.987492,1420.3,311254.0,337418.0
2025-06-20 10:24:04.657999,1420.2,311254.0,337418.0
2025-06-20 10:24:04.990060,1420.2,312471.0,337333.0
2025-06-20 10:24:05.661846,1420.3,312471.0,337333.0
2025-06-20 10:24:06.139392,1420.2,312400.0,338584.0
2025-06-20 10:24:06.661775,1420.3,312400.0,338584.0
2025-06-20 10:24:07.395970,1420.3,312086.0,338687.0
2025-06-20 10:24:08.291243,1420.2,312144.0,339346.0
2025-06-20 10:24:08.657769,1420.2,312144.0,339346.0
2025-06-20 10:24:09.387566,1420.2,312102.0,339880.0
2025-06-20 10:24:09.763072,1420.3,312102.0,339880.0
2025-06-20 10:24:10.316081,1420.3,312191.0,339238.0
2025-06-20 10:24:10.924439,1420.2,312191.0,339238.0
2025-06-20 10:24:11.403328,1420.2,311793.0,339561.0
2025-06-20 10:24:11.700880,1420.3,311793.0,339561.0
2025-06-20 10:24:12.426172,1420.3,311642.0,338873.0
2025-06-20 10:24:13.579895,1420.3,311786.0,339010.0
2025-06-20 10:24:14.095951,1420.3,311786.0,339010.0
2025-06-20 10:24:14.631201,1420.2,311697.0,339006.0
2025-06-20 10:24:14.677463,1420.3,311697.0,339006.0
2025-06-20 10:24:15.592460,1420.2,311751.0,339204.0
2025-06-20 10:24:15.654230,1420.2,311751.0,339204.0
2025-06-20 10:24:16.774696,1420.2,311760.0,339224.0
2025-06-20 10:24:17.661643,1420.3,311760.0,339224.0
2025-06-20 10:24:17.795253,1420.3,312026.0,338923.0
2025-06-20 10:24:18.907060,1420.3,312226.0,339101.0
2025-06-20 10:24:19.653439,1420.2,312226.0,339101.0
2025-06-20 10:24:19.995189,1420.2,312220.0,338786.0
2025-06-20 10:24:20.668222,1420.3,312220.0,338786.0
2025-06-20 10:24:21.009190,1420.2,312496.0,338594.0
2025-06-20 10:24:21.659382,1420.2,312496.0,338594.0
2025-06-20 10:24:22.100825,1420.2,312477.0,338593.0
2025-06-20 10:24:22.657028,1420.1,312477.0,338593.0
2025-06-20 10:24:23.201289,1420.3,312952.0,336149.0
2025-06-20 10:24:23.663795,1420.3,312952.0,336149.0
2025-06-20 10:24:24.303552,1420.3,312898.0,337054.0
2025-06-20 10:24:24.666232,1420.3,312898.0,337054.0
2025-06-20 10:24:25.501490,1420.1,312946.0,336095.0
2025-06-20 10:24:25.667721,1420.1,312946.0,336095.0
2025-06-20 10:24:26.307844,1420.1,312383.0,335051.0
2025-06-20 10:24:26.656116,1420.1,312383.0,335051.0
2025-06-20 10:24:27.437565,1420.1,311580.0,337091.0
2025-06-20 10:24:28.506009,1420.1,312068.0,336449.0
2025-06-20 10:24:28.659037,1420.3,312068.0,336449.0
2025-06-20 10:24:29.602239,1420.0,308572.0,337316.0
2025-06-20 10:24:29.660397,1420.0,308572.0,337316.0
2025-06-20 10:24:30.657148,1420.3,308572.0,337316.0
2025-06-20 10:24:30.715122,1420.3,309362.0,339124.0
2025-06-20 10:24:31.802964,1420.3,310596.0,339027.0
2025-06-20 10:24:32.657231,1420.3,310596.0,339027.0
2025-06-20 10:24:32.805724,1420.3,310695.0,339217.0
2025-06-20 10:24:33.656958,1420.3,310695.0,339217.0
2025-06-20 10:24:33.917829,1420.3,310716.0,339007.0
2025-06-20 10:24:34.662062,1420.3,310716.0,339007.0
2025-06-20 10:24:35.003817,1420.3,310573.0,338486.0
2025-06-20 10:24:35.656827,1420.3,310573.0,338486.0
2025-06-20 10:24:36.106808,1420.3,310851.0,336849.0
2025-06-20 10:24:36.659054,1420.3,310851.0,336849.0
2025-06-20 10:24:37.207423,1420.4,312129.0,337240.0
2025-06-20 10:24:37.656609,1420.4,312129.0,337240.0
2025-06-20 10:24:38.309382,1420.4,312011.0,337708.0
2025-06-20 10:24:38.659688,1420.4,312011.0,337708.0
2025-06-20 10:24:39.442552,1420.3,312153.0,337671.0
2025-06-20 10:24:39.656821,1420.3,312153.0,337671.0
2025-06-20 10:24:40.563464,1420.3,311720.0,337676.0
2025-06-20 10:24:40.664788,1420.3,311720.0,337676.0
2025-06-20 10:24:41.609071,1420.4,312416.0,336395.0
2025-06-20 10:24:41.660403,1420.4,312416.0,336395.0
2025-06-20 10:24:42.292305,1420.4,312416.0,336395.0
2025-06-20 10:24:42.716587,1420.4,312059.0,337014.0
2025-06-20 10:24:42.949428,1420.4,312059.0,337014.0
2025-06-20 10:24:43.499364,1420.4,312059.0,337014.0
2025-06-20 10:24:43.612157,1420.4,312155.0,337014.0
2025-06-20 10:24:43.656536,1420.4,312155.0,337014.0
2025-06-20 10:24:43.782339,1420.4,312155.0,337014.0
2025-06-20 10:24:44.031382,1420.4,312155.0,337014.0
2025-06-20 10:24:44.700708,1420.3,312155.0,337014.0
2025-06-20 10:24:44.709612,1420.3,312259.0,337053.0
2025-06-20 10:24:45.057927,1420.3,312259.0,337053.0
2025-06-20 10:24:45.810771,1420.3,312065.0,337140.0
2025-06-20 10:24:46.067325,1420.3,312065.0,337140.0
2025-06-20 10:24:46.925407,1420.3,312010.0,338334.0
2025-06-20 10:24:47.640884,1420.3,312010.0,338334.0
2025-06-20 10:24:47.702300,1420.3,312010.0,338334.0
2025-06-20 10:24:48.010300,1420.3,312436.0,333501.0
2025-06-20 10:24:48.781793,1420.3,312436.0,333501.0
2025-06-20 10:24:49.112345,1420.3,312284.0,333707.0
2025-06-20 10:24:49.656573,1420.3,312284.0,333707.0
2025-06-20 10:24:49.767887,1420.3,312284.0,333707.0
2025-06-20 10:24:50.016163,1420.4,312407.0,336338.0
2025-06-20 10:24:50.659019,1420.4,312407.0,336338.0
2025-06-20 10:24:51.113777,1420.4,313091.0,333399.0
2025-06-20 10:24:51.289062,1420.4,313091.0,333399.0
2025-06-20 10:24:51.657488,1420.4,313091.0,333399.0
2025-06-20 10:24:52.214341,1420.7,313247.0,333024.0
2025-06-20 10:24:52.562150,1420.7,313247.0,333024.0
2025-06-20 10:24:52.688783,1420.7,313247.0,333024.0
2025-06-20 10:24:53.312173,1420.7,313225.0,334883.0
2025-06-20 10:24:53.664476,1420.7,313225.0,334883.0
2025-06-20 10:24:53.816727,1420.7,313225.0,334883.0
2025-06-20 10:24:54.513339,1420.3,311587.0,334723.0
2025-06-20 10:24:54.662110,1420.3,311587.0,334723.0
2025-06-20 10:24:55.451260,1420.3,311587.0,334723.0
2025-06-20 10:24:55.514433,1420.3,312259.0,334759.0
2025-06-20 10:24:56.616726,1420.3,311953.0,334767.0
2025-06-20 10:24:56.655681,1420.3,311953.0,334767.0
2025-06-20 10:24:57.658937,1420.3,311953.0,334767.0
2025-06-20 10:24:57.724897,1420.3,311999.0,334692.0
2025-06-20 10:24:58.661382,1420.3,311999.0,334692.0
2025-06-20 10:24:58.814304,1420.3,312011.0,334714.0
2025-06-20 10:24:59.951281,1420.3,312011.0,335049.0
2025-06-20 10:25:01.321387,1420.3,312075.0,335058.0
2025-06-20 10:25:01.663958,1420.3,312075.0,335058.0
2025-06-20 10:25:02.324991,1420.3,312039.0,335265.0
2025-06-20 10:25:02.660959,1420.5,312039.0,335265.0
2025-06-20 10:25:03.453447,1420.5,312488.0,335109.0
2025-06-20 10:25:03.661876,1420.5,312488.0,335109.0
2025-06-20 10:25:04.521915,1420.5,312570.0,335137.0
2025-06-20 10:25:04.667091,1420.5,312570.0,335137.0
2025-06-20 10:25:05.456027,1420.3,312256.0,333380.0
2025-06-20 10:25:05.656948,1420.3,312256.0,333380.0
2025-06-20 10:25:06.523629,1420.3,311861.0,332439.0
2025-06-20 10:25:07.528101,1420.5,312252.0,332571.0
2025-06-20 10:25:07.661161,1420.5,312252.0,332571.0
2025-06-20 10:25:08.626290,1420.5,312037.0,332510.0
2025-06-20 10:25:09.655882,1420.5,312429.0,332728.0
2025-06-20 10:25:10.632713,1420.3,311530.0,335838.0
2025-06-20 10:25:10.678253,1420.5,311530.0,335838.0
2025-06-20 10:25:11.631593,1420.5,312038.0,335645.0
2025-06-20 10:25:11.662215,1420.5,312038.0,335645.0
2025-06-20 10:25:12.732797,1420.5,312362.0,336241.0
2025-06-20 10:25:13.657214,1420.5,312362.0,336241.0
2025-06-20 10:25:13.729568,1420.5,312351.0,334577.0
2025-06-20 10:25:14.661933,1420.2,312351.0,334577.0
2025-06-20 10:25:14.729125,1420.2,312785.0,333811.0
2025-06-20 10:25:15.663976,1420.3,312785.0,333811.0
2025-06-20 10:25:15.736308,1420.3,312313.0,335371.0
2025-06-20 10:25:16.670395,1420.5,312313.0,335371.0
2025-06-20 10:25:16.729114,1420.5,312977.0,334704.0
2025-06-20 10:25:17.827817,1420.5,313082.0,335192.0
2025-06-20 10:25:18.662545,1420.4,313082.0,335192.0
2025-06-20 10:25:18.956545,1420.4,312791.0,333800.0
2025-06-20 10:25:20.359991,1420.5,312931.0,334489.0
2025-06-20 10:25:20.703292,1420.5,312931.0,334489.0
2025-06-20 10:25:21.632276,1420.5,313062.0,335914.0
2025-06-20 10:25:21.656356,1420.5,313062.0,335914.0
2025-06-20 10:25:22.659571,1420.5,313062.0,335914.0
2025-06-20 10:25:22.732247,1420.5,313267.0,335963.0
2025-06-20 10:25:23.664287,1420.6,313267.0,335963.0
2025-06-20 10:25:23.858968,1420.6,313324.0,335539.0
2025-06-20 10:25:24.667878,1420.5,313324.0,335539.0
2025-06-20 10:25:24.949760,1420.5,313182.0,336155.0
2025-06-20 10:25:25.667962,1420.6,313182.0,336155.0
2025-06-20 10:25:25.835548,1420.6,313265.0,333990.0
2025-06-20 10:25:26.784518,1420.7,313265.0,333990.0
2025-06-20 10:25:27.015744,1420.7,313432.0,335650.0
2025-06-20 10:25:27.709088,1420.5,313432.0,335650.0
2025-06-20 10:25:28.036844,1420.5,314478.0,335959.0
2025-06-20 10:25:29.136141,1420.5,313708.0,335927.0
2025-06-20 10:25:29.658426,1420.5,313708.0,335927.0
2025-06-20 10:25:30.265113,1420.6,314641.0,330708.0
2025-06-20 10:25:30.663736,1420.6,314641.0,330708.0
2025-06-20 10:25:31.240018,1420.6,314978.0,329639.0
2025-06-20 10:25:31.668617,1420.8,314978.0,329639.0
2025-06-20 10:25:32.340280,1421.1,314692.0,328586.0
2025-06-20 10:25:32.661834,1421.1,314692.0,328586.0
2025-06-20 10:25:33.340747,1421.1,315024.0,329298.0
2025-06-20 10:25:33.662935,1421.1,315024.0,329298.0
2025-06-20 10:25:34.448405,1421.3,315329.0,331417.0
2025-06-20 10:25:34.660368,1421.4,315329.0,331417.0
2025-06-20 10:25:35.453546,1421.3,315084.0,330768.0
2025-06-20 10:25:35.663768,1421.3,315084.0,330768.0
2025-06-20 10:25:36.545111,1421.3,314783.0,332591.0
2025-06-20 10:25:37.543611,1421.3,314382.0,332617.0
2025-06-20 10:25:37.659772,1421.4,314382.0,332617.0
2025-06-20 10:25:38.644553,1421.3,314796.0,332917.0
2025-06-20 10:25:38.660634,1421.3,314796.0,332917.0
2025-06-20 10:25:39.665900,1421.4,314796.0,332917.0
2025-06-20 10:25:39.741705,1421.4,314781.0,332719.0
2025-06-20 10:25:40.669572,1421.3,314781.0,332719.0
2025-06-20 10:25:40.893044,1421.3,314931.0,330840.0
2025-06-20 10:25:41.659631,1421.4,314931.0,330840.0
2025-06-20 10:25:41.957225,1421.4,314908.0,332275.0
2025-06-20 10:25:42.689641,1421.4,314908.0,332275.0
2025-06-20 10:25:43.048889,1421.4,314763.0,331453.0
2025-06-20 10:25:43.738566,1421.6,314763.0,331453.0
2025-06-20 10:25:43.978366,1421.6,314958.0,331016.0
2025-06-20 10:25:44.667811,1421.8,314958.0,331016.0
2025-06-20 10:25:45.152108,1421.8,314704.0,333610.0
2025-06-20 10:25:45.661634,1421.8,314704.0,333610.0
2025-06-20 10:25:46.251151,1421.8,314677.0,332930.0
2025-06-20 10:25:46.663027,1421.8,314677.0,332930.0
2025-06-20 10:25:47.351138,1421.7,314556.0,332559.0
2025-06-20 10:25:47.664733,1421.8,314556.0,332559.0
2025-06-20 10:25:48.464092,1421.7,314527.0,333349.0
2025-06-20 10:25:48.667076,1421.7,314527.0,333349.0
2025-06-20 10:25:49.552446,1421.8,314668.0,332869.0
2025-06-20 10:25:49.662647,1421.8,314668.0,332869.0
2025-06-20 10:25:50.554781,1421.8,314833.0,331293.0
2025-06-20 10:25:51.553429,1421.8,314848.0,331425.0
2025-06-20 10:25:51.673243,1421.8,314848.0,331425.0
2025-06-20 10:25:52.656347,1421.6,314162.0,329019.0
2025-06-20 10:25:52.663872,1421.6,314162.0,329019.0
2025-06-20 10:25:53.661671,1421.9,314162.0,329019.0
2025-06-20 10:25:53.753720,1421.9,313864.0,332051.0
2025-06-20 10:25:54.669013,1422.0,313864.0,332051.0
2025-06-20 10:25:54.857056,1422.0,313884.0,331291.0
2025-06-20 10:25:55.665031,1421.6,313884.0,331291.0
2025-06-20 10:25:55.857014,1421.8,313947.0,329953.0
2025-06-20 10:25:56.662738,1422.0,313947.0,329953.0
2025-06-20 10:25:56.956545,1422.0,314181.0,329906.0
2025-06-20 10:25:57.671461,1422.0,314181.0,329906.0
2025-06-20 10:25:58.055759,1421.6,314239.0,329910.0
2025-06-20 10:25:58.666426,1421.6,314239.0,329910.0
2025-06-20 10:25:59.160682,1421.6,314408.0,329641.0
2025-06-20 10:25:59.667505,1422.0,314408.0,329641.0
2025-06-20 10:26:00.258657,1422.0,313998.0,329445.0
2025-06-20 10:26:01.670200,1422.0,314099.0,330624.0
2025-06-20 10:26:02.568447,1422.0,314018.0,330367.0
2025-06-20 10:26:03.574608,1421.6,314120.0,330135.0
2025-06-20 10:26:03.665932,1421.6,314120.0,330135.0
2025-06-20 10:26:04.573498,1421.8,314208.0,329361.0
2025-06-20 10:26:04.662009,1421.8,314208.0,329361.0
2025-06-20 10:26:05.659281,1421.8,314208.0,329361.0
2025-06-20 10:26:05.667269,1421.8,314076.0,329946.0
2025-06-20 10:26:06.659599,1421.8,314076.0,329946.0
2025-06-20 10:26:06.769286,1421.8,314370.0,331110.0
2025-06-20 10:26:07.662977,1421.8,314370.0,331110.0
2025-06-20 10:26:07.764970,1421.8,314299.0,331509.0
2025-06-20 10:26:08.868625,1421.8,314179.0,331111.0
2025-06-20 10:26:09.662306,1421.8,314179.0,331111.0
2025-06-20 10:26:09.966939,1421.7,313840.0,331165.0
2025-06-20 10:26:10.664003,1421.7,313840.0,331165.0
2025-06-20 10:26:10.969584,1421.7,314320.0,329747.0
2025-06-20 10:26:11.659227,1421.7,314320.0,329747.0
2025-06-20 10:26:12.171191,1421.7,313841.0,330487.0
2025-06-20 10:26:13.269378,1421.8,314140.0,331923.0
2025-06-20 10:26:13.661337,1421.7,314140.0,331923.0
2025-06-20 10:26:14.175574,1421.7,314281.0,331931.0
2025-06-20 10:26:14.663781,1421.7,314281.0,331931.0
2025-06-20 10:26:15.269880,1421.7,313809.0,328539.0
2025-06-20 10:26:16.392923,1421.7,313940.0,329085.0
2025-06-20 10:26:17.478334,1421.8,314561.0,328340.0
2025-06-20 10:26:17.669238,1421.8,314561.0,328340.0
2025-06-20 10:26:18.582371,1421.8,314543.0,328362.0
2025-06-20 10:26:19.589265,1421.7,314553.0,330267.0
2025-06-20 10:26:19.661859,1421.7,314553.0,330267.0
2025-06-20 10:26:20.693216,1421.7,314553.0,330267.0
2025-06-20 10:26:20.700540,1421.7,314554.0,330291.0
2025-06-20 10:26:21.774481,1421.7,314769.0,330319.0
2025-06-20 10:26:22.880349,1421.7,315047.0,330232.0
2025-06-20 10:26:23.679614,1421.7,315047.0,330232.0
2025-06-20 10:26:23.881734,1421.7,315469.0,330565.0
2025-06-20 10:26:24.662650,1421.7,315469.0,330565.0
2025-06-20 10:26:24.880362,1421.7,315462.0,330570.0
2025-06-20 10:26:25.660582,1421.7,315462.0,330570.0
2025-06-20 10:26:25.881540,1421.7,315434.0,328835.0
2025-06-20 10:26:26.662437,1421.8,315434.0,328835.0
2025-06-20 10:26:26.780898,1421.8,315375.0,330007.0
2025-06-20 10:26:27.958977,1421.8,315204.0,328288.0
2025-06-20 10:26:28.666633,1421.8,315204.0,328288.0
2025-06-20 10:26:28.886046,1421.8,315817.0,329077.0
2025-06-20 10:26:29.662391,1421.7,315817.0,329077.0
2025-06-20 10:26:29.783993,1421.7,315514.0,330203.0
2025-06-20 10:26:30.669628,1421.8,315514.0,330203.0
2025-06-20 10:26:30.784616,1421.8,315536.0,330141.0
2025-06-20 10:26:31.890918,1421.8,315822.0,330013.0
2025-06-20 10:26:32.664705,1421.8,315822.0,330013.0
2025-06-20 10:26:32.981277,1421.8,316053.0,329765.0
2025-06-20 10:26:33.661848,1421.8,316053.0,329765.0
2025-06-20 10:26:34.062522,1421.8,316178.0,329781.0
2025-06-20 10:26:34.667289,1421.7,316178.0,329781.0
2025-06-20 10:26:35.088051,1421.7,315956.0,326917.0
2025-06-20 10:26:35.675848,1421.7,315956.0,326917.0
2025-06-20 10:26:36.082164,1421.7,315813.0,328918.0
2025-06-20 10:26:36.668867,1421.7,315813.0,328918.0
2025-06-20 10:26:37.082094,1422.0,315802.0,328971.0
2025-06-20 10:26:37.673626,1421.9,315802.0,328971.0
2025-06-20 10:26:38.084274,1422.0,316096.0,328795.0
2025-06-20 10:26:38.715246,1422.0,316096.0,328795.0
2025-06-20 10:26:39.083920,1422.0,315715.0,328452.0
2025-06-20 10:26:39.672482,1421.7,315715.0,328452.0
2025-06-20 10:26:39.985679,1421.7,315769.0,330227.0
2025-06-20 10:26:40.661129,1422.0,315769.0,330227.0
2025-06-20 10:26:40.985124,1422.0,315082.0,330286.0
2025-06-20 10:26:41.658994,1422.0,315082.0,330286.0
2025-06-20 10:26:41.985797,1422.0,315389.0,329965.0
2025-06-20 10:26:42.989785,1422.0,315546.0,329794.0
2025-06-20 10:26:43.693646,1422.0,315546.0,329794.0
2025-06-20 10:26:44.089761,1422.0,315290.0,335923.0
2025-06-20 10:26:44.810440,1421.7,315290.0,335923.0
2025-06-20 10:26:45.092052,1421.7,315379.0,336417.0
2025-06-20 10:26:45.664410,1421.7,315379.0,336417.0
2025-06-20 10:26:46.196821,1421.7,315313.0,336235.0
2025-06-20 10:26:46.710708,1422.0,315313.0,336235.0
2025-06-20 10:26:47.296334,1422.0,315699.0,336204.0
2025-06-20 10:26:48.410296,1422.0,315415.0,335760.0
2025-06-20 10:26:49.504420,1421.7,313534.0,336067.0
2025-06-20 10:26:49.706121,1421.7,313534.0,336067.0
2025-06-20 10:26:50.599451,1421.7,313280.0,336214.0
2025-06-20 10:26:51.676671,1421.7,313597.0,335804.0
2025-06-20 10:26:52.921033,1421.7,313926.0,335632.0
2025-06-20 10:26:53.687354,1422.1,313926.0,335632.0
2025-06-20 10:26:53.803921,1422.1,313483.0,337909.0
2025-06-20 10:26:54.698368,1422.0,313483.0,337909.0
2025-06-20 10:26:54.916786,1422.0,315033.0,337907.0
2025-06-20 10:26:56.074568,1422.1,315033.0,337907.0
2025-06-20 10:26:56.105032,1422.1,314681.0,337613.0
2025-06-20 10:26:57.009531,1422.1,314681.0,337613.0
2025-06-20 10:26:57.102895,1422.1,314754.0,338375.0
2025-06-20 10:26:57.694903,1422.1,314754.0,338375.0
2025-06-20 10:26:58.103296,1422.0,314216.0,339184.0
2025-06-20 10:26:58.695675,1422.0,314216.0,339184.0
2025-06-20 10:26:59.206707,1422.0,314647.0,339194.0
2025-06-20 10:26:59.708391,1422.0,314647.0,339194.0
2025-06-20 10:27:00.304654,1422.0,314578.0,339482.0
2025-06-20 10:27:00.670174,1422.0,314578.0,339482.0
2025-06-20 10:27:03.694811,1422.2,314578.0,339482.0
2025-06-20 10:27:05.611131,1422.0,315884.0,334740.0
2025-06-20 10:27:06.710343,1422.0,315884.0,334740.0
2025-06-20 10:27:09.696243,1422.6,315884.0,334740.0
2025-06-20 10:27:12.396498,1422.9,315459.0,332876.0
2025-06-20 10:27:12.673800,1422.9,315459.0,332876.0
2025-06-20 10:27:15.670385,1423.1,315459.0,332876.0
2025-06-20 10:27:18.677917,1423.5,315459.0,332876.0
2025-06-20 10:27:18.932264,1423.5,313587.0,333795.0
2025-06-20 10:27:21.668061,1423.5,313587.0,333795.0
2025-06-20 10:27:25.349900,1423.3,313587.0,333795.0
2025-06-20 10:27:25.476741,1423.3,313659.0,336645.0
2025-06-20 10:27:27.680297,1423.4,313659.0,336645.0
2025-06-20 10:27:31.682833,1422.9,313659.0,336645.0
2025-06-20 10:27:32.129353,1422.9,314287.0,336829.0
2025-06-20 10:27:34.693955,1423.0,314287.0,336829.0
2025-06-20 10:27:37.687761,1423.0,314287.0,336829.0
2025-06-20 10:27:38.794224,1423.4,314449.0,338415.0
2025-06-20 10:27:40.693484,1423.0,314449.0,338415.0
2025-06-20 10:27:42.665685,1423.0,314449.0,338415.0
2025-06-20 10:27:43.023532,1423.0,314449.0,338415.0
2025-06-20 10:27:44.230664,1423.0,314449.0,338415.0
2025-06-20 10:27:44.671447,1423.3,314449.0,338415.0
2025-06-20 10:27:45.251747,1423.4,313325.0,341662.0
2025-06-20 10:27:45.273345,1423.4,313325.0,341662.0
2025-06-20 10:27:46.288607,1423.4,313325.0,341662.0
2025-06-20 10:27:47.675238,1423.4,313325.0,341662.0
2025-06-20 10:27:48.679648,1422.6,313325.0,341662.0
2025-06-20 10:27:49.007072,1422.6,313325.0,341662.0
2025-06-20 10:27:51.505684,1422.6,313325.0,341662.0
2025-06-20 10:27:51.553945,1422.6,309386.0,345993.0
2025-06-20 10:27:51.682474,1422.6,309386.0,345993.0
2025-06-20 10:27:52.807128,1422.6,309386.0,345993.0
2025-06-20 10:27:54.018527,1422.6,309386.0,345993.0
2025-06-20 10:27:54.685065,1422.6,309386.0,345993.0
2025-06-20 10:27:55.616407,1422.6,309386.0,345993.0
2025-06-20 10:27:57.683561,1422.6,309386.0,345993.0
2025-06-20 10:27:57.960108,1422.6,312392.0,346227.0
2025-06-20 10:28:00.666916,1422.9,312392.0,346227.0
2025-06-20 10:28:00.965280,1422.9,312594.0,346033.0
2025-06-20 10:28:01.713822,1423.0,312594.0,346033.0
2025-06-20 10:28:02.056583,1423.0,312465.0,345683.0
2025-06-20 10:28:02.965608,1423.0,311899.0,349244.0
2025-06-20 10:28:03.680237,1423.0,311899.0,349244.0
2025-06-20 10:28:04.057965,1422.9,312643.0,345351.0
2025-06-20 10:28:04.667988,1422.9,312643.0,345351.0
2025-06-20 10:28:05.159606,1422.9,312532.0,346031.0
2025-06-20 10:28:06.259843,1422.9,312583.0,346046.0
2025-06-20 10:28:07.360031,1422.9,312854.0,343091.0
2025-06-20 10:28:07.672182,1423.0,312854.0,343091.0
2025-06-20 10:28:08.467304,1422.9,312622.0,345384.0
2025-06-20 10:28:08.666878,1422.9,312622.0,345384.0
2025-06-20 10:28:09.560152,1422.9,312117.0,346460.0
2025-06-20 10:28:09.667883,1422.9,312117.0,346460.0
2025-06-20 10:28:10.663377,1422.9,312531.0,346151.0
2025-06-20 10:28:10.669072,1422.9,312531.0,346151.0
2025-06-20 10:28:11.666492,1422.8,312531.0,346151.0
2025-06-20 10:28:11.761344,1422.8,311185.0,345437.0
2025-06-20 10:28:12.670744,1422.9,311185.0,345437.0
2025-06-20 10:28:12.864267,1422.9,312178.0,346163.0
2025-06-20 10:28:13.671454,1423.0,312178.0,346163.0
2025-06-20 10:28:13.965376,1423.0,312368.0,346412.0
2025-06-20 10:28:14.667790,1422.8,312368.0,346412.0
2025-06-20 10:28:15.064971,1422.8,310399.0,347128.0
2025-06-20 10:28:15.669682,1422.8,310399.0,347128.0
2025-06-20 10:28:16.165268,1423.0,311198.0,346726.0
2025-06-20 10:28:16.667007,1422.8,311198.0,346726.0
2025-06-20 10:28:17.295746,1423.0,302810.0,346963.0
2025-06-20 10:28:17.667562,1422.7,302810.0,346963.0
2025-06-20 10:28:18.367700,1422.7,302408.0,348859.0
2025-06-20 10:28:19.478001,1422.7,302239.0,347817.0
2025-06-20 10:28:19.733207,1422.7,302239.0,347817.0
2025-06-20 10:28:20.570842,1422.7,302076.0,348438.0
2025-06-20 10:28:21.477389,1422.7,301944.0,348439.0
2025-06-20 10:28:22.711261,1422.7,301944.0,348439.0
2025-06-20 10:28:22.718842,1422.7,301740.0,352251.0
2025-06-20 10:28:23.686670,1422.7,301740.0,352251.0
2025-06-20 10:28:23.774130,1422.7,301316.0,352730.0
2025-06-20 10:28:24.670489,1423.0,301316.0,352730.0
2025-06-20 10:28:24.884480,1423.0,301828.0,348636.0
2025-06-20 10:28:25.668293,1422.7,301828.0,348636.0
2025-06-20 10:28:25.979145,1422.7,301698.0,352110.0
2025-06-20 10:28:26.668101,1422.9,301698.0,352110.0
2025-06-20 10:28:27.074215,1422.9,301649.0,352193.0
2025-06-20 10:28:27.667550,1422.9,301649.0,352193.0
2025-06-20 10:28:28.177799,1422.9,302713.0,350887.0
2025-06-20 10:28:29.276636,1422.5,302062.0,349720.0
2025-06-20 10:28:29.668197,1422.5,302062.0,349720.0
2025-06-20 10:28:30.376661,1422.5,299353.0,353410.0
2025-06-20 10:28:30.668567,1422.5,299353.0,353410.0
2025-06-20 10:28:31.480059,1422.5,299650.0,350380.0
2025-06-20 10:28:31.669958,1422.5,299650.0,350380.0
2025-06-20 10:28:32.579080,1422.5,299987.0,350060.0
2025-06-20 10:28:33.479440,1422.5,299943.0,350044.0
2025-06-20 10:28:33.743854,1422.5,299943.0,350044.0
2025-06-20 10:28:34.594384,1422.3,300912.0,348785.0
2025-06-20 10:28:34.667620,1422.3,300912.0,348785.0
2025-06-20 10:28:35.584515,1422.3,299993.0,349432.0
2025-06-20 10:28:36.676598,1422.3,299993.0,349432.0
2025-06-20 10:28:36.697146,1422.3,299622.0,349416.0
2025-06-20 10:28:37.668104,1422.3,299622.0,349416.0
2025-06-20 10:28:37.782655,1422.3,301211.0,350181.0
2025-06-20 10:28:38.671340,1422.5,301211.0,350181.0
2025-06-20 10:28:38.898491,1422.5,301440.0,347043.0
2025-06-20 10:28:39.690592,1422.3,301440.0,347043.0
2025-06-20 10:28:39.930781,1422.3,301288.0,345990.0
2025-06-20 10:28:40.670339,1422.3,301288.0,345990.0
2025-06-20 10:28:41.490539,1422.3,301199.0,348327.0
2025-06-20 10:28:41.669641,1422.6,301199.0,348327.0
2025-06-20 10:28:42.583632,1422.6,301887.0,349455.0
2025-06-20 10:28:43.586563,1422.7,302023.0,349601.0
2025-06-20 10:28:43.670657,1422.7,302023.0,349601.0
2025-06-20 10:28:44.669235,1422.6,302023.0,349601.0
2025-06-20 10:28:44.696740,1422.6,302248.0,347536.0
2025-06-20 10:28:45.585954,1422.7,302353.0,347524.0
2025-06-20 10:28:45.675574,1422.7,302353.0,347524.0
2025-06-20 10:28:46.672951,1422.6,302353.0,347524.0
2025-06-20 10:28:46.695849,1422.6,302680.0,345608.0
2025-06-20 10:28:47.785511,1422.6,302782.0,347582.0
2025-06-20 10:28:48.671984,1422.5,302782.0,347582.0
2025-06-20 10:28:48.897240,1422.5,302558.0,346736.0
2025-06-20 10:28:49.672257,1422.4,302558.0,346736.0
2025-06-20 10:28:49.988789,1422.4,302234.0,347468.0
2025-06-20 10:28:50.718220,1422.5,302234.0,347468.0
2025-06-20 10:28:51.088260,1422.7,302734.0,347423.0
2025-06-20 10:28:51.671588,1422.7,302734.0,347423.0
2025-06-20 10:28:52.087627,1422.7,302139.0,345757.0
2025-06-20 10:28:53.669369,1422.4,302139.0,345757.0
2025-06-20 10:28:53.711427,1422.4,302363.0,345784.0
2025-06-20 10:28:54.673311,1422.7,302363.0,345784.0
2025-06-20 10:28:54.788275,1422.7,302038.0,346325.0
2025-06-20 10:28:55.901984,1422.7,301937.0,346852.0
2025-06-20 10:28:56.991723,1422.4,301855.0,347291.0
2025-06-20 10:28:57.675703,1422.4,301855.0,347291.0
2025-06-20 10:28:58.091894,1422.4,302064.0,347143.0
2025-06-20 10:28:59.193229,1422.4,302313.0,348628.0
2025-06-20 10:28:59.669436,1422.4,302313.0,348628.0
2025-06-20 10:29:00.298267,1422.4,302303.0,348874.0
2025-06-20 10:29:01.193617,1422.4,302402.0,347043.0
2025-06-20 10:29:01.674927,1422.4,302402.0,347043.0
2025-06-20 10:29:02.194071,1422.4,302263.0,348720.0
2025-06-20 10:29:02.679902,1422.7,302263.0,348720.0
2025-06-20 10:29:03.293223,1422.7,302358.0,349030.0
2025-06-20 10:29:03.669889,1422.7,302358.0,349030.0
2025-06-20 10:29:04.402574,1422.4,301796.0,351091.0
2025-06-20 10:29:04.714878,1422.4,301796.0,351091.0
2025-06-20 10:29:05.401352,1422.4,301746.0,351154.0
2025-06-20 10:29:05.675692,1422.4,301746.0,351154.0
2025-06-20 10:29:06.411614,1422.4,301700.0,351653.0
2025-06-20 10:29:07.406515,1422.4,302049.0,351654.0
2025-06-20 10:29:07.675733,1422.4,302049.0,351654.0
2025-06-20 10:29:08.410275,1422.4,296623.0,351711.0
2025-06-20 10:29:09.411673,1422.4,300298.0,353232.0
2025-06-20 10:29:09.679149,1422.4,300298.0,353232.0
2025-06-20 10:29:10.299872,1422.4,300325.0,353331.0
2025-06-20 10:29:10.679826,1422.4,300325.0,353331.0
2025-06-20 10:29:11.301030,1422.6,300322.0,353102.0
2025-06-20 10:29:11.685786,1422.6,300322.0,353102.0
2025-06-20 10:29:12.304036,1422.4,300392.0,353332.0
2025-06-20 10:29:12.715062,1422.6,300392.0,353332.0
2025-06-20 10:29:13.302768,1422.6,300374.0,353371.0
2025-06-20 10:29:13.675071,1422.6,300374.0,353371.0
2025-06-20 10:29:14.302383,1422.4,301505.0,351698.0
2025-06-20 10:29:14.679354,1422.4,301505.0,351698.0
2025-06-20 10:29:15.304039,1422.4,299909.0,352515.0
2025-06-20 10:29:15.680138,1422.4,299909.0,352515.0
2025-06-20 10:29:16.306817,1422.5,301442.0,352933.0
2025-06-20 10:29:16.682096,1422.5,301442.0,352933.0
2025-06-20 10:29:17.305490,1422.5,301498.0,352810.0
2025-06-20 10:29:18.497231,1422.5,301495.0,352811.0
2025-06-20 10:29:19.643682,1422.4,301466.0,352887.0
2025-06-20 10:29:19.696536,1422.4,301466.0,352887.0
2025-06-20 10:29:20.423051,1422.4,301485.0,352906.0
2025-06-20 10:29:21.442829,1422.4,301265.0,352318.0
2025-06-20 10:29:21.676968,1422.4,301265.0,352318.0
2025-06-20 10:29:22.421446,1422.4,301060.0,353875.0
2025-06-20 10:29:22.690980,1422.5,301060.0,353875.0
2025-06-20 10:29:23.422832,1422.5,300184.0,353731.0
2025-06-20 10:29:23.680764,1422.6,300184.0,353731.0
2025-06-20 10:29:24.643135,1422.4,300563.0,354103.0
2025-06-20 10:29:24.689436,1422.4,300563.0,354103.0
2025-06-20 10:29:25.512079,1422.4,300058.0,354057.0
2025-06-20 10:29:25.678010,1422.4,300058.0,354057.0
2025-06-20 10:29:26.613173,1422.6,300137.0,353732.0
2025-06-20 10:29:26.679070,1422.6,300137.0,353732.0
2025-06-20 10:29:28.160192,1422.6,300177.0,353827.0
2025-06-20 10:29:29.115716,1422.6,300103.0,353883.0
2025-06-20 10:29:29.675246,1422.4,300103.0,353883.0
2025-06-20 10:29:30.116217,1422.4,300051.0,351843.0
2025-06-20 10:29:31.217103,1422.4,300951.0,353840.0
2025-06-20 10:29:32.218813,1422.4,301077.0,354096.0
2025-06-20 10:29:33.319505,1422.5,301190.0,353806.0
2025-06-20 10:29:33.680157,1422.5,301190.0,353806.0
2025-06-20 10:29:34.519193,1422.5,301113.0,354292.0
2025-06-20 10:29:34.676404,1422.5,301113.0,354292.0
2025-06-20 10:29:35.617722,1422.5,301180.0,354514.0
2025-06-20 10:29:36.675496,1422.5,301180.0,354514.0
2025-06-20 10:29:36.723401,1422.5,301127.0,354638.0
2025-06-20 10:29:37.820185,1422.5,301250.0,352880.0
2025-06-20 10:29:38.824146,1422.4,301205.0,354716.0
2025-06-20 10:29:39.682320,1422.4,301205.0,354716.0
2025-06-20 10:29:39.823840,1422.4,300932.0,350533.0
2025-06-20 10:29:40.679976,1422.4,300932.0,350533.0
2025-06-20 10:29:40.935596,1422.3,301555.0,353578.0
2025-06-20 10:29:41.711957,1422.3,301555.0,353578.0
2025-06-20 10:29:42.036541,1422.3,301185.0,353843.0
2025-06-20 10:29:42.680506,1422.3,301185.0,353843.0
2025-06-20 10:29:43.125007,1422.5,301246.0,353794.0
2025-06-20 10:29:43.677410,1422.5,301246.0,353794.0
2025-06-20 10:29:44.227481,1422.5,301304.0,351956.0
2025-06-20 10:29:44.754379,1422.3,301304.0,351956.0
2025-06-20 10:29:45.160976,1422.3,300478.0,351737.0
2025-06-20 10:29:46.178978,1422.3,300956.0,350554.0
2025-06-20 10:29:46.711799,1422.4,300956.0,350554.0
2025-06-20 10:29:47.228111,1422.4,300777.0,349065.0
2025-06-20 10:29:47.682075,1422.3,300777.0,349065.0
2025-06-20 10:29:48.330640,1422.3,300478.0,350647.0
2025-06-20 10:29:48.679377,1422.3,300478.0,350647.0
2025-06-20 10:29:49.439773,1422.3,300908.0,350729.0
2025-06-20 10:29:49.696487,1422.3,300908.0,350729.0
2025-06-20 10:29:50.463101,1422.3,301264.0,348941.0
2025-06-20 10:29:51.444071,1422.3,301252.0,348941.0
2025-06-20 10:29:52.456270,1422.3,301261.0,348919.0
2025-06-20 10:29:53.443241,1422.5,301261.0,350673.0
2025-06-20 10:29:53.675437,1422.5,301261.0,350673.0
2025-06-20 10:29:54.531015,1422.3,301309.0,352816.0
2025-06-20 10:29:54.677462,1422.3,301309.0,352816.0
2025-06-20 10:29:55.660766,1422.3,301117.0,353954.0
2025-06-20 10:29:56.536489,1422.3,301158.0,353796.0
2025-06-20 10:29:56.684346,1422.5,301158.0,353796.0
2025-06-20 10:29:57.537435,1422.5,301732.0,353313.0
2025-06-20 10:29:58.682809,1422.3,301732.0,353313.0
2025-06-20 10:29:58.748435,1422.3,301601.0,353948.0
2025-06-20 10:29:59.685143,1422.3,301601.0,353948.0
2025-06-20 10:29:59.834586,1422.3,301676.0,353832.0
2025-06-20 10:30:01.710648,1422.5,301676.0,353832.0
2025-06-20 10:30:03.255541,1422.5,300965.0,353641.0
2025-06-20 10:30:04.684403,1422.3,300965.0,353641.0
2025-06-20 10:30:07.690627,1422.3,300965.0,353641.0
2025-06-20 10:30:09.452910,1422.4,302590.0,349724.0
2025-06-20 10:30:09.776836,1422.4,302590.0,349724.0
2025-06-20 10:30:11.706363,1422.5,302590.0,349724.0
2025-06-20 10:30:13.732590,1422.9,302590.0,349724.0
2025-06-20 10:30:15.352755,1422.4,304194.0,347626.0
2025-06-20 10:30:15.708161,1422.4,304194.0,347626.0
2025-06-20 10:30:17.695909,1422.9,304194.0,347626.0
2025-06-20 10:30:19.726285,1422.3,304194.0,347626.0
2025-06-20 10:30:21.254489,1422.3,302802.0,348568.0
2025-06-20 10:30:23.725494,1422.9,302802.0,348568.0
2025-06-20 10:30:26.965598,1421.8,299636.0,350200.0
2025-06-20 10:30:27.717798,1422.0,299636.0,350200.0
2025-06-20 10:30:31.334733,1422.0,299636.0,350200.0
2025-06-20 10:30:32.672155,1422.6,303358.0,346572.0
2025-06-20 10:30:33.686660,1422.7,303358.0,346572.0
2025-06-20 10:30:36.684483,1422.7,303358.0,346572.0
2025-06-20 10:30:38.478918,1421.8,301128.0,349476.0
2025-06-20 10:30:39.695188,1421.8,301128.0,349476.0
2025-06-20 10:30:42.682776,1422.8,301128.0,349476.0
2025-06-20 10:30:43.179548,1422.8,301128.0,349476.0
2025-06-20 10:30:44.213003,1422.8,301128.0,349476.0
2025-06-20 10:30:44.276289,1422.8,304378.0,346067.0
2025-06-20 10:30:44.626447,1422.8,304378.0,346067.0
2025-06-20 10:30:45.306060,1422.8,304378.0,346067.0
2025-06-20 10:30:45.700120,1422.8,304378.0,346067.0
2025-06-20 10:30:45.971667,1422.8,304378.0,346067.0
2025-06-20 10:30:46.474910,1422.8,304378.0,346067.0
2025-06-20 10:30:47.662205,1422.8,304378.0,346067.0
2025-06-20 10:30:48.369275,1422.8,304378.0,346067.0
2025-06-20 10:30:48.681859,1422.6,304378.0,346067.0
2025-06-20 10:30:49.722047,1422.6,304378.0,346067.0
2025-06-20 10:30:49.776576,1422.6,305574.0,345778.0
2025-06-20 10:30:50.735065,1422.6,305574.0,345778.0
2025-06-20 10:30:51.688890,1422.9,305574.0,345778.0
2025-06-20 10:30:52.243275,1422.9,305574.0,345778.0
2025-06-20 10:30:53.531779,1422.9,305574.0,345778.0
2025-06-20 10:30:54.688115,1422.7,305574.0,345778.0
2025-06-20 10:30:54.789898,1422.7,305574.0,345778.0
2025-06-20 10:30:55.376045,1422.7,304549.0,341240.0
2025-06-20 10:30:56.504571,1422.7,304549.0,341240.0
2025-06-20 10:30:57.729811,1423.1,304549.0,341240.0
2025-06-20 10:31:00.686258,1423.5,304549.0,341240.0
2025-06-20 10:31:00.989556,1423.5,306079.0,340508.0
2025-06-20 10:31:02.079168,1423.5,308131.0,328676.0
2025-06-20 10:31:02.688231,1423.6,308131.0,328676.0
2025-06-20 10:31:03.272848,1423.8,308155.0,338420.0
2025-06-20 10:31:03.685173,1423.8,308155.0,338420.0
2025-06-20 10:31:04.283069,1423.8,308160.0,336777.0
2025-06-20 10:31:05.378772,1423.8,308097.0,335946.0
2025-06-20 10:31:06.417206,1423.5,307300.0,338006.0
2025-06-20 10:31:06.689099,1423.5,307300.0,338006.0
2025-06-20 10:31:07.383508,1423.8,307232.0,338254.0
2025-06-20 10:31:07.688609,1423.8,307232.0,338254.0
2025-06-20 10:31:08.488442,1423.8,307853.0,337309.0
2025-06-20 10:31:08.685826,1423.8,307853.0,337309.0
2025-06-20 10:31:09.585922,1424.0,307364.0,336359.0
2025-06-20 10:31:09.946004,1424.0,307364.0,336359.0
2025-06-20 10:31:10.586187,1423.5,307304.0,336537.0
2025-06-20 10:31:10.691275,1423.5,307304.0,336537.0
2025-06-20 10:31:11.593536,1424.0,307810.0,335624.0
2025-06-20 10:31:11.706829,1424.0,307810.0,335624.0
2025-06-20 10:31:12.590523,1424.0,308890.0,336055.0
2025-06-20 10:31:13.590458,1424.1,309727.0,332663.0
2025-06-20 10:31:13.752328,1424.1,309727.0,332663.0
2025-06-20 10:31:14.700579,1424.3,309727.0,332663.0
2025-06-20 10:31:14.713000,1424.3,309126.0,334397.0
2025-06-20 10:31:15.689780,1424.4,309126.0,334397.0
2025-06-20 10:31:15.794679,1424.4,308573.0,333164.0
2025-06-20 10:31:16.694696,1424.5,308573.0,333164.0
2025-06-20 10:31:16.905307,1424.5,308728.0,332714.0
2025-06-20 10:31:17.688372,1424.4,308728.0,332714.0
2025-06-20 10:31:18.004598,1424.4,308612.0,333920.0
2025-06-20 10:31:18.720418,1424.7,308612.0,333920.0
2025-06-20 10:31:18.900686,1424.5,308829.0,333641.0
2025-06-20 10:31:19.691948,1424.7,308829.0,333641.0
2025-06-20 10:31:19.997400,1424.7,309239.0,332121.0
2025-06-20 10:31:20.695126,1424.3,309239.0,332121.0
2025-06-20 10:31:21.096231,1424.6,308502.0,332590.0
2025-06-20 10:31:21.696281,1424.8,308502.0,332590.0
2025-06-20 10:31:22.195362,1424.8,308916.0,332303.0
2025-06-20 10:31:22.692648,1424.8,308916.0,332303.0
2025-06-20 10:31:23.297458,1424.8,307956.0,332888.0
2025-06-20 10:31:23.700027,1424.8,307956.0,332888.0
2025-06-20 10:31:24.404035,1424.8,308714.0,332627.0
2025-06-20 10:31:24.698535,1424.8,308714.0,332627.0
2025-06-20 10:31:25.408292,1424.6,308305.0,332749.0
2025-06-20 10:31:25.681490,1424.6,308305.0,332749.0
2025-06-20 10:31:26.499585,1424.8,308407.0,333154.0
2025-06-20 10:31:26.686415,1424.8,308407.0,333154.0
2025-06-20 10:31:27.597696,1424.8,309312.0,333161.0
2025-06-20 10:31:27.726899,1424.8,309312.0,333161.0
2025-06-20 10:31:28.723854,1424.8,309312.0,333161.0
2025-06-20 10:31:28.745251,1424.8,305882.0,334261.0
2025-06-20 10:31:29.737247,1424.8,305882.0,334261.0
2025-06-20 10:31:29.803980,1424.8,307963.0,334243.0
2025-06-20 10:31:30.708195,1424.8,307963.0,334243.0
2025-06-20 10:31:30.799739,1424.8,308007.0,334898.0
2025-06-20 10:31:31.706006,1424.5,308007.0,334898.0
2025-06-20 10:31:31.914843,1424.5,306243.0,335801.0
2025-06-20 10:31:32.706402,1424.3,306243.0,335801.0
2025-06-20 10:31:33.003355,1424.2,301347.0,344378.0
2025-06-20 10:31:33.731992,1424.1,301347.0,344378.0
2025-06-20 10:31:34.104067,1424.1,304988.0,344404.0
2025-06-20 10:31:34.733362,1424.3,304988.0,344404.0
2025-06-20 10:31:35.209758,1424.1,305495.0,343731.0
2025-06-20 10:31:35.705998,1424.1,305495.0,343731.0
2025-06-20 10:31:36.310725,1424.1,305176.0,344283.0
2025-06-20 10:31:36.705540,1424.4,305176.0,344283.0
2025-06-20 10:31:37.310619,1424.4,306824.0,343555.0
2025-06-20 10:31:38.649828,1424.4,305920.0,343978.0
2025-06-20 10:31:39.594803,1424.3,305994.0,344040.0
2025-06-20 10:31:39.747406,1424.3,305994.0,344040.0
2025-06-20 10:31:40.679554,1424.3,306510.0,342091.0
2025-06-20 10:31:40.773657,1424.2,306510.0,342091.0
2025-06-20 10:31:41.697879,1424.6,306510.0,342091.0
2025-06-20 10:31:41.739298,1424.6,307404.0,338937.0
2025-06-20 10:31:42.691617,1424.6,307404.0,338937.0
2025-06-20 10:31:42.741974,1424.6,308138.0,339213.0
2025-06-20 10:31:43.707849,1424.8,308138.0,339213.0
2025-06-20 10:31:43.816259,1424.8,307872.0,340642.0
2025-06-20 10:31:44.686099,1424.9,307872.0,340642.0
2025-06-20 10:31:44.926278,1424.4,308384.0,339531.0
2025-06-20 10:31:45.724897,1424.4,308384.0,339531.0
2025-06-20 10:31:46.019429,1424.9,310299.0,339172.0
2025-06-20 10:31:46.697976,1424.5,310299.0,339172.0
2025-06-20 10:31:47.114162,1424.5,310662.0,339442.0
2025-06-20 10:31:47.705128,1424.9,310662.0,339442.0
2025-06-20 10:31:48.213925,1424.8,310648.0,341117.0
2025-06-20 10:31:48.693742,1424.9,310648.0,341117.0
2025-06-20 10:31:49.216980,1424.9,310466.0,341229.0
2025-06-20 10:31:50.351466,1424.9,308247.0,341845.0
2025-06-20 10:31:50.704996,1424.6,308247.0,341845.0
2025-06-20 10:31:51.514919,1424.4,309364.0,340708.0
2025-06-20 10:31:51.692154,1424.4,309364.0,340708.0
2025-06-20 10:31:52.515800,1424.4,310236.0,340988.0
2025-06-20 10:31:52.699232,1424.4,310236.0,340988.0
2025-06-20 10:31:53.616212,1424.8,310007.0,341850.0
2025-06-20 10:31:53.685605,1424.8,310007.0,341850.0
2025-06-20 10:31:54.653408,1424.2,301641.0,343273.0
2025-06-20 10:31:54.703840,1424.2,301641.0,343273.0
2025-06-20 10:31:55.754534,1424.2,308979.0,344216.0
2025-06-20 10:31:56.685196,1424.2,308979.0,344216.0
2025-06-20 10:31:56.824865,1424.2,308684.0,343807.0
2025-06-20 10:31:57.706213,1424.4,308684.0,343807.0
2025-06-20 10:31:57.933318,1424.6,308674.0,344209.0
2025-06-20 10:31:58.697906,1424.6,308674.0,344209.0
2025-06-20 10:31:59.028280,1424.6,307105.0,345448.0
2025-06-20 10:31:59.683859,1424.4,307105.0,345448.0
2025-06-20 10:32:00.025642,1424.4,307057.0,345898.0
2025-06-20 10:32:00.727240,1424.4,307057.0,345898.0
2025-06-20 10:32:01.123093,1424.4,306987.0,345582.0
2025-06-20 10:32:01.703451,1424.2,306987.0,345582.0
2025-06-20 10:32:02.123731,1424.2,307867.0,344703.0
2025-06-20 10:32:02.700126,1424.4,307867.0,344703.0
2025-06-20 10:32:03.698515,1424.4,307867.0,344703.0
2025-06-20 10:32:04.699706,1424.2,307867.0,344703.0
2025-06-20 10:32:05.695231,1424.2,307867.0,344703.0
2025-06-20 10:32:05.949341,1423.8,305851.0,347556.0
2025-06-20 10:32:06.939157,1423.8,305851.0,347556.0
2025-06-20 10:32:07.709622,1423.8,305851.0,347556.0
2025-06-20 10:32:10.697133,1423.8,305851.0,347556.0
2025-06-20 10:32:11.701079,1424.1,305851.0,347556.0
2025-06-20 10:32:12.685759,1423.8,305851.0,347556.0
2025-06-20 10:32:13.154948,1423.8,305507.0,350485.0
2025-06-20 10:32:13.686862,1424.0,305507.0,350485.0
2025-06-20 10:32:14.686134,1424.2,305507.0,350485.0
2025-06-20 10:32:16.685549,1424.1,305507.0,350485.0
2025-06-20 10:32:17.688517,1424.2,305507.0,350485.0
2025-06-20 10:32:18.949336,1424.2,306544.0,348277.0
2025-06-20 10:32:19.687978,1424.2,306544.0,348277.0
2025-06-20 10:32:21.687243,1424.2,306544.0,348277.0
2025-06-20 10:32:22.700183,1423.8,306544.0,348277.0
2025-06-20 10:32:23.689621,1424.1,306544.0,348277.0
2025-06-20 10:32:24.691498,1424.0,306544.0,348277.0
2025-06-20 10:32:25.733406,1424.0,306544.0,348277.0
2025-06-20 10:32:26.687903,1424.0,306544.0,348277.0
2025-06-20 10:32:27.688253,1424.0,306544.0,348277.0
2025-06-20 10:32:29.898427,1424.1,306544.0,348277.0
2025-06-20 10:32:30.707917,1424.0,306544.0,348277.0
2025-06-20 10:32:31.692779,1424.0,306544.0,348277.0
2025-06-20 10:32:32.722430,1424.0,306544.0,348277.0
2025-06-20 10:32:33.682878,1424.5,306544.0,348277.0
2025-06-20 10:32:34.546733,1424.4,309903.0,347899.0
2025-06-20 10:32:34.687309,1424.4,309903.0,347899.0
2025-06-20 10:32:35.720138,1424.6,309903.0,347899.0
2025-06-20 10:32:36.689353,1424.6,309903.0,347899.0
2025-06-20 10:32:37.347622,1424.6,309426.0,349238.0
2025-06-20 10:32:39.687673,1424.8,309426.0,349238.0
2025-06-20 10:32:40.702876,1424.6,309426.0,349238.0
2025-06-20 10:32:41.250533,1424.6,310372.0,346205.0
2025-06-20 10:32:41.686196,1424.9,310372.0,346205.0
2025-06-20 10:32:42.685362,1424.7,310372.0,346205.0
2025-06-20 10:32:43.690704,1425.0,310372.0,346205.0
2025-06-20 10:32:44.053182,1425.0,310864.0,343939.0
2025-06-20 10:32:44.689718,1424.6,310864.0,343939.0
2025-06-20 10:32:45.686298,1424.5,310864.0,343939.0
2025-06-20 10:32:46.699699,1424.7,310864.0,343939.0
2025-06-20 10:32:47.725382,1424.5,310864.0,343939.0
2025-06-20 10:32:48.699856,1424.7,310864.0,343939.0
2025-06-20 10:32:49.686714,1424.7,310864.0,343939.0
2025-06-20 10:32:50.689130,1424.8,310864.0,343939.0
2025-06-20 10:32:51.818075,1424.8,310864.0,343939.0
2025-06-20 10:32:52.555327,1425.0,313024.0,344076.0
2025-06-20 10:32:52.691318,1424.8,313024.0,344076.0
2025-06-20 10:32:53.482342,1425.0,312537.0,344031.0
2025-06-20 10:32:53.738572,1425.0,312537.0,344031.0
2025-06-20 10:32:54.353981,1425.0,312523.0,343920.0
2025-06-20 10:32:55.258709,1425.0,312746.0,343420.0
2025-06-20 10:32:56.259461,1424.8,312555.0,343713.0
2025-06-20 10:32:56.748246,1425.0,312555.0,343713.0
2025-06-20 10:32:57.688624,1424.7,312555.0,343713.0
2025-06-20 10:32:58.691444,1424.7,312555.0,343713.0
2025-06-20 10:33:01.261141,1424.7,312623.0,345671.0
2025-06-20 10:33:01.702997,1424.7,312623.0,345671.0
2025-06-20 10:33:02.260338,1424.7,312693.0,344089.0
2025-06-20 10:33:02.696439,1425.0,312693.0,344089.0
2025-06-20 10:33:03.361286,1424.8,313194.0,345650.0
2025-06-20 10:33:03.780123,1424.8,313194.0,345650.0
2025-06-20 10:33:04.496672,1424.7,313033.0,345206.0
2025-06-20 10:33:04.698375,1424.7,313033.0,345206.0
2025-06-20 10:33:05.561097,1424.7,312840.0,343745.0
2025-06-20 10:33:06.665499,1424.7,312639.0,345551.0
2025-06-20 10:33:06.705877,1424.7,312639.0,345551.0
2025-06-20 10:33:07.693682,1425.0,312880.0,345207.0
2025-06-20 10:33:07.715224,1425.0,312880.0,345207.0
2025-06-20 10:33:09.148277,1425.0,312880.0,345207.0
2025-06-20 10:33:09.153784,1425.3,313405.0,339527.0
2025-06-20 10:33:09.714016,1424.9,313405.0,339527.0
2025-06-20 10:33:09.865782,1424.9,313198.0,343026.0
2025-06-20 10:33:10.776864,1425.1,313198.0,343026.0
2025-06-20 10:33:11.052653,1425.1,313028.0,344041.0
2025-06-20 10:33:11.706104,1425.4,313028.0,344041.0
2025-06-20 10:33:11.978859,1425.4,314371.0,343828.0
2025-06-20 10:33:12.999785,1425.4,314760.0,343842.0
2025-06-20 10:33:13.749464,1425.0,314760.0,343842.0
2025-06-20 10:33:14.066625,1425.0,313083.0,348980.0
2025-06-20 10:33:14.692659,1425.0,313083.0,348980.0
2025-06-20 10:33:15.167955,1425.0,313262.0,348877.0
2025-06-20 10:33:15.693684,1425.0,313262.0,348877.0
2025-06-20 10:33:16.268867,1424.9,313049.0,348896.0
2025-06-20 10:33:16.691974,1424.9,313049.0,348896.0
2025-06-20 10:33:17.268549,1425.0,312994.0,348225.0
2025-06-20 10:33:17.702036,1425.0,312994.0,348225.0
2025-06-20 10:33:18.369885,1425.0,313237.0,348525.0
2025-06-20 10:33:18.699341,1425.0,313237.0,348525.0
2025-06-20 10:33:19.370562,1425.0,313355.0,348774.0
2025-06-20 10:33:19.726943,1424.9,313355.0,348774.0
2025-06-20 10:33:20.373501,1425.0,312328.0,349354.0
2025-06-20 10:33:20.690567,1425.0,312328.0,349354.0
2025-06-20 10:33:21.373467,1424.9,312199.0,349900.0
2025-06-20 10:33:21.695432,1425.0,312199.0,349900.0
2025-06-20 10:33:22.487594,1424.9,312310.0,349470.0
2025-06-20 10:33:22.743131,1424.9,312310.0,349470.0
2025-06-20 10:33:23.516313,1425.0,311957.0,349485.0
2025-06-20 10:33:23.751687,1425.0,311957.0,349485.0
2025-06-20 10:33:24.490661,1424.9,311871.0,349488.0
2025-06-20 10:33:24.689320,1424.9,311871.0,349488.0
2025-06-20 10:33:25.378661,1424.9,312298.0,349506.0
2025-06-20 10:33:25.705408,1424.9,312298.0,349506.0
2025-06-20 10:33:26.377911,1424.9,314319.0,347908.0
2025-06-20 10:33:26.695491,1424.8,314319.0,347908.0
2025-06-20 10:33:27.511155,1424.9,312633.0,351149.0
2025-06-20 10:33:27.691549,1424.9,312633.0,351149.0
2025-06-20 10:33:28.534822,1424.9,312766.0,351249.0
2025-06-20 10:33:29.580852,1424.9,313043.0,350748.0
2025-06-20 10:33:29.710424,1424.9,313043.0,350748.0
2025-06-20 10:33:30.685357,1424.9,312258.0,351574.0
2025-06-20 10:33:30.695058,1424.9,312258.0,351574.0
2025-06-20 10:33:31.682341,1424.9,312370.0,351595.0
2025-06-20 10:33:32.798555,1424.8,311663.0,353239.0
2025-06-20 10:33:32.832958,1424.8,311663.0,353239.0
2025-06-20 10:33:33.681381,1425.0,312835.0,352512.0
2025-06-20 10:33:33.692694,1425.0,312835.0,352512.0
2025-06-20 10:33:34.690285,1424.8,313092.0,352585.0
2025-06-20 10:33:34.705427,1424.8,313092.0,352585.0
2025-06-20 10:33:35.752737,1425.0,312227.0,353322.0
2025-06-20 10:33:35.776063,1425.0,312227.0,353322.0
2025-06-20 10:33:36.701181,1425.0,312227.0,353322.0
2025-06-20 10:33:36.787837,1425.0,312172.0,353318.0
2025-06-20 10:33:37.684780,1425.0,312570.0,352584.0
2025-06-20 10:33:37.695050,1425.0,312570.0,352584.0
2025-06-20 10:33:38.785641,1425.0,312832.0,352684.0
2025-06-20 10:33:39.887229,1424.8,313135.0,352564.0
2025-06-20 10:33:40.698349,1424.8,313135.0,352564.0
2025-06-20 10:33:41.012125,1424.8,312958.0,352548.0
2025-06-20 10:33:41.690154,1424.8,312958.0,352548.0
2025-06-20 10:33:42.083756,1424.8,313096.0,352408.0
2025-06-20 10:33:42.687376,1424.8,313096.0,352408.0
2025-06-20 10:33:43.083624,1424.8,313113.0,352432.0
2025-06-20 10:33:43.648706,1424.8,313113.0,352432.0
2025-06-20 10:33:43.710918,1425.0,313113.0,352432.0
2025-06-20 10:33:44.036827,1425.0,313113.0,352432.0
2025-06-20 10:33:44.084076,1425.0,313228.0,352441.0
2025-06-20 10:33:44.342469,1425.0,313228.0,352441.0
2025-06-20 10:33:45.027930,1425.0,313228.0,352441.0
2025-06-20 10:33:45.189791,1425.0,313117.0,354666.0
2025-06-20 10:33:45.300448,1425.0,313117.0,354666.0
2025-06-20 10:33:45.693975,1425.0,313117.0,354666.0
2025-06-20 10:33:45.738072,1425.0,313117.0,354666.0
2025-06-20 10:33:46.286418,1424.8,313062.0,354494.0
2025-06-20 10:33:46.370650,1424.8,313062.0,354494.0
2025-06-20 10:33:46.696635,1425.0,313062.0,354494.0
2025-06-20 10:33:46.841523,1425.0,313062.0,354494.0
2025-06-20 10:33:47.391813,1424.8,312429.0,355333.0
2025-06-20 10:33:47.407716,1424.8,312429.0,355333.0
2025-06-20 10:33:47.687869,1424.8,312429.0,355333.0
2025-06-20 10:33:47.828316,1424.8,312429.0,355333.0
2025-06-20 10:33:48.499242,1424.8,314837.0,352130.0
2025-06-20 10:33:48.702102,1424.8,314837.0,352130.0
2025-06-20 10:33:48.787992,1424.8,314837.0,352130.0
2025-06-20 10:33:49.385475,1424.8,314628.0,353811.0
2025-06-20 10:33:49.691696,1424.8,314628.0,353811.0
2025-06-20 10:33:50.137094,1424.8,314628.0,353811.0
2025-06-20 10:33:50.498291,1424.8,304756.0,354696.0
2025-06-20 10:33:50.766918,1424.8,304756.0,354696.0
2025-06-20 10:33:51.350098,1424.8,304756.0,354696.0
2025-06-20 10:33:51.597794,1424.8,312155.0,354808.0
2025-06-20 10:33:51.689358,1425.0,312155.0,354808.0
2025-06-20 10:33:52.709323,1425.0,312155.0,354808.0
2025-06-20 10:33:52.713416,1424.8,312155.0,354808.0
2025-06-20 10:33:52.715800,1424.8,312171.0,354404.0
2025-06-20 10:33:53.691800,1425.0,312171.0,354404.0
2025-06-20 10:33:53.794530,1425.0,312603.0,353878.0
2025-06-20 10:33:53.990227,1425.0,312603.0,353878.0
2025-06-20 10:33:54.745081,1425.0,312471.0,354233.0
2025-06-20 10:33:55.192331,1425.0,312471.0,354233.0
2025-06-20 10:33:55.688638,1424.8,312471.0,354233.0
2025-06-20 10:33:55.699709,1424.8,312225.0,354190.0
2025-06-20 10:33:56.688914,1425.0,312225.0,354190.0
2025-06-20 10:33:56.797366,1425.0,312364.0,353449.0
2025-06-20 10:33:56.825167,1425.0,312364.0,353449.0
2025-06-20 10:33:57.693562,1425.0,312364.0,353449.0
2025-06-20 10:33:57.907007,1425.0,312257.0,353342.0
2025-06-20 10:33:59.009581,1425.0,312273.0,353326.0
2025-06-20 10:34:00.098763,1425.0,311430.0,354935.0
2025-06-20 10:34:00.691121,1425.0,311430.0,354935.0
2025-06-20 10:34:01.803055,1425.0,311596.0,354789.0
2025-06-20 10:34:03.695410,1425.0,311596.0,354789.0
2025-06-20 10:34:06.698690,1425.0,311596.0,354789.0
2025-06-20 10:34:07.507255,1425.0,312088.0,352959.0
2025-06-20 10:34:09.693740,1424.9,312088.0,352959.0
2025-06-20 10:34:12.696524,1425.0,312088.0,352959.0
2025-06-20 10:34:13.512958,1425.0,313931.0,350148.0
2025-06-20 10:34:15.694744,1424.8,313931.0,350148.0
2025-06-20 10:34:18.694697,1425.0,313931.0,350148.0
2025-06-20 10:34:19.304542,1425.0,314827.0,348531.0
2025-06-20 10:34:21.701262,1425.0,314827.0,348531.0
2025-06-20 10:34:24.736853,1424.7,314827.0,348531.0
2025-06-20 10:34:24.810306,1424.7,312658.0,351308.0
2025-06-20 10:34:27.741885,1424.7,312658.0,351308.0
2025-06-20 10:34:30.639088,1424.9,313083.0,351928.0
2025-06-20 10:34:30.703013,1424.9,313083.0,351928.0
2025-06-20 10:34:33.721222,1424.7,313083.0,351928.0
2025-06-20 10:34:36.161349,1424.7,289654.0,342445.0
2025-06-20 10:34:36.735612,1424.9,289654.0,342445.0
2025-06-20 10:34:39.705908,1424.7,289654.0,342445.0
2025-06-20 10:34:41.821281,1424.9,311517.0,354584.0
2025-06-20 10:34:42.740157,1424.7,311517.0,354584.0
2025-06-20 10:34:45.746276,1424.7,311517.0,354584.0
2025-06-20 10:34:47.441292,1424.6,311349.0,358993.0
2025-06-20 10:34:48.699319,1424.6,311349.0,358993.0
2025-06-20 10:34:52.411188,1424.6,311349.0,358993.0
2025-06-20 10:34:53.032738,1424.6,311495.0,358738.0
2025-06-20 10:34:54.722417,1424.7,311495.0,358738.0
2025-06-20 10:34:58.536736,1424.7,311805.0,358732.0
2025-06-20 10:34:58.700063,1424.4,311805.0,358732.0
2025-06-20 10:35:00.766236,1424.5,311805.0,358732.0
2025-06-20 10:35:02.709958,1424.7,311805.0,358732.0
2025-06-20 10:35:03.752059,1424.6,314975.0,345237.0
2025-06-20 10:35:04.695335,1424.6,314975.0,345237.0
2025-06-20 10:35:06.700365,1424.7,314975.0,345237.0
2025-06-20 10:35:09.478991,1424.8,316901.0,342662.0
2025-06-20 10:35:09.696489,1424.8,316901.0,342662.0
2025-06-20 10:35:12.701325,1425.0,316901.0,342662.0
2025-06-20 10:35:15.249527,1425.1,317253.0,336997.0
2025-06-20 10:35:15.700279,1425.1,317253.0,336997.0
2025-06-20 10:35:18.701399,1425.4,317253.0,336997.0
2025-06-20 10:35:21.153166,1424.8,314167.0,340512.0
2025-06-20 10:35:21.697349,1424.8,314167.0,340512.0
2025-06-20 10:35:23.724915,1425.5,314167.0,340512.0
2025-06-20 10:35:26.987836,1425.5,315631.0,338903.0
2025-06-20 10:35:27.703032,1425.5,315631.0,338903.0
2025-06-20 10:35:29.701523,1425.6,315631.0,338903.0
2025-06-20 10:35:31.706737,1425.5,315631.0,338903.0
2025-06-20 10:35:32.968237,1425.0,314876.0,340416.0
2025-06-20 10:35:33.700959,1425.5,314876.0,340416.0
2025-06-20 10:35:35.700281,1425.6,314876.0,340416.0
2025-06-20 10:35:37.698452,1425.5,314876.0,340416.0
2025-06-20 10:35:38.759503,1425.0,315588.0,340423.0
2025-06-20 10:35:39.742424,1425.5,315588.0,340423.0
2025-06-20 10:35:41.697672,1425.0,315588.0,340423.0
2025-06-20 10:35:43.714089,1425.5,315588.0,340423.0
2025-06-20 10:35:44.563955,1425.5,315338.0,338866.0
2025-06-20 10:35:45.700728,1425.4,315338.0,338866.0
2025-06-20 10:35:47.715864,1425.0,315338.0,338866.0
2025-06-20 10:35:49.757414,1425.0,315338.0,338866.0
2025-06-20 10:35:50.582983,1425.0,314675.0,343114.0
2025-06-20 10:35:53.711819,1425.3,314675.0,343114.0
2025-06-20 10:35:56.503432,1425.0,315768.0,338262.0
2025-06-20 10:35:57.714330,1425.4,315768.0,338262.0
2025-06-20 10:35:59.711290,1425.2,315768.0,338262.0
2025-06-20 10:36:01.272395,1425.2,314147.0,344106.0
2025-06-20 10:36:01.713171,1425.2,314147.0,344106.0
2025-06-20 10:36:02.373636,1425.2,314128.0,345820.0
2025-06-20 10:36:02.703857,1425.2,314128.0,345820.0
2025-06-20 10:36:03.370995,1425.0,314143.0,345388.0
2025-06-20 10:36:03.704062,1425.2,314143.0,345388.0
2025-06-20 10:36:04.371328,1425.1,314154.0,345919.0
2025-06-20 10:36:04.702298,1425.1,314154.0,345919.0
2025-06-20 10:36:05.487387,1425.1,314387.0,345831.0
2025-06-20 10:36:06.705366,1425.0,314387.0,345831.0
2025-06-20 10:36:07.110500,1425.0,314488.0,345664.0
2025-06-20 10:36:08.071571,1425.0,314736.0,346047.0
2025-06-20 10:36:08.731705,1425.0,314736.0,346047.0
2025-06-20 10:36:09.073351,1425.0,314725.0,345836.0
2025-06-20 10:36:10.111735,1425.0,314579.0,345739.0
2025-06-20 10:36:10.699023,1425.0,314579.0,345739.0
2025-06-20 10:36:11.075001,1425.0,314151.0,346917.0
