timestamp,ltp,bid_qty,ask_qty
2025-06-20 10:10:48.217848,836.4,307682.0,281786.0
2025-06-20 10:10:48.590548,836.5,307682.0,281786.0
2025-06-20 10:10:50.586018,836.4,307682.0,281786.0
2025-06-20 10:10:51.965513,836.3,308064.0,282010.0
2025-06-20 10:10:52.589399,836.3,308064.0,282010.0
2025-06-20 10:10:54.591232,836.5,308064.0,282010.0
2025-06-20 10:10:57.668135,836.7,308214.0,279682.0
2025-06-20 10:10:58.608704,836.75,308214.0,279682.0
2025-06-20 10:11:00.595470,836.75,308214.0,279682.0
2025-06-20 10:11:02.970724,836.75,307008.0,279311.0
2025-06-20 10:11:04.592487,836.25,307008.0,279311.0
2025-06-20 10:11:06.604627,836.7,307008.0,279311.0
2025-06-20 10:11:08.599823,836.7,307008.0,279311.0
2025-06-20 10:11:09.174392,836.7,308984.0,279292.0
2025-06-20 10:11:10.643020,836.7,308984.0,279292.0
2025-06-20 10:11:12.869643,836.7,308984.0,279292.0
2025-06-20 10:11:14.678403,836.7,308984.0,279292.0
2025-06-20 10:11:14.977777,836.7,308375.0,279859.0
2025-06-20 10:11:16.651995,836.7,308375.0,279859.0
2025-06-20 10:11:19.260967,836.7,308375.0,279859.0
2025-06-20 10:11:20.286474,836.7,310877.0,275787.0
2025-06-20 10:11:20.597660,836.7,310877.0,275787.0
2025-06-20 10:11:22.662596,836.7,310877.0,275787.0
2025-06-20 10:11:24.642630,836.9,310877.0,275787.0
2025-06-20 10:11:25.394149,836.9,313504.0,272379.0
2025-06-20 10:11:26.874194,837.0,313504.0,272379.0
2025-06-20 10:11:28.871894,836.9,313504.0,272379.0
2025-06-20 10:11:30.612990,836.8,313504.0,272379.0
2025-06-20 10:11:31.090883,836.8,315654.0,271842.0
2025-06-20 10:11:32.601929,837.35,315654.0,271842.0
2025-06-20 10:11:34.615362,836.9,315654.0,271842.0
2025-06-20 10:11:36.600856,837.1,315654.0,271842.0
2025-06-20 10:11:36.870113,837.1,314069.0,272538.0
2025-06-20 10:11:42.609989,837.1,312090.0,276667.0
2025-06-20 10:11:44.593936,836.95,312090.0,276667.0
2025-06-20 10:11:48.503503,836.95,310613.0,278739.0
2025-06-20 10:11:48.593954,836.75,310613.0,278739.0
2025-06-20 10:11:50.593833,836.35,310613.0,278739.0
2025-06-20 10:11:52.601142,836.35,310613.0,278739.0
2025-06-20 10:11:54.406054,836.15,310717.0,278572.0
2025-06-20 10:11:54.594051,836.15,310717.0,278572.0
2025-06-20 10:11:56.589771,836.15,310717.0,278572.0
2025-06-20 10:11:58.595051,836.35,310717.0,278572.0
2025-06-20 10:12:00.418598,836.85,315186.0,270082.0
2025-06-20 10:12:01.611454,836.85,315186.0,270082.0
2025-06-20 10:12:05.602711,837.35,315186.0,270082.0
2025-06-20 10:12:07.010796,836.95,315891.0,269485.0
2025-06-20 10:12:08.599841,836.95,315891.0,269485.0
2025-06-20 10:12:13.858156,837.05,316123.0,270091.0
2025-06-20 10:12:14.641066,837.05,316123.0,270091.0
2025-06-20 10:12:17.607873,837.05,316123.0,270091.0
2025-06-20 10:12:19.920520,837.25,315429.0,270501.0
2025-06-20 10:12:20.600962,837.25,315429.0,270501.0
2025-06-20 10:12:23.594981,837.5,315429.0,270501.0
2025-06-20 10:12:26.024744,837.5,316176.0,269328.0
2025-06-20 10:12:26.617755,837.5,316176.0,269328.0
2025-06-20 10:12:28.597004,837.4,316176.0,269328.0
2025-06-20 10:12:30.600452,837.05,316176.0,269328.0
2025-06-20 10:12:32.341829,837.05,316312.0,270596.0
2025-06-20 10:12:34.602334,837.0,316312.0,270596.0
2025-06-20 10:12:38.132114,837.35,316771.0,271414.0
2025-06-20 10:12:38.604338,837.35,316771.0,271414.0
2025-06-20 10:12:40.516941,837.35,316771.0,271414.0
2025-06-20 10:12:40.600710,837.1,316771.0,271414.0
2025-06-20 10:12:40.885977,837.1,316771.0,271414.0
2025-06-20 10:12:41.128328,837.1,316771.0,271414.0
2025-06-20 10:12:42.330322,837.1,316771.0,271414.0
2025-06-20 10:12:42.597712,837.4,316771.0,271414.0
2025-06-20 10:12:42.938323,837.4,316771.0,271414.0
2025-06-20 10:12:43.428846,837.4,316771.0,271414.0
2025-06-20 10:12:44.037122,837.4,317163.0,271459.0
2025-06-20 10:12:44.608322,837.4,317163.0,271459.0
2025-06-20 10:12:44.676982,837.05,317163.0,271459.0
2025-06-20 10:12:45.442827,837.05,317163.0,271459.0
2025-06-20 10:12:46.664676,837.05,317163.0,271459.0
2025-06-20 10:12:47.620683,837.05,317163.0,271459.0
2025-06-20 10:12:48.603114,837.35,317163.0,271459.0
2025-06-20 10:12:49.152445,837.35,317163.0,271459.0
2025-06-20 10:12:49.876029,837.35,317604.0,272301.0
2025-06-20 10:12:50.465273,837.35,317604.0,272301.0
2025-06-20 10:12:50.598368,837.4,317604.0,272301.0
2025-06-20 10:12:51.655983,837.4,317604.0,272301.0
2025-06-20 10:12:52.609865,837.4,317604.0,272301.0
2025-06-20 10:12:53.260596,837.4,317604.0,272301.0
2025-06-20 10:12:54.610374,837.35,317604.0,272301.0
2025-06-20 10:12:55.742679,837.2,312764.0,276264.0
2025-06-20 10:12:56.608037,837.2,312764.0,276264.0
2025-06-20 10:12:58.602853,836.65,312764.0,276264.0
2025-06-20 10:13:00.593060,837.15,312764.0,276264.0
2025-06-20 10:13:01.246567,836.75,313109.0,275131.0
2025-06-20 10:13:02.604688,837.15,313109.0,275131.0
2025-06-20 10:13:04.605155,836.65,313109.0,275131.0
2025-06-20 10:13:06.605419,836.65,313109.0,275131.0
2025-06-20 10:13:06.951533,837.1,312565.0,275661.0
2025-06-20 10:13:08.608121,837.1,312565.0,275661.0
2025-06-20 10:13:10.610359,837.0,312565.0,275661.0
2025-06-20 10:13:12.663518,837.0,313114.0,275931.0
2025-06-20 10:13:14.606715,836.65,313114.0,275931.0
2025-06-20 10:13:16.611697,837.0,313114.0,275931.0
2025-06-20 10:13:18.468880,837.0,314403.0,276531.0
2025-06-20 10:13:20.606315,837.0,314403.0,276531.0
2025-06-20 10:13:24.764067,836.6,313426.0,277196.0
2025-06-20 10:13:26.611458,837.0,313426.0,277196.0
2025-06-20 10:13:28.600885,836.5,313426.0,277196.0
2025-06-20 10:13:30.604478,836.55,313426.0,277196.0
2025-06-20 10:13:30.968378,836.55,311127.0,280031.0
2025-06-20 10:13:34.601289,836.5,311127.0,280031.0
2025-06-20 10:13:37.271839,836.5,311397.0,279425.0
2025-06-20 10:13:38.599135,836.55,311397.0,279425.0
2025-06-20 10:13:40.606828,836.55,311397.0,279425.0
2025-06-20 10:13:43.278671,836.55,311482.0,279818.0
2025-06-20 10:13:44.611365,836.5,311482.0,279818.0
2025-06-20 10:13:46.602412,836.5,311482.0,279818.0
2025-06-20 10:13:48.607814,836.55,311482.0,279818.0
2025-06-20 10:13:48.981329,836.55,311824.0,279563.0
2025-06-20 10:13:50.615127,836.55,311824.0,279563.0
2025-06-20 10:13:54.484443,836.5,312093.0,279362.0
2025-06-20 10:13:54.601794,836.5,312093.0,279362.0
2025-06-20 10:13:56.609237,836.55,312093.0,279362.0
2025-06-20 10:13:58.621688,836.55,312093.0,279362.0
2025-06-20 10:14:00.187939,836.35,309390.0,280239.0
2025-06-20 10:14:00.598934,836.35,309390.0,280239.0
2025-06-20 10:14:02.655102,836.35,309390.0,280239.0
2025-06-20 10:14:04.610333,836.55,309390.0,280239.0
2025-06-20 10:14:05.793795,836.55,315792.0,274364.0
2025-06-20 10:14:06.620023,836.45,315792.0,274364.0
2025-06-20 10:14:08.617158,837.0,315792.0,274364.0
2025-06-20 10:14:10.604969,837.0,315792.0,274364.0
2025-06-20 10:14:11.496643,837.0,313844.0,273838.0
2025-06-20 10:14:12.613795,836.65,313844.0,273838.0
2025-06-20 10:14:14.606847,836.7,313844.0,273838.0
2025-06-20 10:14:17.425699,836.7,313232.0,273984.0
2025-06-20 10:14:18.600907,837.0,313232.0,273984.0
2025-06-20 10:14:20.609189,836.7,313232.0,273984.0
2025-06-20 10:14:22.611249,836.95,313232.0,273984.0
2025-06-20 10:14:23.319700,836.95,312367.0,275526.0
2025-06-20 10:14:24.606949,836.65,312367.0,275526.0
2025-06-20 10:14:28.601795,836.65,312367.0,275526.0
2025-06-20 10:14:29.312493,836.65,312452.0,275172.0
2025-06-20 10:14:30.610787,837.0,312452.0,275172.0
2025-06-20 10:14:32.604206,836.65,312452.0,275172.0
2025-06-20 10:14:34.659887,837.05,312452.0,275172.0
2025-06-20 10:14:35.019065,837.05,312471.0,274738.0
2025-06-20 10:14:36.626186,837.0,312471.0,274738.0
2025-06-20 10:14:38.608637,837.15,312471.0,274738.0
2025-06-20 10:14:40.515621,837.0,316006.0,273828.0
2025-06-20 10:14:40.605554,837.0,316006.0,273828.0
2025-06-20 10:14:42.607648,837.25,316006.0,273828.0
2025-06-20 10:14:44.612733,836.85,316006.0,273828.0
2025-06-20 10:14:46.216755,836.85,312919.0,276831.0
2025-06-20 10:14:50.604270,837.1,312919.0,276831.0
2025-06-20 10:14:51.921546,837.1,314800.0,276417.0
2025-06-20 10:14:54.608370,836.85,314800.0,276417.0
2025-06-20 10:14:58.024192,837.1,312917.0,277334.0
2025-06-20 10:14:58.607729,836.7,312917.0,277334.0
2025-06-20 10:15:00.601217,836.9,312917.0,277334.0
2025-06-20 10:15:04.450357,836.55,311948.0,280835.0
2025-06-20 10:15:04.608219,836.55,311948.0,280835.0
2025-06-20 10:15:10.842821,836.55,316030.0,275850.0
2025-06-20 10:15:14.605567,836.95,316030.0,275850.0
2025-06-20 10:15:17.236975,836.95,317304.0,274328.0
2025-06-20 10:15:18.611688,837.35,317304.0,274328.0
2025-06-20 10:15:20.613953,837.45,317304.0,274328.0
2025-06-20 10:15:22.627189,837.45,317304.0,274328.0
2025-06-20 10:15:23.542426,837.5,317848.0,273030.0
2025-06-20 10:15:24.615632,837.15,317848.0,273030.0
2025-06-20 10:15:26.610989,837.6,317848.0,273030.0
2025-06-20 10:15:28.608486,837.45,317848.0,273030.0
2025-06-20 10:15:29.946694,837.5,322116.0,269603.0
2025-06-20 10:15:30.613153,837.7,322116.0,269603.0
2025-06-20 10:15:32.611826,837.65,322116.0,269603.0
2025-06-20 10:15:34.611545,837.6,322116.0,269603.0
2025-06-20 10:15:36.051610,837.95,319506.0,270355.0
2025-06-20 10:15:36.616525,837.95,319506.0,270355.0
2025-06-20 10:15:38.609131,838.0,319506.0,270355.0
2025-06-20 10:15:40.625427,837.7,319506.0,270355.0
2025-06-20 10:15:40.961562,837.7,319506.0,270355.0
2025-06-20 10:15:41.333779,837.7,319506.0,270355.0
2025-06-20 10:15:41.956212,838.0,320600.0,268280.0
2025-06-20 10:15:42.164453,838.0,320600.0,268280.0
2025-06-20 10:15:42.617848,838.05,320600.0,268280.0
2025-06-20 10:15:42.756828,838.05,320600.0,268280.0
2025-06-20 10:15:43.435819,838.05,320600.0,268280.0
2025-06-20 10:15:44.454107,838.05,320600.0,268280.0
2025-06-20 10:15:44.612294,837.8,320600.0,268280.0
2025-06-20 10:15:44.884916,837.8,320600.0,268280.0
2025-06-20 10:15:45.772847,837.8,320600.0,268280.0
2025-06-20 10:15:46.614710,838.35,320600.0,268280.0
2025-06-20 10:15:47.104766,838.35,320600.0,268280.0
2025-06-20 10:15:47.758579,838.0,324465.0,263818.0
2025-06-20 10:15:48.070013,838.0,324465.0,263818.0
2025-06-20 10:15:48.610570,838.05,324465.0,263818.0
2025-06-20 10:15:49.580678,838.05,324465.0,263818.0
2025-06-20 10:15:50.878889,838.05,324465.0,263818.0
2025-06-20 10:15:51.617089,838.2,324465.0,263818.0
2025-06-20 10:15:52.095379,838.2,324465.0,263818.0
2025-06-20 10:15:53.682184,838.2,324465.0,263818.0
2025-06-20 10:15:54.187191,838.05,323597.0,269925.0
2025-06-20 10:15:54.611952,838.05,323597.0,269925.0
2025-06-20 10:15:57.682258,838.0,323597.0,269925.0
2025-06-20 10:16:00.568152,837.7,324879.0,267534.0
2025-06-20 10:16:00.606949,837.7,324879.0,267534.0
2025-06-20 10:16:01.773879,837.7,327066.0,267114.0
2025-06-20 10:16:02.775042,837.7,326001.0,267569.0
2025-06-20 10:16:03.871994,837.7,325732.0,267047.0
2025-06-20 10:16:04.620120,838.05,325732.0,267047.0
2025-06-20 10:16:04.971829,837.85,326014.0,267633.0
2025-06-20 10:16:05.664764,838.05,326014.0,267633.0
2025-06-20 10:16:06.072375,837.85,324648.0,267840.0
2025-06-20 10:16:06.616472,838.25,324648.0,267840.0
2025-06-20 10:16:06.972041,838.25,324779.0,267999.0
2025-06-20 10:16:07.616371,838.25,324779.0,267999.0
2025-06-20 10:16:07.971440,838.25,327019.0,266321.0
2025-06-20 10:16:09.071823,838.1,327309.0,266008.0
2025-06-20 10:16:09.615284,838.1,327309.0,266008.0
2025-06-20 10:16:10.073430,838.1,326751.0,266060.0
2025-06-20 10:16:11.175844,838.1,326947.0,266356.0
2025-06-20 10:16:11.610364,838.1,326947.0,266356.0
2025-06-20 10:16:12.273027,838.3,326190.0,266499.0
2025-06-20 10:16:12.616053,838.3,326190.0,266499.0
2025-06-20 10:16:13.575191,838.25,325199.0,266826.0
2025-06-20 10:16:13.612921,838.25,325199.0,266826.0
2025-06-20 10:16:14.380550,838.1,325540.0,267472.0
2025-06-20 10:16:14.614977,837.75,325540.0,267472.0
2025-06-20 10:16:15.389237,838.05,324047.0,270041.0
2025-06-20 10:16:15.615651,838.05,324047.0,270041.0
2025-06-20 10:16:16.384371,838.15,324757.0,269283.0
2025-06-20 10:16:16.614899,838.15,324757.0,269283.0
2025-06-20 10:16:17.390019,838.1,325313.0,268901.0
2025-06-20 10:16:17.619046,838.1,325313.0,268901.0
2025-06-20 10:16:18.480249,837.95,325482.0,268166.0
2025-06-20 10:16:18.614177,837.95,325482.0,268166.0
2025-06-20 10:16:19.584681,838.3,327014.0,268024.0
2025-06-20 10:16:19.613653,838.3,327014.0,268024.0
2025-06-20 10:16:20.689407,838.3,326263.0,268237.0
2025-06-20 10:16:21.613878,838.3,326263.0,268237.0
2025-06-20 10:16:21.786570,838.3,327097.0,267353.0
2025-06-20 10:16:22.618107,838.3,327097.0,267353.0
2025-06-20 10:16:22.888473,838.3,327770.0,267427.0
2025-06-20 10:16:23.982546,838.3,326307.0,268387.0
2025-06-20 10:16:24.624540,838.3,326307.0,268387.0
2025-06-20 10:16:25.082726,838.3,326893.0,267390.0
2025-06-20 10:16:26.181462,838.3,328040.0,267008.0
2025-06-20 10:16:26.647438,838.0,328040.0,267008.0
2025-06-20 10:16:27.290371,838.0,327275.0,267273.0
2025-06-20 10:16:27.624104,838.0,327275.0,267273.0
2025-06-20 10:16:28.282030,838.0,326981.0,267301.0
2025-06-20 10:16:28.610383,838.0,326981.0,267301.0
2025-06-20 10:16:29.398569,838.05,327631.0,267213.0
2025-06-20 10:16:29.614504,838.05,327631.0,267213.0
2025-06-20 10:16:30.393118,838.05,325977.0,270896.0
2025-06-20 10:16:30.613854,838.25,325977.0,270896.0
2025-06-20 10:16:31.417211,838.25,325846.0,271192.0
2025-06-20 10:16:32.284147,838.25,325920.0,270904.0
2025-06-20 10:16:33.286133,838.25,326419.0,270397.0
2025-06-20 10:16:33.614795,838.25,326419.0,270397.0
2025-06-20 10:16:34.413824,838.25,326278.0,270869.0
2025-06-20 10:16:35.487176,838.25,326354.0,270810.0
2025-06-20 10:16:35.614364,838.25,326354.0,270810.0
2025-06-20 10:16:36.601633,837.85,326173.0,271037.0
2025-06-20 10:16:36.625909,837.85,326173.0,271037.0
2025-06-20 10:16:37.620985,838.25,326173.0,271037.0
2025-06-20 10:16:37.690901,838.25,326778.0,270143.0
2025-06-20 10:16:38.635689,838.0,326778.0,270143.0
2025-06-20 10:16:38.688703,838.0,327061.0,269858.0
2025-06-20 10:16:39.651207,837.8,327061.0,269858.0
2025-06-20 10:16:39.789342,837.8,326349.0,270662.0
2025-06-20 10:16:40.791257,837.8,325532.0,270864.0
2025-06-20 10:16:41.618412,837.8,325532.0,270864.0
2025-06-20 10:16:41.792671,837.8,325561.0,271779.0
2025-06-20 10:16:42.618924,838.3,325561.0,271779.0
2025-06-20 10:16:42.792292,838.3,326886.0,270465.0
2025-06-20 10:16:43.795000,838.3,326870.0,270588.0
2025-06-20 10:16:44.666185,837.9,326870.0,270588.0
2025-06-20 10:16:44.791302,837.9,326820.0,270588.0
2025-06-20 10:16:45.795969,837.9,326664.0,270590.0
2025-06-20 10:16:46.794609,837.9,326664.0,270658.0
2025-06-20 10:16:47.795629,838.1,326531.0,270887.0
2025-06-20 10:16:48.618323,838.0,326531.0,270887.0
2025-06-20 10:16:48.795557,838.0,326608.0,270842.0
2025-06-20 10:16:49.617787,838.0,326608.0,270842.0
2025-06-20 10:16:49.800279,838.0,326603.0,270815.0
2025-06-20 10:16:50.927063,838.0,327283.0,270849.0
2025-06-20 10:16:51.616980,838.1,327283.0,270849.0
2025-06-20 10:16:51.927653,838.1,327897.0,270621.0
2025-06-20 10:16:52.922622,838.25,327991.0,270591.0
2025-06-20 10:16:53.613730,838.1,327991.0,270591.0
2025-06-20 10:16:53.913780,838.1,327367.0,270994.0
2025-06-20 10:16:54.673946,837.9,327367.0,270994.0
2025-06-20 10:16:54.915981,837.9,327319.0,271721.0
2025-06-20 10:16:55.617441,838.3,327319.0,271721.0
2025-06-20 10:16:56.003835,838.3,327276.0,270670.0
2025-06-20 10:16:56.618467,838.25,327276.0,270670.0
2025-06-20 10:16:57.104504,838.25,327571.0,270565.0
2025-06-20 10:16:57.661407,838.35,327571.0,270565.0
2025-06-20 10:16:58.103521,838.4,327272.0,269539.0
2025-06-20 10:16:58.617898,838.4,327272.0,269539.0
2025-06-20 10:16:59.205895,838.4,327203.0,270744.0
2025-06-20 10:16:59.622590,838.05,327203.0,270744.0
2025-06-20 10:17:00.204105,838.05,326714.0,272483.0
2025-06-20 10:17:00.655360,838.35,326714.0,272483.0
2025-06-20 10:17:02.620115,838.35,326714.0,272483.0
2025-06-20 10:17:02.916266,838.35,325958.0,271858.0
2025-06-20 10:17:04.620134,838.05,325958.0,271858.0
2025-06-20 10:17:06.622845,838.35,325958.0,271858.0
2025-06-20 10:17:08.630356,838.0,325958.0,271858.0
2025-06-20 10:17:08.919254,838.0,327060.0,271447.0
2025-06-20 10:17:10.627825,838.5,327060.0,271447.0
2025-06-20 10:17:12.630515,838.35,327060.0,271447.0
2025-06-20 10:17:14.639829,838.25,327060.0,271447.0
2025-06-20 10:17:15.115793,838.25,327713.0,269800.0
2025-06-20 10:17:16.617214,838.75,327713.0,269800.0
2025-06-20 10:17:18.623225,838.8,327713.0,269800.0
2025-06-20 10:17:20.624106,838.55,327713.0,269800.0
2025-06-20 10:17:21.021272,838.55,328060.0,266139.0
2025-06-20 10:17:22.621777,838.8,328060.0,266139.0
2025-06-20 10:17:24.622036,838.5,328060.0,266139.0
2025-06-20 10:17:26.638963,838.8,328060.0,266139.0
2025-06-20 10:17:26.949616,838.8,328003.0,267664.0
2025-06-20 10:17:29.623357,838.45,328003.0,267664.0
2025-06-20 10:17:32.621492,838.8,328003.0,267664.0
2025-06-20 10:17:33.128804,838.8,327627.0,267915.0
2025-06-20 10:17:35.621513,838.5,327627.0,267915.0
2025-06-20 10:17:38.646397,838.7,327627.0,267915.0
2025-06-20 10:17:39.130600,838.75,329850.0,265713.0
2025-06-20 10:17:41.627624,838.75,329850.0,265713.0
2025-06-20 10:17:44.621756,838.8,329850.0,265713.0
2025-06-20 10:17:44.937543,838.55,332071.0,265958.0
2025-06-20 10:17:47.618487,838.8,332071.0,265958.0
2025-06-20 10:17:50.627440,838.9,332071.0,265958.0
2025-06-20 10:17:50.938073,838.9,333209.0,265543.0
2025-06-20 10:17:53.624851,838.55,333209.0,265543.0
2025-06-20 10:17:56.628200,838.9,333209.0,265543.0
2025-06-20 10:17:57.239867,838.9,332937.0,267262.0
2025-06-20 10:17:59.624011,838.85,332937.0,267262.0
2025-06-20 10:18:01.624205,838.9,332937.0,267262.0
2025-06-20 10:18:01.648260,838.9,336499.0,266754.0
2025-06-20 10:18:02.628615,839.0,336499.0,266754.0
2025-06-20 10:18:03.245131,839.0,336554.0,263818.0
2025-06-20 10:18:03.625089,839.0,336554.0,263818.0
2025-06-20 10:18:04.456382,838.65,335807.0,266125.0
2025-06-20 10:18:04.624090,838.65,335807.0,266125.0
2025-06-20 10:18:05.625743,838.9,335807.0,266125.0
2025-06-20 10:18:06.460283,838.9,335994.0,265921.0
2025-06-20 10:18:06.624236,839.0,335994.0,265921.0
2025-06-20 10:18:07.446479,839.0,335999.0,265558.0
2025-06-20 10:18:07.621584,839.0,335999.0,265558.0
2025-06-20 10:18:08.373627,839.0,335796.0,265072.0
2025-06-20 10:18:08.624828,839.0,335796.0,265072.0
2025-06-20 10:18:09.549196,838.9,335425.0,265525.0
2025-06-20 10:18:09.624518,838.9,335425.0,265525.0
2025-06-20 10:18:11.626182,838.9,335425.0,265525.0
2025-06-20 10:18:12.251759,838.6,334292.0,266626.0
2025-06-20 10:18:12.622898,838.6,334292.0,266626.0
2025-06-20 10:18:13.250656,838.6,332392.0,270274.0
2025-06-20 10:18:13.626342,838.6,332392.0,270274.0
2025-06-20 10:18:14.251368,838.4,333923.0,268895.0
2025-06-20 10:18:14.677067,838.4,333923.0,268895.0
2025-06-20 10:18:15.622819,838.9,333923.0,268895.0
2025-06-20 10:18:17.256434,838.9,333836.0,269521.0
2025-06-20 10:18:18.254842,838.65,335044.0,268658.0
2025-06-20 10:18:18.630459,838.85,335044.0,268658.0
2025-06-20 10:18:19.256903,838.65,333446.0,271564.0
2025-06-20 10:18:19.628278,838.65,333446.0,271564.0
2025-06-20 10:18:20.256831,838.35,333300.0,271188.0
2025-06-20 10:18:20.627417,838.35,333300.0,271188.0
2025-06-20 10:18:21.160276,838.05,330735.0,276451.0
2025-06-20 10:18:21.625239,838.35,330735.0,276451.0
2025-06-20 10:18:22.158203,838.35,331370.0,274969.0
2025-06-20 10:18:22.626394,838.35,331370.0,274969.0
2025-06-20 10:18:23.158555,838.35,331214.0,274949.0
2025-06-20 10:18:24.158256,838.35,331115.0,274695.0
2025-06-20 10:18:24.626443,838.05,331115.0,274695.0
2025-06-20 10:18:27.159020,838.4,331960.0,272606.0
2025-06-20 10:18:27.626542,838.0,331960.0,272606.0
2025-06-20 10:18:28.159193,838.0,329464.0,277193.0
2025-06-20 10:18:28.627999,838.3,329464.0,277193.0
2025-06-20 10:18:29.059766,837.85,328383.0,276324.0
2025-06-20 10:18:29.624676,837.85,328383.0,276324.0
2025-06-20 10:18:30.059685,837.85,329409.0,277051.0
2025-06-20 10:18:30.625457,838.3,329409.0,277051.0
2025-06-20 10:18:31.063572,838.3,329545.0,276385.0
2025-06-20 10:18:31.632772,837.75,329545.0,276385.0
2025-06-20 10:18:32.062673,838.2,328454.0,276415.0
2025-06-20 10:18:32.630298,838.2,328454.0,276415.0
2025-06-20 10:18:33.061376,838.0,329813.0,276260.0
2025-06-20 10:18:33.627090,838.4,329813.0,276260.0
2025-06-20 10:18:34.062628,837.95,329097.0,277637.0
2025-06-20 10:18:34.635386,837.95,329097.0,277637.0
2025-06-20 10:18:35.961808,838.35,329992.0,276264.0
2025-06-20 10:18:36.628066,838.35,329992.0,276264.0
2025-06-20 10:18:36.964217,838.35,329021.0,276293.0
2025-06-20 10:18:37.627330,838.45,329021.0,276293.0
2025-06-20 10:18:37.963702,838.45,329449.0,275108.0
2025-06-20 10:18:38.630294,838.55,329449.0,275108.0
2025-06-20 10:18:38.966308,838.55,329660.0,286391.0
2025-06-20 10:18:39.628308,837.95,329660.0,286391.0
2025-06-20 10:18:39.967859,837.95,327539.0,289329.0
2025-06-20 10:18:40.967436,838.4,328641.0,287531.0
2025-06-20 10:18:41.327969,838.4,328641.0,287531.0
2025-06-20 10:18:41.626643,838.4,328641.0,287531.0
2025-06-20 10:18:41.671938,838.4,328641.0,287531.0
2025-06-20 10:18:41.977418,837.95,328874.0,288882.0
2025-06-20 10:18:42.121319,837.95,328874.0,288882.0
2025-06-20 10:18:42.681346,838.35,328874.0,288882.0
2025-06-20 10:18:42.729089,838.35,328874.0,288882.0
2025-06-20 10:18:42.976869,838.35,328576.0,288784.0
2025-06-20 10:18:43.292082,838.35,328576.0,288784.0
2025-06-20 10:18:43.972443,838.35,328961.0,288088.0
2025-06-20 10:18:44.431591,838.35,328961.0,288088.0
2025-06-20 10:18:44.697924,838.05,328961.0,288088.0
2025-06-20 10:18:45.008813,838.05,328961.0,288088.0
2025-06-20 10:18:45.032328,838.05,329323.0,288133.0
2025-06-20 10:18:45.428001,838.05,329323.0,288133.0
2025-06-20 10:18:45.645115,838.4,329323.0,288133.0
2025-06-20 10:18:45.876647,838.4,328996.0,288988.0
2025-06-20 10:18:46.333609,838.4,328996.0,288988.0
2025-06-20 10:18:46.633815,838.35,328996.0,288988.0
2025-06-20 10:18:46.878972,838.35,329201.0,288461.0
2025-06-20 10:18:47.681628,838.35,329201.0,288461.0
2025-06-20 10:18:47.876565,838.35,329423.0,288006.0
2025-06-20 10:18:48.629464,838.05,329423.0,288006.0
2025-06-20 10:18:48.666700,838.05,329423.0,288006.0
2025-06-20 10:18:48.885733,838.05,329123.0,288606.0
2025-06-20 10:18:49.655874,838.0,329123.0,288606.0
2025-06-20 10:18:49.901042,838.0,329499.0,288681.0
2025-06-20 10:18:50.202424,838.0,329499.0,288681.0
2025-06-20 10:18:50.632489,838.05,329499.0,288681.0
2025-06-20 10:18:50.873285,838.05,328574.0,289392.0
2025-06-20 10:18:51.447477,838.05,328574.0,289392.0
2025-06-20 10:18:51.635494,838.4,328574.0,289392.0
2025-06-20 10:18:51.879910,838.4,328803.0,287480.0
2025-06-20 10:18:52.760091,838.4,328803.0,287480.0
2025-06-20 10:18:52.774293,838.4,329142.0,286609.0
2025-06-20 10:18:53.639641,838.2,329142.0,286609.0
2025-06-20 10:18:53.773095,838.2,329034.0,287013.0
2025-06-20 10:18:54.396309,838.2,329034.0,287013.0
2025-06-20 10:18:54.654663,838.05,329034.0,287013.0
2025-06-20 10:18:54.775094,838.05,327046.0,289125.0
2025-06-20 10:18:55.774142,838.05,328011.0,288554.0
2025-06-20 10:18:56.628509,838.45,328011.0,288554.0
2025-06-20 10:18:56.777297,838.45,328136.0,286824.0
2025-06-20 10:18:57.636758,838.45,328136.0,286824.0
2025-06-20 10:18:57.774896,838.45,327977.0,287984.0
2025-06-20 10:18:58.641759,837.95,327977.0,287984.0
2025-06-20 10:18:58.673984,837.95,326164.0,290210.0
2025-06-20 10:18:59.643809,837.95,326164.0,290210.0
2025-06-20 10:18:59.682203,837.95,326205.0,291210.0
2025-06-20 10:19:00.977020,837.95,327381.0,288595.0
2025-06-20 10:19:01.639329,837.95,327381.0,288595.0
2025-06-20 10:19:02.076901,837.95,327424.0,287738.0
2025-06-20 10:19:03.179457,837.95,327665.0,288478.0
2025-06-20 10:19:04.276857,837.95,327725.0,288473.0
2025-06-20 10:19:04.637926,837.95,327725.0,288473.0
2025-06-20 10:19:05.279037,838.4,327957.0,288032.0
2025-06-20 10:19:05.648778,838.4,327957.0,288032.0
2025-06-20 10:19:06.414344,838.4,328443.0,287661.0
2025-06-20 10:19:07.479471,838.4,328089.0,288329.0
2025-06-20 10:19:08.588031,838.4,328256.0,289056.0
2025-06-20 10:19:09.586258,838.15,327211.0,290691.0
2025-06-20 10:19:09.628340,838.15,327211.0,290691.0
2025-06-20 10:19:10.587300,837.95,327219.0,291061.0
2025-06-20 10:19:10.668436,837.95,327219.0,291061.0
2025-06-20 10:19:11.634780,837.7,327219.0,291061.0
2025-06-20 10:19:11.680154,837.7,324146.0,290976.0
2025-06-20 10:19:12.627987,838.0,324146.0,290976.0
2025-06-20 10:19:12.781007,838.0,324093.0,291723.0
2025-06-20 10:19:13.891880,837.9,323679.0,292846.0
2025-06-20 10:19:14.639428,837.7,323679.0,292846.0
2025-06-20 10:19:14.981056,837.95,324171.0,292004.0
2025-06-20 10:19:15.652043,837.95,324171.0,292004.0
2025-06-20 10:19:16.084117,837.95,324582.0,292078.0
2025-06-20 10:19:17.185518,837.7,324418.0,291830.0
2025-06-20 10:19:17.656764,838.0,324418.0,291830.0
2025-06-20 10:19:18.285773,838.1,325573.0,291396.0
2025-06-20 10:19:18.737859,838.1,325573.0,291396.0
2025-06-20 10:19:19.397832,837.7,325152.0,291173.0
2025-06-20 10:19:19.631220,837.7,325152.0,291173.0
2025-06-20 10:19:20.487235,838.3,327955.0,290964.0
2025-06-20 10:19:20.669233,838.3,327955.0,290964.0
2025-06-20 10:19:21.587523,838.1,325884.0,292311.0
2025-06-20 10:19:21.682831,838.1,325884.0,292311.0
2025-06-20 10:19:22.679897,837.7,325884.0,292311.0
2025-06-20 10:19:22.691190,838.1,325999.0,293135.0
2025-06-20 10:19:23.644296,838.1,325999.0,293135.0
2025-06-20 10:19:23.789745,838.1,325759.0,293401.0
2025-06-20 10:19:24.885322,837.7,325759.0,293401.0
2025-06-20 10:19:24.912414,838.1,327978.0,290447.0
2025-06-20 10:19:25.691620,838.1,327978.0,290447.0
2025-06-20 10:19:25.994040,838.1,328811.0,289553.0
2025-06-20 10:19:27.094548,838.1,328519.0,288647.0
2025-06-20 10:19:28.194764,838.4,328865.0,289051.0
2025-06-20 10:19:28.685517,838.4,328865.0,289051.0
2025-06-20 10:19:29.295719,838.1,328870.0,289098.0
2025-06-20 10:19:29.876347,838.1,328870.0,289098.0
2025-06-20 10:19:30.409788,838.4,327782.0,290497.0
2025-06-20 10:19:30.637991,838.4,327782.0,290497.0
2025-06-20 10:19:31.496998,838.4,327923.0,290370.0
2025-06-20 10:19:32.601522,838.4,327959.0,290306.0
2025-06-20 10:19:33.653491,838.2,327959.0,290306.0
2025-06-20 10:19:33.706764,838.2,327768.0,290480.0
2025-06-20 10:19:34.637664,838.1,327768.0,290480.0
2025-06-20 10:19:34.800907,838.1,327720.0,290514.0
2025-06-20 10:19:35.700473,838.1,327909.0,290515.0
2025-06-20 10:19:36.636665,838.2,327909.0,290515.0
2025-06-20 10:19:36.914834,838.1,327911.0,290375.0
2025-06-20 10:19:37.701537,838.1,327911.0,290375.0
2025-06-20 10:19:38.001832,838.1,327903.0,290375.0
2025-06-20 10:19:39.105388,838.1,327794.0,290446.0
2025-06-20 10:19:39.636002,838.1,327794.0,290446.0
2025-06-20 10:19:40.206279,838.1,327689.0,292913.0
2025-06-20 10:19:41.287726,838.2,327395.0,292955.0
2025-06-20 10:19:41.676038,838.2,327395.0,292955.0
2025-06-20 10:19:42.206248,838.2,326640.0,292929.0
2025-06-20 10:19:42.642202,838.2,326640.0,292929.0
2025-06-20 10:19:43.306450,838.2,326899.0,292468.0
2025-06-20 10:19:43.629042,838.2,326899.0,292468.0
2025-06-20 10:19:44.421434,838.1,326938.0,292438.0
2025-06-20 10:19:44.632313,838.1,326938.0,292438.0
2025-06-20 10:19:45.511402,838.1,326877.0,292348.0
2025-06-20 10:19:45.634795,838.1,326877.0,292348.0
2025-06-20 10:19:46.613394,838.1,326933.0,292374.0
2025-06-20 10:19:47.613908,838.1,326908.0,292297.0
2025-06-20 10:19:48.717090,838.1,326968.0,292441.0
2025-06-20 10:19:49.635865,838.1,326968.0,292441.0
2025-06-20 10:19:49.829801,838.1,327129.0,291930.0
2025-06-20 10:19:50.637984,838.2,327129.0,291930.0
2025-06-20 10:19:50.927913,838.2,328509.0,290148.0
2025-06-20 10:19:51.639663,838.15,328509.0,290148.0
2025-06-20 10:19:52.020846,838.1,327681.0,290370.0
2025-06-20 10:19:52.698153,838.1,327681.0,290370.0
2025-06-20 10:19:53.019858,838.1,327850.0,290384.0
2025-06-20 10:19:54.121301,838.1,327749.0,290461.0
2025-06-20 10:19:54.644493,838.05,327749.0,290461.0
2025-06-20 10:19:55.226068,838.4,327604.0,290312.0
2025-06-20 10:19:55.638532,838.4,327604.0,290312.0
2025-06-20 10:19:56.326326,838.4,327749.0,290214.0
2025-06-20 10:19:57.437379,838.4,327813.0,290215.0
2025-06-20 10:19:58.526864,838.4,327136.0,290534.0
2025-06-20 10:19:58.633656,838.4,327136.0,290534.0
2025-06-20 10:19:59.526802,838.05,327107.0,290598.0
2025-06-20 10:19:59.636098,838.4,327107.0,290598.0
2025-06-20 10:20:04.640706,838.05,327107.0,290598.0
2025-06-20 10:20:05.171099,838.05,326295.0,289580.0
2025-06-20 10:20:07.680406,838.15,326295.0,289580.0
2025-06-20 10:20:10.641699,838.15,326295.0,289580.0
2025-06-20 10:20:11.753289,838.15,327178.0,289132.0
2025-06-20 10:20:13.680530,838.15,327178.0,289132.0
2025-06-20 10:20:16.679696,838.6,327178.0,289132.0
2025-06-20 10:20:18.242706,838.6,328310.0,288977.0
2025-06-20 10:20:19.643340,838.2,328310.0,288977.0
2025-06-20 10:20:22.640125,838.6,328310.0,288977.0
2025-06-20 10:20:24.249108,838.25,328621.0,288720.0
2025-06-20 10:20:25.647028,838.6,328621.0,288720.0
2025-06-20 10:20:28.682135,838.6,328621.0,288720.0
2025-06-20 10:20:30.254666,838.25,327991.0,288530.0
2025-06-20 10:20:31.647905,838.25,327991.0,288530.0
2025-06-20 10:20:34.642480,838.55,327991.0,288530.0
2025-06-20 10:20:36.466376,838.55,327041.0,291236.0
2025-06-20 10:20:37.652291,838.05,327041.0,291236.0
2025-06-20 10:20:40.648938,837.7,327041.0,291236.0
2025-06-20 10:20:42.473453,837.95,323759.0,296999.0
2025-06-20 10:20:43.677739,837.95,323759.0,296999.0
2025-06-20 10:20:46.644597,838.1,323759.0,296999.0
2025-06-20 10:20:48.467750,838.05,323868.0,299679.0
2025-06-20 10:20:49.703223,837.75,323868.0,299679.0
2025-06-20 10:20:52.647929,837.5,323868.0,299679.0
2025-06-20 10:20:54.569426,837.95,323606.0,299835.0
2025-06-20 10:20:55.656933,837.95,323606.0,299835.0
2025-06-20 10:20:58.646331,837.75,323606.0,299835.0
2025-06-20 10:21:01.473132,837.75,322259.0,301237.0
2025-06-20 10:21:01.653465,837.9,322259.0,301237.0
2025-06-20 10:21:02.656870,837.65,322259.0,301237.0
2025-06-20 10:21:03.456038,838.0,325093.0,294752.0
2025-06-20 10:21:03.649850,838.0,325093.0,294752.0
2025-06-20 10:21:04.698441,837.65,325093.0,294752.0
2025-06-20 10:21:05.383614,837.55,321882.0,299757.0
2025-06-20 10:21:05.649823,837.55,321882.0,299757.0
2025-06-20 10:21:06.646585,837.85,321882.0,299757.0
2025-06-20 10:21:06.977043,837.85,321948.0,301293.0
2025-06-20 10:21:07.675534,837.7,321948.0,301293.0
2025-06-20 10:21:07.973079,837.7,321580.0,299624.0
2025-06-20 10:21:08.648843,837.85,321580.0,299624.0
2025-06-20 10:21:09.284437,837.55,323566.0,299460.0
2025-06-20 10:21:09.646506,837.55,323566.0,299460.0
2025-06-20 10:21:10.178518,837.9,324034.0,298393.0
2025-06-20 10:21:10.649986,837.9,324034.0,298393.0
2025-06-20 10:21:11.178108,837.9,323836.0,299427.0
2025-06-20 10:21:12.081168,837.9,324565.0,298678.0
2025-06-20 10:21:12.647370,837.95,324565.0,298678.0
2025-06-20 10:21:13.080590,837.55,324827.0,297355.0
2025-06-20 10:21:13.661182,837.55,324827.0,297355.0
2025-06-20 10:21:13.981558,837.55,324036.0,298609.0
2025-06-20 10:21:14.656344,837.6,324036.0,298609.0
2025-06-20 10:21:15.129094,837.6,324157.0,298564.0
2025-06-20 10:21:15.895682,837.85,324235.0,298510.0
2025-06-20 10:21:16.658177,837.85,324235.0,298510.0
2025-06-20 10:21:16.912111,837.85,324252.0,298541.0
2025-06-20 10:21:17.785742,837.85,324161.0,298618.0
2025-06-20 10:21:18.647325,837.6,324161.0,298618.0
2025-06-20 10:21:18.784263,837.6,323954.0,299171.0
2025-06-20 10:21:19.649556,837.6,323954.0,299171.0
2025-06-20 10:21:19.783447,837.6,323527.0,300010.0
2025-06-20 10:21:20.660480,837.85,323527.0,300010.0
2025-06-20 10:21:20.705698,837.85,323912.0,299718.0
2025-06-20 10:21:21.659194,837.6,323912.0,299718.0
2025-06-20 10:21:21.784259,837.6,324013.0,299725.0
2025-06-20 10:21:23.661792,837.9,324013.0,299725.0
2025-06-20 10:21:23.685567,837.9,323418.0,299825.0
2025-06-20 10:21:24.589460,837.55,324370.0,299583.0
2025-06-20 10:21:24.652890,837.55,324370.0,299583.0
2025-06-20 10:21:25.590339,837.55,325274.0,298003.0
2025-06-20 10:21:26.491661,837.55,324853.0,298377.0
2025-06-20 10:21:27.494558,837.55,324749.0,298415.0
2025-06-20 10:21:28.615464,837.55,325204.0,298504.0
2025-06-20 10:21:29.493386,837.85,325464.0,297515.0
2025-06-20 10:21:29.655634,837.85,325464.0,297515.0
2025-06-20 10:21:30.431031,837.85,325210.0,298891.0
2025-06-20 10:21:31.408268,838.0,325292.0,298677.0
2025-06-20 10:21:32.197866,838.0,325292.0,298677.0
2025-06-20 10:21:32.646830,838.1,326920.0,296458.0
2025-06-20 10:21:32.671624,838.1,326920.0,296458.0
2025-06-20 10:21:33.654750,838.2,326920.0,296458.0
2025-06-20 10:21:34.416618,837.85,326292.0,296556.0
2025-06-20 10:21:34.648363,837.85,326292.0,296556.0
2025-06-20 10:21:35.645266,838.2,326292.0,296556.0
2025-06-20 10:21:36.297996,838.2,326106.0,296718.0
2025-06-20 10:21:37.194133,838.2,326053.0,296791.0
2025-06-20 10:21:38.101070,838.2,325796.0,297089.0
2025-06-20 10:21:38.995545,838.2,325796.0,297037.0
2025-06-20 10:21:39.647891,837.85,325796.0,297037.0
2025-06-20 10:21:40.011451,837.85,325278.0,297987.0
2025-06-20 10:21:40.649963,838.1,325278.0,297987.0
2025-06-20 10:21:40.925486,837.75,325398.0,297936.0
2025-06-20 10:21:41.648007,837.75,325398.0,297936.0
2025-06-20 10:21:41.839781,837.75,325398.0,297936.0
2025-06-20 10:21:42.172992,837.75,325398.0,297936.0
2025-06-20 10:21:42.661940,838.1,325398.0,297936.0
2025-06-20 10:21:42.795431,838.1,325398.0,297936.0
2025-06-20 10:21:42.807435,838.1,325684.0,296831.0
2025-06-20 10:21:43.084351,838.1,325684.0,296831.0
2025-06-20 10:21:43.656591,837.85,325684.0,296831.0
2025-06-20 10:21:43.721947,837.85,325684.0,296831.0
2025-06-20 10:21:43.796906,837.85,325828.0,296625.0
2025-06-20 10:21:44.426777,837.85,325828.0,296625.0
2025-06-20 10:21:44.648851,837.85,325828.0,296625.0
2025-06-20 10:21:44.702554,837.85,325861.0,296403.0
2025-06-20 10:21:44.836959,837.85,325861.0,296403.0
2025-06-20 10:21:45.466590,837.85,325861.0,296403.0
2025-06-20 10:21:45.711014,837.85,325287.0,296888.0
2025-06-20 10:21:45.820946,837.85,325287.0,296888.0
2025-06-20 10:21:46.694598,837.85,325287.0,296888.0
2025-06-20 10:21:46.815317,837.85,325287.0,296888.0
2025-06-20 10:21:46.900620,837.85,325249.0,297112.0
2025-06-20 10:21:47.918633,837.85,325281.0,297007.0
2025-06-20 10:21:48.136347,837.85,325281.0,297007.0
2025-06-20 10:21:48.936082,837.85,325249.0,296984.0
2025-06-20 10:21:49.114791,837.85,325249.0,296984.0
2025-06-20 10:21:49.696796,837.9,325249.0,296984.0
2025-06-20 10:21:49.928705,837.9,327547.0,296944.0
2025-06-20 10:21:50.671693,837.9,327547.0,296944.0
2025-06-20 10:21:50.697074,837.9,327547.0,296944.0
2025-06-20 10:21:50.939895,837.6,317313.0,305482.0
2025-06-20 10:21:51.699996,837.6,317313.0,305482.0
2025-06-20 10:21:51.939527,837.6,318357.0,306865.0
2025-06-20 10:21:51.942495,837.6,318357.0,306865.0
2025-06-20 10:21:52.712038,837.6,318357.0,306865.0
2025-06-20 10:21:53.011093,837.6,320371.0,303283.0
2025-06-20 10:21:53.192787,837.6,320371.0,303283.0
2025-06-20 10:21:54.108965,837.6,320699.0,302483.0
2025-06-20 10:21:54.681403,837.9,320699.0,302483.0
2025-06-20 10:21:54.799453,837.9,320699.0,302483.0
2025-06-20 10:21:55.109536,837.45,321261.0,301535.0
2025-06-20 10:21:55.674326,837.45,321261.0,301535.0
2025-06-20 10:21:56.220477,837.55,322475.0,299113.0
2025-06-20 10:21:56.660655,837.55,322475.0,299113.0
2025-06-20 10:21:57.335863,837.55,322370.0,299218.0
2025-06-20 10:21:58.312517,837.8,321751.0,301323.0
2025-06-20 10:21:58.648271,837.5,321751.0,301323.0
2025-06-20 10:21:59.446397,837.6,322836.0,298967.0
2025-06-20 10:21:59.704771,837.6,322836.0,298967.0
2025-06-20 10:22:00.311460,837.6,322925.0,298718.0
2025-06-20 10:22:01.208875,837.6,323878.0,297137.0
2025-06-20 10:22:02.211340,837.85,323869.0,297353.0
2025-06-20 10:22:02.686211,838.0,323869.0,297353.0
2025-06-20 10:22:03.311977,838.0,324417.0,295865.0
2025-06-20 10:22:04.443440,837.9,324364.0,295856.0
2025-06-20 10:22:04.647648,837.9,324364.0,295856.0
2025-06-20 10:22:05.510889,837.9,324433.0,295877.0
2025-06-20 10:22:05.713431,837.9,324433.0,295877.0
2025-06-20 10:22:06.423499,837.9,324193.0,296331.0
2025-06-20 10:22:06.654263,837.65,324193.0,296331.0
2025-06-20 10:22:07.772045,837.65,321821.0,299378.0
2025-06-20 10:22:08.577019,837.65,321718.0,301637.0
2025-06-20 10:22:08.722130,837.85,321718.0,301637.0
2025-06-20 10:22:09.614201,837.5,321585.0,301841.0
2025-06-20 10:22:09.657263,837.5,321585.0,301841.0
2025-06-20 10:22:11.291226,837.85,321585.0,301841.0
2025-06-20 10:22:11.298093,837.85,321585.0,301783.0
2025-06-20 10:22:11.814041,837.85,321799.0,302358.0
2025-06-20 10:22:12.651345,837.8,321799.0,302358.0
2025-06-20 10:22:12.814228,837.8,322849.0,301925.0
2025-06-20 10:22:13.924315,837.8,323194.0,300737.0
2025-06-20 10:22:14.669671,837.9,323194.0,300737.0
2025-06-20 10:22:15.026101,837.9,323373.0,300775.0
2025-06-20 10:22:15.649215,837.9,323373.0,300775.0
2025-06-20 10:22:16.115815,837.9,323436.0,300798.0
2025-06-20 10:22:17.617247,837.65,323677.0,301079.0
2025-06-20 10:22:17.653966,837.65,323677.0,301079.0
2025-06-20 10:22:18.517868,837.65,323445.0,301139.0
2025-06-20 10:22:19.617518,837.65,323267.0,301222.0
2025-06-20 10:22:19.649795,837.9,323267.0,301222.0
2025-06-20 10:22:20.722103,837.9,323436.0,300972.0
2025-06-20 10:22:21.819938,837.9,323821.0,300535.0
2025-06-20 10:22:22.933945,837.9,323889.0,300439.0
2025-06-20 10:22:23.945435,837.9,324121.0,300442.0
2025-06-20 10:22:24.936069,837.9,323578.0,299963.0
2025-06-20 10:22:25.936542,837.9,323711.0,300201.0
2025-06-20 10:22:26.937696,837.9,323821.0,299992.0
2025-06-20 10:22:27.648344,837.5,323821.0,299992.0
2025-06-20 10:22:28.032556,837.9,322782.0,301637.0
2025-06-20 10:22:28.658522,837.85,322782.0,301637.0
2025-06-20 10:22:29.125990,837.85,322845.0,301545.0
2025-06-20 10:22:29.686666,837.5,322845.0,301545.0
2025-06-20 10:22:30.225024,837.5,322898.0,301591.0
2025-06-20 10:22:31.226146,837.35,322364.0,301848.0
2025-06-20 10:22:31.674945,837.35,322364.0,301848.0
2025-06-20 10:22:32.328838,837.85,322251.0,301850.0
2025-06-20 10:22:32.663216,837.85,322251.0,301850.0
2025-06-20 10:22:33.331505,837.85,322596.0,302325.0
2025-06-20 10:22:33.657203,837.65,322596.0,302325.0
2025-06-20 10:22:34.439842,837.5,322609.0,302375.0
2025-06-20 10:22:34.719773,837.5,322609.0,302375.0
2025-06-20 10:22:35.528565,837.8,323089.0,301952.0
2025-06-20 10:22:35.652936,837.8,323089.0,301952.0
2025-06-20 10:22:36.530003,837.6,323551.0,300948.0
2025-06-20 10:22:36.652002,837.6,323551.0,300948.0
2025-06-20 10:22:37.632526,837.6,323660.0,300950.0
2025-06-20 10:22:38.730847,837.6,323676.0,300949.0
2025-06-20 10:22:39.658037,837.95,323676.0,300949.0
2025-06-20 10:22:39.833057,837.95,324764.0,298818.0
2025-06-20 10:22:40.940114,837.95,324875.0,299364.0
2025-06-20 10:22:41.942098,837.95,324981.0,299172.0
2025-06-20 10:22:43.038404,837.95,325177.0,299117.0
2025-06-20 10:22:44.135818,837.95,324576.0,298056.0
2025-06-20 10:22:44.662718,837.7,324576.0,298056.0
2025-06-20 10:22:45.135485,837.7,324143.0,298455.0
2025-06-20 10:22:46.136886,837.7,324004.0,298553.0
2025-06-20 10:22:47.338526,837.7,323650.0,299876.0
2025-06-20 10:22:48.237343,837.9,324027.0,299649.0
2025-06-20 10:22:48.659059,837.9,324027.0,299649.0
2025-06-20 10:22:49.337245,837.7,323796.0,298900.0
2025-06-20 10:22:49.655936,837.7,323796.0,298900.0
2025-06-20 10:22:50.550159,837.7,324111.0,299368.0
2025-06-20 10:22:51.538291,837.7,324156.0,299369.0
2025-06-20 10:22:52.554643,837.7,324202.0,299405.0
2025-06-20 10:22:53.448709,837.7,324074.0,300993.0
2025-06-20 10:22:53.655957,837.6,324074.0,300993.0
2025-06-20 10:22:54.441687,837.9,323312.0,301186.0
2025-06-20 10:22:54.655741,837.9,323312.0,301186.0
2025-06-20 10:22:55.538881,837.9,323387.0,301215.0
2025-06-20 10:22:56.639682,837.9,323477.0,301595.0
2025-06-20 10:22:57.545335,837.55,323212.0,302689.0
2025-06-20 10:22:57.656352,837.55,323212.0,302689.0
2025-06-20 10:22:58.659735,837.85,323015.0,302056.0
2025-06-20 10:22:58.677600,837.85,323015.0,302056.0
2025-06-20 10:22:59.643619,837.9,323496.0,300069.0
2025-06-20 10:22:59.653240,837.9,323496.0,300069.0
2025-06-20 10:23:05.656576,837.7,323496.0,300069.0
2025-06-20 10:23:05.849463,837.7,324588.0,300827.0
2025-06-20 10:23:07.654931,837.8,324588.0,300827.0
2025-06-20 10:23:09.706880,837.9,324588.0,300827.0
2025-06-20 10:23:11.735516,838.0,324588.0,300827.0
2025-06-20 10:23:11.741216,838.0,324525.0,300129.0
2025-06-20 10:23:13.654689,837.8,324525.0,300129.0
2025-06-20 10:23:15.664380,838.0,324525.0,300129.0
2025-06-20 10:23:17.190707,838.0,323808.0,299953.0
2025-06-20 10:23:17.653790,838.0,323808.0,299953.0
2025-06-20 10:23:19.667118,837.8,323808.0,299953.0
2025-06-20 10:23:21.662916,837.8,323808.0,299953.0
2025-06-20 10:23:23.169423,838.0,324053.0,298851.0
2025-06-20 10:23:23.658712,838.0,324053.0,298851.0
2025-06-20 10:23:25.662251,837.75,324053.0,298851.0
2025-06-20 10:23:27.655747,837.65,324053.0,298851.0
2025-06-20 10:23:28.981356,837.65,323575.0,300735.0
2025-06-20 10:23:29.657967,837.8,323575.0,300735.0
2025-06-20 10:23:33.658867,837.4,323575.0,300735.0
2025-06-20 10:23:34.567053,837.4,320283.0,305914.0
2025-06-20 10:23:35.663892,837.4,320283.0,305914.0
2025-06-20 10:23:37.658500,837.15,320283.0,305914.0
2025-06-20 10:23:39.660284,837.1,320283.0,305914.0
2025-06-20 10:23:40.472899,837.1,318583.0,307277.0
2025-06-20 10:23:41.657060,837.0,318583.0,307277.0
2025-06-20 10:23:43.661801,837.3,318583.0,307277.0
2025-06-20 10:23:45.673079,837.0,318583.0,307277.0
2025-06-20 10:23:46.575568,837.0,318648.0,304426.0
2025-06-20 10:23:49.658290,837.05,318648.0,304426.0
2025-06-20 10:23:51.661849,837.55,318648.0,304426.0
2025-06-20 10:23:52.479856,837.35,319070.0,291975.0
2025-06-20 10:23:53.660389,837.35,319070.0,291975.0
2025-06-20 10:23:55.667433,837.1,319070.0,291975.0
2025-06-20 10:23:57.660658,837.6,319070.0,291975.0
2025-06-20 10:23:58.081969,837.15,320635.0,290946.0
2025-06-20 10:23:59.658772,837.15,320635.0,290946.0
2025-06-20 10:24:01.485704,837.45,320761.0,294749.0
2025-06-20 10:24:01.664632,837.45,320761.0,294749.0
2025-06-20 10:24:02.632205,837.5,320696.0,293774.0
2025-06-20 10:24:02.658090,837.5,320696.0,293774.0
2025-06-20 10:24:03.625778,837.5,320547.0,295096.0
2025-06-20 10:24:04.663737,837.1,320547.0,295096.0
2025-06-20 10:24:04.696459,837.1,320472.0,295226.0
2025-06-20 10:24:05.788278,837.1,320484.0,295402.0
2025-06-20 10:24:06.666000,837.15,320484.0,295402.0
2025-06-20 10:24:06.984478,837.15,320971.0,295270.0
2025-06-20 10:24:07.722028,837.15,320971.0,295270.0
2025-06-20 10:24:07.992727,837.35,320973.0,295431.0
2025-06-20 10:24:08.661226,837.35,320973.0,295431.0
2025-06-20 10:24:09.127814,837.35,321046.0,295431.0
2025-06-20 10:24:09.767167,837.15,321046.0,295431.0
2025-06-20 10:24:10.090594,837.15,321055.0,295433.0
2025-06-20 10:24:10.928909,837.15,321055.0,295433.0
2025-06-20 10:24:11.196183,837.15,319796.0,297914.0
2025-06-20 10:24:12.276788,837.15,319888.0,297817.0
2025-06-20 10:24:13.306535,837.15,319971.0,297787.0
2025-06-20 10:24:14.630156,837.15,319965.0,297787.0
2025-06-20 10:24:14.713509,837.15,319965.0,297787.0
2025-06-20 10:24:15.423723,837.1,319362.0,298083.0
2025-06-20 10:24:15.699521,837.1,319362.0,298083.0
2025-06-20 10:24:16.494902,837.1,319376.0,298201.0
2025-06-20 10:24:17.593978,837.1,319303.0,298202.0
2025-06-20 10:24:18.705269,837.1,319412.0,298734.0
2025-06-20 10:24:19.656505,837.2,319412.0,298734.0
2025-06-20 10:24:19.796772,837.2,320070.0,297999.0
2025-06-20 10:24:20.797194,837.2,320075.0,298028.0
2025-06-20 10:24:21.912035,837.2,320075.0,298032.0
2025-06-20 10:24:22.999514,837.2,320099.0,297939.0
2025-06-20 10:24:24.103169,837.2,320033.0,297939.0
2025-06-20 10:24:25.199277,837.2,320180.0,298177.0
2025-06-20 10:24:25.669328,837.2,320180.0,298177.0
2025-06-20 10:24:26.102449,837.2,320135.0,298177.0
2025-06-20 10:24:26.658716,837.2,320135.0,298177.0
2025-06-20 10:24:27.199955,837.2,320369.0,297659.0
2025-06-20 10:24:27.656762,837.2,320369.0,297659.0
2025-06-20 10:24:28.376580,837.2,338018.0,297560.0
2025-06-20 10:24:29.441387,837.15,338109.0,297776.0
2025-06-20 10:24:29.666733,837.15,338109.0,297776.0
2025-06-20 10:24:30.505684,837.15,338109.0,298026.0
2025-06-20 10:24:30.658985,837.2,338109.0,298026.0
2025-06-20 10:24:31.603685,837.2,337884.0,298289.0
2025-06-20 10:24:31.659602,837.2,337884.0,298289.0
2025-06-20 10:24:32.603798,837.2,337943.0,298339.0
2025-06-20 10:24:32.659532,837.1,337943.0,298339.0
2025-06-20 10:24:33.608898,837.0,336689.0,298767.0
2025-06-20 10:24:33.659991,837.0,336689.0,298767.0
2025-06-20 10:24:34.665634,837.0,336689.0,298767.0
2025-06-20 10:24:34.710953,837.0,336840.0,298721.0
2025-06-20 10:24:35.659686,837.0,336840.0,298721.0
2025-06-20 10:24:35.919573,837.0,336782.0,299066.0
2025-06-20 10:24:36.665421,837.0,336782.0,299066.0
2025-06-20 10:24:37.005658,837.0,336452.0,298944.0
2025-06-20 10:24:37.659362,837.2,336452.0,298944.0
2025-06-20 10:24:38.006976,837.15,336462.0,299097.0
2025-06-20 10:24:38.663365,837.3,336462.0,299097.0
2025-06-20 10:24:39.108611,837.3,337057.0,298085.0
2025-06-20 10:24:39.659535,837.15,337057.0,298085.0
2025-06-20 10:24:40.208721,837.15,337054.0,297649.0
2025-06-20 10:24:41.313722,837.15,337795.0,297148.0
2025-06-20 10:24:42.292520,837.15,337795.0,297148.0
2025-06-20 10:24:42.510435,837.15,338310.0,296459.0
2025-06-20 10:24:42.646551,837.15,338310.0,296459.0
2025-06-20 10:24:43.448143,837.15,337581.0,296713.0
2025-06-20 10:24:43.499786,837.15,337581.0,296713.0
2025-06-20 10:24:43.662931,837.15,337581.0,296713.0
2025-06-20 10:24:43.782489,837.15,337581.0,296713.0
2025-06-20 10:24:44.031662,837.15,337581.0,296713.0
2025-06-20 10:24:44.510167,837.15,337948.0,296517.0
2025-06-20 10:24:44.703738,837.15,337948.0,296517.0
2025-06-20 10:24:45.058178,837.15,337948.0,296517.0
2025-06-20 10:24:45.513060,837.15,337817.0,297379.0
2025-06-20 10:24:45.661178,837.15,337817.0,297379.0
2025-06-20 10:24:46.067839,837.15,337817.0,297379.0
2025-06-20 10:24:46.612377,837.15,338011.0,298149.0
2025-06-20 10:24:47.641555,837.15,338011.0,298149.0
2025-06-20 10:24:47.717053,837.15,337852.0,298142.0
2025-06-20 10:24:48.661822,837.0,337852.0,298142.0
2025-06-20 10:24:48.781982,837.0,337852.0,298142.0
2025-06-20 10:24:48.922163,837.0,336912.0,297041.0
2025-06-20 10:24:49.669721,837.3,336912.0,297041.0
2025-06-20 10:24:49.768592,837.3,336912.0,297041.0
2025-06-20 10:24:49.810360,837.3,337305.0,296601.0
2025-06-20 10:24:50.936528,837.3,336429.0,296541.0
2025-06-20 10:24:51.289794,837.3,336429.0,296541.0
2025-06-20 10:24:52.014412,837.3,336477.0,296467.0
2025-06-20 10:24:52.562625,837.3,336477.0,296467.0
2025-06-20 10:24:53.012671,837.3,337575.0,295363.0
2025-06-20 10:24:53.666805,837.3,337575.0,295363.0
2025-06-20 10:24:53.817123,837.3,337575.0,295363.0
2025-06-20 10:24:54.214075,837.3,338346.0,295693.0
2025-06-20 10:24:54.662981,837.15,338346.0,295693.0
2025-06-20 10:24:55.312663,837.15,338300.0,295608.0
2025-06-20 10:24:55.451558,837.15,338300.0,295608.0
2025-06-20 10:24:55.682427,837.15,338300.0,295608.0
2025-06-20 10:24:56.448123,837.15,338340.0,295638.0
2025-06-20 10:24:57.516336,837.15,341121.0,295412.0
2025-06-20 10:24:58.616478,837.15,341141.0,295551.0
2025-06-20 10:24:58.663177,837.15,341141.0,295551.0
2025-06-20 10:24:59.662506,837.3,341141.0,295551.0
2025-06-20 10:24:59.719341,837.3,340950.0,295198.0
2025-06-20 10:25:00.820021,837.5,341394.0,292354.0
2025-06-20 10:25:01.664980,837.5,341394.0,292354.0
2025-06-20 10:25:03.662344,838.0,341394.0,292354.0
2025-06-20 10:25:05.658471,837.7,341394.0,292354.0
2025-06-20 10:25:07.022136,837.7,341360.0,287959.0
2025-06-20 10:25:07.662409,837.6,341360.0,287959.0
2025-06-20 10:25:09.697886,837.65,341360.0,287959.0
2025-06-20 10:25:12.669672,838.0,341360.0,287959.0
2025-06-20 10:25:13.225943,838.0,342010.0,286666.0
2025-06-20 10:25:15.664563,837.6,342010.0,286666.0
2025-06-20 10:25:18.663916,837.8,342010.0,286666.0
2025-06-20 10:25:19.411035,837.8,341724.0,289737.0
2025-06-20 10:25:21.657682,837.8,341724.0,289737.0
2025-06-20 10:25:24.669047,837.6,341724.0,289737.0
2025-06-20 10:25:25.487218,837.6,342666.0,289410.0
2025-06-20 10:25:30.665616,837.6,342666.0,289410.0
2025-06-20 10:25:31.337799,837.85,342756.0,288516.0
2025-06-20 10:25:33.664477,837.85,342756.0,288516.0
2025-06-20 10:25:36.664790,837.7,342756.0,288516.0
2025-06-20 10:25:37.743764,837.7,342960.0,286870.0
2025-06-20 10:25:39.666888,837.6,342960.0,286870.0
2025-06-20 10:25:42.691172,837.85,342960.0,286870.0
2025-06-20 10:25:44.047267,837.85,343356.0,287093.0
2025-06-20 10:25:45.663648,837.85,343356.0,287093.0
2025-06-20 10:25:48.668797,837.6,343356.0,287093.0
2025-06-20 10:25:50.055051,837.6,342881.0,288305.0
2025-06-20 10:25:51.675544,837.8,342881.0,288305.0
2025-06-20 10:25:54.670808,837.65,342881.0,288305.0
2025-06-20 10:25:56.163026,837.65,343796.0,287492.0
2025-06-20 10:25:57.672838,838.0,343796.0,287492.0
2025-06-20 10:26:00.655919,837.8,343796.0,287492.0
2025-06-20 10:26:01.760861,838.0,344000.0,287107.0
2025-06-20 10:26:03.671060,838.0,344000.0,287107.0
2025-06-20 10:26:06.667079,837.85,344000.0,287107.0
2025-06-20 10:26:07.962840,837.85,343871.0,286894.0
2025-06-20 10:26:09.669680,837.85,343871.0,286894.0
2025-06-20 10:26:12.663414,837.85,343871.0,286894.0
2025-06-20 10:26:14.482900,837.8,344650.0,287658.0
2025-06-20 10:26:15.666927,837.8,344650.0,287658.0
2025-06-20 10:26:18.669538,838.0,344650.0,287658.0
2025-06-20 10:26:20.701695,838.15,346264.0,281947.0
2025-06-20 10:26:21.666780,838.5,346264.0,281947.0
2025-06-20 10:26:24.667345,838.0,346264.0,281947.0
2025-06-20 10:26:26.978776,838.0,346225.0,283852.0
2025-06-20 10:26:30.678227,838.0,346225.0,283852.0
2025-06-20 10:26:32.982849,838.2,344627.0,284809.0
2025-06-20 10:26:33.665498,838.05,344627.0,284809.0
2025-06-20 10:26:36.673600,838.15,344627.0,284809.0
2025-06-20 10:26:39.398181,838.1,345406.0,282446.0
2025-06-20 10:26:39.677285,838.1,345406.0,282446.0
2025-06-20 10:26:42.709113,838.5,345406.0,282446.0
2025-06-20 10:26:45.671254,838.2,345406.0,282446.0
2025-06-20 10:26:45.799034,838.2,346279.0,282994.0
2025-06-20 10:26:48.667870,838.5,346279.0,282994.0
2025-06-20 10:26:51.742943,838.2,346279.0,282994.0
2025-06-20 10:26:51.800747,838.2,346934.0,282067.0
2025-06-20 10:26:54.702821,838.25,346934.0,282067.0
2025-06-20 10:26:57.698755,838.6,346934.0,282067.0
2025-06-20 10:26:58.106734,838.6,348185.0,280322.0
2025-06-20 10:27:00.660916,838.6,348185.0,280322.0
2025-06-20 10:27:03.692664,838.8,348185.0,280322.0
2025-06-20 10:27:04.309822,838.7,355119.0,275572.0
2025-06-20 10:27:06.701548,838.7,355119.0,275572.0
2025-06-20 10:27:09.694870,838.8,355119.0,275572.0
2025-06-20 10:27:10.950802,838.6,355338.0,274364.0
2025-06-20 10:27:12.671656,838.75,355338.0,274364.0
2025-06-20 10:27:15.667563,838.8,355338.0,274364.0
2025-06-20 10:27:17.619604,839.35,354761.0,271054.0
2025-06-20 10:27:18.675892,839.35,354761.0,271054.0
2025-06-20 10:27:21.666576,838.9,354761.0,271054.0
2025-06-20 10:27:24.222571,839.2,354947.0,274096.0
2025-06-20 10:27:25.348478,839.2,354947.0,274096.0
2025-06-20 10:27:27.674633,838.65,354947.0,274096.0
2025-06-20 10:27:31.350300,838.8,353255.0,276486.0
2025-06-20 10:27:31.681116,839.1,353255.0,276486.0
2025-06-20 10:27:34.692562,838.8,353255.0,276486.0
2025-06-20 10:27:37.554571,839.25,354435.0,272482.0
2025-06-20 10:27:37.686371,839.25,354435.0,272482.0
2025-06-20 10:27:40.692770,838.9,354435.0,272482.0
2025-06-20 10:27:42.666043,838.9,354435.0,272482.0
2025-06-20 10:27:43.023931,838.9,354435.0,272482.0
2025-06-20 10:27:44.042445,839.1,353948.0,270362.0
2025-06-20 10:27:44.231034,839.1,353948.0,270362.0
2025-06-20 10:27:44.670765,839.4,353948.0,270362.0
2025-06-20 10:27:45.273702,839.4,353948.0,270362.0
2025-06-20 10:27:46.289269,839.4,353948.0,270362.0
2025-06-20 10:27:47.675813,839.4,353948.0,270362.0
2025-06-20 10:27:48.678540,839.25,353948.0,270362.0
2025-06-20 10:27:49.007156,839.25,353948.0,270362.0
2025-06-20 10:27:50.252142,838.8,352725.0,275328.0
2025-06-20 10:27:51.506232,838.8,352725.0,275328.0
2025-06-20 10:27:51.680625,838.8,352725.0,275328.0
2025-06-20 10:27:52.807607,838.8,352725.0,275328.0
2025-06-20 10:27:54.018629,838.8,352725.0,275328.0
2025-06-20 10:27:54.682038,839.35,352725.0,275328.0
2025-06-20 10:27:55.617046,839.35,352725.0,275328.0
2025-06-20 10:27:56.654658,839.35,354532.0,271918.0
2025-06-20 10:27:57.680994,839.4,354532.0,271918.0
2025-06-20 10:28:00.662145,838.95,354532.0,271918.0
2025-06-20 10:28:01.254968,839.4,354768.0,271051.0
2025-06-20 10:28:01.717716,839.4,354768.0,271051.0
2025-06-20 10:28:02.266837,839.4,355254.0,269592.0
2025-06-20 10:28:03.160149,839.15,355041.0,269848.0
2025-06-20 10:28:03.685660,839.45,355041.0,269848.0
2025-06-20 10:28:04.273042,839.15,355020.0,269682.0
2025-06-20 10:28:04.672396,839.15,355020.0,269682.0
2025-06-20 10:28:05.362954,839.15,355288.0,269437.0
2025-06-20 10:28:05.674605,839.15,355288.0,269437.0
2025-06-20 10:28:06.472394,839.15,355144.0,269433.0
2025-06-20 10:28:06.674627,839.5,355144.0,269433.0
2025-06-20 10:28:07.561744,839.15,353951.0,270319.0
2025-06-20 10:28:07.675928,839.15,353951.0,270319.0
2025-06-20 10:28:08.662553,839.25,355127.0,269742.0
2025-06-20 10:28:08.673142,839.25,355127.0,269742.0
2025-06-20 10:28:09.672725,839.25,355127.0,269742.0
2025-06-20 10:28:09.761183,839.25,354428.0,269953.0
2025-06-20 10:28:10.675013,839.25,354428.0,269953.0
2025-06-20 10:28:10.893609,839.25,355087.0,270020.0
2025-06-20 10:28:11.671554,839.5,355087.0,270020.0
2025-06-20 10:28:11.972122,839.5,355838.0,269644.0
2025-06-20 10:28:12.675339,839.25,355838.0,269644.0
2025-06-20 10:28:13.065095,839.25,354988.0,269570.0
2025-06-20 10:28:14.165517,839.25,354708.0,269727.0
2025-06-20 10:28:14.672582,839.2,354708.0,269727.0
2025-06-20 10:28:15.278447,839.2,354407.0,270352.0
2025-06-20 10:28:16.368879,839.2,354408.0,270238.0
2025-06-20 10:28:16.671687,839.2,354408.0,270238.0
2025-06-20 10:28:17.480889,839.2,353662.0,273114.0
2025-06-20 10:28:18.569210,839.2,353067.0,274890.0
2025-06-20 10:28:19.739908,839.0,353067.0,274890.0
2025-06-20 10:28:19.746018,839.0,351981.0,274713.0
2025-06-20 10:28:20.676649,839.05,351981.0,274713.0
2025-06-20 10:28:20.770474,839.05,351398.0,276092.0
2025-06-20 10:28:21.672985,839.25,351398.0,276092.0
2025-06-20 10:28:21.770210,839.25,349575.0,274926.0
2025-06-20 10:28:22.904678,839.25,349630.0,275044.0
2025-06-20 10:28:23.693673,839.1,349630.0,275044.0
2025-06-20 10:28:23.978481,839.1,349809.0,274536.0
2025-06-20 10:28:24.676697,839.2,349809.0,274536.0
2025-06-20 10:28:25.072519,839.2,349707.0,275473.0
2025-06-20 10:28:25.673839,839.2,349707.0,275473.0
2025-06-20 10:28:26.174351,839.2,349620.0,274939.0
2025-06-20 10:28:26.674616,839.25,349620.0,274939.0
2025-06-20 10:28:27.275262,839.25,349649.0,274982.0
2025-06-20 10:28:28.375437,839.1,352433.0,276329.0
2025-06-20 10:28:28.708109,839.1,352433.0,276329.0
2025-06-20 10:28:29.478110,838.9,352674.0,276495.0
2025-06-20 10:28:29.670557,839.25,352674.0,276495.0
2025-06-20 10:28:30.578693,839.25,353102.0,274750.0
2025-06-20 10:28:31.687777,839.25,352866.0,275151.0
2025-06-20 10:28:32.675401,839.2,352866.0,275151.0
2025-06-20 10:28:32.778737,839.2,352831.0,275350.0
2025-06-20 10:28:33.751664,839.2,352831.0,275350.0
2025-06-20 10:28:33.755905,839.2,353261.0,275079.0
2025-06-20 10:28:34.672869,839.1,353261.0,275079.0
2025-06-20 10:28:34.783195,839.1,353318.0,274910.0
2025-06-20 10:28:35.783052,839.1,353150.0,274989.0
2025-06-20 10:28:36.686847,839.1,353150.0,274989.0
2025-06-20 10:28:36.967810,839.1,353111.0,274872.0
2025-06-20 10:28:37.673449,839.2,353111.0,274872.0
2025-06-20 10:28:38.135638,839.2,353140.0,275037.0
2025-06-20 10:28:38.679133,839.15,353140.0,275037.0
2025-06-20 10:28:39.127734,839.25,352744.0,275158.0
2025-06-20 10:28:39.694411,839.1,352744.0,275158.0
2025-06-20 10:28:40.083887,839.1,352481.0,277703.0
2025-06-20 10:28:40.676489,839.1,352481.0,277703.0
2025-06-20 10:28:41.088072,838.9,351978.0,278896.0
2025-06-20 10:28:41.676076,839.0,351978.0,278896.0
2025-06-20 10:28:42.183362,838.9,352216.0,276720.0
2025-06-20 10:28:42.675414,838.9,352216.0,276720.0
2025-06-20 10:28:43.186548,838.9,352298.0,277416.0
2025-06-20 10:28:44.284072,839.1,352258.0,277498.0
2025-06-20 10:28:44.676732,838.9,352258.0,277498.0
2025-06-20 10:28:45.190261,839.1,352126.0,276937.0
2025-06-20 10:28:45.682211,839.1,352126.0,276937.0
2025-06-20 10:28:46.286049,839.1,352105.0,276959.0
2025-06-20 10:28:46.678161,838.9,352105.0,276959.0
2025-06-20 10:28:47.386969,838.9,351504.0,278922.0
2025-06-20 10:28:48.488719,838.9,351691.0,278765.0
2025-06-20 10:28:48.675266,838.9,351691.0,278765.0
2025-06-20 10:28:49.587611,838.85,351684.0,278874.0
2025-06-20 10:28:49.688211,838.85,351684.0,278874.0
2025-06-20 10:28:50.739276,838.7,351684.0,278874.0
2025-06-20 10:28:50.741324,838.7,352356.0,277967.0
2025-06-20 10:28:51.680672,839.15,352356.0,277967.0
2025-06-20 10:28:51.732638,839.15,352991.0,277699.0
2025-06-20 10:28:52.787446,839.15,352503.0,277750.0
2025-06-20 10:28:53.895989,839.15,352467.0,277972.0
2025-06-20 10:28:54.678581,838.75,352467.0,277972.0
2025-06-20 10:28:54.989560,838.75,352511.0,277865.0
2025-06-20 10:28:56.090142,838.75,352203.0,278173.0
2025-06-20 10:28:57.194254,839.0,352259.0,278499.0
2025-06-20 10:28:57.687529,839.0,352259.0,278499.0
2025-06-20 10:28:58.291909,839.0,352025.0,278147.0
2025-06-20 10:28:59.404270,838.75,349219.0,278406.0
2025-06-20 10:28:59.675258,838.75,349219.0,278406.0
2025-06-20 10:29:01.678216,839.0,349219.0,278406.0
2025-06-20 10:29:03.795775,839.0,348761.0,278390.0
2025-06-20 10:29:05.678388,839.0,348761.0,278390.0
2025-06-20 10:29:09.680588,838.75,348761.0,278390.0
2025-06-20 10:29:10.001899,838.75,348810.0,279417.0
2025-06-20 10:29:13.678000,839.0,348810.0,279417.0
2025-06-20 10:29:15.682781,839.0,348810.0,279417.0
2025-06-20 10:29:16.149467,839.0,349065.0,278467.0
2025-06-20 10:29:17.686874,839.0,349065.0,278467.0
2025-06-20 10:29:19.697485,838.75,349065.0,278467.0
2025-06-20 10:29:21.919393,838.75,349220.0,279267.0
2025-06-20 10:29:23.681617,838.75,349220.0,279267.0
2025-06-20 10:29:25.679047,838.9,349220.0,279267.0
2025-06-20 10:29:27.615016,838.75,348126.0,280550.0
2025-06-20 10:29:27.685641,838.75,348126.0,280550.0
2025-06-20 10:29:29.677240,838.75,348126.0,280550.0
2025-06-20 10:29:33.220393,838.75,348338.0,280088.0
2025-06-20 10:29:33.682499,839.0,348338.0,280088.0
2025-06-20 10:29:35.680296,838.75,348338.0,280088.0
2025-06-20 10:29:39.035937,838.75,347979.0,280414.0
2025-06-20 10:29:41.713544,838.75,347979.0,280414.0
2025-06-20 10:29:44.756178,838.7,347979.0,280414.0
2025-06-20 10:29:45.164489,838.75,341914.0,284602.0
2025-06-20 10:29:47.684637,838.7,341914.0,284602.0
2025-06-20 10:29:50.678976,838.7,341914.0,284602.0
2025-06-20 10:29:51.070331,838.7,342027.0,284873.0
2025-06-20 10:29:56.633618,838.75,342188.0,285158.0
2025-06-20 10:29:56.695057,838.75,342188.0,285158.0
2025-06-20 10:29:59.687768,838.5,342188.0,285158.0
2025-06-20 10:30:01.700969,838.55,342188.0,285158.0
2025-06-20 10:30:02.058641,838.7,339694.0,285485.0
2025-06-20 10:30:04.678586,838.75,339694.0,285485.0
2025-06-20 10:30:07.689894,838.3,339694.0,285485.0
2025-06-20 10:30:08.145150,838.7,340172.0,287098.0
2025-06-20 10:30:09.776355,838.7,340172.0,287098.0
2025-06-20 10:30:11.705766,838.7,340172.0,287098.0
2025-06-20 10:30:13.731808,838.5,340172.0,287098.0
2025-06-20 10:30:14.150160,838.5,338464.0,288094.0
2025-06-20 10:30:15.707778,838.7,338464.0,288094.0
2025-06-20 10:30:19.720623,838.3,338464.0,288094.0
2025-06-20 10:30:20.190447,838.3,338639.0,289502.0
2025-06-20 10:30:23.724249,838.7,338639.0,289502.0
2025-06-20 10:30:25.770701,838.7,338794.0,287692.0
2025-06-20 10:30:27.708185,838.5,338794.0,287692.0
2025-06-20 10:30:31.333731,838.5,338794.0,287692.0
2025-06-20 10:30:31.568713,838.5,340435.0,286035.0
2025-06-20 10:30:33.685637,838.65,340435.0,286035.0
2025-06-20 10:30:36.682898,838.45,340435.0,286035.0
2025-06-20 10:30:37.272818,838.4,339519.0,284876.0
2025-06-20 10:30:39.694442,838.1,339519.0,284876.0
2025-06-20 10:30:42.681365,838.65,339519.0,284876.0
2025-06-20 10:30:43.071736,838.65,339815.0,285714.0
2025-06-20 10:30:43.180209,838.65,339815.0,285714.0
2025-06-20 10:30:44.213170,838.65,339815.0,285714.0
2025-06-20 10:30:45.306671,838.65,339815.0,285714.0
2025-06-20 10:30:45.697633,838.7,339815.0,285714.0
2025-06-20 10:30:45.972144,838.7,339815.0,285714.0
2025-06-20 10:30:46.477295,838.7,339815.0,285714.0
2025-06-20 10:30:47.662730,838.7,339815.0,285714.0
2025-06-20 10:30:48.369734,838.7,339815.0,285714.0
2025-06-20 10:30:48.680298,838.7,339815.0,285714.0
2025-06-20 10:30:48.681489,838.7,341418.0,286133.0
2025-06-20 10:30:49.722269,838.7,341418.0,286133.0
2025-06-20 10:30:50.735545,838.7,341418.0,286133.0
2025-06-20 10:30:51.686891,838.7,341418.0,286133.0
2025-06-20 10:30:52.243860,838.7,341418.0,286133.0
2025-06-20 10:30:53.531990,838.7,341418.0,286133.0
2025-06-20 10:30:54.188741,838.5,342825.0,285099.0
2025-06-20 10:30:54.686330,838.5,342825.0,285099.0
2025-06-20 10:30:54.790001,838.5,342825.0,285099.0
2025-06-20 10:30:56.505036,838.5,342825.0,285099.0
2025-06-20 10:31:00.381920,838.25,340255.0,285319.0
2025-06-20 10:31:00.676452,838.25,340255.0,285319.0
2025-06-20 10:31:03.690672,838.7,340255.0,285319.0
2025-06-20 10:31:06.587910,838.65,340866.0,287775.0
2025-06-20 10:31:06.720173,838.65,340866.0,287775.0
2025-06-20 10:31:12.794459,838.65,340081.0,289938.0
2025-06-20 10:31:15.696277,838.65,340081.0,289938.0
2025-06-20 10:31:18.737238,838.8,340081.0,289938.0
2025-06-20 10:31:18.795661,838.8,346836.0,277612.0
2025-06-20 10:31:21.706533,839.25,346836.0,277612.0
2025-06-20 10:31:24.737750,839.4,346836.0,277612.0
2025-06-20 10:31:24.747874,839.4,348217.0,274187.0
2025-06-20 10:31:27.733542,839.2,348217.0,274187.0
2025-06-20 10:31:30.442961,839.45,352745.0,273222.0
2025-06-20 10:31:30.722860,839.45,352745.0,273222.0
2025-06-20 10:31:33.736930,839.45,352745.0,273222.0
2025-06-20 10:31:36.506999,839.6,352399.0,274638.0
2025-06-20 10:31:36.715078,839.6,352399.0,274638.0
2025-06-20 10:31:39.756903,839.65,352399.0,274638.0
2025-06-20 10:31:42.610331,839.45,353966.0,272612.0
2025-06-20 10:31:42.735282,839.45,353966.0,272612.0
2025-06-20 10:31:45.763457,839.6,353966.0,272612.0
2025-06-20 10:31:48.442600,839.45,352418.0,274184.0
2025-06-20 10:31:48.707718,839.85,352418.0,274184.0
2025-06-20 10:31:51.700027,838.95,352418.0,274184.0
2025-06-20 10:31:54.647442,839.4,350683.0,276316.0
2025-06-20 10:31:54.715923,839.5,350683.0,276316.0
2025-06-20 10:31:57.720155,839.85,350683.0,276316.0
2025-06-20 10:32:00.223590,839.45,353444.0,274748.0
2025-06-20 10:32:00.686000,839.45,353444.0,274748.0
2025-06-20 10:32:01.122337,839.8,354040.0,273784.0
2025-06-20 10:32:01.703102,839.8,354040.0,273784.0
2025-06-20 10:32:02.122996,839.8,353987.0,273366.0
2025-06-20 10:32:02.699513,839.8,353987.0,273366.0
2025-06-20 10:32:03.136348,839.8,354138.0,272109.0
2025-06-20 10:32:04.123163,839.8,352803.0,273174.0
2025-06-20 10:32:05.125624,839.55,352461.0,273328.0
2025-06-20 10:32:05.694417,839.95,352461.0,273328.0
2025-06-20 10:32:06.226154,839.65,351795.0,273160.0
2025-06-20 10:32:06.938728,839.65,351795.0,273160.0
2025-06-20 10:32:07.125616,839.65,352050.0,273961.0
2025-06-20 10:32:08.127393,839.65,352008.0,274152.0
2025-06-20 10:32:09.126955,839.6,350185.0,279682.0
2025-06-20 10:32:09.692566,839.6,350185.0,279682.0
2025-06-20 10:32:10.167903,839.55,350200.0,277923.0
2025-06-20 10:32:10.695845,839.55,350200.0,277923.0
2025-06-20 10:32:11.128448,839.2,350570.0,277468.0
2025-06-20 10:32:11.700553,839.2,350570.0,277468.0
2025-06-20 10:32:12.132074,839.2,350006.0,281428.0
2025-06-20 10:32:13.154408,839.2,345070.0,281530.0
2025-06-20 10:32:13.964842,839.2,345323.0,281710.0
2025-06-20 10:32:14.685558,839.2,345323.0,281710.0
2025-06-20 10:32:15.044381,839.2,345896.0,279218.0
2025-06-20 10:32:16.034667,839.2,345677.0,279133.0
2025-06-20 10:32:16.685007,839.05,345677.0,279133.0
2025-06-20 10:32:16.969799,839.45,345745.0,279789.0
2025-06-20 10:32:17.688001,839.45,345745.0,279789.0
2025-06-20 10:32:17.970369,839.45,345802.0,280083.0
2025-06-20 10:32:18.948437,839.45,345966.0,280153.0
2025-06-20 10:32:19.840389,839.45,346090.0,280341.0
2025-06-20 10:32:20.711184,839.2,346090.0,280341.0
2025-06-20 10:32:20.843427,839.2,350999.0,281187.0
2025-06-20 10:32:21.686625,839.2,350999.0,281187.0
2025-06-20 10:32:21.839995,839.2,350923.0,281388.0
2025-06-20 10:32:22.841438,839.2,351141.0,281122.0
2025-06-20 10:32:23.689498,839.2,351141.0,281122.0
2025-06-20 10:32:23.841075,839.2,351223.0,281223.0
2025-06-20 10:32:24.690964,839.05,351223.0,281223.0
2025-06-20 10:32:24.844180,839.2,351285.0,281237.0
2025-06-20 10:32:25.732602,839.2,351285.0,281237.0
2025-06-20 10:32:25.743895,839.2,351349.0,281227.0
2025-06-20 10:32:26.687192,839.2,351349.0,281227.0
2025-06-20 10:32:26.748459,839.2,347540.0,281257.0
2025-06-20 10:32:27.687685,839.2,347540.0,281257.0
2025-06-20 10:32:27.742978,839.2,351641.0,282262.0
2025-06-20 10:32:28.692862,838.85,351641.0,282262.0
2025-06-20 10:32:28.751181,838.85,350943.0,282866.0
2025-06-20 10:32:29.898077,839.1,350943.0,282866.0
2025-06-20 10:32:29.903371,839.1,351722.0,282207.0
2025-06-20 10:32:30.707307,839.4,351722.0,282207.0
2025-06-20 10:32:30.748537,839.4,352416.0,278347.0
2025-06-20 10:32:31.643857,839.2,351838.0,279066.0
2025-06-20 10:32:31.692027,839.2,351838.0,279066.0
2025-06-20 10:32:32.644745,839.45,352102.0,278453.0
2025-06-20 10:32:32.721867,839.45,352102.0,278453.0
2025-06-20 10:32:33.645781,839.45,352071.0,278315.0
2025-06-20 10:32:33.682462,839.45,352071.0,278315.0
2025-06-20 10:32:34.546110,839.45,352350.0,276360.0
2025-06-20 10:32:35.462956,839.3,352532.0,275295.0
2025-06-20 10:32:35.719805,839.3,352532.0,275295.0
2025-06-20 10:32:36.345869,839.3,352161.0,275792.0
2025-06-20 10:32:36.688850,839.3,352161.0,275792.0
2025-06-20 10:32:37.346977,839.3,351729.0,275871.0
2025-06-20 10:32:38.245834,839.3,351833.0,276770.0
2025-06-20 10:32:39.246759,839.3,351953.0,276288.0
2025-06-20 10:32:39.687249,839.3,351953.0,276288.0
2025-06-20 10:32:40.254831,839.45,352213.0,275770.0
2025-06-20 10:32:40.701791,839.45,352213.0,275770.0
2025-06-20 10:32:41.249783,839.4,354363.0,274374.0
2025-06-20 10:32:41.685683,839.4,354363.0,274374.0
2025-06-20 10:32:42.149150,839.4,353896.0,274612.0
2025-06-20 10:32:43.149756,839.4,352730.0,274580.0
2025-06-20 10:32:44.052904,839.4,352861.0,274627.0
2025-06-20 10:32:44.962008,839.4,352940.0,274694.0
2025-06-20 10:32:45.686002,839.3,352940.0,274694.0
2025-06-20 10:32:45.853131,839.3,351858.0,274737.0
2025-06-20 10:32:46.698857,839.35,351858.0,274737.0
2025-06-20 10:32:46.760164,839.35,353174.0,274221.0
2025-06-20 10:32:47.724847,839.8,353174.0,274221.0
2025-06-20 10:32:47.760693,839.8,354727.0,270151.0
2025-06-20 10:32:48.699399,839.9,354727.0,270151.0
2025-06-20 10:32:48.763326,839.9,353854.0,270561.0
2025-06-20 10:32:49.652696,839.9,353502.0,272000.0
2025-06-20 10:32:49.686102,839.9,353502.0,272000.0
2025-06-20 10:32:50.652372,839.95,352989.0,272119.0
2025-06-20 10:32:50.688689,839.95,352989.0,272119.0
2025-06-20 10:32:51.813751,839.6,352797.0,271933.0
2025-06-20 10:32:51.817983,839.6,352797.0,271933.0
2025-06-20 10:32:52.554629,839.95,352816.0,271920.0
2025-06-20 10:32:52.690751,839.95,352816.0,271920.0
2025-06-20 10:32:53.481893,839.95,353248.0,271861.0
2025-06-20 10:32:54.353619,839.95,352914.0,271933.0
2025-06-20 10:32:54.693763,839.65,352914.0,271933.0
2025-06-20 10:32:55.257755,839.65,352399.0,272536.0
2025-06-20 10:32:55.691894,839.65,352399.0,272536.0
2025-06-20 10:32:56.258111,839.65,352423.0,272695.0
2025-06-20 10:32:56.747564,839.65,352423.0,272695.0
2025-06-20 10:32:57.258164,839.65,352525.0,272696.0
2025-06-20 10:32:58.258868,839.65,352492.0,272725.0
2025-06-20 10:32:59.259645,839.65,352597.0,272435.0
2025-06-20 10:32:59.691671,839.95,352597.0,272435.0
2025-06-20 10:33:00.162503,839.9,354836.0,272367.0
2025-06-20 10:33:00.688890,839.9,354836.0,272367.0
2025-06-20 10:33:01.764952,839.9,354520.0,272463.0
2025-06-20 10:33:03.785727,839.9,354520.0,272463.0
2025-06-20 10:33:06.710369,840.0,354520.0,272463.0
2025-06-20 10:33:07.694160,840.0,344235.0,268376.0
2025-06-20 10:33:09.149065,840.5,344235.0,268376.0
2025-06-20 10:33:10.842899,840.45,344235.0,268376.0
2025-06-20 10:33:12.698374,839.95,344235.0,268376.0
2025-06-20 10:33:13.215304,839.95,344612.0,280554.0
2025-06-20 10:33:14.694387,840.4,344612.0,280554.0
2025-06-20 10:33:16.693169,840.0,344612.0,280554.0
2025-06-20 10:33:18.704783,840.3,344612.0,280554.0
2025-06-20 10:33:19.172213,840.3,345657.0,281805.0
2025-06-20 10:33:22.744958,840.0,345657.0,281805.0
2025-06-20 10:33:24.690642,840.1,345657.0,281805.0
2025-06-20 10:33:25.179923,840.15,344455.0,286699.0
2025-06-20 10:33:26.697180,840.1,344455.0,286699.0
2025-06-20 10:33:28.757441,839.85,344455.0,286699.0
2025-06-20 10:33:30.696771,839.85,344455.0,286699.0
2025-06-20 10:33:31.180932,839.85,343651.0,286904.0
2025-06-20 10:33:32.833946,839.65,343651.0,286904.0
2025-06-20 10:33:34.705869,840.0,343651.0,286904.0
2025-06-20 10:33:36.703788,839.65,343651.0,286904.0
2025-06-20 10:33:37.284474,839.75,342956.0,293802.0
2025-06-20 10:33:39.702244,839.65,342956.0,293802.0
2025-06-20 10:33:42.689174,840.0,342956.0,293802.0
2025-06-20 10:33:43.186350,840.0,343941.0,292999.0
2025-06-20 10:33:43.649242,840.0,343941.0,292999.0
2025-06-20 10:33:44.037089,840.0,343941.0,292999.0
2025-06-20 10:33:45.028198,840.0,343941.0,292999.0
2025-06-20 10:33:45.694901,839.65,343941.0,292999.0
2025-06-20 10:33:45.738332,839.65,343941.0,292999.0
2025-06-20 10:33:46.371121,839.65,343941.0,292999.0
2025-06-20 10:33:47.408164,839.65,343941.0,292999.0
2025-06-20 10:33:48.703536,839.65,343941.0,292999.0
2025-06-20 10:33:48.788288,839.65,343941.0,292999.0
2025-06-20 10:33:49.026236,839.95,343571.0,294150.0
2025-06-20 10:33:50.137897,839.95,343571.0,294150.0
2025-06-20 10:33:51.350599,839.95,343571.0,294150.0
2025-06-20 10:33:51.694436,839.65,343571.0,294150.0
2025-06-20 10:33:52.709554,839.65,343571.0,294150.0
2025-06-20 10:33:53.990715,839.65,343571.0,294150.0
2025-06-20 10:33:54.738934,841.8,343571.0,294150.0
2025-06-20 10:33:54.929463,841.9,340074.0,267054.0
2025-06-20 10:33:55.192841,841.9,340074.0,267054.0
2025-06-20 10:33:56.825450,841.9,340074.0,267054.0
2025-06-20 10:33:57.695106,843.2,340074.0,267054.0
2025-06-20 10:34:00.684594,842.85,340074.0,267054.0
2025-06-20 10:34:00.707436,842.85,338856.0,260173.0
2025-06-20 10:34:01.604747,842.95,336691.0,263871.0
2025-06-20 10:34:01.686396,842.95,336691.0,263871.0
2025-06-20 10:34:02.688009,842.95,336691.0,263871.0
2025-06-20 10:34:02.726715,842.95,337672.0,262866.0
2025-06-20 10:34:03.687277,842.8,337672.0,262866.0
2025-06-20 10:34:03.800218,842.55,337215.0,264695.0
2025-06-20 10:34:04.687216,842.4,337215.0,264695.0
2025-06-20 10:34:04.802770,842.55,335599.0,267111.0
2025-06-20 10:34:05.686622,842.4,335599.0,267111.0
2025-06-20 10:34:05.802415,842.4,334387.0,271758.0
2025-06-20 10:34:06.685378,842.0,334387.0,271758.0
2025-06-20 10:34:06.803517,842.0,334750.0,271896.0
2025-06-20 10:34:07.687813,842.15,334750.0,271896.0
2025-06-20 10:34:07.802164,842.15,334528.0,270072.0
2025-06-20 10:34:08.685377,842.0,334528.0,270072.0
2025-06-20 10:34:08.800727,842.0,333051.0,272182.0
2025-06-20 10:34:09.685636,841.9,333051.0,272182.0
2025-06-20 10:34:09.927518,841.9,333337.0,276969.0
2025-06-20 10:34:10.702342,841.6,333337.0,276969.0
2025-06-20 10:34:11.005840,842.0,335696.0,268953.0
2025-06-20 10:34:11.703105,842.15,335696.0,268953.0
2025-06-20 10:34:12.104581,842.0,334242.0,272719.0
2025-06-20 10:34:12.686313,842.0,334242.0,272719.0
2025-06-20 10:34:13.104990,842.0,333847.0,273580.0
2025-06-20 10:34:13.687753,842.3,333847.0,273580.0
2025-06-20 10:34:14.204495,842.3,328197.0,273343.0
2025-06-20 10:34:14.687742,842.3,328197.0,273343.0
2025-06-20 10:34:15.310656,842.3,336115.0,268542.0
2025-06-20 10:34:16.417366,841.75,334281.0,272936.0
2025-06-20 10:34:16.739928,841.75,334281.0,272936.0
2025-06-20 10:34:17.518009,842.1,334528.0,274045.0
2025-06-20 10:34:17.686971,842.2,334528.0,274045.0
2025-06-20 10:34:18.518822,841.9,334008.0,273959.0
2025-06-20 10:34:18.685456,841.9,334008.0,273959.0
2025-06-20 10:34:19.509897,842.15,334864.0,271179.0
2025-06-20 10:34:19.685737,842.15,334864.0,271179.0
2025-06-20 10:34:20.620291,842.05,333594.0,279039.0
2025-06-20 10:34:20.696596,842.05,333594.0,279039.0
2025-06-20 10:34:21.610301,841.9,333194.0,280313.0
2025-06-20 10:34:21.689890,841.9,333194.0,280313.0
2025-06-20 10:34:22.612476,841.9,333296.0,281079.0
2025-06-20 10:34:23.674286,842.0,332477.0,280293.0
2025-06-20 10:34:23.735795,842.0,332477.0,280293.0
2025-06-20 10:34:24.691306,841.85,332477.0,280293.0
2025-06-20 10:34:24.741106,841.85,331936.0,282487.0
2025-06-20 10:34:25.714792,841.85,331936.0,282487.0
2025-06-20 10:34:25.729555,841.85,330618.0,285467.0
2025-06-20 10:34:26.687875,841.4,330618.0,285467.0
2025-06-20 10:34:26.809879,841.4,331303.0,285393.0
2025-06-20 10:34:27.698018,841.65,331303.0,285393.0
2025-06-20 10:34:28.013776,841.65,331766.0,285357.0
2025-06-20 10:34:28.706672,841.65,331766.0,285357.0
2025-06-20 10:34:29.012571,841.65,331722.0,285481.0
2025-06-20 10:34:29.688187,841.4,331722.0,285481.0
2025-06-20 10:34:30.013802,841.4,324837.0,287924.0
2025-06-20 10:34:30.691013,841.4,324837.0,287924.0
2025-06-20 10:34:31.116686,841.4,325313.0,286999.0
2025-06-20 10:34:32.147797,841.5,325253.0,286501.0
2025-06-20 10:34:32.687405,841.1,325253.0,286501.0
2025-06-20 10:34:33.116251,841.45,325780.0,286862.0
2025-06-20 10:34:33.699687,841.45,325780.0,286862.0
2025-06-20 10:34:34.115742,841.45,325549.0,286264.0
2025-06-20 10:34:34.693314,841.45,325549.0,286264.0
2025-06-20 10:34:35.016316,841.45,326020.0,286325.0
2025-06-20 10:34:35.696654,841.55,326020.0,286325.0
2025-06-20 10:34:36.227822,842.3,324453.0,271317.0
2025-06-20 10:34:36.697292,842.3,324453.0,271317.0
2025-06-20 10:34:37.317960,842.7,336165.0,271407.0
2025-06-20 10:34:37.686859,842.4,336165.0,271407.0
2025-06-20 10:34:38.427322,842.4,335509.0,272947.0
2025-06-20 10:34:38.699091,842.3,335509.0,272947.0
2025-06-20 10:34:39.521928,841.85,334408.0,277257.0
2025-06-20 10:34:39.693270,841.85,334408.0,277257.0
2025-06-20 10:34:40.623560,842.3,334499.0,278308.0
2025-06-20 10:34:40.697855,842.3,334499.0,278308.0
2025-06-20 10:34:41.706005,842.15,334499.0,278308.0
2025-06-20 10:34:41.754685,842.15,333663.0,278095.0
2025-06-20 10:34:42.820686,842.15,334937.0,277839.0
2025-06-20 10:34:44.039887,842.1,334937.0,277839.0
2025-06-20 10:34:44.086185,842.1,338778.0,275844.0
2025-06-20 10:34:45.376242,842.0,338778.0,275844.0
2025-06-20 10:34:45.419653,842.0,338468.0,278052.0
2025-06-20 10:34:45.700317,842.3,338468.0,278052.0
2025-06-20 10:34:46.148046,842.05,338526.0,276990.0
2025-06-20 10:34:46.701422,842.05,338526.0,276990.0
2025-06-20 10:34:47.034720,842.05,339634.0,277489.0
2025-06-20 10:34:48.127836,842.3,339461.0,277080.0
2025-06-20 10:34:48.691306,842.3,339461.0,277080.0
2025-06-20 10:34:49.231311,842.3,339856.0,277453.0
2025-06-20 10:34:50.329849,842.05,338404.0,278918.0
2025-06-20 10:34:50.759623,842.05,338404.0,278918.0
2025-06-20 10:34:51.461577,841.8,338398.0,278477.0
2025-06-20 10:34:51.876104,841.8,338398.0,278477.0
2025-06-20 10:34:52.494506,842.3,339466.0,276207.0
2025-06-20 10:34:52.735544,842.3,339466.0,276207.0
2025-06-20 10:34:53.534529,842.3,339699.0,276607.0
2025-06-20 10:34:54.634576,842.3,339403.0,276651.0
2025-06-20 10:34:54.707894,842.3,339403.0,276651.0
2025-06-20 10:34:55.756201,842.3,339268.0,278131.0
2025-06-20 10:34:56.752719,842.1,339268.0,278131.0
2025-06-20 10:34:56.836148,842.1,339044.0,278479.0
2025-06-20 10:34:57.729619,842.0,339044.0,278479.0
2025-06-20 10:34:58.040664,842.0,338168.0,280205.0
2025-06-20 10:34:59.036932,842.0,338368.0,279465.0
2025-06-20 10:34:59.699120,841.9,338368.0,279465.0
2025-06-20 10:35:00.138879,841.9,338330.0,279171.0
2025-06-20 10:35:00.761349,841.9,338330.0,279171.0
2025-06-20 10:35:01.636931,841.8,337701.0,282155.0
2025-06-20 10:35:01.685781,841.8,337701.0,282155.0
2025-06-20 10:35:02.637814,841.9,338124.0,280351.0
2025-06-20 10:35:02.691741,841.9,338124.0,280351.0
2025-06-20 10:35:03.689875,842.2,338124.0,280351.0
2025-06-20 10:35:03.750280,842.2,338282.0,279368.0
2025-06-20 10:35:04.687629,842.0,338282.0,279368.0
2025-06-20 10:35:04.836996,842.0,337534.0,282998.0
2025-06-20 10:35:05.842656,842.0,337105.0,282692.0
2025-06-20 10:35:06.689194,841.85,337105.0,282692.0
2025-06-20 10:35:06.966843,841.85,338085.0,283609.0
2025-06-20 10:35:08.039343,842.0,335759.0,283434.0
2025-06-20 10:35:08.688598,842.0,335759.0,283434.0
2025-06-20 10:35:08.954099,842.0,335975.0,283145.0
2025-06-20 10:35:10.040348,842.0,335265.0,283433.0
2025-06-20 10:35:11.039391,841.85,335263.0,283458.0
2025-06-20 10:35:11.686564,841.85,335263.0,283458.0
2025-06-20 10:35:11.956476,841.85,335828.0,283227.0
2025-06-20 10:35:12.956673,842.15,336008.0,283055.0
2025-06-20 10:35:13.686580,842.15,336008.0,283055.0
2025-06-20 10:35:14.046321,842.15,336054.0,282690.0
2025-06-20 10:35:14.954591,842.15,336654.0,282721.0
2025-06-20 10:35:15.686458,842.05,336654.0,282721.0
2025-06-20 10:35:15.956479,842.05,336608.0,283110.0
2025-06-20 10:35:16.817772,842.25,336608.0,283110.0
2025-06-20 10:35:17.007363,842.25,336154.0,283598.0
2025-06-20 10:35:17.686313,842.05,336154.0,283598.0
2025-06-20 10:35:17.958521,841.95,334442.0,283994.0
2025-06-20 10:35:18.687315,841.95,334442.0,283994.0
2025-06-20 10:35:19.382231,841.95,334998.0,284462.0
2025-06-20 10:35:19.686575,842.2,334998.0,284462.0
2025-06-20 10:35:19.851269,842.2,334506.0,284889.0
2025-06-20 10:35:20.687358,841.9,334506.0,284889.0
2025-06-20 10:35:20.849231,841.9,335009.0,285300.0
2025-06-20 10:35:21.649700,842.05,335222.0,284817.0
2025-06-20 10:35:21.686560,842.05,335222.0,284817.0
2025-06-20 10:35:22.650001,841.9,335961.0,285075.0
2025-06-20 10:35:22.803892,841.9,335961.0,285075.0
2025-06-20 10:35:23.653274,842.05,334739.0,285044.0
2025-06-20 10:35:23.716433,842.05,334739.0,285044.0
2025-06-20 10:35:24.651206,842.05,334739.0,285071.0
2025-06-20 10:35:25.665768,842.05,335333.0,284966.0
2025-06-20 10:35:25.685618,842.05,335333.0,284966.0
2025-06-20 10:35:26.654313,842.05,335353.0,285001.0
2025-06-20 10:35:27.653667,842.0,335928.0,284120.0
2025-06-20 10:35:27.688306,842.0,335928.0,284120.0
2025-06-20 10:35:28.654428,841.95,337695.0,283806.0
2025-06-20 10:35:28.689575,841.95,337695.0,283806.0
2025-06-20 10:35:29.562224,842.0,336697.0,285347.0
2025-06-20 10:35:29.687943,842.0,336697.0,285347.0
2025-06-20 10:35:30.555866,842.25,336708.0,285441.0
2025-06-20 10:35:30.697222,842.0,336708.0,285441.0
2025-06-20 10:35:31.555632,842.0,336544.0,285432.0
2025-06-20 10:35:31.688808,842.0,336544.0,285432.0
2025-06-20 10:35:32.557889,842.0,335701.0,283846.0
2025-06-20 10:35:32.686980,842.0,335701.0,283846.0
2025-06-20 10:35:33.470041,842.0,335618.0,285722.0
2025-06-20 10:35:33.687453,842.0,335618.0,285722.0
2025-06-20 10:35:34.355826,842.0,335199.0,285720.0
2025-06-20 10:35:34.716918,842.0,335199.0,285720.0
2025-06-20 10:35:35.356327,842.0,335200.0,285755.0
2025-06-20 10:35:36.359066,842.15,334512.0,286525.0
2025-06-20 10:35:36.687332,842.15,334512.0,286525.0
2025-06-20 10:35:37.258983,841.7,328120.0,292135.0
2025-06-20 10:35:37.689424,841.7,328120.0,292135.0
2025-06-20 10:35:38.259192,841.75,328074.0,291770.0
2025-06-20 10:35:38.688342,841.5,328074.0,291770.0
2025-06-20 10:35:39.259291,841.55,328896.0,291882.0
2025-06-20 10:35:39.696633,841.6,328896.0,291882.0
2025-06-20 10:35:40.259702,841.55,329072.0,292141.0
2025-06-20 10:35:40.692943,841.55,329072.0,292141.0
2025-06-20 10:35:41.261237,841.55,329147.0,291272.0
2025-06-20 10:35:42.264671,841.75,329214.0,291557.0
2025-06-20 10:35:42.688170,841.75,329214.0,291557.0
2025-06-20 10:35:43.262716,841.75,328967.0,290341.0
2025-06-20 10:35:43.698426,841.85,328967.0,290341.0
2025-06-20 10:35:44.261535,841.9,329954.0,288759.0
2025-06-20 10:35:44.688336,841.9,329954.0,288759.0
2025-06-20 10:35:45.261696,841.9,329430.0,289826.0
2025-06-20 10:35:45.688136,841.85,329430.0,289826.0
2025-06-20 10:35:46.351698,841.85,329464.0,290638.0
2025-06-20 10:35:46.687376,841.55,329464.0,290638.0
2025-06-20 10:35:47.264873,841.55,328998.0,292730.0
2025-06-20 10:35:47.688208,841.45,328998.0,292730.0
2025-06-20 10:35:48.264792,841.2,328803.0,292607.0
2025-06-20 10:35:48.692322,841.2,328803.0,292607.0
2025-06-20 10:35:49.170487,841.2,328436.0,292604.0
2025-06-20 10:35:49.746058,841.25,328436.0,292604.0
2025-06-20 10:35:50.264101,841.25,327412.0,294089.0
2025-06-20 10:35:51.368865,841.55,327095.0,294827.0
2025-06-20 10:35:51.689409,841.55,327095.0,294827.0
2025-06-20 10:35:52.382912,841.1,326756.0,295822.0
2025-06-20 10:35:52.742793,841.1,326756.0,295822.0
2025-06-20 10:35:53.365920,841.1,326904.0,295088.0
2025-06-20 10:35:53.687444,841.5,326904.0,295088.0
2025-06-20 10:35:54.368056,841.5,327266.0,293658.0
2025-06-20 10:35:55.266176,841.5,327349.0,293432.0
2025-06-20 10:35:56.268372,841.5,327858.0,293655.0
2025-06-20 10:35:56.688670,841.25,327858.0,293655.0
2025-06-20 10:35:57.369060,841.25,328798.0,294202.0
2025-06-20 10:35:58.482285,841.25,328531.0,295443.0
2025-06-20 10:35:58.688033,841.25,328531.0,295443.0
2025-06-20 10:35:59.482588,841.25,328220.0,295897.0
2025-06-20 10:36:01.373572,841.35,328335.0,295646.0
2025-06-20 10:36:01.713680,841.35,328335.0,295646.0
2025-06-20 10:36:02.505507,841.35,328536.0,297247.0
2025-06-20 10:36:03.483290,841.35,326790.0,299140.0
2025-06-20 10:36:03.708113,841.3,326790.0,299140.0
2025-06-20 10:36:04.373750,841.4,326760.0,299075.0
2025-06-20 10:36:04.702678,841.4,326760.0,299075.0
2025-06-20 10:36:05.503207,841.4,327477.0,298976.0
2025-06-20 10:36:05.698938,841.5,327477.0,298976.0
2025-06-20 10:36:06.573205,841.5,328944.0,298068.0
2025-06-20 10:36:06.705549,841.5,328944.0,298068.0
2025-06-20 10:36:07.672365,841.5,329196.0,298096.0
2025-06-20 10:36:08.721773,841.6,329144.0,298480.0
2025-06-20 10:36:08.732189,841.6,329144.0,298480.0
2025-06-20 10:36:09.674249,841.2,325277.0,302219.0
2025-06-20 10:36:09.753015,841.2,325277.0,302219.0
2025-06-20 10:36:10.681461,841.2,325296.0,302507.0
2025-06-20 10:36:10.699345,841.2,325296.0,302507.0
2025-06-20 10:36:11.574470,841.35,325536.0,301172.0
2025-06-20 10:36:11.705487,841.35,325536.0,301172.0
2025-06-20 10:36:12.674821,841.35,325919.0,301645.0
2025-06-20 10:36:13.674328,841.25,325757.0,300690.0
2025-06-20 10:36:13.712381,841.25,325757.0,300690.0
2025-06-20 10:36:14.774749,841.25,326008.0,300670.0
2025-06-20 10:36:15.890471,841.25,325761.0,301485.0
2025-06-20 10:36:16.703264,841.15,325761.0,301485.0
2025-06-20 10:36:16.987477,841.15,325844.0,301341.0
2025-06-20 10:36:17.711677,841.3,325844.0,301341.0
2025-06-20 10:36:18.074888,841.3,325931.0,301456.0
2025-06-20 10:36:18.709734,841.0,325931.0,301456.0
2025-06-20 10:36:19.080451,841.0,319296.0,306501.0
2025-06-20 10:36:20.177980,840.7,319797.0,307436.0
2025-06-20 10:36:20.705718,840.9,319797.0,307436.0
2025-06-20 10:36:21.280492,840.75,321092.0,305873.0
2025-06-20 10:36:21.701966,840.75,321092.0,305873.0
2025-06-20 10:36:22.380889,840.75,320687.0,305909.0
2025-06-20 10:36:22.708801,840.9,320687.0,305909.0
2025-06-20 10:36:23.489171,840.9,322134.0,301659.0
2025-06-20 10:36:23.710514,840.9,322134.0,301659.0
2025-06-20 10:36:24.384585,840.9,321246.0,304562.0
2025-06-20 10:36:24.717558,840.9,321246.0,304562.0
2025-06-20 10:36:25.485147,840.9,321355.0,308029.0
2025-06-20 10:36:26.581275,840.9,321898.0,308490.0
2025-06-20 10:36:26.700189,840.9,321898.0,308490.0
2025-06-20 10:36:27.682334,840.9,321985.0,307950.0
2025-06-20 10:36:27.703006,840.9,321985.0,307950.0
2025-06-20 10:36:28.684348,840.9,322238.0,307571.0
2025-06-20 10:36:28.699319,840.9,322238.0,307571.0
2025-06-20 10:36:29.698066,840.9,322238.0,307571.0
2025-06-20 10:36:29.784924,840.9,321955.0,308692.0
2025-06-20 10:36:30.883930,840.9,321831.0,308444.0
2025-06-20 10:36:31.743175,840.9,321831.0,308444.0
2025-06-20 10:36:31.887584,840.9,322040.0,303923.0
2025-06-20 10:36:32.888373,840.75,322142.0,303946.0
2025-06-20 10:36:33.706061,840.75,322142.0,303946.0
2025-06-20 10:36:33.890164,840.75,321877.0,305296.0
2025-06-20 10:36:34.706974,840.9,321877.0,305296.0
2025-06-20 10:36:34.902522,840.9,321615.0,306005.0
2025-06-20 10:36:35.709151,840.9,321615.0,306005.0
2025-06-20 10:36:35.890938,840.9,321666.0,305628.0
2025-06-20 10:36:36.702186,840.75,321666.0,305628.0
2025-06-20 10:36:36.790050,840.75,321684.0,305662.0
2025-06-20 10:36:37.716892,840.75,321684.0,305662.0
2025-06-20 10:36:37.790765,840.75,321521.0,305995.0
2025-06-20 10:36:38.790762,840.75,321557.0,305335.0
2025-06-20 10:36:39.792131,840.75,321707.0,304391.0
2025-06-20 10:36:40.794799,840.75,321757.0,304351.0
2025-06-20 10:36:41.869489,840.75,321807.0,304352.0
2025-06-20 10:36:42.693447,840.75,321773.0,304201.0
2025-06-20 10:36:42.721357,840.75,321773.0,304201.0
2025-06-20 10:36:43.793694,840.75,321754.0,304090.0
2025-06-20 10:36:44.137309,840.75,321754.0,304090.0
2025-06-20 10:36:44.707149,840.9,321754.0,304090.0
2025-06-20 10:36:44.797572,840.9,321866.0,303814.0
2025-06-20 10:36:44.840997,840.9,321866.0,303814.0
2025-06-20 10:36:45.234391,840.9,321866.0,303814.0
2025-06-20 10:36:45.792813,840.9,321926.0,303854.0
2025-06-20 10:36:45.871367,840.9,321926.0,303854.0
2025-06-20 10:36:46.275699,840.9,321926.0,303854.0
2025-06-20 10:36:46.703450,840.75,321926.0,303854.0
2025-06-20 10:36:46.794481,840.75,321739.0,303965.0
2025-06-20 10:36:46.936582,840.75,321739.0,303965.0
2025-06-20 10:36:47.411752,840.75,321739.0,303965.0
2025-06-20 10:36:47.698400,840.8,321739.0,303965.0
2025-06-20 10:36:47.798840,840.8,321668.0,304316.0
2025-06-20 10:36:47.996203,840.8,321668.0,304316.0
2025-06-20 10:36:48.388256,840.8,321668.0,304316.0
2025-06-20 10:36:48.702175,840.75,321668.0,304316.0
2025-06-20 10:36:48.796249,840.75,321663.0,304632.0
2025-06-20 10:36:49.343618,840.75,321663.0,304632.0
2025-06-20 10:36:49.797629,840.75,321665.0,304632.0
2025-06-20 10:36:50.686845,840.75,321665.0,304632.0
2025-06-20 10:36:50.905536,840.9,321561.0,304622.0
2025-06-20 10:36:51.656874,840.9,321561.0,304622.0
2025-06-20 10:36:51.699087,840.75,321561.0,304622.0
2025-06-20 10:36:51.907465,840.75,321329.0,304634.0
2025-06-20 10:36:52.912123,840.75,320151.0,304629.0
2025-06-20 10:36:53.224665,840.75,320151.0,304629.0
2025-06-20 10:36:53.706461,840.85,320151.0,304629.0
2025-06-20 10:36:54.011602,840.85,319703.0,304093.0
2025-06-20 10:36:54.506956,840.85,319703.0,304093.0
2025-06-20 10:36:55.009246,840.85,320040.0,304143.0
2025-06-20 10:36:55.704869,840.85,320040.0,304143.0
2025-06-20 10:36:55.745202,840.85,320040.0,304143.0
2025-06-20 10:36:56.009925,840.85,319806.0,304208.0
2025-06-20 10:36:56.700645,840.85,319806.0,304208.0
2025-06-20 10:36:57.102209,840.85,320575.0,304320.0
2025-06-20 10:36:57.385507,840.85,320575.0,304320.0
2025-06-20 10:36:57.706030,840.9,320575.0,304320.0
2025-06-20 10:36:58.101115,840.9,320513.0,303773.0
2025-06-20 10:36:58.702956,840.9,320513.0,303773.0
2025-06-20 10:36:59.103262,840.9,320392.0,304490.0
2025-06-20 10:36:59.710953,840.8,320392.0,304490.0
2025-06-20 10:37:00.102987,840.8,320005.0,304636.0
2025-06-20 10:37:02.702524,840.8,320005.0,304636.0
2025-06-20 10:37:04.706464,840.8,320005.0,304636.0
2025-06-20 10:37:05.607979,840.8,317548.0,303984.0
2025-06-20 10:37:06.721123,840.8,317548.0,303984.0
2025-06-20 10:37:08.702914,840.8,317548.0,303984.0
2025-06-20 10:37:10.715149,840.65,317548.0,303984.0
2025-06-20 10:37:11.728602,840.75,318004.0,303711.0
2025-06-20 10:37:12.712398,840.75,318004.0,303711.0
2025-06-20 10:37:14.703498,840.9,318004.0,303711.0
2025-06-20 10:37:16.711659,840.75,318004.0,303711.0
2025-06-20 10:37:17.219000,840.8,320167.0,302547.0
2025-06-20 10:37:19.708184,840.65,320167.0,302547.0
2025-06-20 10:37:22.708527,840.8,320167.0,302547.0
2025-06-20 10:37:22.931967,840.8,320335.0,303529.0
2025-06-20 10:37:28.565791,840.9,319343.0,304614.0
2025-06-20 10:37:28.755091,840.9,319343.0,304614.0
2025-06-20 10:37:31.705796,840.6,319343.0,304614.0
2025-06-20 10:37:34.026232,840.5,316127.0,306579.0
2025-06-20 10:37:34.715224,840.5,316127.0,306579.0
2025-06-20 10:37:37.719610,840.05,316127.0,306579.0
2025-06-20 10:37:39.533032,840.2,314831.0,307624.0
2025-06-20 10:37:40.712877,840.5,314831.0,307624.0
2025-06-20 10:37:43.736806,840.8,314831.0,307624.0
2025-06-20 10:37:45.477868,840.5,316553.0,307571.0
2025-06-20 10:37:46.715304,840.5,316553.0,307571.0
2025-06-20 10:37:49.744953,840.5,316553.0,307571.0
2025-06-20 10:37:51.040115,840.6,316852.0,308594.0
2025-06-20 10:37:52.755644,840.5,316852.0,308594.0
2025-06-20 10:37:55.706422,840.55,316852.0,308594.0
2025-06-20 10:37:56.648616,840.25,316127.0,308615.0
2025-06-20 10:37:58.710552,840.3,316127.0,308615.0
2025-06-20 10:38:01.709420,840.35,316127.0,308615.0
2025-06-20 10:38:02.152158,840.35,316723.0,305138.0
2025-06-20 10:38:04.705236,841.0,316723.0,305138.0
2025-06-20 10:38:07.708989,840.7,316723.0,305138.0
2025-06-20 10:38:07.851702,840.7,319470.0,303911.0
2025-06-20 10:38:09.714815,840.95,319470.0,303911.0
2025-06-20 10:38:11.754714,840.5,319470.0,303911.0
2025-06-20 10:38:13.555922,840.6,320428.0,304491.0
2025-06-20 10:38:13.709865,840.6,320428.0,304491.0
2025-06-20 10:38:15.707233,840.95,320428.0,304491.0
2025-06-20 10:38:17.705709,840.8,320428.0,304491.0
2025-06-20 10:38:19.061291,841.0,322675.0,301353.0
2025-06-20 10:38:19.713324,841.0,322675.0,301353.0
2025-06-20 10:38:21.706686,840.75,322675.0,301353.0
2025-06-20 10:38:23.716083,840.95,322675.0,301353.0
2025-06-20 10:38:24.667631,840.9,321082.0,302232.0
2025-06-20 10:38:25.710407,840.95,321082.0,302232.0
2025-06-20 10:38:27.705818,840.9,321082.0,302232.0
2025-06-20 10:38:30.071313,840.9,320945.0,301049.0
2025-06-20 10:38:31.758496,840.9,320945.0,301049.0
2025-06-20 10:38:33.726815,840.9,320945.0,301049.0
2025-06-20 10:38:35.576471,840.95,320760.0,301141.0
2025-06-20 10:38:35.716528,840.95,320760.0,301141.0
2025-06-20 10:38:37.708902,840.9,320760.0,301141.0
2025-06-20 10:38:39.722145,840.9,320760.0,301141.0
2025-06-20 10:38:41.284286,840.8,318351.0,305628.0
2025-06-20 10:38:41.719052,840.8,318351.0,305628.0
2025-06-20 10:38:43.708597,840.5,318351.0,305628.0
2025-06-20 10:38:45.709998,840.8,318351.0,305628.0
2025-06-20 10:38:47.255186,840.5,314708.0,309248.0
2025-06-20 10:38:47.733787,840.5,314708.0,309248.0
2025-06-20 10:38:49.713074,840.6,314708.0,309248.0
2025-06-20 10:38:51.708496,840.35,314708.0,309248.0
2025-06-20 10:38:52.601235,840.35,317144.0,308109.0
2025-06-20 10:38:53.713770,840.5,317144.0,308109.0
2025-06-20 10:38:57.757485,840.5,317144.0,308109.0
2025-06-20 10:38:58.004900,840.5,321114.0,308334.0
2025-06-20 10:39:03.528110,840.5,321467.0,307194.0
2025-06-20 10:39:03.746437,840.5,321467.0,307194.0
2025-06-20 10:39:05.740634,840.8,321467.0,307194.0
2025-06-20 10:39:07.716106,840.8,321467.0,307194.0
2025-06-20 10:39:09.409417,840.8,322121.0,307213.0
2025-06-20 10:39:09.715385,840.8,322121.0,307213.0
2025-06-20 10:39:11.713917,840.55,322121.0,307213.0
2025-06-20 10:39:13.730114,840.8,322121.0,307213.0
2025-06-20 10:39:15.107315,840.8,317532.0,307116.0
2025-06-20 10:39:17.718570,840.25,317532.0,307116.0
2025-06-20 10:39:20.445228,840.85,315324.0,301532.0
2025-06-20 10:39:21.716019,840.6,315324.0,301532.0
2025-06-20 10:39:26.028153,840.6,319064.0,303421.0
2025-06-20 10:39:27.713810,840.8,319064.0,303421.0
2025-06-20 10:39:29.717535,840.85,319064.0,303421.0
2025-06-20 10:39:32.040415,840.85,320857.0,303387.0
2025-06-20 10:39:33.719370,840.6,320857.0,303387.0
2025-06-20 10:39:35.719873,840.6,320857.0,303387.0
2025-06-20 10:39:37.716269,840.5,320857.0,303387.0
2025-06-20 10:39:38.128736,840.5,315194.0,307799.0
2025-06-20 10:39:41.720496,840.6,315194.0,307799.0
2025-06-20 10:39:43.720588,840.5,315194.0,307799.0
2025-06-20 10:39:44.335346,840.5,316184.0,311809.0
2025-06-20 10:39:44.636630,840.5,316184.0,311809.0
2025-06-20 10:39:45.027848,840.5,316184.0,311809.0
2025-06-20 10:39:45.721183,840.6,316184.0,311809.0
2025-06-20 10:39:45.739898,840.6,316184.0,311809.0
2025-06-20 10:39:46.048705,840.6,316184.0,311809.0
2025-06-20 10:39:47.425443,840.6,316184.0,311809.0
2025-06-20 10:39:47.718918,840.7,316184.0,311809.0
2025-06-20 10:39:47.874006,840.7,316184.0,311809.0
2025-06-20 10:39:48.449272,840.7,316184.0,311809.0
2025-06-20 10:39:49.772022,840.5,316184.0,311809.0
2025-06-20 10:39:49.820299,840.5,316184.0,311809.0
2025-06-20 10:39:50.445592,840.5,315834.0,311399.0
2025-06-20 10:39:51.241777,840.5,315834.0,311399.0
2025-06-20 10:39:52.146198,840.5,315834.0,311399.0
2025-06-20 10:39:53.826334,840.5,315834.0,311399.0
2025-06-20 10:39:53.843124,840.5,315834.0,311399.0
2025-06-20 10:39:55.035061,840.5,315834.0,311399.0
2025-06-20 10:39:55.729010,840.75,315834.0,311399.0
2025-06-20 10:39:56.229337,840.75,315834.0,311399.0
2025-06-20 10:39:56.266932,840.75,315770.0,312511.0
2025-06-20 10:39:57.733976,840.5,315770.0,312511.0
2025-06-20 10:39:57.879341,840.5,315770.0,312511.0
2025-06-20 10:39:59.720491,840.65,315770.0,312511.0
2025-06-20 10:40:01.772988,840.7,315770.0,312511.0
2025-06-20 10:40:01.944438,840.7,315823.0,311793.0
2025-06-20 10:40:03.728043,840.7,315823.0,311793.0
2025-06-20 10:40:05.721788,840.5,315823.0,311793.0
2025-06-20 10:40:07.730347,840.5,315823.0,311793.0
2025-06-20 10:40:08.138325,840.5,316286.0,311900.0
2025-06-20 10:40:11.726242,840.55,316286.0,311900.0
2025-06-20 10:40:14.150133,840.55,317095.0,309248.0
2025-06-20 10:40:17.724614,840.55,317095.0,309248.0
2025-06-20 10:40:20.055553,840.55,317015.0,309629.0
2025-06-20 10:40:20.737247,840.55,317015.0,309629.0
2025-06-20 10:40:24.180039,840.7,317015.0,309629.0
2025-06-20 10:40:25.975604,840.6,317111.0,309032.0
2025-06-20 10:40:26.823130,840.6,317111.0,309032.0
2025-06-20 10:40:28.737691,840.6,317111.0,309032.0
2025-06-20 10:40:31.566345,840.7,317054.0,309028.0
2025-06-20 10:40:32.727039,840.6,317054.0,309028.0
2025-06-20 10:40:36.803445,840.75,317054.0,309028.0
2025-06-20 10:40:36.877022,840.75,317053.0,310195.0
2025-06-20 10:40:38.724507,840.6,317053.0,310195.0
2025-06-20 10:40:40.733977,840.65,317053.0,310195.0
2025-06-20 10:40:42.675937,840.7,317324.0,308436.0
2025-06-20 10:40:42.726448,840.7,317324.0,308436.0
2025-06-20 10:40:46.741175,840.9,317324.0,308436.0
2025-06-20 10:40:48.179543,840.65,318738.0,304679.0
2025-06-20 10:40:48.737486,841.1,318738.0,304679.0
2025-06-20 10:40:50.728994,841.2,318738.0,304679.0
2025-06-20 10:40:53.736938,841.2,318738.0,304679.0
2025-06-20 10:40:54.089058,841.3,320966.0,299140.0
2025-06-20 10:40:56.725400,841.5,320966.0,299140.0
2025-06-20 10:40:59.741241,841.55,320966.0,299140.0
2025-06-20 10:40:59.801594,841.55,326174.0,293059.0
2025-06-20 10:41:02.745716,842.0,326174.0,293059.0
2025-06-20 10:41:05.895314,842.2,327761.0,290596.0
2025-06-20 10:41:06.727904,842.2,327761.0,290596.0
2025-06-20 10:41:09.773479,841.9,327761.0,290596.0
2025-06-20 10:41:12.205904,841.6,324495.0,295142.0
2025-06-20 10:41:12.725185,841.6,324495.0,295142.0
2025-06-20 10:41:15.725249,842.15,324495.0,295142.0
2025-06-20 10:41:18.205792,841.7,326050.0,292713.0
2025-06-20 10:41:18.742899,841.7,326050.0,292713.0
2025-06-20 10:41:21.732603,841.6,326050.0,292713.0
2025-06-20 10:41:23.803606,841.65,328797.0,292835.0
2025-06-20 10:41:24.742624,842.2,328797.0,292835.0
2025-06-20 10:41:27.728580,841.75,328797.0,292835.0
2025-06-20 10:41:29.948818,841.75,327953.0,296129.0
2025-06-20 10:41:34.736969,841.75,327953.0,296129.0
2025-06-20 10:41:36.218664,841.75,329112.0,295686.0
2025-06-20 10:41:38.830186,841.6,329112.0,295686.0
2025-06-20 10:41:41.745059,841.75,329112.0,295686.0
2025-06-20 10:41:42.572805,841.75,328597.0,297330.0
2025-06-20 10:41:44.737776,841.75,328597.0,297330.0
2025-06-20 10:41:46.738183,841.75,328597.0,297330.0
2025-06-20 10:41:48.322304,841.75,325370.0,301438.0
2025-06-20 10:41:48.773699,841.75,325370.0,301438.0
2025-06-20 10:41:50.735575,841.65,325370.0,301438.0
2025-06-20 10:41:52.760656,841.6,325370.0,301438.0
2025-06-20 10:41:53.761394,841.6,326910.0,300005.0
2025-06-20 10:41:56.743582,841.65,326910.0,300005.0
2025-06-20 10:41:58.731503,841.6,326910.0,300005.0
2025-06-20 10:41:58.825394,841.6,327357.0,299487.0
2025-06-20 10:42:00.728672,842.0,327357.0,299487.0
2025-06-20 10:42:01.329041,842.0,328964.0,295278.0
2025-06-20 10:42:02.328439,842.0,328692.0,295903.0
2025-06-20 10:42:02.744261,841.7,328692.0,295903.0
2025-06-20 10:42:03.442572,841.65,328610.0,296072.0
2025-06-20 10:42:03.756105,841.65,328610.0,296072.0
2025-06-20 10:42:04.732365,841.65,328610.0,296072.0
2025-06-20 10:42:05.041855,841.65,329106.0,296327.0
2025-06-20 10:42:05.733566,842.1,329106.0,296327.0
2025-06-20 10:42:06.129562,842.1,329381.0,293932.0
2025-06-20 10:42:07.232557,841.85,328369.0,294064.0
2025-06-20 10:42:07.735634,841.85,328369.0,294064.0
2025-06-20 10:42:08.232588,841.85,328376.0,294535.0
2025-06-20 10:42:09.332985,841.7,328349.0,295164.0
2025-06-20 10:42:09.729164,841.7,328349.0,295164.0
2025-06-20 10:42:10.472689,841.7,328485.0,295875.0
2025-06-20 10:42:11.548477,842.1,328656.0,295600.0
2025-06-20 10:42:11.732832,842.1,328656.0,295600.0
2025-06-20 10:42:12.661965,842.0,329010.0,294954.0
2025-06-20 10:42:12.745305,842.0,329010.0,294954.0
2025-06-20 10:42:13.752560,842.0,329166.0,294740.0
2025-06-20 10:42:14.838570,842.0,329166.0,294709.0
2025-06-20 10:42:15.733130,842.0,329166.0,294709.0
2025-06-20 10:42:15.943346,842.0,329656.0,294576.0
2025-06-20 10:42:16.738189,842.0,329656.0,294576.0
2025-06-20 10:42:17.045706,841.85,329225.0,294911.0
2025-06-20 10:42:17.729654,841.85,329225.0,294911.0
2025-06-20 10:42:18.142157,842.0,329399.0,294743.0
2025-06-20 10:42:18.731004,842.0,329399.0,294743.0
2025-06-20 10:42:19.239264,842.0,329240.0,294226.0
2025-06-20 10:42:20.343389,842.2,331768.0,290498.0
2025-06-20 10:42:20.727247,842.2,331768.0,290498.0
2025-06-20 10:42:21.343322,842.15,330590.0,291254.0
2025-06-20 10:42:21.728460,842.15,330590.0,291254.0
2025-06-20 10:42:22.526139,842.15,330985.0,291160.0
2025-06-20 10:42:22.730813,842.15,330985.0,291160.0
2025-06-20 10:42:23.465748,842.15,331279.0,291157.0
2025-06-20 10:42:24.459499,842.05,331806.0,288097.0
2025-06-20 10:42:24.727713,842.05,331806.0,288097.0
2025-06-20 10:42:25.554344,842.05,332181.0,288870.0
2025-06-20 10:42:26.645451,842.05,332072.0,287817.0
2025-06-20 10:42:27.648153,842.35,332070.0,288594.0
2025-06-20 10:42:27.742234,842.35,332070.0,288594.0
2025-06-20 10:42:28.646931,842.35,331077.0,288526.0
2025-06-20 10:42:29.740932,842.35,331077.0,288526.0
2025-06-20 10:42:29.760963,842.35,330965.0,288526.0
2025-06-20 10:42:30.993286,842.5,330965.0,288526.0
2025-06-20 10:42:30.999924,842.45,331725.0,290684.0
2025-06-20 10:42:31.779596,842.45,331725.0,290684.0
2025-06-20 10:42:31.949147,842.45,331639.0,291125.0
2025-06-20 10:42:32.738817,842.15,331639.0,291125.0
2025-06-20 10:42:32.849497,842.15,333042.0,290856.0
