timestamp,ltp,bid_qty,ask_qty
2025-06-20 10:10:48.219157,1611.5,213681.0,302350.0
2025-06-20 10:10:48.600365,1611.5,213681.0,302350.0
2025-06-20 10:10:48.764458,1611.5,214456.0,299874.0
2025-06-20 10:10:52.596112,1611.7,214456.0,299874.0
2025-06-20 10:10:54.471602,1611.7,216668.0,296360.0
2025-06-20 10:10:56.596146,1612.6,216668.0,296360.0
2025-06-20 10:10:58.611919,1612.5,216668.0,296360.0
2025-06-20 10:10:59.967606,1612.4,217270.0,296725.0
2025-06-20 10:11:00.657141,1611.8,217270.0,296725.0
2025-06-20 10:11:02.600424,1611.6,217270.0,296725.0
2025-06-20 10:11:04.599132,1611.4,217270.0,296725.0
2025-06-20 10:11:05.672140,1611.4,212630.0,304002.0
2025-06-20 10:11:06.636056,1611.3,212630.0,304002.0
2025-06-20 10:11:08.858466,1611.1,212630.0,304002.0
2025-06-20 10:11:11.852716,1611.1,213352.0,305098.0
2025-06-20 10:11:12.913053,1611.1,213352.0,305098.0
2025-06-20 10:11:16.660613,1611.3,213352.0,305098.0
2025-06-20 10:11:17.386486,1611.0,212613.0,305522.0
2025-06-20 10:11:19.262805,1611.3,212613.0,305522.0
2025-06-20 10:11:20.631211,1611.0,212613.0,305522.0
2025-06-20 10:11:22.485818,1611.7,212402.0,304694.0
2025-06-20 10:11:22.667021,1611.7,212402.0,304694.0
2025-06-20 10:11:26.886898,1611.5,212402.0,304694.0
2025-06-20 10:11:27.928987,1612.4,215860.0,300997.0
2025-06-20 10:11:28.875610,1612.4,215860.0,300997.0
2025-06-20 10:11:30.866027,1611.8,215860.0,300997.0
2025-06-20 10:11:32.604230,1611.7,215860.0,300997.0
2025-06-20 10:11:33.504509,1611.7,217514.0,300158.0
2025-06-20 10:11:34.624744,1612.4,217514.0,300158.0
2025-06-20 10:11:36.869263,1611.8,217514.0,300158.0
2025-06-20 10:11:38.600657,1611.5,217514.0,300158.0
2025-06-20 10:11:39.195736,1612.0,215545.0,301542.0
2025-06-20 10:11:40.608741,1611.5,215545.0,301542.0
2025-06-20 10:11:42.596551,1612.2,215545.0,301542.0
2025-06-20 10:11:44.600603,1611.3,215545.0,301542.0
2025-06-20 10:11:45.201578,1611.3,216170.0,302259.0
2025-06-20 10:11:46.597258,1611.3,216170.0,302259.0
2025-06-20 10:11:48.603025,1612.2,216170.0,302259.0
2025-06-20 10:11:50.602368,1612.2,216170.0,302259.0
2025-06-20 10:11:51.102101,1612.2,216801.0,300085.0
2025-06-20 10:11:52.613770,1612.2,216801.0,300085.0
2025-06-20 10:11:54.601694,1612.2,216801.0,300085.0
2025-06-20 10:11:56.596066,1612.6,216801.0,300085.0
2025-06-20 10:11:56.909080,1612.6,220241.0,296818.0
2025-06-20 10:11:58.608100,1613.1,220241.0,296818.0
2025-06-20 10:12:01.008712,1613.2,223733.0,292415.0
2025-06-20 10:12:01.594546,1613.5,223733.0,292415.0
2025-06-20 10:12:02.111436,1613.2,221825.0,292874.0
2025-06-20 10:12:02.594871,1613.2,221825.0,292874.0
2025-06-20 10:12:03.209229,1613.5,221523.0,294261.0
2025-06-20 10:12:03.596521,1613.5,221523.0,294261.0
2025-06-20 10:12:04.339546,1613.1,222151.0,294735.0
2025-06-20 10:12:04.597439,1613.1,222151.0,294735.0
2025-06-20 10:12:05.432387,1613.5,222159.0,293045.0
2025-06-20 10:12:05.597138,1613.5,222159.0,293045.0
2025-06-20 10:12:06.515092,1613.5,224071.0,292287.0
2025-06-20 10:12:07.524508,1613.2,223898.0,293167.0
2025-06-20 10:12:07.593150,1613.2,223898.0,293167.0
2025-06-20 10:12:08.596076,1613.4,223898.0,293167.0
2025-06-20 10:12:08.627253,1613.4,224646.0,292563.0
2025-06-20 10:12:09.624964,1613.4,225211.0,293005.0
2025-06-20 10:12:10.598094,1613.2,225211.0,293005.0
2025-06-20 10:12:10.624960,1613.2,224984.0,293084.0
2025-06-20 10:12:11.596452,1613.6,224984.0,293084.0
2025-06-20 10:12:11.628103,1613.6,226109.0,291395.0
2025-06-20 10:12:12.592612,1613.7,226109.0,291395.0
2025-06-20 10:12:12.624630,1613.7,225371.0,291494.0
2025-06-20 10:12:13.592039,1613.6,225371.0,291494.0
2025-06-20 10:12:13.842553,1613.6,223677.0,292689.0
2025-06-20 10:12:14.843842,1613.6,223536.0,293240.0
2025-06-20 10:12:15.948451,1613.8,223224.0,292366.0
2025-06-20 10:12:16.597056,1613.8,223224.0,292366.0
2025-06-20 10:12:17.015427,1613.8,223345.0,292127.0
2025-06-20 10:12:17.597006,1613.8,223345.0,292127.0
2025-06-20 10:12:18.037143,1613.5,223842.0,292249.0
2025-06-20 10:12:18.597868,1613.5,223842.0,292249.0
2025-06-20 10:12:19.117339,1613.5,223081.0,292125.0
2025-06-20 10:12:20.120428,1613.5,223658.0,293192.0
2025-06-20 10:12:20.593700,1613.5,223658.0,293192.0
2025-06-20 10:12:21.121336,1613.5,223210.0,292412.0
2025-06-20 10:12:21.594098,1613.8,223210.0,292412.0
2025-06-20 10:12:22.239650,1613.8,225030.0,292270.0
2025-06-20 10:12:23.123137,1613.5,225498.0,292252.0
2025-06-20 10:12:23.592348,1613.5,225498.0,292252.0
2025-06-20 10:12:24.122656,1613.8,225441.0,292300.0
2025-06-20 10:12:24.597817,1613.8,225441.0,292300.0
2025-06-20 10:12:25.223285,1613.8,225585.0,293425.0
2025-06-20 10:12:26.225086,1613.8,225585.0,293098.0
2025-06-20 10:12:27.356202,1613.8,223397.0,292868.0
2025-06-20 10:12:28.359256,1613.5,223986.0,293763.0
2025-06-20 10:12:28.593766,1613.5,223986.0,293763.0
2025-06-20 10:12:29.441827,1613.7,224103.0,293199.0
2025-06-20 10:12:29.592242,1613.7,224103.0,293199.0
2025-06-20 10:12:30.529623,1613.7,224104.0,293547.0
2025-06-20 10:12:30.596219,1613.7,224104.0,293547.0
2025-06-20 10:12:31.597077,1613.3,224104.0,293547.0
2025-06-20 10:12:31.650805,1613.3,224104.0,293554.0
2025-06-20 10:12:32.605293,1613.7,224104.0,293554.0
2025-06-20 10:12:32.638399,1613.7,224228.0,293783.0
2025-06-20 10:12:33.593950,1613.3,224228.0,293783.0
2025-06-20 10:12:33.741786,1613.3,224024.0,293792.0
2025-06-20 10:12:34.868637,1613.7,224824.0,293640.0
2025-06-20 10:12:35.596075,1613.3,224824.0,293640.0
2025-06-20 10:12:35.934107,1613.3,225030.0,293487.0
2025-06-20 10:12:36.602679,1613.8,225030.0,293487.0
2025-06-20 10:12:37.027605,1613.8,223821.0,294822.0
2025-06-20 10:12:37.601546,1613.8,223821.0,294822.0
2025-06-20 10:12:38.033329,1613.8,224863.0,294555.0
2025-06-20 10:12:38.594595,1613.7,224863.0,294555.0
2025-06-20 10:12:39.129858,1613.7,225049.0,293220.0
2025-06-20 10:12:39.594906,1613.7,225049.0,293220.0
2025-06-20 10:12:40.231681,1613.7,224776.0,294124.0
2025-06-20 10:12:40.513967,1613.7,224776.0,294124.0
2025-06-20 10:12:40.594957,1613.7,224776.0,294124.0
2025-06-20 10:12:40.874641,1613.7,224776.0,294124.0
2025-06-20 10:12:41.125287,1613.7,224776.0,294124.0
2025-06-20 10:12:41.362538,1613.7,224776.0,294073.0
2025-06-20 10:12:41.432626,1613.7,224776.0,294073.0
2025-06-20 10:12:42.328346,1613.7,224776.0,294073.0
2025-06-20 10:12:42.439885,1613.8,226068.0,291848.0
2025-06-20 10:12:42.593788,1613.8,226068.0,291848.0
2025-06-20 10:12:42.934730,1613.8,226068.0,291848.0
2025-06-20 10:12:43.427968,1613.8,226068.0,291848.0
2025-06-20 10:12:43.536376,1613.8,226168.0,292063.0
2025-06-20 10:12:43.934778,1613.8,226168.0,292063.0
2025-06-20 10:12:44.596108,1613.8,226168.0,292063.0
2025-06-20 10:12:44.664451,1613.8,225569.0,292375.0
2025-06-20 10:12:45.439826,1613.8,225569.0,292375.0
2025-06-20 10:12:45.534563,1613.7,225926.0,293072.0
2025-06-20 10:12:45.623760,1613.7,225926.0,293072.0
2025-06-20 10:12:46.599999,1613.8,225926.0,293072.0
2025-06-20 10:12:46.663316,1613.8,225926.0,293072.0
2025-06-20 10:12:46.698032,1613.8,225094.0,293937.0
2025-06-20 10:12:47.602083,1613.8,225094.0,293937.0
2025-06-20 10:12:47.619008,1613.8,225094.0,293937.0
2025-06-20 10:12:47.734330,1613.8,224577.0,293687.0
2025-06-20 10:12:48.595142,1613.8,224577.0,293687.0
2025-06-20 10:12:48.865258,1613.8,226127.0,293302.0
2025-06-20 10:12:49.149989,1613.8,226127.0,293302.0
2025-06-20 10:12:49.599253,1613.8,226127.0,293302.0
2025-06-20 10:12:49.936483,1613.7,226573.0,293649.0
2025-06-20 10:12:50.414851,1613.7,226573.0,293649.0
2025-06-20 10:12:50.595665,1613.8,226573.0,293649.0
2025-06-20 10:12:51.038905,1613.8,226222.0,293979.0
2025-06-20 10:12:51.605194,1613.8,226222.0,293979.0
2025-06-20 10:12:51.651111,1613.8,226222.0,293979.0
2025-06-20 10:12:52.138831,1613.7,225755.0,292773.0
2025-06-20 10:12:52.598619,1613.8,225755.0,292773.0
2025-06-20 10:12:53.240505,1613.7,225697.0,293036.0
2025-06-20 10:12:53.258610,1613.7,225697.0,293036.0
2025-06-20 10:12:53.603999,1613.7,225697.0,293036.0
2025-06-20 10:12:54.354330,1613.7,224692.0,293059.0
2025-06-20 10:12:54.604875,1613.7,224692.0,293059.0
2025-06-20 10:12:55.459060,1613.7,225094.0,293065.0
2025-06-20 10:12:56.454305,1613.7,225164.0,293051.0
2025-06-20 10:12:56.597816,1613.7,225164.0,293051.0
2025-06-20 10:12:57.548922,1613.7,225288.0,293038.0
2025-06-20 10:12:58.599828,1613.7,225288.0,293038.0
2025-06-20 10:12:58.652918,1613.7,224875.0,293038.0
2025-06-20 10:12:59.596002,1613.7,224875.0,293038.0
2025-06-20 10:12:59.750906,1613.7,224801.0,292937.0
2025-06-20 10:13:00.622814,1613.8,224801.0,292937.0
2025-06-20 10:13:02.608733,1613.8,224801.0,292937.0
2025-06-20 10:13:03.751648,1613.8,224817.0,292557.0
2025-06-20 10:13:04.610483,1613.8,224817.0,292557.0
2025-06-20 10:13:06.619903,1613.8,224817.0,292557.0
2025-06-20 10:13:08.610575,1613.8,224817.0,292557.0
2025-06-20 10:13:09.558363,1613.7,224525.0,293241.0
2025-06-20 10:13:10.622298,1613.7,224525.0,293241.0
2025-06-20 10:13:12.609515,1613.8,224525.0,293241.0
2025-06-20 10:13:14.620402,1613.4,224525.0,293241.0
2025-06-20 10:13:15.368212,1613.4,224851.0,292742.0
2025-06-20 10:13:16.618940,1613.5,224851.0,292742.0
2025-06-20 10:13:18.607511,1614.0,224851.0,292742.0
2025-06-20 10:13:20.610355,1614.0,224851.0,292742.0
2025-06-20 10:13:21.265089,1614.0,224044.0,292109.0
2025-06-20 10:13:26.614291,1614.0,224044.0,292109.0
2025-06-20 10:13:27.467895,1614.0,226202.0,290965.0
2025-06-20 10:13:28.602160,1614.3,226202.0,290965.0
2025-06-20 10:13:30.609558,1614.5,226202.0,290965.0
2025-06-20 10:13:32.622171,1614.5,226202.0,290965.0
2025-06-20 10:13:33.676142,1614.0,228335.0,294129.0
2025-06-20 10:13:34.605468,1614.0,228335.0,294129.0
2025-06-20 10:13:36.613956,1614.0,228335.0,294129.0
2025-06-20 10:13:38.601894,1614.0,228335.0,294129.0
2025-06-20 10:13:39.974518,1614.0,229707.0,292268.0
2025-06-20 10:13:40.610902,1614.1,229707.0,292268.0
2025-06-20 10:13:44.639080,1614.5,229707.0,292268.0
2025-06-20 10:13:45.981369,1614.0,229438.0,293276.0
2025-06-20 10:13:46.619990,1614.0,229438.0,293276.0
2025-06-20 10:13:48.619482,1614.1,229438.0,293276.0
2025-06-20 10:13:50.627715,1614.1,229438.0,293276.0
2025-06-20 10:13:51.410906,1614.4,226593.0,294248.0
2025-06-20 10:13:52.619244,1614.4,226593.0,294248.0
2025-06-20 10:13:54.606211,1614.0,226593.0,294248.0
2025-06-20 10:13:56.614447,1614.0,226593.0,294248.0
2025-06-20 10:13:56.986651,1613.9,222810.0,297783.0
2025-06-20 10:13:58.633994,1613.8,222810.0,297783.0
2025-06-20 10:14:00.611199,1613.3,222810.0,297783.0
2025-06-20 10:14:02.589825,1613.5,220556.0,300693.0
2025-06-20 10:14:02.662408,1613.5,220556.0,300693.0
2025-06-20 10:14:04.635756,1613.5,220556.0,300693.0
2025-06-20 10:14:06.634009,1613.5,220556.0,300693.0
2025-06-20 10:14:08.194350,1613.5,220666.0,301153.0
2025-06-20 10:14:08.619388,1613.5,220666.0,301153.0
2025-06-20 10:14:10.614826,1613.5,220666.0,301153.0
2025-06-20 10:14:12.633526,1613.5,220666.0,301153.0
2025-06-20 10:14:14.203526,1613.5,220836.0,301166.0
2025-06-20 10:14:14.618686,1613.5,220836.0,301166.0
2025-06-20 10:14:16.619600,1613.5,220836.0,301166.0
2025-06-20 10:14:18.613645,1612.9,220836.0,301166.0
2025-06-20 10:14:20.002001,1613.4,223766.0,299209.0
2025-06-20 10:14:20.615320,1613.1,223766.0,299209.0
2025-06-20 10:14:22.617911,1613.0,223766.0,299209.0
2025-06-20 10:14:24.635138,1612.9,223766.0,299209.0
2025-06-20 10:14:25.932329,1612.9,221957.0,302559.0
2025-06-20 10:14:26.611218,1612.7,221957.0,302559.0
2025-06-20 10:14:28.607686,1612.7,221957.0,302559.0
2025-06-20 10:14:30.615281,1613.0,221957.0,302559.0
2025-06-20 10:14:31.819330,1613.0,221840.0,302356.0
2025-06-20 10:14:32.613659,1613.0,221840.0,302356.0
2025-06-20 10:14:34.663962,1613.0,221840.0,302356.0
2025-06-20 10:14:37.321929,1612.5,221751.0,302702.0
2025-06-20 10:14:38.615783,1612.5,221751.0,302702.0
2025-06-20 10:14:40.613434,1612.5,221751.0,302702.0
2025-06-20 10:14:43.036625,1612.5,221810.0,302683.0
2025-06-20 10:14:44.625911,1613.0,221810.0,302683.0
2025-06-20 10:14:46.610634,1613.0,221810.0,302683.0
2025-06-20 10:14:48.626377,1613.0,221810.0,302683.0
2025-06-20 10:14:48.719391,1613.0,221683.0,302103.0
2025-06-20 10:14:52.649226,1612.5,221683.0,302103.0
2025-06-20 10:14:54.623303,1613.0,221683.0,302103.0
2025-06-20 10:14:54.646468,1613.0,222942.0,298198.0
2025-06-20 10:14:57.619090,1614.5,222942.0,298198.0
2025-06-20 10:14:58.621199,1614.6,222942.0,298198.0
2025-06-20 10:15:00.617272,1614.5,222942.0,298198.0
2025-06-20 10:15:01.229589,1614.4,226078.0,290372.0
2025-06-20 10:15:01.676636,1614.5,226078.0,290372.0
2025-06-20 10:15:02.338122,1614.4,226210.0,290385.0
2025-06-20 10:15:02.609284,1614.5,226210.0,290385.0
2025-06-20 10:15:03.437700,1614.4,226235.0,291365.0
2025-06-20 10:15:03.662039,1614.2,226235.0,291365.0
2025-06-20 10:15:04.449018,1614.5,227770.0,289776.0
2025-06-20 10:15:04.606902,1614.5,227770.0,289776.0
2025-06-20 10:15:05.532308,1614.6,228267.0,290380.0
2025-06-20 10:15:05.611476,1614.6,228267.0,290380.0
2025-06-20 10:15:06.529839,1614.6,229238.0,288780.0
2025-06-20 10:15:06.611076,1614.6,229238.0,288780.0
2025-06-20 10:15:07.530443,1615.1,227597.0,288957.0
2025-06-20 10:15:07.611586,1614.7,227597.0,288957.0
2025-06-20 10:15:08.554718,1614.7,227325.0,290752.0
2025-06-20 10:15:08.607918,1615.1,227325.0,290752.0
2025-06-20 10:15:09.640425,1615.1,227552.0,291754.0
2025-06-20 10:15:10.643591,1615.1,228724.0,291330.0
2025-06-20 10:15:11.608707,1614.9,228724.0,291330.0
2025-06-20 10:15:11.845215,1614.9,228708.0,290268.0
2025-06-20 10:15:12.606321,1614.9,228708.0,290268.0
2025-06-20 10:15:12.935184,1614.9,228813.0,290483.0
2025-06-20 10:15:14.034937,1614.5,228594.0,291347.0
2025-06-20 10:15:14.604542,1614.5,228594.0,291347.0
2025-06-20 10:15:15.135911,1614.7,228679.0,290026.0
2025-06-20 10:15:15.608418,1615.0,228679.0,290026.0
2025-06-20 10:15:16.152080,1614.9,230408.0,286657.0
2025-06-20 10:15:16.612362,1614.9,230408.0,286657.0
2025-06-20 10:15:17.136037,1614.9,228107.0,288262.0
2025-06-20 10:15:17.608129,1615.1,228107.0,288262.0
2025-06-20 10:15:18.138478,1614.9,228604.0,289063.0
2025-06-20 10:15:18.611194,1614.9,228604.0,289063.0
2025-06-20 10:15:19.139763,1614.9,227948.0,289749.0
2025-06-20 10:15:19.606790,1614.6,227948.0,289749.0
2025-06-20 10:15:20.145427,1615.1,227003.0,289645.0
2025-06-20 10:15:20.611093,1615.0,227003.0,289645.0
2025-06-20 10:15:21.240895,1614.7,226943.0,292568.0
2025-06-20 10:15:21.609171,1614.7,226943.0,292568.0
2025-06-20 10:15:22.354877,1614.3,226511.0,293887.0
2025-06-20 10:15:22.623378,1614.3,226511.0,293887.0
2025-06-20 10:15:23.404057,1614.2,226173.0,293962.0
2025-06-20 10:15:23.608125,1614.2,226173.0,293962.0
2025-06-20 10:15:24.356061,1614.2,226812.0,294082.0
2025-06-20 10:15:25.541199,1614.3,226561.0,293954.0
2025-06-20 10:15:25.608179,1614.3,226561.0,293954.0
2025-06-20 10:15:26.545305,1614.3,227307.0,293890.0
2025-06-20 10:15:26.608966,1614.3,227307.0,293890.0
2025-06-20 10:15:27.611154,1614.3,227307.0,293890.0
2025-06-20 10:15:27.659380,1614.3,226619.0,293809.0
2025-06-20 10:15:28.608092,1614.3,226619.0,293809.0
2025-06-20 10:15:28.858118,1615.1,228481.0,289943.0
2025-06-20 10:15:29.616817,1615.1,228481.0,289943.0
2025-06-20 10:15:29.858050,1615.1,228903.0,290119.0
2025-06-20 10:15:30.858867,1615.1,229325.0,290560.0
2025-06-20 10:15:31.859584,1615.1,229599.0,290504.0
2025-06-20 10:15:32.609854,1614.6,229599.0,290504.0
2025-06-20 10:15:32.950328,1614.6,228765.0,290396.0
2025-06-20 10:15:33.606366,1614.6,228765.0,290396.0
2025-06-20 10:15:34.049716,1614.7,218690.0,290591.0
2025-06-20 10:15:34.609382,1614.6,218690.0,290591.0
2025-06-20 10:15:35.054409,1614.6,227702.0,289851.0
2025-06-20 10:15:35.614037,1614.5,227702.0,289851.0
2025-06-20 10:15:35.950908,1614.6,227822.0,291236.0
2025-06-20 10:15:36.614148,1614.6,227822.0,291236.0
2025-06-20 10:15:37.051063,1614.6,226878.0,291877.0
2025-06-20 10:15:37.615538,1614.3,226878.0,291877.0
2025-06-20 10:15:38.054735,1614.3,228380.0,292340.0
2025-06-20 10:15:38.608792,1615.0,228380.0,292340.0
2025-06-20 10:15:39.054258,1615.1,228857.0,287824.0
2025-06-20 10:15:39.616879,1615.1,228857.0,287824.0
2025-06-20 10:15:40.055114,1614.8,228916.0,288277.0
2025-06-20 10:15:40.623734,1614.8,228916.0,288277.0
2025-06-20 10:15:40.960481,1614.8,228916.0,288277.0
2025-06-20 10:15:41.055398,1614.9,229794.0,288671.0
2025-06-20 10:15:41.319139,1614.9,229794.0,288671.0
2025-06-20 10:15:41.611484,1615.1,229794.0,288671.0
2025-06-20 10:15:41.911659,1615.1,229794.0,288671.0
2025-06-20 10:15:42.162005,1615.1,229794.0,288671.0
2025-06-20 10:15:42.175404,1615.1,229503.0,286324.0
2025-06-20 10:15:42.436883,1615.1,229503.0,286324.0
2025-06-20 10:15:43.165977,1615.1,230111.0,286506.0
2025-06-20 10:15:43.432382,1615.1,230111.0,286506.0
2025-06-20 10:15:43.612672,1615.1,230111.0,286506.0
2025-06-20 10:15:43.850057,1615.1,230111.0,286506.0
2025-06-20 10:15:44.167836,1615.0,227382.0,292517.0
2025-06-20 10:15:44.451313,1615.0,227382.0,292517.0
2025-06-20 10:15:44.611213,1615.0,227382.0,292517.0
2025-06-20 10:15:44.830283,1615.0,227382.0,292517.0
2025-06-20 10:15:45.259337,1615.0,228997.0,289700.0
2025-06-20 10:15:45.766560,1615.0,228997.0,289700.0
2025-06-20 10:15:46.371041,1615.0,229371.0,290184.0
2025-06-20 10:15:47.101236,1615.0,229371.0,290184.0
2025-06-20 10:15:47.370308,1615.1,229059.0,287910.0
2025-06-20 10:15:47.610641,1614.8,229059.0,287910.0
2025-06-20 10:15:48.066061,1614.8,229059.0,287910.0
2025-06-20 10:15:48.365193,1614.8,230226.0,285117.0
2025-06-20 10:15:49.362796,1615.1,229593.0,286629.0
2025-06-20 10:15:49.577768,1615.1,229593.0,286629.0
2025-06-20 10:15:49.661294,1615.1,229593.0,286629.0
2025-06-20 10:15:50.367489,1615.1,228595.0,288048.0
2025-06-20 10:15:50.613971,1615.2,228595.0,288048.0
2025-06-20 10:15:50.872323,1615.2,228595.0,288048.0
2025-06-20 10:15:51.464342,1615.2,229398.0,288378.0
2025-06-20 10:15:51.613356,1615.2,229398.0,288378.0
2025-06-20 10:15:52.091168,1615.2,229398.0,288378.0
2025-06-20 10:15:52.462470,1615.5,229489.0,288767.0
2025-06-20 10:15:52.614699,1615.6,229489.0,288767.0
2025-06-20 10:15:53.461439,1615.5,228042.0,291733.0
2025-06-20 10:15:53.610527,1615.5,228042.0,291733.0
2025-06-20 10:15:53.680934,1615.5,228042.0,291733.0
2025-06-20 10:15:54.367123,1615.4,228639.0,290981.0
2025-06-20 10:15:54.610211,1615.4,228639.0,290981.0
2025-06-20 10:15:55.797766,1615.4,228287.0,291570.0
2025-06-20 10:15:56.372720,1615.2,228385.0,291244.0
2025-06-20 10:15:56.613283,1615.2,228385.0,291244.0
2025-06-20 10:15:57.466052,1615.2,228149.0,292173.0
2025-06-20 10:15:58.566530,1615.2,228326.0,291929.0
2025-06-20 10:15:58.608856,1615.2,228326.0,291929.0
2025-06-20 10:15:59.614990,1615.0,228326.0,291929.0
2025-06-20 10:15:59.670987,1615.0,229510.0,291620.0
2025-06-20 10:16:00.622727,1615.4,229510.0,291620.0
2025-06-20 10:16:00.968446,1615.4,231900.0,286155.0
2025-06-20 10:16:01.612547,1615.4,231900.0,286155.0
2025-06-20 10:16:01.972283,1615.4,230965.0,288063.0
2025-06-20 10:16:03.073256,1616.0,231868.0,285042.0
2025-06-20 10:16:03.611431,1615.8,231868.0,285042.0
2025-06-20 10:16:04.182681,1616.0,231045.0,285895.0
2025-06-20 10:16:04.614862,1615.7,231045.0,285895.0
2025-06-20 10:16:05.272695,1615.7,229213.0,288771.0
2025-06-20 10:16:06.274759,1615.6,230129.0,286912.0
2025-06-20 10:16:06.614129,1615.6,230129.0,286912.0
2025-06-20 10:16:07.272272,1615.6,230389.0,288521.0
2025-06-20 10:16:08.274164,1615.5,229659.0,286288.0
2025-06-20 10:16:08.608404,1615.5,229659.0,286288.0
2025-06-20 10:16:09.378966,1615.5,229408.0,286912.0
2025-06-20 10:16:09.609997,1615.5,229408.0,286912.0
2025-06-20 10:16:10.613685,1616.0,229408.0,286912.0
2025-06-20 10:16:11.073226,1615.5,230061.0,287361.0
2025-06-20 10:16:11.608738,1616.0,230061.0,287361.0
2025-06-20 10:16:12.174924,1616.0,229488.0,286804.0
2025-06-20 10:16:12.612739,1616.0,229488.0,286804.0
2025-06-20 10:16:13.276336,1615.5,216295.0,290562.0
2025-06-20 10:16:13.607452,1615.5,216295.0,290562.0
2025-06-20 10:16:14.274407,1615.5,228234.0,291525.0
2025-06-20 10:16:14.610861,1615.4,228234.0,291525.0
2025-06-20 10:16:15.281583,1615.0,228455.0,292436.0
2025-06-20 10:16:15.611119,1615.0,228455.0,292436.0
2025-06-20 10:16:16.275812,1615.0,228803.0,292492.0
2025-06-20 10:16:16.611660,1615.3,228803.0,292492.0
2025-06-20 10:16:17.276642,1615.3,227547.0,292554.0
2025-06-20 10:16:17.611186,1615.3,227547.0,292554.0
2025-06-20 10:16:18.382726,1615.1,227114.0,292885.0
2025-06-20 10:16:18.613552,1615.3,227114.0,292885.0
2025-06-20 10:16:19.479077,1615.3,227979.0,292490.0
2025-06-20 10:16:19.610284,1615.3,227979.0,292490.0
2025-06-20 10:16:20.577446,1615.0,228905.0,292527.0
2025-06-20 10:16:20.613616,1615.0,228905.0,292527.0
2025-06-20 10:16:21.678387,1615.0,228899.0,292546.0
2025-06-20 10:16:22.614133,1615.0,228899.0,292546.0
2025-06-20 10:16:22.780858,1615.0,229119.0,292425.0
2025-06-20 10:16:23.609269,1615.0,229119.0,292425.0
2025-06-20 10:16:23.890539,1615.0,226464.0,293024.0
2025-06-20 10:16:24.622465,1615.0,226464.0,293024.0
2025-06-20 10:16:24.987963,1615.0,226192.0,293433.0
2025-06-20 10:16:25.610238,1615.1,226192.0,293433.0
2025-06-20 10:16:26.080823,1614.8,226958.0,293332.0
2025-06-20 10:16:26.644373,1615.2,226958.0,293332.0
2025-06-20 10:16:27.180537,1615.2,227278.0,293901.0
2025-06-20 10:16:28.183083,1614.8,226841.0,298722.0
2025-06-20 10:16:28.609822,1614.8,226841.0,298722.0
2025-06-20 10:16:29.286886,1614.7,227386.0,298645.0
2025-06-20 10:16:29.611105,1614.7,227386.0,298645.0
2025-06-20 10:16:30.291970,1614.7,228149.0,298231.0
2025-06-20 10:16:30.612542,1614.7,228149.0,298231.0
2025-06-20 10:16:31.294980,1614.7,227663.0,297858.0
2025-06-20 10:16:31.643161,1614.8,227663.0,297858.0
2025-06-20 10:16:32.182951,1614.8,227652.0,297832.0
2025-06-20 10:16:32.610899,1614.8,227652.0,297832.0
2025-06-20 10:16:33.183552,1614.8,227285.0,298194.0
2025-06-20 10:16:34.291140,1614.8,227402.0,298042.0
2025-06-20 10:16:35.398723,1614.7,227361.0,298046.0
2025-06-20 10:16:35.612277,1614.7,227361.0,298046.0
2025-06-20 10:16:36.488702,1614.7,227324.0,297916.0
2025-06-20 10:16:37.592094,1614.8,227434.0,297285.0
2025-06-20 10:16:37.610310,1614.8,227434.0,297285.0
2025-06-20 10:16:38.589381,1614.7,227664.0,297779.0
2025-06-20 10:16:38.624279,1614.7,227664.0,297779.0
2025-06-20 10:16:39.648662,1614.7,227664.0,297779.0
2025-06-20 10:16:39.688325,1614.7,227525.0,297984.0
2025-06-20 10:16:40.611380,1614.7,227525.0,297984.0
2025-06-20 10:16:40.691037,1614.7,227655.0,296913.0
2025-06-20 10:16:41.697099,1614.7,227467.0,297091.0
2025-06-20 10:16:42.615336,1614.8,227467.0,297091.0
2025-06-20 10:16:42.691376,1614.8,227292.0,297199.0
2025-06-20 10:16:43.692415,1614.8,227462.0,297279.0
2025-06-20 10:16:44.664862,1614.6,227462.0,297279.0
2025-06-20 10:16:44.692417,1614.6,227452.0,297019.0
2025-06-20 10:16:45.615459,1614.8,227452.0,297019.0
2025-06-20 10:16:45.692966,1614.8,227767.0,297181.0
2025-06-20 10:16:46.704265,1614.8,227147.0,297736.0
2025-06-20 10:16:47.617882,1614.5,227147.0,297736.0
2025-06-20 10:16:47.695605,1614.5,225182.0,298756.0
2025-06-20 10:16:48.617889,1614.5,225182.0,298756.0
2025-06-20 10:16:48.694617,1614.5,225012.0,299329.0
2025-06-20 10:16:49.614050,1614.5,225012.0,299329.0
2025-06-20 10:16:49.695689,1614.5,225871.0,299136.0
2025-06-20 10:16:50.612109,1614.3,225871.0,299136.0
2025-06-20 10:16:50.796802,1614.3,225567.0,298623.0
2025-06-20 10:16:51.614621,1614.5,225567.0,298623.0
2025-06-20 10:16:51.796688,1614.5,225502.0,298689.0
2025-06-20 10:16:52.798388,1614.5,224936.0,299129.0
2025-06-20 10:16:53.612226,1614.5,224936.0,299129.0
2025-06-20 10:16:53.700545,1614.5,225136.0,299259.0
2025-06-20 10:16:54.811774,1614.5,224914.0,299193.0
2025-06-20 10:16:55.911753,1614.5,224854.0,299421.0
2025-06-20 10:16:56.612720,1614.5,224854.0,299421.0
2025-06-20 10:16:56.927604,1614.5,226024.0,299358.0
2025-06-20 10:16:57.659579,1614.5,226024.0,299358.0
2025-06-20 10:16:57.934126,1614.5,225123.0,299799.0
2025-06-20 10:16:58.617212,1614.5,225123.0,299799.0
2025-06-20 10:16:59.012759,1614.5,225122.0,299844.0
2025-06-20 10:16:59.618483,1614.5,225122.0,299844.0
2025-06-20 10:17:00.005539,1614.5,225041.0,299811.0
2025-06-20 10:17:00.664049,1614.5,225041.0,299811.0
2025-06-20 10:17:01.405771,1614.5,225087.0,299761.0
2025-06-20 10:17:01.615996,1614.5,225087.0,299761.0
2025-06-20 10:17:02.416458,1614.2,225499.0,299646.0
2025-06-20 10:17:02.617668,1614.5,225499.0,299646.0
2025-06-20 10:17:03.415494,1614.2,225539.0,298274.0
2025-06-20 10:17:03.614414,1614.2,225539.0,298274.0
2025-06-20 10:17:04.433085,1614.5,225824.0,298216.0
2025-06-20 10:17:04.618422,1614.5,225824.0,298216.0
2025-06-20 10:17:06.420646,1614.5,225831.0,298448.0
2025-06-20 10:17:07.421853,1614.5,225680.0,298478.0
2025-06-20 10:17:08.422597,1614.5,225518.0,298994.0
2025-06-20 10:17:08.621965,1614.5,225518.0,298994.0
2025-06-20 10:17:09.447295,1614.1,225842.0,298226.0
2025-06-20 10:17:09.625021,1614.1,225842.0,298226.0
2025-06-20 10:17:10.623333,1614.3,225842.0,298226.0
2025-06-20 10:17:11.322572,1614.2,226903.0,298384.0
2025-06-20 10:17:11.618539,1614.2,226903.0,298384.0
2025-06-20 10:17:12.325038,1614.4,226553.0,298856.0
2025-06-20 10:17:12.627748,1614.4,226553.0,298856.0
2025-06-20 10:17:13.323029,1614.4,226846.0,298028.0
2025-06-20 10:17:14.215374,1614.4,227417.0,297817.0
2025-06-20 10:17:14.636975,1614.2,227417.0,297817.0
2025-06-20 10:17:15.616847,1614.2,227417.0,297817.0
2025-06-20 10:17:15.922475,1614.2,226820.0,298137.0
2025-06-20 10:17:16.929175,1614.5,227577.0,297117.0
2025-06-20 10:17:17.631079,1614.2,227577.0,297117.0
2025-06-20 10:17:18.116733,1614.2,227531.0,298805.0
2025-06-20 10:17:18.622210,1614.4,227531.0,298805.0
2025-06-20 10:17:19.115320,1614.2,227454.0,298570.0
2025-06-20 10:17:19.618813,1614.2,227454.0,298570.0
2025-06-20 10:17:20.622389,1614.2,227454.0,298570.0
2025-06-20 10:17:20.928882,1614.2,227405.0,298567.0
2025-06-20 10:17:21.925076,1614.2,227311.0,297880.0
2025-06-20 10:17:23.927521,1614.5,227288.0,298599.0
2025-06-20 10:17:24.620122,1614.6,227288.0,298599.0
2025-06-20 10:17:25.628289,1614.3,227288.0,298599.0
2025-06-20 10:17:26.628545,1614.3,227288.0,298599.0
2025-06-20 10:17:26.652241,1614.3,227447.0,297534.0
2025-06-20 10:17:27.837731,1614.7,227439.0,297814.0
2025-06-20 10:17:28.615930,1614.7,227439.0,297814.0
2025-06-20 10:17:28.836441,1614.7,227614.0,297785.0
2025-06-20 10:17:29.619815,1614.3,227614.0,297785.0
2025-06-20 10:17:29.838293,1614.7,227871.0,297593.0
2025-06-20 10:17:30.619566,1614.8,227871.0,297593.0
2025-06-20 10:17:30.838682,1614.8,227875.0,295977.0
2025-06-20 10:17:31.836619,1614.8,227965.0,295983.0
2025-06-20 10:17:33.641245,1615.0,227965.0,295983.0
2025-06-20 10:17:33.725476,1615.0,228322.0,296171.0
2025-06-20 10:17:34.726088,1615.0,229773.0,293841.0
2025-06-20 10:17:35.619345,1615.9,229773.0,293841.0
2025-06-20 10:17:35.726393,1615.9,230703.0,290880.0
2025-06-20 10:17:36.619121,1615.8,230703.0,290880.0
2025-06-20 10:17:36.727737,1615.8,230371.0,290841.0
2025-06-20 10:17:37.618470,1615.5,230371.0,290841.0
2025-06-20 10:17:38.643533,1615.9,230371.0,290841.0
2025-06-20 10:17:39.624629,1615.6,230371.0,290841.0
2025-06-20 10:17:40.626897,1615.5,230371.0,290841.0
2025-06-20 10:17:41.531287,1615.9,233227.0,290689.0
2025-06-20 10:17:41.626238,1616.2,233227.0,290689.0
2025-06-20 10:17:42.622029,1615.5,233227.0,290689.0
2025-06-20 10:17:43.349412,1615.6,232053.0,295317.0
2025-06-20 10:17:43.692872,1615.6,232053.0,295317.0
2025-06-20 10:17:44.617606,1615.6,232053.0,295317.0
2025-06-20 10:17:45.460312,1616.3,231240.0,290305.0
2025-06-20 10:17:45.620916,1616.3,231240.0,290305.0
2025-06-20 10:17:46.444199,1615.6,230487.0,291134.0
2025-06-20 10:17:46.619656,1615.6,230487.0,291134.0
2025-06-20 10:17:47.443163,1616.2,230413.0,291251.0
2025-06-20 10:17:47.617325,1616.2,230413.0,291251.0
2025-06-20 10:17:48.445038,1616.1,230232.0,293136.0
2025-06-20 10:17:48.621597,1615.9,230232.0,293136.0
2025-06-20 10:17:49.443572,1616.1,229306.0,294868.0
2025-06-20 10:17:49.622966,1616.1,229306.0,294868.0
2025-06-20 10:17:50.447270,1615.9,229926.0,294260.0
2025-06-20 10:17:50.622751,1615.9,229926.0,294260.0
2025-06-20 10:17:51.625079,1615.9,229926.0,294260.0
2025-06-20 10:17:52.446750,1615.9,231360.0,293831.0
2025-06-20 10:17:52.623000,1615.9,231360.0,293831.0
2025-06-20 10:17:53.449964,1616.0,231928.0,292775.0
2025-06-20 10:17:53.624258,1616.0,231928.0,292775.0
2025-06-20 10:17:54.461463,1616.0,231482.0,292870.0
2025-06-20 10:17:55.449457,1616.0,231475.0,292601.0
2025-06-20 10:17:55.621017,1615.7,231475.0,292601.0
2025-06-20 10:17:56.448993,1615.6,230829.0,293615.0
2025-06-20 10:17:56.624248,1615.6,230829.0,293615.0
2025-06-20 10:17:57.350591,1615.6,230813.0,293610.0
2025-06-20 10:17:57.623549,1615.6,230813.0,293610.0
2025-06-20 10:17:58.240221,1615.9,230810.0,293335.0
2025-06-20 10:17:58.623016,1615.9,230810.0,293335.0
2025-06-20 10:17:59.147736,1615.6,229962.0,294789.0
2025-06-20 10:17:59.621987,1615.5,229962.0,294789.0
2025-06-20 10:18:00.143105,1615.2,230830.0,292299.0
2025-06-20 10:18:00.618141,1615.2,230830.0,292299.0
2025-06-20 10:18:01.371001,1615.2,230868.0,291754.0
2025-06-20 10:18:02.243707,1615.9,230139.0,292886.0
2025-06-20 10:18:02.625750,1616.0,230139.0,292886.0
2025-06-20 10:18:03.243107,1616.0,230587.0,290937.0
2025-06-20 10:18:04.144003,1616.0,231315.0,291180.0
2025-06-20 10:18:04.622323,1615.9,231315.0,291180.0
2025-06-20 10:18:05.143518,1615.9,231819.0,290843.0
2025-06-20 10:18:05.624224,1616.4,231819.0,290843.0
2025-06-20 10:18:06.144701,1616.4,232186.0,290187.0
2025-06-20 10:18:06.622835,1616.4,232186.0,290187.0
2025-06-20 10:18:07.146093,1616.4,231773.0,290378.0
2025-06-20 10:18:08.046163,1616.4,230938.0,290742.0
2025-06-20 10:18:08.622356,1616.4,230938.0,290742.0
2025-06-20 10:18:09.048844,1616.4,232328.0,288047.0
2025-06-20 10:18:09.621158,1616.5,232328.0,288047.0
2025-06-20 10:18:09.948583,1616.4,232472.0,283178.0
2025-06-20 10:18:10.622873,1616.4,232472.0,283178.0
2025-06-20 10:18:10.949005,1616.4,232210.0,284226.0
2025-06-20 10:18:11.624710,1616.5,232210.0,284226.0
2025-06-20 10:18:11.948786,1616.4,231954.0,283868.0
2025-06-20 10:18:12.620757,1616.5,231954.0,283868.0
2025-06-20 10:18:12.950898,1616.4,231200.0,285474.0
2025-06-20 10:18:13.624486,1616.4,231200.0,285474.0
2025-06-20 10:18:13.950647,1616.4,231728.0,284026.0
2025-06-20 10:18:14.675230,1616.5,231728.0,284026.0
2025-06-20 10:18:14.954209,1616.9,230552.0,283207.0
2025-06-20 10:18:15.620061,1616.9,230552.0,283207.0
2025-06-20 10:18:15.962205,1616.9,231345.0,282987.0
2025-06-20 10:18:16.621819,1616.9,231345.0,282987.0
2025-06-20 10:18:16.953865,1616.9,231467.0,283290.0
2025-06-20 10:18:17.623651,1616.9,231467.0,283290.0
2025-06-20 10:18:17.953680,1616.9,231468.0,282141.0
2025-06-20 10:18:18.956931,1616.9,231912.0,284200.0
2025-06-20 10:18:19.625459,1616.8,231912.0,284200.0
2025-06-20 10:18:19.955405,1616.8,231827.0,284182.0
2025-06-20 10:18:20.624578,1617.1,231827.0,284182.0
2025-06-20 10:18:20.957305,1617.1,231220.0,283555.0
2025-06-20 10:18:21.623965,1617.0,231220.0,283555.0
2025-06-20 10:18:21.867213,1617.0,230193.0,284828.0
2025-06-20 10:18:22.866713,1617.0,230310.0,284436.0
2025-06-20 10:18:23.623875,1616.7,230310.0,284436.0
2025-06-20 10:18:23.915704,1616.9,230491.0,285278.0
2025-06-20 10:18:24.623725,1616.8,230491.0,285278.0
2025-06-20 10:18:24.870697,1616.8,231117.0,283166.0
2025-06-20 10:18:25.628685,1617.0,231117.0,283166.0
2025-06-20 10:18:25.865872,1617.0,231518.0,282098.0
2025-06-20 10:18:26.654120,1617.4,231518.0,282098.0
2025-06-20 10:18:26.872427,1616.7,230480.0,284943.0
2025-06-20 10:18:27.624553,1616.7,230480.0,284943.0
2025-06-20 10:18:27.871423,1616.5,230983.0,284993.0
2025-06-20 10:18:28.625730,1617.0,230983.0,284993.0
2025-06-20 10:18:28.757439,1617.0,231411.0,285441.0
2025-06-20 10:18:29.623271,1617.0,231411.0,285441.0
2025-06-20 10:18:29.759387,1617.0,230427.0,285934.0
2025-06-20 10:18:30.761628,1617.0,231158.0,286722.0
2025-06-20 10:18:31.630101,1616.7,231158.0,286722.0
2025-06-20 10:18:31.759344,1616.7,231179.0,286604.0
2025-06-20 10:18:32.626651,1616.5,231179.0,286604.0
2025-06-20 10:18:32.761686,1616.5,231147.0,286760.0
2025-06-20 10:18:33.760298,1616.5,231297.0,286639.0
2025-06-20 10:18:34.669029,1616.5,231379.0,286339.0
2025-06-20 10:18:35.662981,1616.5,231462.0,286132.0
2025-06-20 10:18:36.625584,1616.6,231462.0,286132.0
2025-06-20 10:18:36.667120,1616.6,230906.0,287301.0
2025-06-20 10:18:37.624328,1616.3,230906.0,287301.0
2025-06-20 10:18:37.665134,1616.3,228999.0,287143.0
2025-06-20 10:18:38.627117,1617.0,228999.0,287143.0
2025-06-20 10:18:38.662901,1617.0,229622.0,284535.0
2025-06-20 10:18:39.624847,1617.0,229622.0,284535.0
2025-06-20 10:18:39.666512,1617.0,230018.0,284922.0
2025-06-20 10:18:40.630455,1616.5,230018.0,284922.0
2025-06-20 10:18:40.665718,1616.5,229914.0,284544.0
2025-06-20 10:18:41.324553,1616.5,229914.0,284544.0
2025-06-20 10:18:41.625420,1616.6,229914.0,284544.0
2025-06-20 10:18:41.665789,1616.6,229917.0,283904.0
2025-06-20 10:18:41.669878,1616.6,229917.0,283904.0
2025-06-20 10:18:42.119916,1616.6,229917.0,283904.0
2025-06-20 10:18:42.718711,1616.6,229928.0,283929.0
2025-06-20 10:18:42.727575,1616.6,229928.0,283929.0
2025-06-20 10:18:43.288928,1616.6,229928.0,283929.0
2025-06-20 10:18:43.665325,1616.6,229945.0,284851.0
2025-06-20 10:18:43.939852,1616.6,229945.0,284851.0
2025-06-20 10:18:44.429605,1616.6,229945.0,284851.0
2025-06-20 10:18:44.695097,1617.0,229945.0,284851.0
2025-06-20 10:18:44.738099,1617.0,229994.0,284847.0
2025-06-20 10:18:45.004151,1617.0,229994.0,284847.0
2025-06-20 10:18:45.421457,1617.0,229994.0,284847.0
2025-06-20 10:18:45.574554,1616.5,228797.0,285767.0
2025-06-20 10:18:45.644167,1616.5,228797.0,285767.0
2025-06-20 10:18:46.329461,1616.5,228797.0,285767.0
2025-06-20 10:18:46.567550,1616.5,229442.0,285725.0
2025-06-20 10:18:47.580104,1616.9,229274.0,285553.0
2025-06-20 10:18:47.624859,1616.9,229274.0,285553.0
2025-06-20 10:18:47.679213,1616.9,229274.0,285553.0
2025-06-20 10:18:48.583260,1617.0,230552.0,283652.0
2025-06-20 10:18:48.627630,1617.0,230552.0,283652.0
2025-06-20 10:18:48.664844,1617.0,230552.0,283652.0
2025-06-20 10:18:49.583790,1616.9,229687.0,286026.0
2025-06-20 10:18:49.652879,1616.9,229687.0,286026.0
2025-06-20 10:18:50.199959,1616.9,229687.0,286026.0
2025-06-20 10:18:50.580234,1616.9,230196.0,285785.0
2025-06-20 10:18:50.627961,1616.9,230196.0,285785.0
2025-06-20 10:18:51.444414,1616.9,230196.0,285785.0
2025-06-20 10:18:51.575673,1616.9,229670.0,285350.0
2025-06-20 10:18:52.472056,1617.5,230246.0,284283.0
2025-06-20 10:18:52.624387,1617.5,230246.0,284283.0
2025-06-20 10:18:52.759095,1617.5,230246.0,284283.0
2025-06-20 10:18:53.473492,1617.5,232266.0,284703.0
2025-06-20 10:18:54.394405,1617.5,232266.0,284703.0
2025-06-20 10:18:54.472832,1616.8,231295.0,283819.0
2025-06-20 10:18:54.640809,1617.9,231295.0,283819.0
2025-06-20 10:18:55.472914,1617.9,232402.0,283069.0
2025-06-20 10:18:55.643719,1618.0,232402.0,283069.0
2025-06-20 10:18:56.473417,1618.0,231481.0,280838.0
2025-06-20 10:18:56.626743,1618.0,231481.0,280838.0
2025-06-20 10:18:57.472638,1617.6,230520.0,281887.0
2025-06-20 10:18:57.635235,1617.9,230520.0,281887.0
2025-06-20 10:18:58.387393,1617.9,222152.0,286042.0
2025-06-20 10:18:59.432332,1617.5,228850.0,287628.0
2025-06-20 10:18:59.641901,1617.5,228850.0,287628.0
2025-06-20 10:19:00.390762,1617.2,230399.0,286092.0
2025-06-20 10:19:00.627019,1617.2,230399.0,286092.0
2025-06-20 10:19:01.591542,1617.2,231638.0,288194.0
2025-06-20 10:19:01.630543,1617.2,231638.0,288194.0
2025-06-20 10:19:02.677113,1617.2,231353.0,288072.0
2025-06-20 10:19:03.781479,1617.2,230095.0,288992.0
2025-06-20 10:19:04.637012,1617.0,230095.0,288992.0
2025-06-20 10:19:04.784014,1617.0,231090.0,288175.0
2025-06-20 10:19:05.638390,1617.0,231090.0,288175.0
2025-06-20 10:19:05.881600,1617.3,231403.0,289011.0
2025-06-20 10:19:06.629029,1617.0,231403.0,289011.0
2025-06-20 10:19:06.980219,1617.0,230005.0,289340.0
2025-06-20 10:19:08.081510,1617.1,230245.0,289607.0
2025-06-20 10:19:08.624688,1617.1,230245.0,289607.0
2025-06-20 10:19:09.090140,1617.1,230442.0,289802.0
2025-06-20 10:19:09.626672,1617.1,230442.0,289802.0
2025-06-20 10:19:10.080952,1617.1,226763.0,289477.0
2025-06-20 10:19:10.662096,1617.0,226763.0,289477.0
2025-06-20 10:19:11.082262,1617.0,230393.0,289746.0
2025-06-20 10:19:12.185166,1617.1,230793.0,289342.0
2025-06-20 10:19:12.627053,1617.1,230793.0,289342.0
2025-06-20 10:19:13.282593,1617.1,230517.0,290823.0
2025-06-20 10:19:13.642659,1617.1,230517.0,290823.0
2025-06-20 10:19:14.400562,1617.1,230668.0,290619.0
2025-06-20 10:19:14.636482,1617.0,230668.0,290619.0
2025-06-20 10:19:15.484294,1617.0,230964.0,289989.0
2025-06-20 10:19:15.648142,1617.0,230964.0,289989.0
2025-06-20 10:19:16.593092,1617.3,231134.0,288416.0
2025-06-20 10:19:16.641769,1617.3,231134.0,288416.0
2025-06-20 10:19:17.638743,1616.8,231134.0,288416.0
2025-06-20 10:19:17.685752,1616.8,232814.0,289713.0
2025-06-20 10:19:18.737283,1617.7,232814.0,289713.0
2025-06-20 10:19:18.832228,1617.7,233864.0,286574.0
2025-06-20 10:19:19.896820,1617.8,233847.0,285687.0
2025-06-20 10:19:20.658956,1617.8,233847.0,285687.0
2025-06-20 10:19:20.991145,1617.8,233890.0,286344.0
2025-06-20 10:19:22.091884,1617.3,231558.0,290797.0
2025-06-20 10:19:22.646996,1617.3,231558.0,290797.0
2025-06-20 10:19:23.190923,1617.1,232581.0,290536.0
2025-06-20 10:19:23.636307,1617.1,232581.0,290536.0
2025-06-20 10:19:24.292516,1617.1,232278.0,291535.0
2025-06-20 10:19:25.406835,1617.1,233576.0,291013.0
2025-06-20 10:19:25.686917,1617.1,233576.0,291013.0
2025-06-20 10:19:26.495722,1616.8,234050.0,289880.0
2025-06-20 10:19:26.668272,1617.1,234050.0,289880.0
2025-06-20 10:19:27.596766,1617.4,234469.0,288926.0
2025-06-20 10:19:27.684557,1617.4,234469.0,288926.0
2025-06-20 10:19:28.685066,1617.2,234469.0,288926.0
2025-06-20 10:19:28.693854,1617.2,233422.0,288560.0
2025-06-20 10:19:29.875573,1617.4,233422.0,288560.0
2025-06-20 10:19:29.886277,1617.0,232954.0,289330.0
2025-06-20 10:19:30.634745,1617.4,232954.0,289330.0
2025-06-20 10:19:30.910354,1617.4,233010.0,289383.0
2025-06-20 10:19:31.641199,1617.3,233010.0,289383.0
2025-06-20 10:19:32.001157,1617.3,233436.0,289186.0
2025-06-20 10:19:32.641815,1617.3,233436.0,289186.0
2025-06-20 10:19:33.101161,1617.3,233673.0,289184.0
2025-06-20 10:19:33.651331,1616.9,233673.0,289184.0
2025-06-20 10:19:34.206648,1617.1,233057.0,290617.0
2025-06-20 10:19:34.634544,1617.1,233057.0,290617.0
2025-06-20 10:19:35.206381,1617.0,232207.0,291090.0
2025-06-20 10:19:35.641808,1617.0,232207.0,291090.0
2025-06-20 10:19:36.303385,1617.0,234118.0,287534.0
2025-06-20 10:19:36.634971,1617.0,234118.0,287534.0
2025-06-20 10:19:37.504723,1617.0,233743.0,286116.0
2025-06-20 10:19:38.504107,1617.0,232864.0,289009.0
2025-06-20 10:19:39.611282,1617.0,233001.0,289670.0
2025-06-20 10:19:40.902617,1617.0,232980.0,289201.0
2025-06-20 10:19:40.906281,1617.0,232980.0,289201.0
2025-06-20 10:19:41.668122,1617.4,232127.0,288787.0
2025-06-20 10:19:41.671956,1617.4,232127.0,288787.0
2025-06-20 10:19:42.640940,1616.9,232127.0,288787.0
2025-06-20 10:19:42.715993,1616.9,232426.0,290350.0
2025-06-20 10:19:43.806069,1617.0,231349.0,291416.0
2025-06-20 10:19:44.630267,1616.8,231349.0,291416.0
2025-06-20 10:19:44.922021,1616.8,232148.0,291725.0
2025-06-20 10:19:45.634301,1616.8,232148.0,291725.0
2025-06-20 10:19:46.011504,1616.8,232284.0,291670.0
2025-06-20 10:19:46.636751,1616.8,232284.0,291670.0
2025-06-20 10:19:47.113744,1616.8,231424.0,291492.0
2025-06-20 10:19:47.637137,1616.7,231424.0,291492.0
2025-06-20 10:19:48.126416,1616.7,230199.0,293064.0
2025-06-20 10:19:48.634773,1616.8,230199.0,293064.0
2025-06-20 10:19:49.218860,1616.8,230069.0,293820.0
2025-06-20 10:19:50.321507,1616.8,231127.0,293465.0
2025-06-20 10:19:50.636326,1616.7,231127.0,293465.0
2025-06-20 10:19:51.430638,1616.7,231170.0,292338.0
2025-06-20 10:19:52.519807,1616.7,230988.0,292853.0
2025-06-20 10:19:52.696730,1616.7,230988.0,292853.0
2025-06-20 10:19:53.523097,1616.6,230523.0,292855.0
2025-06-20 10:19:53.635334,1616.6,230523.0,292855.0
2025-06-20 10:19:54.622703,1616.6,230870.0,292991.0
2025-06-20 10:19:55.724192,1616.6,230887.0,292875.0
2025-06-20 10:19:56.833470,1616.6,230898.0,292769.0
2025-06-20 10:19:57.934713,1616.6,231065.0,292291.0
2025-06-20 10:19:58.632723,1616.5,231065.0,292291.0
2025-06-20 10:19:58.931774,1616.5,229375.0,292985.0
2025-06-20 10:19:59.634960,1616.2,229375.0,292985.0
2025-06-20 10:20:00.027587,1616.2,229533.0,294117.0
2025-06-20 10:20:01.673507,1616.9,229533.0,294117.0
2025-06-20 10:20:02.130077,1616.9,233726.0,287168.0
2025-06-20 10:20:02.638217,1616.9,233726.0,287168.0
2025-06-20 10:20:03.130996,1616.9,233647.0,287217.0
2025-06-20 10:20:03.637865,1617.0,233647.0,287217.0
2025-06-20 10:20:04.132165,1617.0,234842.0,286634.0
2025-06-20 10:20:04.637350,1617.0,234842.0,286634.0
2025-06-20 10:20:05.639504,1617.1,234842.0,286634.0
2025-06-20 10:20:06.034408,1617.4,234223.0,285416.0
2025-06-20 10:20:06.636936,1617.5,234223.0,285416.0
2025-06-20 10:20:06.935500,1617.5,234370.0,285892.0
2025-06-20 10:20:07.636330,1617.5,234370.0,285892.0
2025-06-20 10:20:07.934504,1617.5,234511.0,285767.0
2025-06-20 10:20:08.640133,1617.5,234511.0,285767.0
2025-06-20 10:20:08.838049,1617.5,233321.0,286137.0
2025-06-20 10:20:09.742140,1617.5,225102.0,286751.0
2025-06-20 10:20:10.637433,1617.4,225102.0,286751.0
2025-06-20 10:20:10.743061,1617.4,232257.0,287235.0
2025-06-20 10:20:11.681742,1617.4,232257.0,287235.0
2025-06-20 10:20:11.751620,1617.4,231163.0,288487.0
2025-06-20 10:20:12.681231,1617.4,232085.0,288840.0
2025-06-20 10:20:13.750769,1617.4,231929.0,287985.0
2025-06-20 10:20:14.648347,1617.4,231929.0,287985.0
2025-06-20 10:20:14.690465,1617.4,231586.0,287984.0
2025-06-20 10:20:15.673875,1617.4,232160.0,286953.0
2025-06-20 10:20:16.545696,1617.1,231421.0,288570.0
2025-06-20 10:20:16.639354,1617.1,231421.0,288570.0
2025-06-20 10:20:17.540706,1617.1,231748.0,288650.0
2025-06-20 10:20:18.442444,1617.4,231727.0,288764.0
2025-06-20 10:20:18.638758,1617.4,231727.0,288764.0
2025-06-20 10:20:19.348848,1617.4,232110.0,287029.0
2025-06-20 10:20:20.358285,1617.0,232109.0,287934.0
2025-06-20 10:20:20.637290,1617.4,232109.0,287934.0
2025-06-20 10:20:21.351917,1617.4,231984.0,288087.0
2025-06-20 10:20:22.246155,1617.4,232054.0,288418.0
2025-06-20 10:20:22.636330,1617.1,232054.0,288418.0
2025-06-20 10:20:23.246286,1617.1,232494.0,288278.0
2025-06-20 10:20:23.642025,1617.0,232494.0,288278.0
2025-06-20 10:20:24.147350,1617.4,232322.0,288335.0
2025-06-20 10:20:24.642845,1617.4,232322.0,288335.0
2025-06-20 10:20:25.467574,1617.4,232356.0,288395.0
2025-06-20 10:20:26.448283,1617.4,233080.0,288350.0
2025-06-20 10:20:27.458525,1617.3,233514.0,288575.0
2025-06-20 10:20:27.699525,1617.3,233514.0,288575.0
2025-06-20 10:20:28.548952,1617.3,234092.0,287723.0
2025-06-20 10:20:29.462590,1617.3,233263.0,287808.0
2025-06-20 10:20:29.638716,1617.3,233263.0,287808.0
2025-06-20 10:20:30.366805,1617.3,231170.0,287827.0
2025-06-20 10:20:31.366110,1617.3,231278.0,287776.0
2025-06-20 10:20:32.456750,1617.5,232823.0,284197.0
2025-06-20 10:20:32.704736,1617.5,232823.0,284197.0
2025-06-20 10:20:33.454227,1617.5,232597.0,283540.0
2025-06-20 10:20:34.579798,1617.6,232709.0,284663.0
2025-06-20 10:20:34.637891,1617.6,232709.0,284663.0
2025-06-20 10:20:35.393308,1617.6,232802.0,284702.0
2025-06-20 10:20:36.467544,1617.6,232640.0,282065.0
2025-06-20 10:20:37.459016,1617.6,232598.0,283750.0
2025-06-20 10:20:37.647382,1617.6,232598.0,283750.0
2025-06-20 10:20:38.401918,1617.5,232024.0,283791.0
2025-06-20 10:20:38.641290,1617.5,232024.0,283791.0
2025-06-20 10:20:39.459492,1617.5,232067.0,283897.0
2025-06-20 10:20:40.469255,1617.5,231503.0,284285.0
2025-06-20 10:20:40.643107,1617.5,231503.0,284285.0
2025-06-20 10:20:41.566729,1617.5,231621.0,283937.0
2025-06-20 10:20:42.563691,1617.5,231728.0,283943.0
2025-06-20 10:20:42.640776,1617.5,231728.0,283943.0
2025-06-20 10:20:43.562323,1617.5,231082.0,284176.0
2025-06-20 10:20:43.644309,1617.5,231082.0,284176.0
2025-06-20 10:20:44.566329,1617.6,232323.0,284025.0
2025-06-20 10:20:44.643105,1617.6,232323.0,284025.0
2025-06-20 10:20:45.566491,1617.8,233103.0,282753.0
2025-06-20 10:20:45.657280,1617.9,233103.0,282753.0
2025-06-20 10:20:46.565653,1617.8,231889.0,284461.0
2025-06-20 10:20:46.640658,1617.8,231889.0,284461.0
2025-06-20 10:20:47.564483,1617.8,231780.0,284444.0
2025-06-20 10:20:47.643484,1617.8,231780.0,284444.0
2025-06-20 10:20:48.566837,1617.6,231622.0,284891.0
2025-06-20 10:20:48.641313,1617.6,231622.0,284891.0
2025-06-20 10:20:49.623770,1617.6,229845.0,288627.0
2025-06-20 10:20:49.696932,1617.5,229845.0,288627.0
2025-06-20 10:20:50.570404,1617.2,229549.0,290580.0
2025-06-20 10:20:50.677114,1617.2,229549.0,290580.0
2025-06-20 10:20:51.567376,1617.2,231975.0,289848.0
2025-06-20 10:20:52.642700,1617.4,231975.0,289848.0
2025-06-20 10:20:52.677092,1617.4,232284.0,288563.0
2025-06-20 10:20:53.673345,1617.4,232196.0,288681.0
2025-06-20 10:20:54.670486,1617.4,232155.0,288722.0
2025-06-20 10:20:55.772387,1617.4,232419.0,288897.0
2025-06-20 10:20:56.642234,1617.2,232419.0,288897.0
2025-06-20 10:20:56.911042,1617.2,232250.0,289492.0
2025-06-20 10:20:57.973359,1617.2,232326.0,289262.0
2025-06-20 10:20:59.073284,1617.1,231218.0,290161.0
2025-06-20 10:20:59.650321,1617.2,231218.0,290161.0
2025-06-20 10:21:00.074842,1617.2,231456.0,289797.0
2025-06-20 10:21:01.272770,1617.4,231641.0,289716.0
2025-06-20 10:21:01.647798,1617.4,231641.0,289716.0
2025-06-20 10:21:02.177248,1617.0,231817.0,289792.0
2025-06-20 10:21:02.651214,1617.0,231817.0,289792.0
2025-06-20 10:21:03.173167,1617.0,233895.0,285291.0
2025-06-20 10:21:04.073146,1617.3,234016.0,284904.0
2025-06-20 10:21:04.654735,1617.3,234016.0,284904.0
2025-06-20 10:21:05.073331,1617.2,234548.0,286989.0
2025-06-20 10:21:05.645259,1617.2,234548.0,286989.0
2025-06-20 10:21:06.075903,1617.2,232626.0,288845.0
2025-06-20 10:21:06.640922,1617.2,232626.0,288845.0
2025-06-20 10:21:06.976293,1617.2,233427.0,288907.0
2025-06-20 10:21:07.671198,1617.1,233427.0,288907.0
2025-06-20 10:21:08.173233,1617.0,233576.0,288458.0
2025-06-20 10:21:08.643507,1617.0,233576.0,288458.0
2025-06-20 10:21:09.076434,1617.3,233482.0,288709.0
2025-06-20 10:21:09.643069,1617.3,233482.0,288709.0
2025-06-20 10:21:10.113330,1617.3,232139.0,291631.0
2025-06-20 10:21:10.982886,1617.3,232211.0,291520.0
2025-06-20 10:21:11.642192,1616.9,232211.0,291520.0
2025-06-20 10:21:11.990514,1617.1,230946.0,291185.0
2025-06-20 10:21:12.644344,1617.0,230946.0,291185.0
2025-06-20 10:21:12.893051,1617.0,231824.0,290846.0
2025-06-20 10:21:13.657666,1616.7,231824.0,290846.0
2025-06-20 10:21:13.780174,1616.7,231416.0,291501.0
2025-06-20 10:21:14.651018,1617.1,231416.0,291501.0
2025-06-20 10:21:14.793568,1617.1,231243.0,291122.0
2025-06-20 10:21:15.707152,1617.1,231243.0,291016.0
2025-06-20 10:21:16.654702,1617.1,231243.0,291016.0
2025-06-20 10:21:16.686663,1617.1,232369.0,290742.0
2025-06-20 10:21:17.584859,1617.1,232344.0,290914.0
2025-06-20 10:21:18.583705,1617.1,232407.0,290959.0
2025-06-20 10:21:19.582759,1617.1,232357.0,291151.0
2025-06-20 10:21:20.485463,1616.7,232220.0,291519.0
2025-06-20 10:21:20.656454,1616.7,232220.0,291519.0
2025-06-20 10:21:21.616012,1616.7,232138.0,292586.0
2025-06-20 10:21:22.487991,1616.7,232213.0,293023.0
2025-06-20 10:21:23.623072,1616.4,231526.0,293561.0
2025-06-20 10:21:23.658043,1616.4,231526.0,293561.0
2025-06-20 10:21:24.411443,1616.4,231420.0,293104.0
2025-06-20 10:21:25.295123,1616.4,231274.0,292891.0
2025-06-20 10:21:25.653957,1616.9,231274.0,292891.0
2025-06-20 10:21:26.292761,1616.9,231015.0,292569.0
2025-06-20 10:21:26.645445,1616.4,231015.0,292569.0
2025-06-20 10:21:27.295282,1616.4,231545.0,293036.0
2025-06-20 10:21:28.293388,1616.6,231367.0,293616.0
2025-06-20 10:21:28.649701,1616.6,231367.0,293616.0
2025-06-20 10:21:29.294672,1616.6,231457.0,293367.0
2025-06-20 10:21:29.651416,1617.4,231457.0,293367.0
2025-06-20 10:21:30.193598,1617.4,233071.0,289403.0
2025-06-20 10:21:31.195026,1617.4,232805.0,289877.0
2025-06-20 10:21:32.321971,1617.4,233094.0,289450.0
2025-06-20 10:21:32.669284,1617.4,233094.0,289450.0
2025-06-20 10:21:33.198020,1617.5,232493.0,289186.0
2025-06-20 10:21:33.651298,1617.1,232493.0,289186.0
2025-06-20 10:21:34.197126,1617.2,230913.0,291237.0
2025-06-20 10:21:34.641170,1617.2,230913.0,291237.0
2025-06-20 10:21:35.095889,1617.2,230857.0,288138.0
2025-06-20 10:21:36.093489,1617.5,231105.0,289788.0
2025-06-20 10:21:36.643381,1617.5,231105.0,289788.0
2025-06-20 10:21:37.116186,1617.6,231666.0,287709.0
2025-06-20 10:21:37.692030,1617.6,231666.0,287709.0
2025-06-20 10:21:37.906076,1617.6,232292.0,287967.0
2025-06-20 10:21:38.642188,1617.2,232292.0,287967.0
2025-06-20 10:21:38.793325,1617.2,231155.0,291634.0
2025-06-20 10:21:39.695106,1617.2,231197.0,291762.0
2025-06-20 10:21:40.644336,1617.0,231197.0,291762.0
2025-06-20 10:21:40.694893,1617.0,231453.0,291888.0
2025-06-20 10:21:41.599028,1617.4,231640.0,291065.0
2025-06-20 10:21:41.642800,1617.4,231640.0,291065.0
2025-06-20 10:21:41.838153,1617.4,231640.0,291065.0
2025-06-20 10:21:42.170199,1617.4,231640.0,291065.0
2025-06-20 10:21:42.599450,1617.4,231629.0,291067.0
2025-06-20 10:21:42.794029,1617.4,231629.0,291067.0
2025-06-20 10:21:43.080071,1617.4,231629.0,291067.0
2025-06-20 10:21:43.502093,1617.4,231494.0,290905.0
2025-06-20 10:21:43.721214,1617.4,231494.0,290905.0
2025-06-20 10:21:44.384798,1617.4,231494.0,290905.0
2025-06-20 10:21:44.499930,1617.0,231658.0,291113.0
2025-06-20 10:21:44.645676,1617.0,231658.0,291113.0
2025-06-20 10:21:44.836312,1617.0,231658.0,291113.0
2025-06-20 10:21:45.456705,1617.0,231658.0,291113.0
2025-06-20 10:21:45.504314,1617.0,231364.0,290340.0
2025-06-20 10:21:45.819489,1617.0,231364.0,290340.0
2025-06-20 10:21:46.650436,1617.0,231329.0,290427.0
2025-06-20 10:21:46.813699,1617.0,231329.0,290427.0
2025-06-20 10:21:47.648298,1617.0,231329.0,290427.0
2025-06-20 10:21:47.700877,1617.0,231298.0,290461.0
2025-06-20 10:21:48.133397,1617.0,231298.0,290461.0
2025-06-20 10:21:48.806935,1617.0,231323.0,290491.0
2025-06-20 10:21:49.111083,1617.0,231323.0,290491.0
2025-06-20 10:21:49.692072,1617.4,231323.0,290491.0
2025-06-20 10:21:49.703287,1617.4,230393.0,290558.0
2025-06-20 10:21:50.668708,1617.4,230393.0,290558.0
2025-06-20 10:21:50.696415,1617.4,230393.0,290558.0
2025-06-20 10:21:50.721212,1617.4,231365.0,290057.0
2025-06-20 10:21:51.694018,1617.6,231365.0,290057.0
2025-06-20 10:21:51.706475,1617.6,231361.0,290149.0
2025-06-20 10:21:51.940137,1617.6,231361.0,290149.0
2025-06-20 10:21:52.707649,1617.6,231361.0,290149.0
2025-06-20 10:21:52.806218,1617.6,231127.0,290020.0
2025-06-20 10:21:53.191273,1617.6,231127.0,290020.0
2025-06-20 10:21:53.643173,1617.4,231127.0,290020.0
2025-06-20 10:21:53.937992,1617.4,230816.0,290527.0
2025-06-20 10:21:54.664981,1617.1,230816.0,290527.0
2025-06-20 10:21:54.790933,1617.1,230816.0,290527.0
2025-06-20 10:21:54.941967,1617.1,230879.0,291195.0
2025-06-20 10:21:56.011493,1617.1,229988.0,291258.0
2025-06-20 10:21:56.657706,1617.1,229988.0,291258.0
2025-06-20 10:21:57.109470,1617.0,229851.0,293635.0
2025-06-20 10:21:57.650758,1617.1,229851.0,293635.0
2025-06-20 10:21:58.110058,1617.1,230546.0,293016.0
2025-06-20 10:21:59.211957,1617.0,230762.0,293023.0
2025-06-20 10:21:59.700213,1617.1,230762.0,293023.0
2025-06-20 10:22:00.210806,1617.1,230684.0,292321.0
2025-06-20 10:22:01.112180,1617.0,230874.0,292111.0
2025-06-20 10:22:01.662461,1617.0,230874.0,292111.0
2025-06-20 10:22:02.685540,1617.0,230874.0,292111.0
2025-06-20 10:22:02.721613,1617.0,230868.0,292027.0
2025-06-20 10:22:03.808373,1617.0,231850.0,291852.0
2025-06-20 10:22:04.924062,1617.0,231570.0,291830.0
2025-06-20 10:22:05.942705,1617.0,231693.0,292120.0
2025-06-20 10:22:06.653004,1617.0,231693.0,292120.0
2025-06-20 10:22:06.810732,1617.0,231962.0,291527.0
2025-06-20 10:22:08.026889,1617.0,230633.0,291145.0
2025-06-20 10:22:08.721972,1617.0,230633.0,291145.0
2025-06-20 10:22:09.010850,1617.0,231290.0,292134.0
2025-06-20 10:22:10.119293,1617.0,231399.0,292089.0
2025-06-20 10:22:11.513677,1617.0,231418.0,293572.0
2025-06-20 10:22:12.213801,1617.0,231775.0,293794.0
2025-06-20 10:22:13.217646,1617.0,231840.0,293759.0
2025-06-20 10:22:14.324702,1616.9,231487.0,293766.0
2025-06-20 10:22:14.669146,1616.9,231487.0,293766.0
2025-06-20 10:22:15.430427,1616.9,231440.0,293680.0
2025-06-20 10:22:16.518590,1616.9,231594.0,292855.0
2025-06-20 10:22:16.652542,1616.9,231594.0,292855.0
2025-06-20 10:22:17.520069,1616.5,231800.0,293077.0
2025-06-20 10:22:17.653421,1616.5,231800.0,293077.0
2025-06-20 10:22:18.929250,1616.5,231799.0,293120.0
2025-06-20 10:22:19.649341,1616.9,231799.0,293120.0
2025-06-20 10:22:20.123621,1616.9,231886.0,293144.0
2025-06-20 10:22:20.650290,1616.6,231886.0,293144.0
2025-06-20 10:22:21.219544,1616.9,231785.0,292918.0
2025-06-20 10:22:21.660050,1616.5,231785.0,292918.0
2025-06-20 10:22:22.324720,1616.5,232065.0,292666.0
2025-06-20 10:22:23.433795,1616.5,232186.0,292650.0
2025-06-20 10:22:24.326175,1616.9,232047.0,293436.0
2025-06-20 10:22:24.654394,1616.9,232047.0,293436.0
2025-06-20 10:22:25.522007,1616.9,231773.0,294146.0
2025-06-20 10:22:26.432901,1616.3,231595.0,294303.0
2025-06-20 10:22:26.651120,1616.3,231595.0,294303.0
2025-06-20 10:22:27.524168,1616.3,231993.0,293985.0
2025-06-20 10:22:28.524218,1616.3,231962.0,293985.0
2025-06-20 10:22:29.678452,1616.3,231004.0,294835.0
2025-06-20 10:22:29.686122,1616.3,231004.0,294835.0
2025-06-20 10:22:30.720319,1616.7,230541.0,294491.0
2025-06-20 10:22:31.173895,1616.7,230541.0,294491.0
2025-06-20 10:22:31.674134,1616.3,230541.0,294491.0
2025-06-20 10:22:31.826215,1616.8,230541.0,294474.0
2025-06-20 10:22:32.662699,1616.8,230541.0,294474.0
2025-06-20 10:22:32.726633,1616.8,230518.0,294523.0
2025-06-20 10:22:33.827063,1616.8,230484.0,294627.0
2025-06-20 10:22:34.719270,1616.5,230484.0,294627.0
2025-06-20 10:22:34.941685,1616.5,230184.0,294841.0
2025-06-20 10:22:35.652702,1616.5,230184.0,294841.0
2025-06-20 10:22:36.129068,1616.5,229860.0,295737.0
2025-06-20 10:22:36.651439,1616.5,229860.0,295737.0
2025-06-20 10:22:37.133786,1616.5,230686.0,295497.0
2025-06-20 10:22:38.231515,1616.5,230582.0,295092.0
2025-06-20 10:22:39.242421,1616.8,231292.0,294759.0
2025-06-20 10:22:39.657634,1616.8,231292.0,294759.0
2025-06-20 10:22:40.239735,1616.8,231262.0,294725.0
2025-06-20 10:22:40.733742,1616.5,231262.0,294725.0
2025-06-20 10:22:41.239963,1616.5,232027.0,295130.0
2025-06-20 10:22:41.700517,1616.6,232027.0,295130.0
2025-06-20 10:22:42.340724,1616.6,232504.0,292903.0
2025-06-20 10:22:42.697464,1616.8,232504.0,292903.0
2025-06-20 10:22:43.443182,1616.8,232975.0,293683.0
2025-06-20 10:22:44.536726,1616.6,232695.0,293848.0
2025-06-20 10:22:44.662270,1616.6,232695.0,293848.0
2025-06-20 10:22:45.538989,1616.6,232376.0,294831.0
2025-06-20 10:22:45.651174,1616.6,232376.0,294831.0
2025-06-20 10:22:46.655526,1617.1,232376.0,294831.0
2025-06-20 10:22:46.738430,1617.1,234240.0,290411.0
2025-06-20 10:22:47.656522,1616.8,234240.0,290411.0
2025-06-20 10:22:47.744187,1617.4,232792.0,290876.0
2025-06-20 10:22:48.658517,1617.4,232792.0,290876.0
2025-06-20 10:22:48.835325,1617.4,233905.0,289129.0
2025-06-20 10:22:49.655104,1616.8,233905.0,289129.0
2025-06-20 10:22:50.036117,1616.8,233270.0,291095.0
2025-06-20 10:22:50.945046,1616.8,233115.0,291089.0
2025-06-20 10:22:51.946884,1616.8,231976.0,291065.0
2025-06-20 10:22:52.655160,1617.4,231976.0,291065.0
2025-06-20 10:22:52.951694,1617.4,231631.0,292366.0
2025-06-20 10:22:53.655433,1617.1,231631.0,292366.0
2025-06-20 10:22:53.840084,1617.1,231751.0,292521.0
2025-06-20 10:22:54.655102,1617.1,231751.0,292521.0
2025-06-20 10:22:55.003565,1617.1,231672.0,291876.0
2025-06-20 10:22:55.954643,1617.3,231723.0,292179.0
2025-06-20 10:22:56.654956,1617.3,231723.0,292179.0
2025-06-20 10:22:57.042366,1616.8,231663.0,291665.0
2025-06-20 10:22:57.655812,1616.8,231663.0,291665.0
2025-06-20 10:22:58.098469,1617.2,231989.0,291836.0
2025-06-20 10:22:58.677175,1617.2,231989.0,291836.0
2025-06-20 10:22:59.045448,1616.8,232342.0,292562.0
2025-06-20 10:22:59.652696,1617.0,232342.0,292562.0
2025-06-20 10:23:00.044959,1617.0,232023.0,292121.0
2025-06-20 10:23:01.244970,1616.8,232074.0,291854.0
2025-06-20 10:23:01.653934,1616.8,232074.0,291854.0
2025-06-20 10:23:02.244137,1616.6,232504.0,292768.0
2025-06-20 10:23:02.651604,1616.6,232504.0,292768.0
2025-06-20 10:23:03.145501,1616.6,232374.0,294964.0
2025-06-20 10:23:04.155825,1616.9,232730.0,294744.0
2025-06-20 10:23:04.658591,1616.9,232730.0,294744.0
2025-06-20 10:23:05.151338,1616.9,232418.0,294623.0
2025-06-20 10:23:06.048336,1616.9,232419.0,294691.0
2025-06-20 10:23:06.659472,1616.9,232419.0,294691.0
2025-06-20 10:23:07.948054,1616.9,231647.0,295310.0
2025-06-20 10:23:08.654058,1616.6,231647.0,295310.0
2025-06-20 10:23:08.954788,1616.8,230195.0,297956.0
2025-06-20 10:23:09.703221,1616.8,230195.0,297956.0
2025-06-20 10:23:09.847868,1616.8,229914.0,298006.0
2025-06-20 10:23:10.652797,1616.9,229914.0,298006.0
2025-06-20 10:23:10.746817,1616.9,230135.0,296471.0
2025-06-20 10:23:11.733643,1616.5,230135.0,296471.0
2025-06-20 10:23:11.748795,1616.9,230473.0,296466.0
2025-06-20 10:23:12.658027,1616.9,230473.0,296466.0
2025-06-20 10:23:12.749275,1616.9,230412.0,296874.0
2025-06-20 10:23:13.750714,1616.9,230318.0,298248.0
2025-06-20 10:23:14.654887,1616.5,230318.0,298248.0
2025-06-20 10:23:14.752782,1616.5,230219.0,298289.0
2025-06-20 10:23:15.662600,1616.7,230219.0,298289.0
2025-06-20 10:23:15.752428,1616.7,230269.0,298176.0
2025-06-20 10:23:16.754363,1616.7,230072.0,297855.0
2025-06-20 10:23:17.659161,1616.7,230040.0,297397.0
2025-06-20 10:23:18.711582,1616.7,230040.0,297397.0
2025-06-20 10:23:18.721588,1616.7,229907.0,297408.0
2025-06-20 10:23:19.670262,1616.7,229933.0,297363.0
2025-06-20 10:23:20.654840,1616.6,229933.0,297363.0
2025-06-20 10:23:20.663385,1616.6,230734.0,297351.0
2025-06-20 10:23:21.555641,1616.6,230825.0,296644.0
2025-06-20 10:23:21.659157,1616.6,230825.0,296644.0
2025-06-20 10:23:22.555893,1616.6,230385.0,297139.0
2025-06-20 10:23:23.557034,1616.6,229662.0,297161.0
2025-06-20 10:23:23.654567,1616.6,229662.0,297161.0
2025-06-20 10:23:24.558363,1616.8,229632.0,297267.0
2025-06-20 10:23:24.654788,1616.8,229632.0,297267.0
2025-06-20 10:23:25.559895,1616.6,228892.0,297219.0
2025-06-20 10:23:25.658632,1616.6,228892.0,297219.0
2025-06-20 10:23:26.459586,1616.6,228987.0,297008.0
2025-06-20 10:23:26.654782,1616.8,228987.0,297008.0
2025-06-20 10:23:27.461830,1616.6,229044.0,296554.0
2025-06-20 10:23:27.652294,1616.6,229044.0,296554.0
2025-06-20 10:23:28.497689,1616.8,229578.0,296823.0
2025-06-20 10:23:28.672389,1616.8,229578.0,296823.0
2025-06-20 10:23:29.410700,1616.5,229535.0,296780.0
2025-06-20 10:23:29.655964,1616.5,229535.0,296780.0
2025-06-20 10:23:30.373872,1616.5,229301.0,296774.0
2025-06-20 10:23:31.375671,1616.5,229448.0,296838.0
2025-06-20 10:23:32.377501,1616.5,228948.0,298449.0
2025-06-20 10:23:33.586219,1616.5,228953.0,298502.0
2025-06-20 10:23:34.420891,1616.5,228889.0,297053.0
2025-06-20 10:23:35.265095,1616.5,228889.0,297351.0
2025-06-20 10:23:36.177546,1616.6,228873.0,296980.0
2025-06-20 10:23:36.658447,1616.6,228873.0,296980.0
2025-06-20 10:23:37.268819,1616.6,229166.0,297216.0
2025-06-20 10:23:38.269619,1616.6,228851.0,297177.0
2025-06-20 10:23:38.657368,1616.6,228851.0,297177.0
2025-06-20 10:23:39.272458,1616.6,228632.0,297170.0
2025-06-20 10:23:39.656309,1616.6,228632.0,297170.0
2025-06-20 10:23:40.290974,1616.5,229232.0,297359.0
2025-06-20 10:23:40.727012,1616.5,229232.0,297359.0
2025-06-20 10:23:41.172873,1616.5,229229.0,297385.0
2025-06-20 10:23:42.170567,1616.5,228229.0,297452.0
2025-06-20 10:23:43.171714,1616.5,228199.0,297452.0
2025-06-20 10:23:43.658931,1616.5,228199.0,297452.0
2025-06-20 10:23:44.172836,1616.8,228266.0,295295.0
2025-06-20 10:23:44.662089,1616.8,228266.0,295295.0
2025-06-20 10:23:45.074775,1616.8,228381.0,297025.0
2025-06-20 10:23:46.092892,1616.8,228205.0,297169.0
2025-06-20 10:23:46.662411,1616.8,228205.0,297169.0
2025-06-20 10:23:46.973787,1616.8,228224.0,296938.0
2025-06-20 10:23:47.655426,1616.6,228224.0,296938.0
2025-06-20 10:23:47.911154,1616.6,228625.0,297094.0
2025-06-20 10:23:48.666901,1616.5,228625.0,297094.0
2025-06-20 10:23:48.776547,1616.5,228642.0,297139.0
2025-06-20 10:23:49.655604,1616.5,228642.0,297139.0
2025-06-20 10:23:49.776213,1616.5,228573.0,297677.0
2025-06-20 10:23:50.659089,1616.6,228573.0,297677.0
2025-06-20 10:23:50.776399,1616.5,228466.0,298163.0
2025-06-20 10:23:51.657680,1616.5,228466.0,298163.0
2025-06-20 10:23:51.775077,1616.5,228592.0,296830.0
2025-06-20 10:23:52.653936,1616.5,228592.0,296830.0
2025-06-20 10:23:52.776303,1616.5,228563.0,298349.0
2025-06-20 10:23:53.656229,1616.7,228563.0,298349.0
2025-06-20 10:23:53.776522,1616.7,228584.0,297750.0
2025-06-20 10:23:54.662181,1616.6,228584.0,297750.0
2025-06-20 10:23:54.776490,1616.6,228596.0,297869.0
2025-06-20 10:23:55.692433,1616.6,228596.0,297941.0
2025-06-20 10:23:56.659657,1616.4,228596.0,297941.0
2025-06-20 10:23:56.779647,1616.4,228625.0,299309.0
2025-06-20 10:23:57.687991,1616.4,228618.0,299308.0
2025-06-20 10:23:58.583304,1616.4,228139.0,298608.0
2025-06-20 10:23:58.658423,1616.4,228139.0,298608.0
2025-06-20 10:23:59.626081,1616.4,228492.0,298729.0
2025-06-20 10:24:00.582490,1616.4,229190.0,298117.0
2025-06-20 10:24:01.486279,1616.4,229432.0,298319.0
2025-06-20 10:24:01.702409,1616.4,229432.0,298319.0
2025-06-20 10:24:02.632801,1616.9,229565.0,292802.0
2025-06-20 10:24:02.658257,1616.9,229565.0,292802.0
2025-06-20 10:24:03.626205,1616.6,229642.0,294451.0
2025-06-20 10:24:03.660174,1616.6,229642.0,294451.0
2025-06-20 10:24:04.664404,1617.0,229642.0,294451.0
2025-06-20 10:24:04.696925,1617.0,229729.0,294755.0
2025-06-20 10:24:05.664322,1616.5,229729.0,294755.0
2025-06-20 10:24:05.789017,1616.5,230156.0,294703.0
2025-06-20 10:24:06.989955,1616.5,230162.0,294704.0
2025-06-20 10:24:07.722505,1616.5,230162.0,294704.0
2025-06-20 10:24:07.993140,1617.0,229986.0,294688.0
2025-06-20 10:24:08.661780,1617.0,229986.0,294688.0
2025-06-20 10:24:09.128353,1617.0,229942.0,294736.0
2025-06-20 10:24:09.767677,1617.0,229942.0,294736.0
2025-06-20 10:24:10.091156,1617.0,229656.0,294720.0
2025-06-20 10:24:11.196996,1616.5,229661.0,294835.0
2025-06-20 10:24:11.703197,1617.0,229661.0,294835.0
2025-06-20 10:24:12.277382,1617.0,230452.0,293594.0
2025-06-20 10:24:12.841543,1617.0,230452.0,293594.0
2025-06-20 10:24:13.307333,1617.0,230657.0,294095.0
2025-06-20 10:24:14.630322,1616.8,230532.0,294454.0
2025-06-20 10:24:14.713609,1616.8,230532.0,294454.0
2025-06-20 10:24:15.424348,1616.8,230040.0,294675.0
2025-06-20 10:24:16.495614,1616.8,229983.0,289209.0
2025-06-20 10:24:16.747005,1616.8,229983.0,289209.0
2025-06-20 10:24:17.595029,1616.8,230346.0,290086.0
2025-06-20 10:24:18.705891,1616.8,230619.0,290034.0
2025-06-20 10:24:19.797138,1616.8,230198.0,291245.0
2025-06-20 10:24:20.670165,1617.4,230198.0,291245.0
2025-06-20 10:24:20.797548,1617.4,230107.0,290700.0
2025-06-20 10:24:21.662777,1617.4,230107.0,290700.0
2025-06-20 10:24:21.912922,1617.4,232319.0,289268.0
2025-06-20 10:24:22.659090,1617.1,232319.0,289268.0
2025-06-20 10:24:23.000380,1617.1,232174.0,289430.0
2025-06-20 10:24:23.667036,1617.0,232174.0,289430.0
2025-06-20 10:24:24.104036,1617.6,232171.0,289341.0
2025-06-20 10:24:24.668598,1617.3,232171.0,289341.0
2025-06-20 10:24:25.199977,1617.3,230728.0,290238.0
2025-06-20 10:24:26.102899,1616.9,232372.0,289858.0
2025-06-20 10:24:26.659147,1616.9,232372.0,289858.0
2025-06-20 10:24:27.200824,1617.7,232735.0,289436.0
2025-06-20 10:24:27.657209,1617.7,232735.0,289436.0
2025-06-20 10:24:28.377405,1617.7,232252.0,289967.0
2025-06-20 10:24:28.660590,1617.7,232252.0,289967.0
2025-06-20 10:24:29.441627,1617.7,232357.0,288939.0
2025-06-20 10:24:30.506408,1617.7,232198.0,289079.0
2025-06-20 10:24:31.604110,1617.0,231089.0,291026.0
2025-06-20 10:24:31.659928,1617.0,231089.0,291026.0
2025-06-20 10:24:32.605063,1617.0,232041.0,290530.0
2025-06-20 10:24:32.659760,1617.0,232041.0,290530.0
2025-06-20 10:24:33.660557,1617.1,232041.0,290530.0
2025-06-20 10:24:34.205975,1617.1,231649.0,290672.0
2025-06-20 10:24:35.304832,1617.1,231685.0,290993.0
2025-06-20 10:24:36.417195,1617.1,231618.0,291158.0
2025-06-20 10:24:36.665956,1617.1,231618.0,291158.0
2025-06-20 10:24:37.506430,1617.1,231646.0,291401.0
2025-06-20 10:24:38.606635,1617.1,231614.0,291596.0
2025-06-20 10:24:39.659984,1617.1,231614.0,291596.0
2025-06-20 10:24:39.707101,1617.1,231794.0,290727.0
2025-06-20 10:24:40.668262,1617.4,231794.0,290727.0
2025-06-20 10:24:40.808087,1617.4,232059.0,290599.0
2025-06-20 10:24:41.664620,1617.4,232059.0,290599.0
2025-06-20 10:24:42.010598,1617.4,232197.0,290689.0
2025-06-20 10:24:42.291212,1617.4,232197.0,290689.0
2025-06-20 10:24:42.695020,1617.4,232197.0,290689.0
2025-06-20 10:24:42.948242,1617.4,232197.0,290689.0
2025-06-20 10:24:43.011783,1617.4,232064.0,290869.0
2025-06-20 10:24:43.497151,1617.4,232064.0,290869.0
2025-06-20 10:24:43.663193,1616.9,232064.0,290869.0
2025-06-20 10:24:43.781030,1616.9,232064.0,290869.0
2025-06-20 10:24:43.947617,1616.9,230993.0,292424.0
2025-06-20 10:24:44.028764,1616.9,230993.0,292424.0
2025-06-20 10:24:45.010651,1616.9,231108.0,292589.0
2025-06-20 10:24:45.057112,1616.9,231108.0,292589.0
2025-06-20 10:24:45.661589,1616.8,231108.0,292589.0
2025-06-20 10:24:46.061291,1616.8,231108.0,292589.0
2025-06-20 10:24:46.108638,1616.8,231714.0,292008.0
2025-06-20 10:24:46.484523,1616.8,231714.0,292008.0
2025-06-20 10:24:47.212673,1617.1,231639.0,292468.0
2025-06-20 10:24:47.638799,1617.1,231639.0,292468.0
2025-06-20 10:24:47.703325,1617.0,231639.0,292468.0
2025-06-20 10:24:48.311578,1617.0,231682.0,292685.0
2025-06-20 10:24:48.662406,1617.0,231682.0,292685.0
2025-06-20 10:24:48.779609,1617.0,231682.0,292685.0
2025-06-20 10:24:49.214435,1617.0,231771.0,292605.0
2025-06-20 10:24:49.756445,1617.0,231771.0,292605.0
2025-06-20 10:24:50.213481,1616.8,231423.0,292524.0
2025-06-20 10:24:50.660835,1617.0,231423.0,292524.0
2025-06-20 10:24:51.286641,1617.0,231423.0,292524.0
2025-06-20 10:24:51.422468,1616.8,231584.0,292692.0
2025-06-20 10:24:51.659314,1617.4,231584.0,292692.0
2025-06-20 10:24:52.516542,1617.4,231920.0,291981.0
2025-06-20 10:24:52.559204,1617.4,231920.0,291981.0
2025-06-20 10:24:53.515710,1617.0,231921.0,292069.0
2025-06-20 10:24:53.667217,1617.0,231921.0,292069.0
2025-06-20 10:24:53.813917,1617.0,231921.0,292069.0
2025-06-20 10:24:54.720040,1617.0,231253.0,292834.0
2025-06-20 10:24:55.448962,1617.0,231253.0,292834.0
2025-06-20 10:24:55.682728,1616.9,231253.0,292834.0
2025-06-20 10:24:55.814587,1617.0,231680.0,293334.0
2025-06-20 10:24:56.658963,1617.0,231680.0,293334.0
2025-06-20 10:24:56.817713,1617.0,231019.0,292727.0
2025-06-20 10:24:57.951904,1617.2,231194.0,292955.0
2025-06-20 10:24:58.663368,1617.0,231194.0,292955.0
2025-06-20 10:24:59.016331,1617.0,231213.0,293340.0
2025-06-20 10:24:59.662842,1617.0,231213.0,293340.0
2025-06-20 10:25:00.216821,1617.0,231158.0,293398.0
2025-06-20 10:25:01.232272,1617.3,231179.0,293069.0
2025-06-20 10:25:01.662158,1617.3,231179.0,293069.0
2025-06-20 10:25:02.218268,1617.3,231642.0,293464.0
2025-06-20 10:25:02.658430,1617.0,231642.0,293464.0
2025-06-20 10:25:03.317337,1617.0,231409.0,293289.0
2025-06-20 10:25:04.432413,1617.0,231696.0,292934.0
2025-06-20 10:25:04.666703,1617.0,231696.0,292934.0
2025-06-20 10:25:05.321753,1616.7,230197.0,295952.0
2025-06-20 10:25:05.656225,1616.6,230197.0,295952.0
2025-06-20 10:25:06.435158,1616.6,230512.0,296128.0
2025-06-20 10:25:07.524247,1616.7,228922.0,295717.0
2025-06-20 10:25:07.659196,1616.7,228922.0,295717.0
2025-06-20 10:25:08.525683,1616.6,229483.0,295467.0
2025-06-20 10:25:08.664504,1616.6,229483.0,295467.0
2025-06-20 10:25:09.653961,1616.6,229231.0,295368.0
2025-06-20 10:25:10.527540,1616.6,229042.0,295407.0
2025-06-20 10:25:11.527936,1616.6,229415.0,295539.0
2025-06-20 10:25:11.660317,1616.7,229415.0,295539.0
2025-06-20 10:25:12.629499,1616.7,229709.0,295192.0
2025-06-20 10:25:12.663236,1616.7,229709.0,295192.0
2025-06-20 10:25:13.626749,1616.7,229712.0,295054.0
2025-06-20 10:25:13.656230,1616.7,229712.0,295054.0
2025-06-20 10:25:14.630093,1616.8,229878.0,295378.0
2025-06-20 10:25:14.661182,1616.8,229878.0,295378.0
2025-06-20 10:25:15.628301,1616.8,229834.0,295472.0
2025-06-20 10:25:16.630129,1616.7,229684.0,295347.0
2025-06-20 10:25:16.661056,1616.7,229684.0,295347.0
2025-06-20 10:25:17.659109,1616.6,229684.0,295347.0
2025-06-20 10:25:17.727642,1616.6,229652.0,295516.0
2025-06-20 10:25:18.660382,1616.6,229652.0,295516.0
2025-06-20 10:25:18.829054,1616.6,229508.0,295697.0
2025-06-20 10:25:20.350189,1616.5,229508.0,295697.0
2025-06-20 10:25:20.358271,1616.6,228827.0,297172.0
2025-06-20 10:25:20.702858,1616.3,228827.0,297172.0
2025-06-20 10:25:21.029911,1616.3,227930.0,297253.0
2025-06-20 10:25:21.655539,1616.3,227930.0,297253.0
2025-06-20 10:25:22.132754,1616.3,227857.0,296858.0
2025-06-20 10:25:22.658331,1616.3,227857.0,296858.0
2025-06-20 10:25:23.244279,1616.3,227800.0,296746.0
2025-06-20 10:25:24.338603,1616.7,227912.0,296778.0
2025-06-20 10:25:24.666478,1616.7,227912.0,296778.0
2025-06-20 10:25:25.237856,1616.7,224924.0,296974.0
2025-06-20 10:25:26.335192,1616.3,227441.0,297284.0
2025-06-20 10:25:26.783990,1616.6,227441.0,297284.0
2025-06-20 10:25:27.496917,1616.7,228167.0,296471.0
2025-06-20 10:25:27.707426,1616.7,228167.0,296471.0
2025-06-20 10:25:28.533731,1616.7,228034.0,296420.0
2025-06-20 10:25:28.659250,1616.7,228034.0,296420.0
2025-06-20 10:25:29.635557,1616.7,227696.0,296211.0
2025-06-20 10:25:29.657223,1616.7,227696.0,296211.0
2025-06-20 10:25:30.736786,1616.7,228797.0,293439.0
2025-06-20 10:25:31.666543,1616.7,228797.0,293439.0
2025-06-20 10:25:31.735602,1616.7,229920.0,294093.0
2025-06-20 10:25:32.659839,1616.7,229920.0,294093.0
2025-06-20 10:25:32.838612,1616.7,230340.0,294476.0
2025-06-20 10:25:33.837761,1616.6,230170.0,294532.0
2025-06-20 10:25:34.659376,1616.6,230170.0,294532.0
2025-06-20 10:25:34.949747,1616.6,228815.0,294872.0
2025-06-20 10:25:35.662324,1616.3,228815.0,294872.0
2025-06-20 10:25:35.955565,1616.7,229026.0,294222.0
2025-06-20 10:25:36.660976,1616.7,229026.0,294222.0
2025-06-20 10:25:37.041858,1616.7,229170.0,294442.0
2025-06-20 10:25:37.658732,1616.7,229170.0,294442.0
2025-06-20 10:25:38.042311,1616.7,228496.0,294618.0
2025-06-20 10:25:39.142749,1616.8,228416.0,295385.0
2025-06-20 10:25:39.665101,1616.7,228416.0,295385.0
2025-06-20 10:25:40.242541,1616.7,228147.0,295197.0
2025-06-20 10:25:40.668167,1616.4,228147.0,295197.0
2025-06-20 10:25:41.344810,1616.4,228380.0,295454.0
2025-06-20 10:25:42.678573,1616.4,228394.0,295435.0
2025-06-20 10:25:43.513928,1616.4,228332.0,295468.0
2025-06-20 10:25:44.548717,1616.4,229429.0,294644.0
2025-06-20 10:25:44.663597,1616.4,229429.0,294644.0
2025-06-20 10:25:45.648095,1616.4,229465.0,294970.0
2025-06-20 10:25:45.660241,1616.4,229465.0,294970.0
2025-06-20 10:25:46.748340,1616.4,228637.0,294786.0
2025-06-20 10:25:47.850607,1616.4,228796.0,294762.0
2025-06-20 10:25:48.666529,1616.8,228796.0,294762.0
2025-06-20 10:25:48.959813,1616.8,228926.0,294734.0
2025-06-20 10:25:49.661966,1616.8,228926.0,294734.0
2025-06-20 10:25:49.959887,1616.8,228921.0,294764.0
2025-06-20 10:25:51.051928,1616.8,229486.0,294767.0
2025-06-20 10:25:51.672297,1616.8,229486.0,294767.0
2025-06-20 10:25:52.056909,1616.8,231677.0,293019.0
2025-06-20 10:25:53.154064,1616.8,232028.0,293128.0
2025-06-20 10:25:53.660504,1616.9,232028.0,293128.0
2025-06-20 10:25:54.252481,1616.9,231795.0,293567.0
2025-06-20 10:25:54.667247,1616.9,231795.0,293567.0
2025-06-20 10:25:55.411695,1616.9,230205.0,293523.0
2025-06-20 10:25:56.354943,1616.9,231612.0,293723.0
2025-06-20 10:25:56.661540,1616.9,231612.0,293723.0
2025-06-20 10:25:57.460572,1616.8,232076.0,292330.0
2025-06-20 10:25:57.668460,1616.8,232076.0,292330.0
2025-06-20 10:25:58.557012,1616.8,229865.0,292515.0
2025-06-20 10:25:59.666409,1616.8,229865.0,292515.0
2025-06-20 10:25:59.670740,1616.8,231715.0,292698.0
2025-06-20 10:26:00.667182,1616.7,231715.0,292698.0
2025-06-20 10:26:01.261347,1616.7,231004.0,291921.0
2025-06-20 10:26:02.263682,1616.7,230836.0,291698.0
2025-06-20 10:26:02.670669,1616.7,230836.0,291698.0
2025-06-20 10:26:03.262952,1616.7,230545.0,291973.0
2025-06-20 10:26:04.268941,1617.3,230469.0,292295.0
2025-06-20 10:26:04.664432,1617.3,230469.0,292295.0
2025-06-20 10:26:05.367134,1617.0,230500.0,293475.0
2025-06-20 10:26:05.662333,1617.0,230500.0,293475.0
2025-06-20 10:26:06.506706,1616.9,228981.0,295116.0
2025-06-20 10:26:06.664927,1616.9,228981.0,295116.0
2025-06-20 10:26:07.564732,1617.0,230406.0,294553.0
2025-06-20 10:26:07.668393,1617.0,230406.0,294553.0
2025-06-20 10:26:08.571559,1617.0,231509.0,293128.0
2025-06-20 10:26:08.663545,1617.0,231509.0,293128.0
2025-06-20 10:26:09.691936,1617.0,231325.0,293373.0
2025-06-20 10:26:10.667473,1617.0,231325.0,293373.0
2025-06-20 10:26:10.767358,1617.0,230514.0,293832.0
2025-06-20 10:26:11.660453,1617.0,230514.0,293832.0
2025-06-20 10:26:11.770046,1617.0,230531.0,293890.0
2025-06-20 10:26:12.869020,1617.0,230390.0,293986.0
2025-06-20 10:26:13.663459,1616.7,230390.0,293986.0
2025-06-20 10:26:13.986870,1616.7,230406.0,293046.0
2025-06-20 10:26:14.667639,1617.3,230406.0,293046.0
2025-06-20 10:26:14.870951,1617.3,233777.0,290432.0
2025-06-20 10:26:15.969978,1617.3,233362.0,290561.0
2025-06-20 10:26:16.663491,1617.3,233362.0,290561.0
2025-06-20 10:26:17.070614,1617.3,233245.0,290165.0
2025-06-20 10:26:17.672198,1617.3,233245.0,290165.0
2025-06-20 10:26:18.176116,1617.3,232632.0,290209.0
2025-06-20 10:26:18.668013,1617.3,232632.0,290209.0
2025-06-20 10:26:19.275123,1617.7,234292.0,288724.0
2025-06-20 10:26:19.665541,1617.7,234292.0,288724.0
2025-06-20 10:26:20.375122,1617.4,233475.0,288389.0
2025-06-20 10:26:20.696904,1617.4,233475.0,288389.0
2025-06-20 10:26:21.503373,1617.4,233358.0,287457.0
2025-06-20 10:26:21.664617,1617.4,233358.0,287457.0
2025-06-20 10:26:22.485605,1617.9,232022.0,288872.0
2025-06-20 10:26:22.664056,1617.9,232022.0,288872.0
2025-06-20 10:26:23.591622,1617.9,232762.0,289225.0
2025-06-20 10:26:23.681546,1617.9,232762.0,289225.0
2025-06-20 10:26:24.591563,1617.8,232651.0,290129.0
2025-06-20 10:26:24.665861,1617.8,232651.0,290129.0
2025-06-20 10:26:25.585567,1617.8,232452.0,290666.0
2025-06-20 10:26:26.603037,1617.8,232552.0,290757.0
2025-06-20 10:26:26.667863,1617.8,232552.0,290757.0
2025-06-20 10:26:27.615958,1617.8,233032.0,290112.0
2025-06-20 10:26:27.681769,1617.8,233032.0,290112.0
2025-06-20 10:26:28.582218,1617.5,232970.0,290346.0
2025-06-20 10:26:28.669838,1617.5,232970.0,290346.0
2025-06-20 10:26:29.593580,1617.5,232785.0,290470.0
2025-06-20 10:26:29.665962,1617.5,232785.0,290470.0
2025-06-20 10:26:30.590059,1617.3,232480.0,290867.0
2025-06-20 10:26:30.672314,1617.3,232480.0,290867.0
2025-06-20 10:26:31.597593,1617.8,234041.0,288436.0
2025-06-20 10:26:31.673472,1617.8,234041.0,288436.0
2025-06-20 10:26:32.670476,1617.8,234041.0,288436.0
2025-06-20 10:26:32.696103,1617.8,233582.0,289941.0
2025-06-20 10:26:33.694967,1617.8,233581.0,290099.0
2025-06-20 10:26:34.785613,1617.8,233613.0,290260.0
2025-06-20 10:26:35.680017,1617.3,233613.0,290260.0
2025-06-20 10:26:35.784528,1617.2,234102.0,289423.0
2025-06-20 10:26:36.671240,1617.8,234102.0,289423.0
2025-06-20 10:26:36.784676,1617.8,234220.0,289679.0
2025-06-20 10:26:37.679253,1617.8,234220.0,289679.0
2025-06-20 10:26:37.786926,1617.4,234436.0,289211.0
2025-06-20 10:26:38.717929,1617.8,234436.0,289211.0
2025-06-20 10:26:38.785245,1617.8,234002.0,289542.0
2025-06-20 10:26:39.676037,1617.8,234002.0,289542.0
2025-06-20 10:26:39.697929,1617.8,234076.0,289624.0
2025-06-20 10:26:40.664648,1617.2,234076.0,289624.0
2025-06-20 10:26:40.690166,1617.2,234256.0,289292.0
2025-06-20 10:26:41.635342,1617.2,234382.0,290022.0
2025-06-20 10:26:41.661467,1617.2,234382.0,290022.0
2025-06-20 10:26:42.706766,1617.3,234382.0,290022.0
2025-06-20 10:26:43.193728,1617.3,232960.0,291802.0
2025-06-20 10:26:43.703948,1617.3,232960.0,291802.0
2025-06-20 10:26:44.289760,1617.1,232466.0,291795.0
2025-06-20 10:26:44.925786,1617.1,232466.0,291795.0
2025-06-20 10:26:45.290760,1617.1,232669.0,292160.0
2025-06-20 10:26:46.297204,1617.6,232779.0,291153.0
2025-06-20 10:26:46.712583,1617.6,232779.0,291153.0
2025-06-20 10:26:47.642618,1617.0,232500.0,295702.0
2025-06-20 10:26:47.681258,1617.0,232500.0,295702.0
2025-06-20 10:26:48.508059,1617.5,232501.0,295790.0
2025-06-20 10:26:48.665874,1617.5,232501.0,295790.0
2025-06-20 10:26:49.602668,1617.5,232562.0,295498.0
2025-06-20 10:26:50.721261,1617.5,232575.0,295527.0
2025-06-20 10:26:51.705525,1617.5,232575.0,295527.0
2025-06-20 10:26:51.748684,1617.5,233343.0,294855.0
2025-06-20 10:26:52.912187,1617.8,233343.0,294855.0
2025-06-20 10:26:52.923348,1617.8,234418.0,292046.0
2025-06-20 10:26:53.690101,1617.8,234418.0,292046.0
2025-06-20 10:26:53.956803,1617.8,235554.0,292685.0
2025-06-20 10:26:54.701309,1617.8,235554.0,292685.0
2025-06-20 10:26:55.006801,1617.8,235539.0,293110.0
2025-06-20 10:26:56.077185,1617.8,235539.0,293110.0
2025-06-20 10:26:56.106055,1617.7,236288.0,284252.0
2025-06-20 10:26:57.014384,1617.7,236288.0,284252.0
2025-06-20 10:26:57.207913,1617.7,236039.0,283982.0
2025-06-20 10:26:58.208685,1617.7,234751.0,287109.0
2025-06-20 10:26:58.696756,1617.6,234751.0,287109.0
2025-06-20 10:26:59.306069,1617.6,234573.0,287397.0
2025-06-20 10:26:59.713032,1617.6,234573.0,287397.0
2025-06-20 10:27:00.640943,1617.6,234972.0,287125.0
2025-06-20 10:27:00.691831,1617.7,234972.0,287125.0
2025-06-20 10:27:01.717283,1617.7,235184.0,284941.0
2025-06-20 10:27:02.765028,1618.3,235184.0,284941.0
2025-06-20 10:27:02.821038,1618.3,237326.0,283269.0
2025-06-20 10:27:04.010448,1618.5,237328.0,283331.0
2025-06-20 10:27:04.712636,1618.5,237328.0,283331.0
2025-06-20 10:27:05.007831,1618.0,236077.0,284118.0
2025-06-20 10:27:05.688513,1618.0,236077.0,284118.0
2025-06-20 10:27:06.010695,1618.0,235594.0,285547.0
2025-06-20 10:27:07.012082,1618.0,235710.0,285298.0
2025-06-20 10:27:08.150486,1618.0,234711.0,285748.0
2025-06-20 10:27:08.682995,1617.9,234711.0,285748.0
2025-06-20 10:27:09.117032,1618.0,236220.0,284479.0
2025-06-20 10:27:09.685906,1618.1,236220.0,284479.0
2025-06-20 10:27:10.214753,1618.5,236823.0,283621.0
2025-06-20 10:27:10.683794,1618.5,236823.0,283621.0
2025-06-20 10:27:11.113902,1618.5,238293.0,281666.0
2025-06-20 10:27:11.667522,1618.6,238293.0,281666.0
2025-06-20 10:27:12.395800,1618.6,237880.0,282336.0
2025-06-20 10:27:12.667600,1618.6,237880.0,282336.0
2025-06-20 10:27:13.314136,1618.6,238169.0,282148.0
2025-06-20 10:27:13.671176,1618.6,238169.0,282148.0
2025-06-20 10:27:14.430551,1618.8,238169.0,279407.0
2025-06-20 10:27:14.668331,1618.8,238169.0,279407.0
2025-06-20 10:27:15.517129,1619.0,238971.0,279413.0
2025-06-20 10:27:15.662151,1619.0,238971.0,279413.0
2025-06-20 10:27:16.618551,1619.6,236967.0,275048.0
2025-06-20 10:27:16.661824,1619.6,236967.0,275048.0
2025-06-20 10:27:17.618545,1619.6,236230.0,275771.0
2025-06-20 10:27:17.663772,1619.6,236230.0,275771.0
2025-06-20 10:27:18.669772,1619.6,236230.0,275771.0
2025-06-20 10:27:18.727600,1619.6,237536.0,275765.0
2025-06-20 10:27:19.661719,1619.6,237536.0,275765.0
2025-06-20 10:27:19.827151,1619.7,237404.0,274347.0
2025-06-20 10:27:20.668824,1619.7,237404.0,274347.0
2025-06-20 10:27:21.018652,1619.6,237022.0,274670.0
2025-06-20 10:27:21.661833,1619.6,237022.0,274670.0
2025-06-20 10:27:22.024473,1619.6,237396.0,275320.0
2025-06-20 10:27:22.679579,1619.8,237396.0,275320.0
2025-06-20 10:27:23.121280,1620.0,238278.0,271547.0
2025-06-20 10:27:24.133648,1620.1,238278.0,271547.0
2025-06-20 10:27:24.221974,1620.2,237958.0,268521.0
2025-06-20 10:27:25.342086,1620.2,237958.0,268521.0
2025-06-20 10:27:25.381039,1620.4,235636.0,269349.0
2025-06-20 10:27:25.670455,1620.4,235636.0,269349.0
2025-06-20 10:27:26.436678,1620.7,235950.0,269770.0
2025-06-20 10:27:26.665509,1620.0,235950.0,269770.0
2025-06-20 10:27:27.530173,1620.0,236344.0,269689.0
2025-06-20 10:27:28.529576,1620.4,234261.0,273014.0
2025-06-20 10:27:28.680073,1620.4,234261.0,273014.0
2025-06-20 10:27:29.696582,1620.4,234419.0,272856.0
2025-06-20 10:27:29.745446,1620.4,234419.0,272856.0
2025-06-20 10:27:30.542803,1620.4,233747.0,273437.0
2025-06-20 10:27:31.628637,1620.4,235647.0,272110.0
2025-06-20 10:27:32.634616,1620.1,235475.0,271660.0
2025-06-20 10:27:32.713947,1620.1,235475.0,271660.0
2025-06-20 10:27:33.663659,1620.4,235475.0,271660.0
2025-06-20 10:27:33.769625,1620.4,235149.0,271501.0
2025-06-20 10:27:34.680851,1620.1,235149.0,271501.0
2025-06-20 10:27:34.836614,1620.1,233948.0,273062.0
2025-06-20 10:27:35.665792,1620.1,233948.0,273062.0
2025-06-20 10:27:35.944198,1620.1,232372.0,276760.0
2025-06-20 10:27:36.681610,1620.1,232372.0,276760.0
2025-06-20 10:27:37.036497,1620.1,232467.0,276868.0
2025-06-20 10:27:37.675189,1619.9,232467.0,276868.0
2025-06-20 10:27:37.950627,1619.9,232296.0,277164.0
2025-06-20 10:27:38.707227,1620.1,232296.0,277164.0
2025-06-20 10:27:39.038269,1620.1,232452.0,277207.0
2025-06-20 10:27:40.142706,1620.0,231930.0,277867.0
2025-06-20 10:27:40.680262,1620.0,231930.0,277867.0
2025-06-20 10:27:41.240485,1619.9,232437.0,277094.0
2025-06-20 10:27:41.666477,1619.9,232437.0,277094.0
2025-06-20 10:27:42.340486,1619.8,232366.0,277145.0
2025-06-20 10:27:42.664015,1619.8,232366.0,277145.0
2025-06-20 10:27:42.706748,1619.8,232366.0,277145.0
2025-06-20 10:27:43.021685,1619.8,232366.0,277145.0
2025-06-20 10:27:43.470743,1620.1,232575.0,277149.0
2025-06-20 10:27:43.676250,1620.1,232575.0,277149.0
2025-06-20 10:27:43.681497,1620.1,232575.0,277149.0
2025-06-20 10:27:44.226736,1620.1,232575.0,277149.0
2025-06-20 10:27:44.454541,1620.1,232727.0,277082.0
2025-06-20 10:27:44.622297,1620.1,232727.0,277082.0
2025-06-20 10:27:44.666731,1620.1,232727.0,277082.0
2025-06-20 10:27:45.270872,1620.1,232727.0,277082.0
2025-06-20 10:27:45.546007,1620.1,232699.0,276876.0
2025-06-20 10:27:45.672127,1620.1,232699.0,276876.0
2025-06-20 10:27:45.735250,1620.1,232699.0,276876.0
2025-06-20 10:27:46.286384,1620.1,232699.0,276876.0
2025-06-20 10:27:46.649239,1620.0,232515.0,276872.0
2025-06-20 10:27:46.672547,1620.0,232515.0,276872.0
2025-06-20 10:27:46.737055,1620.0,232515.0,276872.0
2025-06-20 10:27:47.667208,1620.0,232515.0,276872.0
2025-06-20 10:27:47.719713,1619.9,232515.0,276872.0
2025-06-20 10:27:47.784543,1619.9,232535.0,277028.0
2025-06-20 10:27:48.674670,1619.9,232535.0,277028.0
2025-06-20 10:27:48.854484,1619.9,232448.0,277585.0
2025-06-20 10:27:49.006729,1619.9,232448.0,277585.0
2025-06-20 10:27:49.997259,1620.1,232702.0,276682.0
2025-06-20 10:27:50.000537,1620.1,232702.0,276682.0
2025-06-20 10:27:50.676919,1619.8,232702.0,276682.0
2025-06-20 10:27:50.960812,1619.7,233470.0,276589.0
2025-06-20 10:27:51.503317,1619.7,233470.0,276589.0
2025-06-20 10:27:51.672191,1619.7,233470.0,276589.0
2025-06-20 10:27:51.957168,1620.1,233513.0,276599.0
2025-06-20 10:27:52.673568,1620.1,233513.0,276599.0
2025-06-20 10:27:52.803810,1620.1,233513.0,276599.0
2025-06-20 10:27:53.050966,1620.1,234790.0,276073.0
2025-06-20 10:27:54.017829,1620.1,234790.0,276073.0
2025-06-20 10:27:54.150098,1620.1,233824.0,276371.0
2025-06-20 10:27:54.676227,1619.4,233824.0,276371.0
2025-06-20 10:27:55.251784,1620.0,231875.0,277461.0
2025-06-20 10:27:55.613923,1620.0,231875.0,277461.0
2025-06-20 10:27:55.706609,1620.0,231875.0,277461.0
2025-06-20 10:27:56.352340,1620.0,232387.0,277561.0
2025-06-20 10:27:57.376096,1619.9,233067.0,277820.0
2025-06-20 10:27:57.676553,1619.9,233067.0,277820.0
2025-06-20 10:27:58.356493,1619.9,232839.0,278223.0
2025-06-20 10:27:58.670424,1619.9,232839.0,278223.0
2025-06-20 10:27:59.358395,1619.4,232073.0,280108.0
2025-06-20 10:27:59.668732,1619.4,232073.0,280108.0
2025-06-20 10:28:00.359101,1619.4,232308.0,280547.0
2025-06-20 10:28:00.673289,1619.4,232308.0,280547.0
2025-06-20 10:28:01.665613,1619.4,232384.0,281700.0
2025-06-20 10:28:01.714689,1619.4,232384.0,281700.0
2025-06-20 10:28:02.660359,1619.4,232161.0,281884.0
2025-06-20 10:28:03.672494,1619.4,232060.0,280550.0
2025-06-20 10:28:03.681632,1619.4,232060.0,280550.0
2025-06-20 10:28:04.758565,1619.4,230437.0,281579.0
2025-06-20 10:28:05.866916,1619.4,230245.0,282002.0
2025-06-20 10:28:06.667766,1619.4,230245.0,282002.0
2025-06-20 10:28:06.967236,1619.4,230397.0,281285.0
2025-06-20 10:28:07.673249,1619.4,230397.0,281285.0
2025-06-20 10:28:07.972165,1619.5,230142.0,281071.0
2025-06-20 10:28:08.668148,1619.4,230142.0,281071.0
2025-06-20 10:28:09.059868,1619.4,230630.0,280374.0
2025-06-20 10:28:10.161250,1619.4,230567.0,281336.0
2025-06-20 10:28:10.670368,1619.4,230567.0,281336.0
2025-06-20 10:28:11.260588,1619.4,230127.0,281471.0
2025-06-20 10:28:11.667302,1619.2,230127.0,281471.0
2025-06-20 10:28:12.361001,1619.2,229732.0,283966.0
2025-06-20 10:28:13.472170,1619.2,228789.0,285097.0
2025-06-20 10:28:14.565353,1619.4,229183.0,283838.0
2025-06-20 10:28:14.668928,1619.4,229183.0,283838.0
2025-06-20 10:28:15.670190,1619.2,229183.0,283838.0
2025-06-20 10:28:15.679149,1619.2,228804.0,284565.0
2025-06-20 10:28:16.667662,1619.2,228804.0,284565.0
2025-06-20 10:28:16.765019,1619.2,228924.0,284447.0
2025-06-20 10:28:17.668492,1618.2,228924.0,284447.0
2025-06-20 10:28:17.871972,1618.2,228444.0,284966.0
2025-06-20 10:28:18.972936,1618.0,227093.0,286859.0
2025-06-20 10:28:19.734247,1617.8,227093.0,286859.0
2025-06-20 10:28:20.067952,1617.8,229266.0,285400.0
2025-06-20 10:28:20.669652,1618.1,229266.0,285400.0
2025-06-20 10:28:20.993153,1618.1,229858.0,285299.0
2025-06-20 10:28:21.668154,1618.5,229858.0,285299.0
2025-06-20 10:28:22.175028,1618.0,229207.0,285262.0
2025-06-20 10:28:22.712239,1618.0,229207.0,285262.0
2025-06-20 10:28:23.270843,1618.0,228300.0,287647.0
2025-06-20 10:28:23.688011,1618.0,228300.0,287647.0
2025-06-20 10:28:24.374493,1618.0,229239.0,287760.0
2025-06-20 10:28:24.671992,1618.0,229239.0,287760.0
2025-06-20 10:28:25.481960,1618.0,228356.0,288575.0
2025-06-20 10:28:26.585827,1617.7,229384.0,288167.0
2025-06-20 10:28:26.669564,1617.7,229384.0,288167.0
2025-06-20 10:28:27.668314,1618.0,229384.0,288167.0
2025-06-20 10:28:27.684963,1618.0,231353.0,285465.0
2025-06-20 10:28:28.784895,1618.0,229545.0,286125.0
2025-06-20 10:28:29.890976,1618.0,229861.0,286810.0
2025-06-20 10:28:30.669072,1618.0,229861.0,286810.0
2025-06-20 10:28:30.991423,1618.0,229931.0,287149.0
2025-06-20 10:28:31.671032,1618.4,229931.0,287149.0
2025-06-20 10:28:32.112097,1618.4,229574.0,287739.0
2025-06-20 10:28:32.670521,1618.4,229574.0,287739.0
2025-06-20 10:28:32.984409,1618.4,231280.0,286529.0
2025-06-20 10:28:33.744522,1617.8,231280.0,286529.0
2025-06-20 10:28:34.079247,1617.8,229596.0,287132.0
2025-06-20 10:28:35.123193,1617.9,229522.0,286661.0
2025-06-20 10:28:35.673256,1617.9,229522.0,286661.0
2025-06-20 10:28:36.184210,1617.9,230213.0,285473.0
2025-06-20 10:28:36.679726,1617.8,230213.0,285473.0
2025-06-20 10:28:37.285841,1618.4,229315.0,286364.0
2025-06-20 10:28:37.669316,1618.4,229315.0,286364.0
2025-06-20 10:28:38.382791,1618.4,229394.0,286153.0
2025-06-20 10:28:38.672629,1618.4,229394.0,286153.0
2025-06-20 10:28:39.384780,1618.4,229287.0,286192.0
2025-06-20 10:28:39.691677,1618.4,229287.0,286192.0
2025-06-20 10:28:40.493766,1617.8,229884.0,285946.0
2025-06-20 10:28:40.671291,1617.8,229884.0,285946.0
2025-06-20 10:28:41.491889,1617.8,229492.0,287122.0
2025-06-20 10:28:41.670073,1617.9,229492.0,287122.0
2025-06-20 10:28:42.584823,1618.0,229834.0,287688.0
2025-06-20 10:28:42.671401,1618.0,229834.0,287688.0
2025-06-20 10:28:43.587658,1618.4,230635.0,287576.0
2025-06-20 10:28:43.671268,1618.4,230635.0,287576.0
2025-06-20 10:28:44.671129,1617.9,230635.0,287576.0
2025-06-20 10:28:44.697260,1617.9,230944.0,287062.0
2025-06-20 10:28:45.587425,1618.0,230914.0,286389.0
2025-06-20 10:28:45.676612,1618.0,230914.0,286389.0
2025-06-20 10:28:46.674021,1619.4,230914.0,286389.0
2025-06-20 10:28:46.696941,1619.4,233135.0,280276.0
2025-06-20 10:28:47.786629,1619.4,232868.0,280989.0
2025-06-20 10:28:48.672987,1618.6,232868.0,280989.0
2025-06-20 10:28:48.898167,1618.6,233014.0,281265.0
2025-06-20 10:28:49.673612,1618.6,233014.0,281265.0
2025-06-20 10:28:49.989198,1618.6,233280.0,281860.0
2025-06-20 10:28:51.089739,1618.7,232273.0,281251.0
2025-06-20 10:28:51.672646,1618.7,232273.0,281251.0
2025-06-20 10:28:52.088912,1618.7,231247.0,281347.0
2025-06-20 10:28:53.187537,1618.7,231818.0,281357.0
2025-06-20 10:28:53.670826,1619.4,231818.0,281357.0
2025-06-20 10:28:54.288377,1619.4,231650.0,281599.0
2025-06-20 10:28:55.404517,1619.4,231215.0,282670.0
2025-06-20 10:28:56.496929,1619.0,231138.0,282641.0
2025-06-20 10:28:56.670606,1619.2,231138.0,282641.0
2025-06-20 10:28:57.593147,1619.2,230886.0,282659.0
2025-06-20 10:28:58.673743,1618.6,230886.0,282659.0
2025-06-20 10:28:58.708336,1618.6,225525.0,283838.0
2025-06-20 10:28:59.791662,1618.6,229549.0,284180.0
2025-06-20 10:29:01.002306,1619.0,231573.0,283765.0
2025-06-20 10:29:01.671012,1619.0,231573.0,283765.0
2025-06-20 10:29:01.994091,1619.0,231604.0,283816.0
2025-06-20 10:29:02.676277,1618.4,231604.0,283816.0
2025-06-20 10:29:03.094302,1618.4,231007.0,284082.0
2025-06-20 10:29:04.196140,1619.0,231593.0,284319.0
2025-06-20 10:29:04.712953,1619.0,231593.0,284319.0
2025-06-20 10:29:05.197602,1619.0,231450.0,284177.0
2025-06-20 10:29:05.671983,1619.0,231450.0,284177.0
2025-06-20 10:29:06.197571,1619.0,231211.0,283658.0
2025-06-20 10:29:06.672311,1619.0,231211.0,283658.0
2025-06-20 10:29:07.199081,1619.0,231062.0,284620.0
2025-06-20 10:29:07.670315,1618.5,231062.0,284620.0
2025-06-20 10:29:08.199691,1618.5,231918.0,284265.0
2025-06-20 10:29:09.200085,1619.0,231803.0,284762.0
2025-06-20 10:29:09.676608,1619.0,231803.0,284762.0
2025-06-20 10:29:10.100768,1619.0,232548.0,284714.0
2025-06-20 10:29:10.676166,1619.0,232548.0,284714.0
2025-06-20 10:29:11.103770,1618.6,232518.0,284683.0
2025-06-20 10:29:11.670860,1618.6,232518.0,284683.0
2025-06-20 10:29:12.103579,1619.0,233944.0,282147.0
2025-06-20 10:29:12.711647,1619.0,233944.0,282147.0
2025-06-20 10:29:13.103898,1619.1,233369.0,282776.0
2025-06-20 10:29:13.672148,1619.1,233369.0,282776.0
2025-06-20 10:29:14.108895,1619.1,234570.0,283519.0
2025-06-20 10:29:15.104899,1619.0,234767.0,283739.0
2025-06-20 10:29:15.675503,1619.0,234767.0,283739.0
2025-06-20 10:29:16.148346,1619.0,234896.0,283196.0
2025-06-20 10:29:17.110147,1619.2,233794.0,283689.0
2025-06-20 10:29:17.676344,1618.8,233794.0,283689.0
2025-06-20 10:29:18.236217,1618.8,233554.0,283982.0
2025-06-20 10:29:18.962209,1618.7,233554.0,283982.0
2025-06-20 10:29:19.220346,1618.7,233813.0,283657.0
2025-06-20 10:29:20.209390,1618.7,233367.0,282712.0
2025-06-20 10:29:20.673487,1618.7,233367.0,282712.0
2025-06-20 10:29:21.220067,1618.7,233817.0,284065.0
2025-06-20 10:29:21.673516,1619.2,233817.0,284065.0
2025-06-20 10:29:22.210243,1619.2,235304.0,280467.0
2025-06-20 10:29:22.686674,1619.0,235304.0,280467.0
2025-06-20 10:29:23.210686,1619.0,233159.0,280931.0
2025-06-20 10:29:23.675280,1619.0,233159.0,280931.0
2025-06-20 10:29:24.213378,1619.0,233956.0,281674.0
2025-06-20 10:29:24.678297,1619.0,233956.0,281674.0
2025-06-20 10:29:25.315404,1619.3,234656.0,280724.0
2025-06-20 10:29:25.675248,1619.3,234656.0,280724.0
2025-06-20 10:29:26.442547,1619.0,234226.0,281518.0
2025-06-20 10:29:26.673953,1619.0,234226.0,281518.0
2025-06-20 10:29:27.517981,1619.3,234030.0,281876.0
2025-06-20 10:29:27.678719,1619.3,234030.0,281876.0
2025-06-20 10:29:28.639027,1619.3,233251.0,281360.0
2025-06-20 10:29:28.671855,1619.3,233251.0,281360.0
2025-06-20 10:29:29.517964,1618.7,232757.0,283415.0
2025-06-20 10:29:29.672265,1618.7,232757.0,283415.0
2025-06-20 10:29:30.662203,1618.7,233152.0,283320.0
2025-06-20 10:29:31.619191,1618.7,233850.0,282287.0
2025-06-20 10:29:32.727546,1618.7,233898.0,282389.0
2025-06-20 10:29:33.677419,1619.0,233898.0,282389.0
2025-06-20 10:29:33.818890,1619.0,234856.0,282361.0
2025-06-20 10:29:34.932601,1619.0,234917.0,282361.0
2025-06-20 10:29:36.149665,1619.2,234627.0,282712.0
2025-06-20 10:29:36.672226,1619.2,234627.0,282712.0
2025-06-20 10:29:37.122258,1619.2,234593.0,281754.0
2025-06-20 10:29:37.673751,1619.1,234593.0,281754.0
2025-06-20 10:29:38.222135,1619.1,235130.0,281773.0
2025-06-20 10:29:38.671050,1619.1,235130.0,281773.0
2025-06-20 10:29:39.224756,1619.6,236501.0,275611.0
2025-06-20 10:29:39.677289,1620.2,236501.0,275611.0
2025-06-20 10:29:40.324343,1620.1,237388.0,276163.0
2025-06-20 10:29:40.675003,1620.1,237388.0,276163.0
2025-06-20 10:29:41.662641,1620.0,229961.0,277111.0
2025-06-20 10:29:41.683018,1620.4,229961.0,277111.0
2025-06-20 10:29:42.526307,1620.4,236063.0,277781.0
2025-06-20 10:29:43.627588,1620.0,236021.0,278166.0
2025-06-20 10:29:43.675464,1620.0,236021.0,278166.0
2025-06-20 10:29:44.719166,1620.4,236066.0,277471.0
2025-06-20 10:29:44.738878,1620.4,236066.0,277471.0
2025-06-20 10:29:45.542942,1620.5,235920.0,277483.0
2025-06-20 10:29:45.695957,1620.0,235920.0,277483.0
2025-06-20 10:29:46.665225,1620.0,235250.0,277540.0
2025-06-20 10:29:47.677074,1620.0,235250.0,277540.0
2025-06-20 10:29:47.733178,1620.0,235347.0,278091.0
2025-06-20 10:29:48.857245,1620.0,235351.0,278428.0
2025-06-20 10:29:49.690111,1620.5,235351.0,278428.0
2025-06-20 10:29:49.837586,1620.5,235382.0,277880.0
2025-06-20 10:29:50.675075,1620.5,235382.0,277880.0
2025-06-20 10:29:50.828287,1620.0,235516.0,277683.0
2025-06-20 10:29:51.676495,1620.0,235516.0,277683.0
2025-06-20 10:29:51.831392,1620.5,235327.0,277962.0
2025-06-20 10:29:52.677038,1620.5,235327.0,277962.0
2025-06-20 10:29:52.830364,1620.5,234872.0,278292.0
2025-06-20 10:29:53.673313,1620.2,234872.0,278292.0
2025-06-20 10:29:53.830266,1620.2,234950.0,278329.0
2025-06-20 10:29:55.168591,1620.2,234784.0,278545.0
2025-06-20 10:29:56.032593,1620.1,234692.0,277943.0
2025-06-20 10:29:56.674268,1620.5,234692.0,277943.0
2025-06-20 10:29:56.961310,1620.5,234661.0,277622.0
2025-06-20 10:29:58.036479,1620.1,234137.0,276329.0
2025-06-20 10:29:58.679633,1620.1,234137.0,276329.0
2025-06-20 10:29:59.146074,1620.1,234180.0,277495.0
2025-06-20 10:30:00.234580,1620.2,234545.0,278194.0
2025-06-20 10:30:01.675516,1620.1,234545.0,278194.0
2025-06-20 10:30:01.743682,1620.1,234327.0,279565.0
2025-06-20 10:30:02.640636,1620.2,234056.0,279411.0
2025-06-20 10:30:02.674440,1620.2,234056.0,279411.0
2025-06-20 10:30:03.641386,1620.2,234368.0,279306.0
2025-06-20 10:30:03.674564,1620.2,234368.0,279306.0
2025-06-20 10:30:04.741844,1620.2,233991.0,279707.0
2025-06-20 10:30:05.693730,1620.2,233991.0,279707.0
2025-06-20 10:30:05.840688,1620.2,234587.0,277887.0
2025-06-20 10:30:06.676731,1620.2,234587.0,277887.0
2025-06-20 10:30:06.955669,1620.2,234345.0,278282.0
2025-06-20 10:30:07.844907,1620.2,235100.0,278044.0
2025-06-20 10:30:08.672060,1620.2,235100.0,278044.0
2025-06-20 10:30:08.958461,1620.2,235159.0,278144.0
2025-06-20 10:30:09.961850,1620.2,235714.0,277232.0
2025-06-20 10:30:10.688636,1620.4,235714.0,277232.0
2025-06-20 10:30:10.848707,1620.4,235687.0,276774.0
2025-06-20 10:30:11.691974,1620.0,235687.0,276774.0
2025-06-20 10:30:11.849731,1620.0,235488.0,275993.0
2025-06-20 10:30:12.681782,1620.4,235488.0,275993.0
2025-06-20 10:30:12.984976,1620.2,235811.0,277247.0
2025-06-20 10:30:13.697622,1620.4,235811.0,277247.0
2025-06-20 10:30:13.983057,1620.4,235929.0,277092.0
2025-06-20 10:30:14.689120,1620.2,235929.0,277092.0
2025-06-20 10:30:15.051917,1620.2,236146.0,277300.0
2025-06-20 10:30:16.150179,1620.2,234647.0,278390.0
2025-06-20 10:30:16.957500,1620.4,234647.0,278390.0
2025-06-20 10:30:17.056597,1620.4,236318.0,277351.0
2025-06-20 10:30:17.689119,1620.4,236318.0,277351.0
2025-06-20 10:30:18.149315,1620.4,236478.0,277249.0
2025-06-20 10:30:18.788695,1620.5,236478.0,277249.0
2025-06-20 10:30:19.249885,1620.2,235865.0,277375.0
2025-06-20 10:30:19.694085,1620.2,235865.0,277375.0
2025-06-20 10:30:20.194295,1620.2,235842.0,277783.0
2025-06-20 10:30:20.680866,1620.2,235842.0,277783.0
2025-06-20 10:30:21.251881,1620.2,234882.0,277808.0
2025-06-20 10:30:21.680647,1620.2,234882.0,277808.0
2025-06-20 10:30:22.356348,1620.2,235404.0,277602.0
2025-06-20 10:30:22.677808,1620.2,235404.0,277602.0
2025-06-20 10:30:23.465673,1620.2,235335.0,277666.0
2025-06-20 10:30:23.716768,1620.2,235335.0,277666.0
2025-06-20 10:30:24.556399,1620.4,235389.0,277694.0
2025-06-20 10:30:24.699472,1620.4,235389.0,277694.0
2025-06-20 10:30:25.558006,1620.5,235015.0,277438.0
2025-06-20 10:30:25.708227,1620.5,235015.0,277438.0
2025-06-20 10:30:26.654735,1620.2,235440.0,277655.0
2025-06-20 10:30:26.688479,1620.4,235440.0,277655.0
2025-06-20 10:30:27.754795,1620.4,235503.0,277609.0
2025-06-20 10:30:28.761143,1620.4,235703.0,277559.0
2025-06-20 10:30:29.715394,1620.5,235703.0,277559.0
2025-06-20 10:30:29.759525,1620.5,236021.0,276780.0
2025-06-20 10:30:31.328192,1620.4,236021.0,276780.0
2025-06-20 10:30:31.363677,1620.4,235271.0,276864.0
2025-06-20 10:30:31.861558,1620.4,235114.0,276950.0
2025-06-20 10:30:32.677409,1620.4,235114.0,276950.0
2025-06-20 10:30:32.973776,1620.6,237517.0,274772.0
2025-06-20 10:30:33.680072,1621.0,237517.0,274772.0
2025-06-20 10:30:34.063827,1621.0,237480.0,272594.0
2025-06-20 10:30:34.690178,1620.8,237480.0,272594.0
2025-06-20 10:30:35.173256,1620.8,235990.0,274513.0
2025-06-20 10:30:35.681514,1621.0,235990.0,274513.0
2025-06-20 10:30:36.265759,1621.0,235938.0,274786.0
2025-06-20 10:30:36.675815,1621.0,235938.0,274786.0
2025-06-20 10:30:37.363902,1621.0,235726.0,274467.0
2025-06-20 10:30:37.678590,1620.8,235726.0,274467.0
2025-06-20 10:30:38.475354,1621.0,235001.0,274312.0
2025-06-20 10:30:38.680538,1621.0,235001.0,274312.0
2025-06-20 10:30:39.565750,1621.0,234970.0,274413.0
2025-06-20 10:30:39.683562,1621.0,234970.0,274413.0
2025-06-20 10:30:40.671179,1620.7,234114.0,274984.0
2025-06-20 10:30:40.688004,1620.7,234114.0,274984.0
2025-06-20 10:30:41.676736,1620.7,234114.0,274984.0
2025-06-20 10:30:41.770389,1620.7,234339.0,274568.0
2025-06-20 10:30:42.676658,1621.4,234339.0,274568.0
2025-06-20 10:30:42.868680,1621.4,234721.0,273109.0
2025-06-20 10:30:43.175309,1621.4,234721.0,273109.0
2025-06-20 10:30:43.680674,1621.6,234721.0,273109.0
2025-06-20 10:30:43.844465,1621.6,234721.0,273109.0
2025-06-20 10:30:43.883307,1621.6,233698.0,275000.0
2025-06-20 10:30:44.212014,1621.6,233698.0,275000.0
2025-06-20 10:30:45.001172,1621.6,233597.0,274666.0
2025-06-20 10:30:45.304794,1621.6,233597.0,274666.0
2025-06-20 10:30:45.686924,1621.4,233597.0,274666.0
2025-06-20 10:30:45.967958,1621.4,233597.0,274666.0
2025-06-20 10:30:46.071445,1621.0,233654.0,274677.0
2025-06-20 10:30:46.472988,1621.0,233654.0,274677.0
