timestamp,ltp,bid_qty,ask_qty
2025-06-20 10:10:48.250753,137.57,1593382.0,2000530.0
2025-06-20 10:10:48.264337,137.57,1592298.0,2000987.0
2025-06-20 10:10:49.266965,137.56,1591438.0,2001699.0
2025-06-20 10:10:49.589523,137.56,1591438.0,2001699.0
2025-06-20 10:10:50.264963,137.56,1591745.0,2001509.0
2025-06-20 10:10:50.585634,137.56,1591745.0,2001509.0
2025-06-20 10:10:51.265381,137.51,1592366.0,2000890.0
2025-06-20 10:10:51.594495,137.51,1592366.0,2000890.0
2025-06-20 10:10:52.168877,137.51,1592051.0,2000100.0
2025-06-20 10:10:52.589201,137.51,1592051.0,2000100.0
2025-06-20 10:10:53.265763,137.56,1592311.0,2000093.0
2025-06-20 10:10:53.585147,137.56,1592311.0,2000093.0
2025-06-20 10:10:54.268064,137.51,1592099.0,2000251.0
2025-06-20 10:10:54.590641,137.51,1592099.0,2000251.0
2025-06-20 10:10:55.267506,137.51,1593910.0,1998483.0
2025-06-20 10:10:55.586443,137.56,1593910.0,1998483.0
2025-06-20 10:10:56.265113,137.56,1593063.0,1999486.0
2025-06-20 10:10:56.592273,137.5,1593063.0,1999486.0
2025-06-20 10:10:57.268043,137.5,1590007.0,1999444.0
2025-06-20 10:10:57.587542,137.5,1590007.0,1999444.0
2025-06-20 10:10:58.367004,137.5,1591910.0,2000696.0
2025-06-20 10:10:58.608611,137.5,1591910.0,2000696.0
2025-06-20 10:10:59.472636,137.5,1592510.0,2001909.0
2025-06-20 10:10:59.593092,137.5,1592510.0,2001909.0
2025-06-20 10:11:00.656755,137.55,1592510.0,2001909.0
2025-06-20 10:11:01.650696,137.52,1592510.0,2001909.0
2025-06-20 10:11:01.774190,137.5,1579114.0,2009116.0
2025-06-20 10:11:02.596419,137.54,1579114.0,2009116.0
2025-06-20 10:11:02.874276,137.54,1579513.0,2003548.0
2025-06-20 10:11:03.599820,137.54,1579513.0,2003548.0
2025-06-20 10:11:03.879278,137.54,1580360.0,2003403.0
2025-06-20 10:11:04.591981,137.55,1580360.0,2003403.0
2025-06-20 10:11:05.069701,137.55,1583998.0,2004982.0
2025-06-20 10:11:05.601579,137.55,1583998.0,2004982.0
2025-06-20 10:11:06.170699,137.58,1589265.0,1993019.0
2025-06-20 10:11:06.604378,137.58,1589265.0,1993019.0
2025-06-20 10:11:07.272689,137.53,1589392.0,1989435.0
2025-06-20 10:11:07.601468,137.55,1589392.0,1989435.0
2025-06-20 10:11:08.372262,137.55,1589213.0,1999447.0
2025-06-20 10:11:08.599224,137.55,1589213.0,1999447.0
2025-06-20 10:11:09.371938,137.55,1588690.0,1999388.0
2025-06-20 10:11:09.620905,137.55,1588690.0,1999388.0
2025-06-20 10:11:10.375782,137.53,1588860.0,1999247.0
2025-06-20 10:11:10.642501,137.53,1588860.0,1999247.0
2025-06-20 10:11:11.587736,137.53,1589800.0,1997424.0
2025-06-20 10:11:11.599014,137.53,1589800.0,1997424.0
2025-06-20 10:11:12.869332,137.53,1589800.0,1997424.0
2025-06-20 10:11:12.914698,137.55,1589916.0,1996501.0
2025-06-20 10:11:13.642103,137.56,1589916.0,1996501.0
2025-06-20 10:11:13.777647,137.56,1590396.0,1997915.0
2025-06-20 10:11:14.777341,137.56,1591937.0,1995982.0
2025-06-20 10:11:15.885547,137.56,1592794.0,1996766.0
2025-06-20 10:11:16.892959,137.56,1592779.0,1996766.0
2025-06-20 10:11:17.612985,137.56,1592779.0,1996766.0
2025-06-20 10:11:17.887444,137.56,1591362.0,2000819.0
2025-06-20 10:11:19.260418,137.56,1591362.0,2000819.0
2025-06-20 10:11:19.312985,137.55,1586693.0,2002808.0
2025-06-20 10:11:19.635994,137.55,1586693.0,2002808.0
2025-06-20 10:11:19.981067,137.55,1587282.0,2007844.0
2025-06-20 10:11:20.890043,137.55,1590480.0,2002489.0
2025-06-20 10:11:21.910281,137.53,1590428.0,2002712.0
2025-06-20 10:11:22.650382,137.53,1590428.0,2002712.0
2025-06-20 10:11:22.979014,137.55,1589006.0,2004732.0
2025-06-20 10:11:23.707756,137.55,1589006.0,2004732.0
2025-06-20 10:11:23.983706,137.53,1588495.0,2002764.0
2025-06-20 10:11:24.642175,137.53,1588495.0,2002764.0
2025-06-20 10:11:25.180318,137.57,1590432.0,2000198.0
2025-06-20 10:11:26.252693,137.57,1590432.0,2000198.0
2025-06-20 10:11:26.287742,137.57,1591370.0,1999812.0
2025-06-20 10:11:27.396027,137.57,1592485.0,2000148.0
2025-06-20 10:11:27.652505,137.57,1592485.0,2000148.0
2025-06-20 10:11:28.501529,137.57,1591077.0,2005453.0
2025-06-20 10:11:29.610492,137.57,1591077.0,2005453.0
2025-06-20 10:11:29.703431,137.57,1590757.0,2005532.0
2025-06-20 10:11:30.612550,137.57,1590757.0,2005532.0
2025-06-20 10:11:30.869776,137.57,1592612.0,2006489.0
2025-06-20 10:11:31.600509,137.55,1592612.0,2006489.0
2025-06-20 10:11:31.800609,137.55,1594880.0,2001233.0
2025-06-20 10:11:32.597003,137.55,1594880.0,2001233.0
2025-06-20 10:11:33.125696,137.57,1594718.0,2006290.0
2025-06-20 10:11:33.591830,137.57,1594718.0,2006290.0
2025-06-20 10:11:33.990697,137.57,1594701.0,2006267.0
2025-06-20 10:11:34.598203,137.55,1594701.0,2006267.0
2025-06-20 10:11:35.090849,137.55,1594287.0,2005876.0
2025-06-20 10:11:35.592479,137.55,1594287.0,2005876.0
2025-06-20 10:11:36.192489,137.55,1594204.0,2004402.0
2025-06-20 10:11:36.600382,137.57,1594204.0,2004402.0
2025-06-20 10:11:37.195539,137.57,1593591.0,2006309.0
2025-06-20 10:11:37.598306,137.57,1593591.0,2006309.0
2025-06-20 10:11:38.303666,137.55,1594954.0,2006108.0
2025-06-20 10:11:38.591936,137.55,1594954.0,2006108.0
2025-06-20 10:11:39.585160,137.55,1594963.0,2006536.0
2025-06-20 10:11:39.589169,137.57,1594963.0,2006536.0
2025-06-20 10:11:40.495335,137.53,1583881.0,2018862.0
2025-06-20 10:11:40.594403,137.53,1583881.0,2018862.0
2025-06-20 10:11:41.609826,137.53,1583907.0,2019698.0
2025-06-20 10:11:42.593758,137.52,1583907.0,2019698.0
2025-06-20 10:11:42.609379,137.52,1584149.0,2018704.0
2025-06-20 10:11:43.700966,137.52,1584481.0,2023317.0
2025-06-20 10:11:44.593262,137.52,1584481.0,2023317.0
2025-06-20 10:11:45.025020,137.52,1585868.0,2024414.0
2025-06-20 10:11:45.595771,137.54,1585868.0,2024414.0
2025-06-20 10:11:46.026181,137.54,1587443.0,2018345.0
2025-06-20 10:11:46.999430,137.54,1588164.0,2015790.0
2025-06-20 10:11:47.592941,137.54,1588164.0,2015790.0
2025-06-20 10:11:48.100401,137.54,1587687.0,2018099.0
2025-06-20 10:11:48.591737,137.51,1587687.0,2018099.0
2025-06-20 10:11:49.200150,137.51,1581967.0,2022374.0
2025-06-20 10:11:49.601214,137.51,1581967.0,2022374.0
2025-06-20 10:11:50.315104,137.52,1581877.0,2021189.0
2025-06-20 10:11:50.593295,137.52,1581877.0,2021189.0
2025-06-20 10:11:51.424889,137.52,1582877.0,2020807.0
2025-06-20 10:11:51.600276,137.51,1582877.0,2020807.0
2025-06-20 10:11:52.501307,137.5,1585064.0,2019046.0
2025-06-20 10:11:52.600711,137.5,1585064.0,2019046.0
2025-06-20 10:11:53.610131,137.5,1585064.0,2019046.0
2025-06-20 10:11:53.623505,137.5,1573420.0,2020955.0
2025-06-20 10:11:54.593524,137.48,1573420.0,2020955.0
2025-06-20 10:11:54.644506,137.48,1574464.0,2022349.0
2025-06-20 10:11:55.601836,137.48,1574464.0,2022349.0
2025-06-20 10:11:55.709591,137.48,1571247.0,2022659.0
2025-06-20 10:11:56.589585,137.5,1571247.0,2022659.0
2025-06-20 10:11:56.835918,137.5,1573545.0,2021947.0
2025-06-20 10:11:57.599543,137.5,1573545.0,2021947.0
2025-06-20 10:11:57.916005,137.48,1577095.0,2017260.0
2025-06-20 10:11:58.594634,137.5,1577095.0,2017260.0
2025-06-20 10:11:59.006881,137.48,1577785.0,2002548.0
2025-06-20 10:11:59.597517,137.51,1577785.0,2002548.0
2025-06-20 10:12:00.114779,137.54,1556955.0,1992387.0
2025-06-20 10:12:01.207478,137.54,1589188.0,1979964.0
2025-06-20 10:12:01.602500,137.56,1589188.0,1979964.0
2025-06-20 10:12:02.435448,137.56,1587428.0,1982788.0
2025-06-20 10:12:02.601978,137.55,1587428.0,1982788.0
2025-06-20 10:12:03.598331,137.54,1587428.0,1982788.0
2025-06-20 10:12:03.923113,137.54,1583202.0,1993056.0
2025-06-20 10:12:04.604676,137.54,1583202.0,1993056.0
2025-06-20 10:12:05.009914,137.54,1591222.0,1989498.0
2025-06-20 10:12:05.601074,137.54,1591222.0,1989498.0
2025-06-20 10:12:06.111734,137.55,1598914.0,1989105.0
2025-06-20 10:12:06.598634,137.55,1598914.0,1989105.0
2025-06-20 10:12:07.110149,137.55,1593880.0,1995158.0
2025-06-20 10:12:07.594793,137.55,1593880.0,1995158.0
2025-06-20 10:12:08.210564,137.58,1599141.0,1990587.0
2025-06-20 10:12:08.598013,137.58,1599141.0,1990587.0
2025-06-20 10:12:09.212319,137.55,1599404.0,1986665.0
2025-06-20 10:12:09.598809,137.55,1599404.0,1986665.0
2025-06-20 10:12:10.213186,137.55,1598748.0,1996253.0
2025-06-20 10:12:10.601792,137.55,1598748.0,1996253.0
2025-06-20 10:12:11.214398,137.55,1607755.0,1995371.0
2025-06-20 10:12:11.598465,137.57,1607755.0,1995371.0
2025-06-20 10:12:12.213649,137.57,1607649.0,1996268.0
2025-06-20 10:12:12.600322,137.57,1607649.0,1996268.0
2025-06-20 10:12:13.518050,137.56,1605831.0,1996535.0
2025-06-20 10:12:13.595428,137.55,1605831.0,1996535.0
2025-06-20 10:12:14.429879,137.55,1605390.0,1998335.0
2025-06-20 10:12:14.624097,137.55,1605390.0,1998335.0
2025-06-20 10:12:15.437601,137.55,1604876.0,2002986.0
2025-06-20 10:12:15.596333,137.55,1604876.0,2002986.0
2025-06-20 10:12:16.625649,137.55,1604977.0,2003188.0
2025-06-20 10:12:17.606885,137.56,1604977.0,2003188.0
2025-06-20 10:12:17.726221,137.54,1604661.0,2002781.0
2025-06-20 10:12:18.602784,137.56,1604661.0,2002781.0
2025-06-20 10:12:18.731305,137.56,1604995.0,2003089.0
2025-06-20 10:12:19.628247,137.56,1605497.0,2003294.0
2025-06-20 10:12:20.599269,137.56,1605497.0,2003294.0
2025-06-20 10:12:20.729641,137.56,1605513.0,2003970.0
2025-06-20 10:12:21.833183,137.56,1606179.0,2002996.0
2025-06-20 10:12:22.596839,137.55,1606179.0,2002996.0
2025-06-20 10:12:22.739003,137.55,1605412.0,2001183.0
2025-06-20 10:12:23.593911,137.54,1605412.0,2001183.0
2025-06-20 10:12:23.736069,137.54,1605565.0,2001181.0
2025-06-20 10:12:24.601142,137.54,1605565.0,2001181.0
2025-06-20 10:12:24.725521,137.54,1604965.0,2002935.0
2025-06-20 10:12:25.609623,137.54,1604965.0,2002935.0
2025-06-20 10:12:25.836296,137.54,1604706.0,2004224.0
2025-06-20 10:12:26.608850,137.55,1604706.0,2004224.0
2025-06-20 10:12:27.058823,137.54,1604710.0,2004873.0
2025-06-20 10:12:27.596833,137.54,1604710.0,2004873.0
2025-06-20 10:12:28.024076,137.54,1605439.0,2005262.0
2025-06-20 10:12:28.595187,137.54,1605439.0,2005262.0
2025-06-20 10:12:29.025115,137.54,1605440.0,2005262.0
2025-06-20 10:12:30.125498,137.55,1605697.0,2005169.0
2025-06-20 10:12:30.599864,137.55,1605697.0,2005169.0
2025-06-20 10:12:31.227501,137.55,1605625.0,2005606.0
2025-06-20 10:12:32.225577,137.54,1606055.0,2005683.0
2025-06-20 10:12:32.607051,137.55,1606055.0,2005683.0
2025-06-20 10:12:33.368355,137.56,1610972.0,2004179.0
2025-06-20 10:12:33.596940,137.56,1610972.0,2004179.0
2025-06-20 10:12:34.433568,137.56,1605827.0,2005936.0
2025-06-20 10:12:34.600638,137.56,1605827.0,2005936.0
2025-06-20 10:12:35.529312,137.56,1604677.0,2007981.0
2025-06-20 10:12:35.600340,137.55,1604677.0,2007981.0
2025-06-20 10:12:36.605662,137.55,1604677.0,2007981.0
2025-06-20 10:12:36.640636,137.55,1608177.0,2006521.0
2025-06-20 10:12:37.604237,137.56,1608177.0,2006521.0
2025-06-20 10:12:37.736028,137.56,1606352.0,2009733.0
2025-06-20 10:12:38.602577,137.55,1606352.0,2009733.0
2025-06-20 10:12:38.736151,137.55,1607066.0,2008932.0
2025-06-20 10:12:39.597567,137.55,1607066.0,2008932.0
2025-06-20 10:12:39.859260,137.55,1607447.0,2009156.0
2025-06-20 10:12:40.514477,137.55,1607447.0,2009156.0
2025-06-20 10:12:40.599292,137.55,1607447.0,2009156.0
2025-06-20 10:12:40.883815,137.55,1607447.0,2009156.0
2025-06-20 10:12:40.939265,137.55,1608152.0,2009674.0
2025-06-20 10:12:41.126037,137.55,1608152.0,2009674.0
2025-06-20 10:12:41.601892,137.54,1608152.0,2009674.0
2025-06-20 10:12:41.700301,137.54,1608152.0,2009674.0
2025-06-20 10:12:42.031294,137.54,1606287.0,2009020.0
2025-06-20 10:12:42.329159,137.54,1606287.0,2009020.0
2025-06-20 10:12:42.596126,137.54,1606287.0,2009020.0
2025-06-20 10:12:42.935903,137.54,1606287.0,2009020.0
2025-06-20 10:12:43.134917,137.55,1606691.0,2012601.0
2025-06-20 10:12:43.428139,137.55,1606691.0,2012601.0
2025-06-20 10:12:43.597316,137.55,1606691.0,2012601.0
2025-06-20 10:12:43.934997,137.55,1606691.0,2012601.0
2025-06-20 10:12:44.036044,137.55,1607832.0,2007137.0
2025-06-20 10:12:44.604944,137.55,1607832.0,2007137.0
2025-06-20 10:12:44.676253,137.55,1607832.0,2007137.0
2025-06-20 10:12:45.133924,137.55,1608597.0,2008492.0
2025-06-20 10:12:45.440556,137.55,1608597.0,2008492.0
2025-06-20 10:12:45.636363,137.55,1608597.0,2008492.0
2025-06-20 10:12:46.234660,137.55,1608202.0,2012782.0
2025-06-20 10:12:46.663593,137.55,1608202.0,2012782.0
2025-06-20 10:12:47.446418,137.55,1608788.0,2012505.0
2025-06-20 10:12:47.619710,137.55,1608788.0,2012505.0
2025-06-20 10:12:48.439021,137.55,1607787.0,2012315.0
2025-06-20 10:12:48.601903,137.54,1607787.0,2012315.0
2025-06-20 10:12:49.150678,137.54,1607787.0,2012315.0
2025-06-20 10:12:49.540533,137.55,1605264.0,2005718.0
2025-06-20 10:12:49.601557,137.55,1605264.0,2005718.0
2025-06-20 10:12:50.457089,137.55,1605264.0,2005718.0
2025-06-20 10:12:50.597042,137.56,1605264.0,2005718.0
2025-06-20 10:12:50.649750,137.56,1608372.0,2001844.0
2025-06-20 10:12:51.609912,137.57,1608372.0,2001844.0
2025-06-20 10:12:51.652023,137.57,1608372.0,2001844.0
2025-06-20 10:12:51.741085,137.57,1608668.0,2001169.0
2025-06-20 10:12:52.849552,137.57,1609148.0,2001896.0
2025-06-20 10:12:53.259103,137.57,1609148.0,2001896.0
2025-06-20 10:12:53.614502,137.55,1609148.0,2001896.0
2025-06-20 10:12:53.940849,137.55,1608098.0,2001591.0
2025-06-20 10:12:54.607817,137.57,1608098.0,2001591.0
2025-06-20 10:12:55.062322,137.57,1607008.0,2002007.0
2025-06-20 10:12:56.041566,137.57,1606933.0,2001049.0
2025-06-20 10:12:56.601073,137.61,1606933.0,2001049.0
2025-06-20 10:12:57.144198,137.69,1624667.0,1979050.0
2025-06-20 10:12:57.636958,137.69,1624667.0,1979050.0
2025-06-20 10:12:58.244972,137.62,1623867.0,1978453.0
2025-06-20 10:12:58.601081,137.62,1623867.0,1978453.0
2025-06-20 10:12:59.371990,137.62,1623919.0,1969405.0
2025-06-20 10:13:00.622584,137.68,1623919.0,1969405.0
2025-06-20 10:13:02.608249,137.68,1623919.0,1969405.0
2025-06-20 10:13:03.551689,137.63,1627290.0,1973669.0
2025-06-20 10:13:04.610232,137.63,1627290.0,1973669.0
2025-06-20 10:13:06.618798,137.64,1627290.0,1973669.0
2025-06-20 10:13:08.610406,137.65,1627290.0,1973669.0
2025-06-20 10:13:09.390595,137.65,1631321.0,1986485.0
2025-06-20 10:13:10.621623,137.68,1631321.0,1986485.0
2025-06-20 10:13:12.608746,137.6,1631321.0,1986485.0
2025-06-20 10:13:14.619773,137.66,1631321.0,1986485.0
2025-06-20 10:13:15.060137,137.61,1627995.0,1990955.0
2025-06-20 10:13:16.618447,137.65,1627995.0,1990955.0
2025-06-20 10:13:18.607349,137.65,1627995.0,1990955.0
2025-06-20 10:13:20.610052,137.67,1627995.0,1990955.0
2025-06-20 10:13:21.066941,137.67,1609468.0,1985200.0
2025-06-20 10:13:22.618911,137.67,1609468.0,1985200.0
2025-06-20 10:13:24.619146,137.67,1609468.0,1985200.0
2025-06-20 10:13:26.613963,137.65,1609468.0,1985200.0
2025-06-20 10:13:27.267666,137.65,1635348.0,1984136.0
2025-06-20 10:13:28.601959,137.67,1635348.0,1984136.0
2025-06-20 10:13:30.609152,137.65,1635348.0,1984136.0
2025-06-20 10:13:32.621828,137.61,1635348.0,1984136.0
2025-06-20 10:13:33.569968,137.61,1620839.0,1999404.0
2025-06-20 10:13:34.604880,137.6,1620839.0,1999404.0
2025-06-20 10:13:36.613374,137.61,1620839.0,1999404.0
2025-06-20 10:13:38.601188,137.61,1620839.0,1999404.0
2025-06-20 10:13:39.673985,137.64,1620333.0,2001034.0
2025-06-20 10:13:40.610542,137.64,1620333.0,2001034.0
2025-06-20 10:13:42.610004,137.64,1620333.0,2001034.0
2025-06-20 10:13:44.638640,137.62,1620333.0,2001034.0
2025-06-20 10:13:45.677852,137.62,1617894.0,1998321.0
2025-06-20 10:13:46.619604,137.62,1617894.0,1998321.0
2025-06-20 10:13:48.619361,137.64,1617894.0,1998321.0
2025-06-20 10:13:50.627301,137.64,1617894.0,1998321.0
2025-06-20 10:13:51.186197,137.63,1623658.0,1994049.0
2025-06-20 10:13:52.619021,137.63,1623658.0,1994049.0
2025-06-20 10:13:54.605438,137.62,1623658.0,1994049.0
2025-06-20 10:13:56.614157,137.62,1623658.0,1994049.0
2025-06-20 10:13:56.787511,137.62,1623395.0,1996508.0
2025-06-20 10:13:58.622633,137.61,1623395.0,1996508.0
2025-06-20 10:14:00.610866,137.63,1623395.0,1996508.0
2025-06-20 10:14:02.425560,137.63,1617815.0,1997247.0
2025-06-20 10:14:04.635450,137.62,1617815.0,1997247.0
2025-06-20 10:14:06.625950,137.62,1617815.0,1997247.0
2025-06-20 10:14:07.996636,137.61,1623640.0,1997594.0
2025-06-20 10:14:08.619221,137.61,1623640.0,1997594.0
2025-06-20 10:14:10.614344,137.63,1623640.0,1997594.0
2025-06-20 10:14:12.632803,137.63,1623640.0,1997594.0
2025-06-20 10:14:14.005490,137.64,1618775.0,1998350.0
2025-06-20 10:14:14.618302,137.64,1618775.0,1998350.0
2025-06-20 10:14:16.619259,137.64,1618775.0,1998350.0
2025-06-20 10:14:18.613531,137.63,1618775.0,1998350.0
2025-06-20 10:14:19.700602,137.62,1624255.0,1997882.0
2025-06-20 10:14:20.614718,137.63,1624255.0,1997882.0
2025-06-20 10:14:22.615594,137.57,1624255.0,1997882.0
2025-06-20 10:14:24.634577,137.61,1624255.0,1997882.0
2025-06-20 10:14:25.704319,137.61,1620802.0,1997924.0
2025-06-20 10:14:26.610956,137.61,1620802.0,1997924.0
2025-06-20 10:14:28.607581,137.62,1620802.0,1997924.0
2025-06-20 10:14:30.615078,137.63,1620802.0,1997924.0
2025-06-20 10:14:31.669868,137.63,1623267.0,1998100.0
2025-06-20 10:14:32.613299,137.63,1623267.0,1998100.0
2025-06-20 10:14:34.663771,137.6,1623267.0,1998100.0
2025-06-20 10:14:36.654639,137.63,1623267.0,1998100.0
2025-06-20 10:14:37.109610,137.63,1622483.0,2009440.0
2025-06-20 10:14:38.615691,137.63,1622483.0,2009440.0
2025-06-20 10:14:40.612947,137.6,1622483.0,2009440.0
2025-06-20 10:14:42.647600,137.64,1622483.0,2009440.0
2025-06-20 10:14:43.035504,137.64,1627004.0,2007265.0
2025-06-20 10:14:44.625474,137.64,1627004.0,2007265.0
2025-06-20 10:14:46.610060,137.64,1627004.0,2007265.0
2025-06-20 10:14:48.518651,137.6,1624009.0,2005400.0
2025-06-20 10:14:48.626248,137.6,1624009.0,2005400.0
2025-06-20 10:14:50.614675,137.64,1624009.0,2005400.0
2025-06-20 10:14:52.648822,137.64,1624009.0,2005400.0
2025-06-20 10:14:54.428503,137.64,1624064.0,2013055.0
2025-06-20 10:14:56.612314,137.6,1624064.0,2013055.0
2025-06-20 10:14:58.614788,137.6,1624064.0,2013055.0
2025-06-20 10:15:00.616316,137.64,1624064.0,2013055.0
2025-06-20 10:15:00.633864,137.64,1626742.0,2006789.0
2025-06-20 10:15:01.948987,137.64,1627455.0,2009860.0
2025-06-20 10:15:02.931193,137.64,1631064.0,2009905.0
2025-06-20 10:15:03.662222,137.61,1631064.0,2009905.0
2025-06-20 10:15:04.028982,137.61,1630377.0,2009545.0
2025-06-20 10:15:04.607113,137.64,1630377.0,2009545.0
2025-06-20 10:15:05.028839,137.64,1631164.0,2009664.0
2025-06-20 10:15:06.028575,137.7,1651415.0,1974121.0
2025-06-20 10:15:06.611351,137.7,1651415.0,1974121.0
2025-06-20 10:15:07.032776,137.69,1654745.0,1981371.0
2025-06-20 10:15:07.612081,137.7,1654745.0,1981371.0
2025-06-20 10:15:08.031325,137.7,1653484.0,1977746.0
2025-06-20 10:15:08.608025,137.7,1653484.0,1977746.0
2025-06-20 10:15:09.030353,137.69,1651445.0,1982963.0
2025-06-20 10:15:09.609394,137.69,1651445.0,1982963.0
2025-06-20 10:15:10.130239,137.69,1651287.0,1983386.0
2025-06-20 10:15:10.611014,137.69,1651287.0,1983386.0
2025-06-20 10:15:11.233230,137.67,1640743.0,1985069.0
2025-06-20 10:15:11.609909,137.69,1640743.0,1985069.0
2025-06-20 10:15:12.342499,137.69,1645667.0,1985996.0
2025-06-20 10:15:12.606801,137.69,1645667.0,1985996.0
2025-06-20 10:15:13.440203,137.67,1639587.0,1985236.0
2025-06-20 10:15:13.606543,137.67,1639587.0,1985236.0
2025-06-20 10:15:14.537575,137.67,1640194.0,1985390.0
2025-06-20 10:15:14.604844,137.67,1640194.0,1985390.0
2025-06-20 10:15:15.609016,137.69,1640194.0,1985390.0
2025-06-20 10:15:15.652927,137.69,1656768.0,1984099.0
2025-06-20 10:15:16.613176,137.73,1656768.0,1984099.0
2025-06-20 10:15:16.848783,137.73,1672244.0,1986272.0
2025-06-20 10:15:17.738208,137.73,1672238.0,1987084.0
2025-06-20 10:15:18.739158,137.73,1671938.0,1985381.0
2025-06-20 10:15:19.607510,137.73,1671938.0,1985381.0
2025-06-20 10:15:19.740499,137.73,1672394.0,1985605.0
2025-06-20 10:15:20.612004,137.69,1672394.0,1985605.0
2025-06-20 10:15:20.850324,137.69,1671152.0,1987115.0
2025-06-20 10:15:21.609764,137.69,1671152.0,1987115.0
2025-06-20 10:15:21.940600,137.69,1671391.0,1987765.0
2025-06-20 10:15:22.625160,137.72,1671391.0,1987765.0
2025-06-20 10:15:23.043951,137.72,1671852.0,1987592.0
2025-06-20 10:15:23.608478,137.71,1671852.0,1987592.0
2025-06-20 10:15:23.941254,137.71,1672128.0,1984614.0
2025-06-20 10:15:24.613143,137.71,1672128.0,1984614.0
2025-06-20 10:15:24.950223,137.71,1672116.0,1984529.0
2025-06-20 10:15:25.608888,137.71,1672116.0,1984529.0
2025-06-20 10:15:26.141692,137.71,1672359.0,1984358.0
2025-06-20 10:15:27.242701,137.69,1671823.0,1985051.0
2025-06-20 10:15:27.611447,137.69,1671823.0,1985051.0
2025-06-20 10:15:28.245981,137.69,1671417.0,1990563.0
2025-06-20 10:15:28.608194,137.69,1671417.0,1990563.0
2025-06-20 10:15:29.444280,137.69,1672015.0,1985870.0
2025-06-20 10:15:29.617203,137.69,1672015.0,1985870.0
2025-06-20 10:15:30.456768,137.72,1668224.0,1988049.0
2025-06-20 10:15:30.612586,137.72,1668224.0,1988049.0
2025-06-20 10:15:31.467987,137.72,1669292.0,1983813.0
2025-06-20 10:15:31.615129,137.72,1669292.0,1983813.0
2025-06-20 10:15:32.546853,137.72,1668987.0,1983999.0
2025-06-20 10:15:33.547603,137.72,1668755.0,1983804.0
2025-06-20 10:15:34.609957,137.72,1668755.0,1983804.0
2025-06-20 10:15:34.650195,137.72,1670087.0,1988065.0
2025-06-20 10:15:35.614440,137.71,1670087.0,1988065.0
2025-06-20 10:15:35.661851,137.71,1668675.0,1984011.0
2025-06-20 10:15:36.550164,137.71,1667946.0,1988118.0
2025-06-20 10:15:36.614600,137.71,1667946.0,1988118.0
2025-06-20 10:15:37.655876,137.71,1669271.0,1982649.0
2025-06-20 10:15:38.660382,137.71,1668325.0,1982632.0
2025-06-20 10:15:39.617141,137.7,1668325.0,1982632.0
2025-06-20 10:15:39.663993,137.7,1669216.0,1984638.0
2025-06-20 10:15:40.624277,137.7,1669216.0,1984638.0
2025-06-20 10:15:40.669254,137.7,1668574.0,1984972.0
2025-06-20 10:15:40.960784,137.7,1668574.0,1984972.0
2025-06-20 10:15:41.320443,137.7,1668574.0,1984972.0
2025-06-20 10:15:41.611782,137.7,1668574.0,1984972.0
2025-06-20 10:15:41.757983,137.71,1668782.0,1984860.0
2025-06-20 10:15:41.911913,137.71,1668782.0,1984860.0
2025-06-20 10:15:42.162595,137.71,1668782.0,1984860.0
2025-06-20 10:15:42.615645,137.71,1668782.0,1984860.0
2025-06-20 10:15:42.755046,137.71,1668782.0,1984860.0
2025-06-20 10:15:42.784323,137.72,1669065.0,1981195.0
2025-06-20 10:15:43.432788,137.72,1669065.0,1981195.0
2025-06-20 10:15:43.612752,137.76,1669065.0,1981195.0
2025-06-20 10:15:43.755810,137.76,1699587.0,1972269.0
2025-06-20 10:15:43.850490,137.76,1699587.0,1972269.0
2025-06-20 10:15:44.451725,137.76,1699587.0,1972269.0
2025-06-20 10:15:44.611405,137.76,1699587.0,1972269.0
2025-06-20 10:15:44.830463,137.76,1699587.0,1972269.0
2025-06-20 10:15:44.885662,137.77,1699340.0,1970036.0
2025-06-20 10:15:45.612288,137.77,1699340.0,1970036.0
2025-06-20 10:15:45.766839,137.77,1699340.0,1970036.0
2025-06-20 10:15:45.957555,137.77,1699054.0,1957777.0
2025-06-20 10:15:46.958282,137.77,1696783.0,1961297.0
2025-06-20 10:15:47.101708,137.77,1696783.0,1961297.0
2025-06-20 10:15:47.611633,137.79,1696783.0,1961297.0
2025-06-20 10:15:47.868495,137.79,1699302.0,1955355.0
2025-06-20 10:15:48.067355,137.79,1699302.0,1955355.0
2025-06-20 10:15:48.958260,137.79,1700032.0,1956324.0
2025-06-20 10:15:49.579123,137.79,1700032.0,1956324.0
2025-06-20 10:15:49.958943,137.79,1701515.0,1957180.0
2025-06-20 10:15:50.872599,137.79,1701515.0,1957180.0
2025-06-20 10:15:50.959615,137.79,1699351.0,1959022.0
2025-06-20 10:15:52.060924,137.79,1699085.0,1959856.0
2025-06-20 10:15:52.092270,137.79,1699085.0,1959856.0
2025-06-20 10:15:53.058950,137.77,1698642.0,1958938.0
2025-06-20 10:15:53.610612,137.79,1698642.0,1958938.0
2025-06-20 10:15:53.681195,137.79,1698642.0,1958938.0
2025-06-20 10:15:53.961138,137.77,1698502.0,1961168.0
2025-06-20 10:15:54.610533,137.77,1698502.0,1961168.0
2025-06-20 10:15:54.960888,137.78,1699003.0,1960204.0
2025-06-20 10:15:55.799422,137.78,1699003.0,1960204.0
2025-06-20 10:15:55.964059,137.77,1697550.0,1960669.0
2025-06-20 10:15:56.613750,137.77,1697550.0,1960669.0
2025-06-20 10:15:57.065149,137.78,1697511.0,1960496.0
2025-06-20 10:15:57.680444,137.78,1697511.0,1960496.0
2025-06-20 10:15:58.165993,137.78,1697681.0,1960124.0
2025-06-20 10:15:58.610839,137.8,1697681.0,1960124.0
2025-06-20 10:15:59.285124,137.86,1701134.0,1953421.0
2025-06-20 10:15:59.615378,137.86,1701134.0,1953421.0
2025-06-20 10:16:00.267922,137.86,1701398.0,1956572.0
2025-06-20 10:16:02.971752,137.85,1702497.0,1959614.0
2025-06-20 10:16:04.626228,137.81,1702497.0,1959614.0
2025-06-20 10:16:08.615769,137.81,1702497.0,1959614.0
2025-06-20 10:16:08.971943,137.81,1702899.0,1961413.0
2025-06-20 10:16:12.619094,137.82,1702899.0,1961413.0
2025-06-20 10:16:15.075104,137.82,1698242.0,1956399.0
2025-06-20 10:16:16.617104,137.81,1698242.0,1956399.0
2025-06-20 10:16:20.620160,137.81,1698242.0,1956399.0
2025-06-20 10:16:21.582960,137.81,1705010.0,1961054.0
2025-06-20 10:16:23.613615,137.82,1705010.0,1961054.0
2025-06-20 10:16:26.650110,137.92,1705010.0,1961054.0
2025-06-20 10:16:27.983877,137.92,1713773.0,1911254.0
2025-06-20 10:16:29.623694,137.92,1713773.0,1911254.0
2025-06-20 10:16:32.616792,137.9,1713773.0,1911254.0
2025-06-20 10:16:34.506173,137.86,1720412.0,1927157.0
2025-06-20 10:16:35.619948,137.86,1720412.0,1927157.0
2025-06-20 10:16:37.636047,137.9,1720412.0,1927157.0
2025-06-20 10:16:40.794377,137.89,1719559.0,1929444.0
2025-06-20 10:16:41.620808,137.91,1719559.0,1929444.0
2025-06-20 10:16:44.668491,137.86,1719559.0,1929444.0
2025-06-20 10:16:46.620376,137.86,1719559.0,1929444.0
2025-06-20 10:16:46.995636,137.86,1704117.0,1947992.0
2025-06-20 10:16:50.616008,137.9,1704117.0,1947992.0
2025-06-20 10:16:52.625140,137.9,1704117.0,1947992.0
2025-06-20 10:16:53.314961,137.89,1727601.0,1938941.0
2025-06-20 10:16:54.684726,137.9,1727601.0,1938941.0
2025-06-20 10:16:56.623053,137.89,1727601.0,1938941.0
2025-06-20 10:16:58.618832,137.89,1727601.0,1938941.0
2025-06-20 10:16:59.506875,137.86,1729373.0,1940893.0
2025-06-20 10:17:00.663400,137.89,1729373.0,1940893.0
2025-06-20 10:17:02.626665,137.91,1729373.0,1940893.0
2025-06-20 10:17:04.625495,137.9,1729373.0,1940893.0
2025-06-20 10:17:05.420097,137.9,1735960.0,1918017.0
2025-06-20 10:17:06.625238,137.92,1735960.0,1918017.0
2025-06-20 10:17:08.630831,137.91,1735960.0,1918017.0
2025-06-20 10:17:10.629177,137.9,1735960.0,1918017.0
2025-06-20 10:17:11.426934,137.91,1739846.0,1918803.0
2025-06-20 10:17:12.633257,137.9,1739846.0,1918803.0
2025-06-20 10:17:14.641124,137.91,1739846.0,1918803.0
2025-06-20 10:17:16.620086,137.9,1739846.0,1918803.0
2025-06-20 10:17:17.429066,137.91,1740904.0,1930001.0
2025-06-20 10:17:18.624812,137.9,1740904.0,1930001.0
2025-06-20 10:17:20.626383,137.9,1740904.0,1930001.0
2025-06-20 10:17:22.624474,137.91,1740904.0,1930001.0
2025-06-20 10:17:23.425842,137.91,1741809.0,1925875.0
2025-06-20 10:17:24.624616,137.91,1741809.0,1925875.0
2025-06-20 10:17:26.650259,137.92,1741809.0,1925875.0
2025-06-20 10:17:29.365729,137.91,1743118.0,1917707.0
2025-06-20 10:17:30.621055,137.91,1743118.0,1917707.0
2025-06-20 10:17:33.641963,137.96,1743118.0,1917707.0
2025-06-20 10:17:35.528473,137.91,1744774.0,1925698.0
2025-06-20 10:17:36.620239,137.96,1744774.0,1925698.0
2025-06-20 10:17:38.656457,137.91,1744774.0,1925698.0
2025-06-20 10:17:41.454467,137.96,1745719.0,1932200.0
2025-06-20 10:17:42.624589,137.92,1745719.0,1932200.0
2025-06-20 10:17:45.629237,137.96,1745719.0,1932200.0
2025-06-20 10:17:47.236109,137.96,1754604.0,1912747.0
2025-06-20 10:17:48.623411,137.96,1754604.0,1912747.0
2025-06-20 10:17:50.629727,137.96,1754604.0,1912747.0
2025-06-20 10:17:53.453169,137.93,1741365.0,1920546.0
2025-06-20 10:17:54.622592,137.95,1741365.0,1920546.0
2025-06-20 10:17:56.631743,137.93,1741365.0,1920546.0
2025-06-20 10:17:59.625768,137.95,1741365.0,1920546.0
2025-06-20 10:17:59.740634,137.95,1744116.0,1911917.0
2025-06-20 10:18:03.628834,137.95,1744116.0,1911917.0
2025-06-20 10:18:06.046401,137.95,1746046.0,1910443.0
2025-06-20 10:18:06.626387,137.93,1746046.0,1910443.0
2025-06-20 10:18:08.629652,137.95,1746046.0,1910443.0
2025-06-20 10:18:12.150602,137.96,1744900.0,1906609.0
2025-06-20 10:18:15.622999,137.95,1744900.0,1906609.0
2025-06-20 10:18:17.632088,137.95,1744900.0,1906609.0
2025-06-20 10:18:17.863034,137.95,1743635.0,1921074.0
2025-06-20 10:18:20.633273,137.98,1743635.0,1921074.0
2025-06-20 10:18:24.254989,137.98,1749587.0,1921424.0
2025-06-20 10:18:24.627721,137.99,1749587.0,1921424.0
2025-06-20 10:18:27.627494,137.97,1749587.0,1921424.0
2025-06-20 10:18:30.625738,138.0,1749587.0,1921424.0
2025-06-20 10:18:31.158203,138.0,1750058.0,1914948.0
2025-06-20 10:18:33.629450,138.0,1750058.0,1914948.0
2025-06-20 10:18:36.628341,137.96,1750058.0,1914948.0
2025-06-20 10:18:37.266541,137.97,1745632.0,1908739.0
2025-06-20 10:18:38.636395,137.99,1745632.0,1908739.0
2025-06-20 10:18:41.325617,137.99,1745632.0,1908739.0
2025-06-20 10:18:41.631068,137.97,1745632.0,1908739.0
2025-06-20 10:18:41.670309,137.97,1745632.0,1908739.0
2025-06-20 10:18:42.120104,137.97,1745632.0,1908739.0
2025-06-20 10:18:43.066405,137.96,1743294.0,1913374.0
2025-06-20 10:18:43.290658,137.96,1743294.0,1913374.0
2025-06-20 10:18:44.430484,137.96,1743294.0,1913374.0
2025-06-20 10:18:44.704294,137.99,1743294.0,1913374.0
2025-06-20 10:18:45.005175,137.99,1743294.0,1913374.0
2025-06-20 10:18:45.422097,137.99,1743294.0,1913374.0
2025-06-20 10:18:46.331066,137.99,1743294.0,1913374.0
2025-06-20 10:18:47.679491,137.99,1743294.0,1913374.0
2025-06-20 10:18:48.631275,137.98,1743294.0,1913374.0
2025-06-20 10:18:48.665197,137.98,1743294.0,1913374.0
2025-06-20 10:18:48.886387,137.98,1746536.0,1910765.0
2025-06-20 10:18:50.200487,137.98,1746536.0,1910765.0
2025-06-20 10:18:51.445300,137.98,1746536.0,1910765.0
2025-06-20 10:18:51.636033,137.99,1746536.0,1910765.0
2025-06-20 10:18:52.759341,137.99,1746536.0,1910765.0
2025-06-20 10:18:54.395203,137.99,1746536.0,1910765.0
2025-06-20 10:18:54.655989,137.99,1746536.0,1910765.0
2025-06-20 10:18:54.775509,137.99,1743727.0,1914121.0
2025-06-20 10:18:57.636991,138.0,1743727.0,1914121.0
2025-06-20 10:19:00.977889,137.98,1745293.0,1913674.0
2025-06-20 10:19:03.650998,137.99,1745293.0,1913674.0
2025-06-20 10:19:06.635054,137.99,1745293.0,1913674.0
2025-06-20 10:19:07.477521,137.99,1719057.0,1918297.0
2025-06-20 10:19:08.633989,137.97,1719057.0,1918297.0
2025-06-20 10:19:12.631099,137.97,1719057.0,1918297.0
2025-06-20 10:19:13.486504,137.99,1721930.0,1918059.0
2025-06-20 10:19:15.673490,137.97,1721930.0,1918059.0
2025-06-20 10:19:18.739322,137.97,1721930.0,1918059.0
2025-06-20 10:19:19.589431,137.97,1720882.0,1916726.0
2025-06-20 10:19:21.688295,137.97,1720882.0,1916726.0
2025-06-20 10:19:23.654778,137.97,1720882.0,1916726.0
2025-06-20 10:19:25.593507,137.99,1722998.0,1913308.0
2025-06-20 10:19:27.694521,137.97,1722998.0,1913308.0
2025-06-20 10:19:30.640862,137.91,1722998.0,1913308.0
2025-06-20 10:19:31.797342,137.91,1708655.0,1941770.0
2025-06-20 10:19:33.703034,137.91,1708655.0,1941770.0
2025-06-20 10:19:36.651520,137.9,1708655.0,1941770.0
2025-06-20 10:19:37.915844,137.9,1710668.0,1935461.0
2025-06-20 10:19:38.649451,137.9,1710668.0,1935461.0
2025-06-20 10:19:41.682067,137.95,1710668.0,1935461.0
2025-06-20 10:19:43.921187,137.9,1704183.0,1940404.0
2025-06-20 10:19:44.639398,137.9,1704183.0,1940404.0
2025-06-20 10:19:47.650720,137.89,1704183.0,1940404.0
2025-06-20 10:19:49.515505,137.87,1704403.0,1937480.0
2025-06-20 10:19:51.644905,137.89,1704403.0,1937480.0
2025-06-20 10:19:53.638416,137.86,1704403.0,1937480.0
2025-06-20 10:19:55.327697,137.86,1702961.0,1941087.0
2025-06-20 10:19:56.669186,137.86,1702961.0,1941087.0
2025-06-20 10:19:59.644941,137.86,1702961.0,1941087.0
2025-06-20 10:20:01.230264,137.9,1707672.0,1945157.0
2025-06-20 10:20:02.643295,137.87,1707672.0,1945157.0
2025-06-20 10:20:04.680029,137.9,1707672.0,1945157.0
2025-06-20 10:20:07.937061,137.97,1711877.0,1932167.0
2025-06-20 10:20:08.643687,137.97,1711877.0,1932167.0
2025-06-20 10:20:11.686528,137.92,1711877.0,1932167.0
2025-06-20 10:20:13.683926,137.92,1711877.0,1932167.0
2025-06-20 10:20:14.347758,137.95,1711968.0,1931727.0
2025-06-20 10:20:17.651686,137.95,1711968.0,1931727.0
2025-06-20 10:20:20.643588,137.95,1711968.0,1931727.0
2025-06-20 10:20:20.752735,137.95,1711346.0,1929597.0
2025-06-20 10:20:23.646937,137.92,1711346.0,1929597.0
2025-06-20 10:20:26.644992,137.95,1711346.0,1929597.0
2025-06-20 10:20:26.673157,137.95,1715232.0,1931393.0
2025-06-20 10:20:28.686003,137.95,1715232.0,1931393.0
2025-06-20 10:20:31.655238,137.92,1715232.0,1931393.0
2025-06-20 10:20:32.757362,137.92,1713262.0,1933301.0
2025-06-20 10:20:35.644350,137.94,1713262.0,1933301.0
2025-06-20 10:20:38.669879,137.92,1713262.0,1933301.0
2025-06-20 10:20:38.972277,137.94,1712212.0,1933852.0
2025-06-20 10:20:41.643753,137.94,1712212.0,1933852.0
2025-06-20 10:20:44.648524,137.92,1712212.0,1933852.0
2025-06-20 10:20:44.971865,137.92,1715325.0,1935759.0
2025-06-20 10:20:47.650825,137.92,1715325.0,1935759.0
2025-06-20 10:20:50.686252,137.94,1715325.0,1935759.0
2025-06-20 10:20:51.066677,137.94,1716231.0,1940550.0
2025-06-20 10:20:53.657245,137.94,1716231.0,1940550.0
2025-06-20 10:20:55.661873,137.94,1716231.0,1940550.0
2025-06-20 10:20:57.174597,137.92,1708065.0,1945660.0
2025-06-20 10:20:58.683795,137.92,1708065.0,1945660.0
2025-06-20 10:21:02.664301,137.93,1708065.0,1945660.0
2025-06-20 10:21:03.476019,137.93,1710294.0,1940128.0
2025-06-20 10:21:04.712447,137.92,1710294.0,1940128.0
2025-06-20 10:21:08.650308,137.92,1710294.0,1940128.0
2025-06-20 10:21:09.776276,137.92,1711027.0,1942182.0
2025-06-20 10:21:11.650695,137.93,1711027.0,1942182.0
2025-06-20 10:21:14.656958,137.93,1711027.0,1942182.0
2025-06-20 10:21:15.983779,137.92,1713419.0,1945444.0
2025-06-20 10:21:17.650418,137.92,1713419.0,1945444.0
2025-06-20 10:21:19.675407,137.93,1713419.0,1945444.0
2025-06-20 10:21:21.987895,137.92,1715279.0,1945385.0
2025-06-20 10:21:23.662052,137.92,1715279.0,1945385.0
2025-06-20 10:21:26.648841,137.92,1715279.0,1945385.0
2025-06-20 10:21:27.994997,137.92,1714335.0,1946700.0
2025-06-20 10:21:28.662770,137.93,1714335.0,1946700.0
2025-06-20 10:21:32.202056,137.92,1714335.0,1946700.0
2025-06-20 10:21:33.994400,137.92,1713125.0,1946271.0
2025-06-20 10:21:35.653315,137.9,1713125.0,1946271.0
2025-06-20 10:21:38.647084,137.92,1713125.0,1946271.0
2025-06-20 10:21:40.012204,137.91,1711295.0,1947735.0
2025-06-20 10:21:41.650320,137.92,1711295.0,1947735.0
2025-06-20 10:21:41.838571,137.92,1711295.0,1947735.0
2025-06-20 10:21:42.170852,137.92,1711295.0,1947735.0
2025-06-20 10:21:43.081439,137.92,1711295.0,1947735.0
2025-06-20 10:21:43.659273,137.92,1711295.0,1947735.0
2025-06-20 10:21:43.721366,137.92,1711295.0,1947735.0
2025-06-20 10:21:44.423113,137.92,1711295.0,1947735.0
2025-06-20 10:21:45.464411,137.92,1711295.0,1947735.0
2025-06-20 10:21:45.917984,137.9,1702414.0,1948982.0
2025-06-20 10:21:46.814219,137.9,1702414.0,1948982.0
2025-06-20 10:21:47.661239,137.9,1702414.0,1948982.0
2025-06-20 10:21:48.133892,137.9,1702414.0,1948982.0
2025-06-20 10:21:49.111599,137.9,1702414.0,1948982.0
2025-06-20 10:21:50.672108,137.9,1702414.0,1948982.0
2025-06-20 10:21:50.696539,137.9,1702414.0,1948982.0
2025-06-20 10:21:51.506058,137.92,1709467.0,1950450.0
2025-06-20 10:21:51.940628,137.92,1709467.0,1950450.0
2025-06-20 10:21:53.191690,137.92,1709467.0,1950450.0
2025-06-20 10:21:53.646232,137.9,1709467.0,1950450.0
2025-06-20 10:21:54.791146,137.9,1709467.0,1950450.0
2025-06-20 10:21:55.684424,137.92,1709467.0,1950450.0
2025-06-20 10:21:57.111204,137.9,1710568.0,1946684.0
2025-06-20 10:21:58.651570,137.92,1710568.0,1946684.0
2025-06-20 10:22:02.695164,137.92,1710568.0,1946684.0
2025-06-20 10:22:02.839197,137.92,1705000.0,1944712.0
2025-06-20 10:22:05.716922,137.9,1705000.0,1944712.0
2025-06-20 10:22:08.722906,137.92,1705000.0,1944712.0
2025-06-20 10:22:08.724391,137.92,1708045.0,1955437.0
2025-06-20 10:22:11.727805,137.92,1708045.0,1955437.0
2025-06-20 10:22:14.711805,137.92,1708045.0,1955437.0
2025-06-20 10:22:14.818032,137.92,1708550.0,1956725.0
2025-06-20 10:22:16.669803,137.9,1708550.0,1956725.0
2025-06-20 10:22:20.657177,137.9,1708550.0,1956725.0
2025-06-20 10:22:20.947314,137.9,1700263.0,1957718.0
2025-06-20 10:22:22.686948,137.9,1700263.0,1957718.0
2025-06-20 10:22:25.660683,137.88,1700263.0,1957718.0
2025-06-20 10:22:27.124308,137.88,1701467.0,1963067.0
2025-06-20 10:22:28.684355,137.87,1701467.0,1963067.0
2025-06-20 10:22:32.666242,137.88,1701467.0,1963067.0
2025-06-20 10:22:33.231020,137.88,1700034.0,1957259.0
2025-06-20 10:22:34.727605,137.87,1700034.0,1957259.0
2025-06-20 10:22:37.663433,137.88,1700034.0,1957259.0
2025-06-20 10:22:38.944611,137.86,1698961.0,1951674.0
2025-06-20 10:22:39.661987,137.86,1698961.0,1951674.0
2025-06-20 10:22:41.705656,137.87,1698961.0,1951674.0
2025-06-20 10:22:43.714698,137.88,1698961.0,1951674.0
2025-06-20 10:22:44.538252,137.87,1703368.0,1954189.0
2025-06-20 10:22:45.658774,137.87,1703368.0,1954189.0
2025-06-20 10:22:47.662953,137.88,1703368.0,1954189.0
2025-06-20 10:22:49.685182,137.87,1703368.0,1954189.0
2025-06-20 10:22:50.140550,137.87,1703343.0,1946228.0
2025-06-20 10:22:51.691217,137.87,1703343.0,1946228.0
2025-06-20 10:22:53.662254,137.87,1703343.0,1946228.0
2025-06-20 10:22:55.665449,137.88,1703343.0,1946228.0
2025-06-20 10:22:56.239989,137.88,1701455.0,1945864.0
2025-06-20 10:22:59.659581,137.87,1701455.0,1945864.0
2025-06-20 10:23:01.687418,137.87,1701455.0,1945864.0
2025-06-20 10:23:02.347094,137.87,1704317.0,1944398.0
2025-06-20 10:23:03.729477,137.87,1704317.0,1944398.0
2025-06-20 10:23:05.660899,137.88,1704317.0,1944398.0
2025-06-20 10:23:07.665080,137.88,1704317.0,1944398.0
2025-06-20 10:23:08.257421,137.87,1703789.0,1945041.0
2025-06-20 10:23:09.713102,137.87,1703789.0,1945041.0
2025-06-20 10:23:11.740776,137.86,1703789.0,1945041.0
2025-06-20 10:23:13.660142,137.86,1703789.0,1945041.0
2025-06-20 10:23:13.856031,137.86,1703202.0,1947321.0
2025-06-20 10:23:15.669592,137.88,1703202.0,1947321.0
2025-06-20 10:23:17.658737,137.87,1703202.0,1947321.0
2025-06-20 10:23:19.669898,137.86,1703202.0,1947321.0
2025-06-20 10:23:19.677793,137.86,1703242.0,1944591.0
2025-06-20 10:23:21.668397,137.87,1703242.0,1944591.0
2025-06-20 10:23:23.662301,137.87,1703242.0,1944591.0
2025-06-20 10:23:25.563461,137.87,1701011.0,1948023.0
2025-06-20 10:23:25.666840,137.87,1701011.0,1948023.0
2025-06-20 10:23:27.660900,137.87,1701011.0,1948023.0
2025-06-20 10:23:29.661819,137.88,1701011.0,1948023.0
2025-06-20 10:23:31.265925,137.88,1704983.0,1930343.0
2025-06-20 10:23:31.703003,137.91,1704983.0,1930343.0
2025-06-20 10:23:33.665543,137.88,1704983.0,1930343.0
2025-06-20 10:23:35.668407,137.91,1704983.0,1930343.0
2025-06-20 10:23:36.973293,137.91,1718730.0,1932414.0
2025-06-20 10:23:37.664248,137.88,1718730.0,1932414.0
2025-06-20 10:23:39.664597,137.88,1718730.0,1932414.0
2025-06-20 10:23:41.664566,137.94,1718730.0,1932414.0
2025-06-20 10:23:43.131786,137.94,1735448.0,1928248.0
2025-06-20 10:23:45.688095,137.94,1735448.0,1928248.0
2025-06-20 10:23:47.667681,137.93,1735448.0,1928248.0
2025-06-20 10:23:49.090670,137.93,1735295.0,1928640.0
2025-06-20 10:23:49.665503,137.95,1735295.0,1928640.0
2025-06-20 10:23:51.704490,137.93,1735295.0,1928640.0
2025-06-20 10:23:53.666786,137.99,1735295.0,1928640.0
2025-06-20 10:23:54.785567,137.93,1728173.0,1924385.0
2025-06-20 10:23:55.672276,137.93,1728173.0,1924385.0
2025-06-20 10:23:57.664420,137.92,1728173.0,1924385.0
2025-06-20 10:23:59.666060,137.92,1728173.0,1924385.0
2025-06-20 10:24:00.482838,137.93,1730221.0,1923677.0
2025-06-20 10:24:01.707741,137.95,1730221.0,1923677.0
2025-06-20 10:24:03.667840,137.95,1730221.0,1923677.0
2025-06-20 10:24:05.668982,137.95,1730221.0,1923677.0
2025-06-20 10:24:05.790343,137.95,1734615.0,1919733.0
2025-06-20 10:24:07.729049,137.98,1734615.0,1919733.0
2025-06-20 10:24:09.773418,138.0,1734615.0,1919733.0
2025-06-20 10:24:11.491718,138.0,1737053.0,1918250.0
2025-06-20 10:24:11.706209,138.01,1737053.0,1918250.0
2025-06-20 10:24:14.129201,138.07,1737053.0,1918250.0
2025-06-20 10:24:15.702092,138.01,1737053.0,1918250.0
2025-06-20 10:24:17.310053,138.01,1737585.0,1873120.0
2025-06-20 10:24:17.710016,138.07,1737585.0,1873120.0
2025-06-20 10:24:19.701593,138.07,1737585.0,1873120.0
2025-06-20 10:24:21.696038,138.07,1737585.0,1873120.0
2025-06-20 10:24:22.801842,138.07,1737793.0,1874867.0
2025-06-20 10:24:23.701817,138.07,1737793.0,1874867.0
2025-06-20 10:24:25.670639,138.03,1737793.0,1874867.0
2025-06-20 10:24:27.701392,138.03,1737793.0,1874867.0
2025-06-20 10:24:28.506461,138.03,1738283.0,1873415.0
2025-06-20 10:24:29.672833,138.07,1738283.0,1873415.0
2025-06-20 10:24:31.661803,138.07,1738283.0,1873415.0
2025-06-20 10:24:33.667417,138.07,1738283.0,1873415.0
2025-06-20 10:24:34.206808,138.07,1742461.0,1872686.0
2025-06-20 10:24:35.666441,138.07,1742461.0,1872686.0
2025-06-20 10:24:37.663301,138.03,1742461.0,1872686.0
2025-06-20 10:24:39.664975,138.05,1742461.0,1872686.0
2025-06-20 10:24:40.109278,138.02,1738368.0,1869593.0
2025-06-20 10:24:41.669201,138.07,1738368.0,1869593.0
2025-06-20 10:24:42.291490,138.07,1738368.0,1869593.0
2025-06-20 10:24:43.497563,138.07,1738368.0,1869593.0
2025-06-20 10:24:43.668932,138.07,1738368.0,1869593.0
2025-06-20 10:24:43.781605,138.07,1738368.0,1869593.0
2025-06-20 10:24:44.029945,138.07,1738368.0,1869593.0
2025-06-20 10:24:45.057352,138.07,1738368.0,1869593.0
2025-06-20 10:24:45.665579,138.05,1738368.0,1869593.0
2025-06-20 10:24:45.924213,138.05,1743366.0,1868547.0
2025-06-20 10:24:46.065448,138.05,1743366.0,1868547.0
2025-06-20 10:24:47.639197,138.05,1743366.0,1868547.0
2025-06-20 10:24:47.705274,138.02,1743366.0,1868547.0
2025-06-20 10:24:48.780797,138.02,1743366.0,1868547.0
2025-06-20 10:24:49.692541,138.05,1743366.0,1868547.0
2025-06-20 10:24:49.758023,138.05,1743366.0,1868547.0
2025-06-20 10:24:51.287792,138.05,1743366.0,1868547.0
2025-06-20 10:24:51.668233,138.07,1743366.0,1868547.0
2025-06-20 10:24:51.712008,138.07,1745598.0,1867897.0
2025-06-20 10:24:52.560250,138.07,1745598.0,1867897.0
2025-06-20 10:24:53.671952,138.03,1745598.0,1867897.0
2025-06-20 10:24:53.815117,138.03,1745598.0,1867897.0
2025-06-20 10:24:55.449714,138.03,1745598.0,1867897.0
2025-06-20 10:24:55.696383,138.07,1745598.0,1867897.0
2025-06-20 10:24:57.515534,138.05,1748630.0,1867894.0
2025-06-20 10:24:57.680493,138.05,1748630.0,1867894.0
2025-06-20 10:24:59.666752,138.05,1748630.0,1867894.0
2025-06-20 10:25:01.666745,138.04,1748630.0,1867894.0
2025-06-20 10:25:03.319675,138.05,1747125.0,1880689.0
2025-06-20 10:25:03.674109,138.05,1747125.0,1880689.0
2025-06-20 10:25:05.662826,138.04,1747125.0,1880689.0
2025-06-20 10:25:07.670641,138.02,1747125.0,1880689.0
2025-06-20 10:25:09.652670,138.05,1739260.0,1881253.0
2025-06-20 10:25:09.700389,138.05,1739260.0,1881253.0
2025-06-20 10:25:13.658811,138.05,1739260.0,1881253.0
2025-06-20 10:25:15.737536,138.01,1743175.0,1882202.0
2025-06-20 10:25:16.672698,138.01,1743175.0,1882202.0
2025-06-20 10:25:20.351483,138.02,1743175.0,1882202.0
2025-06-20 10:25:21.732128,138.01,1737855.0,1873666.0
2025-06-20 10:25:22.660299,138.01,1737855.0,1873666.0
2025-06-20 10:25:25.670162,138.01,1737855.0,1873666.0
2025-06-20 10:25:27.838029,138.03,1741339.0,1874908.0
2025-06-20 10:25:28.661101,138.0,1741339.0,1874908.0
2025-06-20 10:25:31.672571,138.04,1741339.0,1874908.0
2025-06-20 10:25:33.948565,138.01,1743142.0,1875268.0
2025-06-20 10:25:34.662867,138.04,1743142.0,1875268.0
2025-06-20 10:25:36.669561,138.04,1743142.0,1875268.0
2025-06-20 10:25:40.352169,138.01,1742047.0,1878853.0
2025-06-20 10:25:40.672095,138.01,1742047.0,1878853.0
2025-06-20 10:25:43.739498,138.01,1742047.0,1878853.0
2025-06-20 10:25:46.551755,138.01,1748630.0,1880834.0
2025-06-20 10:25:46.665683,138.01,1748630.0,1880834.0
2025-06-20 10:25:49.665015,138.01,1748630.0,1880834.0
2025-06-20 10:25:52.553417,138.04,1754133.0,1881110.0
2025-06-20 10:25:52.666465,138.04,1754133.0,1881110.0
2025-06-20 10:25:55.668991,138.07,1754133.0,1881110.0
2025-06-20 10:25:58.466819,138.1,1773737.0,1861535.0
2025-06-20 10:25:58.668331,138.1,1773737.0,1861535.0
2025-06-20 10:26:00.666612,138.09,1773737.0,1861535.0
2025-06-20 10:26:04.269588,137.98,1692501.0,1906575.0
2025-06-20 10:26:04.665523,137.98,1692501.0,1906575.0
2025-06-20 10:26:07.671019,137.97,1692501.0,1906575.0
2025-06-20 10:26:10.576345,137.92,1705160.0,1907374.0
2025-06-20 10:26:10.669424,137.92,1705160.0,1907374.0
2025-06-20 10:26:13.665105,137.92,1705160.0,1907374.0
2025-06-20 10:26:15.672305,137.9,1705160.0,1907374.0
2025-06-20 10:26:16.970375,137.9,1699209.0,1918334.0
2025-06-20 10:26:18.677438,137.91,1699209.0,1918334.0
2025-06-20 10:26:21.671705,137.9,1699209.0,1918334.0
2025-06-20 10:26:23.076742,137.9,1697519.0,1920695.0
2025-06-20 10:26:25.663668,137.9,1697519.0,1920695.0
2025-06-20 10:26:27.688294,137.94,1697519.0,1920695.0
2025-06-20 10:26:29.386196,137.97,1700300.0,1917252.0
2025-06-20 10:26:30.697597,137.97,1700300.0,1917252.0
2025-06-20 10:26:34.672229,137.9,1700300.0,1917252.0
2025-06-20 10:26:35.394985,137.9,1701964.0,1914115.0
2025-06-20 10:26:37.681285,137.96,1701964.0,1914115.0
2025-06-20 10:26:39.682790,137.96,1701964.0,1914115.0
2025-06-20 10:26:41.988207,137.85,1698934.0,1925351.0
2025-06-20 10:26:43.705739,137.89,1698934.0,1925351.0
2025-06-20 10:26:46.713816,137.83,1698934.0,1925351.0
2025-06-20 10:26:48.199931,137.75,1641215.0,1961828.0
2025-06-20 10:26:49.709279,137.79,1641215.0,1961828.0
2025-06-20 10:26:51.747396,137.75,1641215.0,1961828.0
2025-06-20 10:26:54.519288,137.72,1643823.0,1960387.0
2025-06-20 10:26:54.709006,137.72,1643823.0,1960387.0
2025-06-20 10:26:57.704972,137.75,1643823.0,1960387.0
2025-06-20 10:27:00.645745,137.75,1639793.0,1961837.0
2025-06-20 10:27:00.683030,137.75,1639793.0,1961837.0
2025-06-20 10:27:01.686848,137.75,1639793.0,1961837.0
2025-06-20 10:27:01.716469,137.75,1639724.0,1955916.0
2025-06-20 10:27:02.763708,137.78,1639724.0,1955916.0
2025-06-20 10:27:02.820623,137.78,1644004.0,1929543.0
2025-06-20 10:27:03.679151,137.87,1644004.0,1929543.0
2025-06-20 10:27:03.918404,137.87,1651369.0,1932598.0
2025-06-20 10:27:04.712035,137.78,1651369.0,1932598.0
2025-06-20 10:27:05.006270,137.78,1640923.0,1951930.0
2025-06-20 10:27:05.687735,137.78,1640923.0,1951930.0
2025-06-20 10:27:06.009173,137.82,1641339.0,1947770.0
2025-06-20 10:27:06.699084,137.82,1641339.0,1947770.0
2025-06-20 10:27:07.010648,137.82,1647170.0,1945100.0
2025-06-20 10:27:07.687653,137.82,1647170.0,1945100.0
2025-06-20 10:27:08.149932,137.82,1637517.0,1932741.0
2025-06-20 10:27:08.681950,137.77,1637517.0,1932741.0
2025-06-20 10:27:09.115932,137.77,1646268.0,1936572.0
2025-06-20 10:27:09.685201,137.77,1646268.0,1936572.0
2025-06-20 10:27:10.213097,137.77,1640801.0,1936157.0
2025-06-20 10:27:10.683607,137.77,1640801.0,1936157.0
2025-06-20 10:27:11.112320,137.78,1642061.0,1935422.0
2025-06-20 10:27:11.666903,137.78,1642061.0,1935422.0
2025-06-20 10:27:12.395365,137.84,1646461.0,1936442.0
2025-06-20 10:27:12.666998,137.84,1646461.0,1936442.0
2025-06-20 10:27:13.312595,137.84,1646420.0,1936260.0
2025-06-20 10:27:13.670106,137.84,1646420.0,1936260.0
2025-06-20 10:27:14.428836,137.84,1646757.0,1935912.0
2025-06-20 10:27:15.515505,137.84,1650295.0,1932985.0
2025-06-20 10:27:16.616503,137.79,1649050.0,1935244.0
2025-06-20 10:27:16.661343,137.79,1649050.0,1935244.0
2025-06-20 10:27:17.617067,137.79,1644682.0,1933341.0
2025-06-20 10:27:18.726570,137.79,1644381.0,1933996.0
2025-06-20 10:27:19.660804,137.88,1644381.0,1933996.0
2025-06-20 10:27:19.825216,137.88,1651903.0,1932002.0
2025-06-20 10:27:20.931610,137.88,1652181.0,1929622.0
2025-06-20 10:27:22.023059,137.88,1657701.0,1927722.0
2025-06-20 10:27:22.678780,137.88,1657701.0,1927722.0
2025-06-20 10:27:23.119653,137.88,1658166.0,1926330.0
2025-06-20 10:27:24.132902,137.88,1658166.0,1926330.0
2025-06-20 10:27:24.220689,137.88,1657041.0,1927922.0
2025-06-20 10:27:24.686390,137.88,1657041.0,1927922.0
2025-06-20 10:27:25.380855,137.84,1651942.0,1932153.0
2025-06-20 10:27:25.669737,137.84,1651942.0,1932153.0
2025-06-20 10:27:26.435390,137.84,1654826.0,1941606.0
2025-06-20 10:27:26.664946,137.84,1654826.0,1941606.0
2025-06-20 10:27:27.527949,137.8,1654163.0,1941278.0
2025-06-20 10:27:27.668460,137.8,1654163.0,1941278.0
2025-06-20 10:27:28.527506,137.84,1652717.0,1930595.0
2025-06-20 10:27:28.679477,137.84,1652717.0,1930595.0
2025-06-20 10:27:29.694748,137.82,1659473.0,1930944.0
2025-06-20 10:27:29.744985,137.82,1659473.0,1930944.0
2025-06-20 10:27:30.541959,137.84,1659209.0,1935876.0
2025-06-20 10:27:30.764422,137.84,1659209.0,1935876.0
2025-06-20 10:27:31.626930,137.84,1661158.0,1934958.0
2025-06-20 10:27:31.676959,137.84,1661158.0,1934958.0
2025-06-20 10:27:32.633644,137.84,1660984.0,1935262.0
2025-06-20 10:27:32.713343,137.82,1660984.0,1935262.0
2025-06-20 10:27:33.663187,137.87,1660984.0,1935262.0
2025-06-20 10:27:33.744057,137.87,1662467.0,1935851.0
2025-06-20 10:27:34.680296,137.87,1662467.0,1935851.0
2025-06-20 10:27:34.835247,137.87,1655389.0,1940113.0
2025-06-20 10:27:35.942766,137.78,1652209.0,1945125.0
2025-06-20 10:27:36.681130,137.78,1652209.0,1945125.0
2025-06-20 10:27:37.035530,137.85,1655440.0,1935466.0
2025-06-20 10:27:37.674579,137.78,1655440.0,1935466.0
2025-06-20 10:27:37.949177,137.8,1651991.0,1941246.0
2025-06-20 10:27:38.706748,137.84,1651991.0,1941246.0
2025-06-20 10:27:39.036917,137.8,1657038.0,1964339.0
2025-06-20 10:27:39.686959,137.8,1657038.0,1964339.0
2025-06-20 10:27:40.141395,137.8,1653804.0,1961714.0
2025-06-20 10:27:40.679341,137.8,1653804.0,1961714.0
2025-06-20 10:27:41.239212,137.8,1653352.0,1960815.0
2025-06-20 10:27:41.666243,137.83,1653352.0,1960815.0
2025-06-20 10:27:42.338903,137.8,1657945.0,1969937.0
2025-06-20 10:27:42.664479,137.8,1657945.0,1969937.0
2025-06-20 10:27:42.706579,137.84,1657945.0,1969937.0
2025-06-20 10:27:43.022162,137.84,1657945.0,1969937.0
2025-06-20 10:27:43.469558,137.8,1657469.0,1968926.0
2025-06-20 10:27:43.675886,137.8,1657469.0,1968926.0
2025-06-20 10:27:43.685334,137.8,1657469.0,1968926.0
2025-06-20 10:27:44.227935,137.8,1657469.0,1968926.0
2025-06-20 10:27:44.453038,137.8,1658993.0,1974073.0
2025-06-20 10:27:44.623071,137.8,1658993.0,1974073.0
2025-06-20 10:27:44.666244,137.8,1658993.0,1974073.0
2025-06-20 10:27:45.271476,137.8,1658993.0,1974073.0
2025-06-20 10:27:45.544660,137.83,1664204.0,1971433.0
2025-06-20 10:27:45.671632,137.83,1664204.0,1971433.0
2025-06-20 10:27:45.736329,137.83,1664204.0,1971433.0
2025-06-20 10:27:46.286802,137.83,1664204.0,1971433.0
2025-06-20 10:27:46.647889,137.83,1663753.0,1970641.0
2025-06-20 10:27:46.669428,137.83,1663753.0,1970641.0
2025-06-20 10:27:46.737378,137.83,1663753.0,1970641.0
2025-06-20 10:27:47.668212,137.83,1663753.0,1970641.0
2025-06-20 10:27:47.719552,137.83,1663753.0,1970641.0
2025-06-20 10:27:47.783792,137.83,1664208.0,1971188.0
2025-06-20 10:27:48.672577,137.75,1664208.0,1971188.0
2025-06-20 10:27:48.852490,137.75,1657700.0,1975864.0
2025-06-20 10:27:49.006813,137.75,1657700.0,1975864.0
2025-06-20 10:27:49.675011,137.75,1657700.0,1975864.0
2025-06-20 10:27:49.957579,137.8,1656829.0,1975309.0
2025-06-20 10:27:50.000849,137.8,1656829.0,1975309.0
2025-06-20 10:27:50.676431,137.8,1656829.0,1975309.0
2025-06-20 10:27:50.959368,137.8,1659278.0,1969199.0
2025-06-20 10:27:51.503821,137.8,1659278.0,1969199.0
2025-06-20 10:27:51.671751,137.83,1659278.0,1969199.0
2025-06-20 10:27:51.955652,137.83,1667107.0,1961388.0
2025-06-20 10:27:52.673009,137.84,1667107.0,1961388.0
2025-06-20 10:27:52.805154,137.84,1667107.0,1961388.0
2025-06-20 10:27:53.049509,137.83,1668137.0,1959979.0
2025-06-20 10:27:53.669035,137.84,1668137.0,1959979.0
2025-06-20 10:27:54.018191,137.84,1668137.0,1959979.0
2025-06-20 10:27:54.148821,137.84,1667055.0,1962588.0
2025-06-20 10:27:54.675053,137.83,1667055.0,1962588.0
2025-06-20 10:27:55.250250,137.84,1667184.0,1962503.0
2025-06-20 10:27:55.614399,137.84,1667184.0,1962503.0
2025-06-20 10:27:55.706236,137.84,1667184.0,1962503.0
2025-06-20 10:27:56.350945,137.84,1666620.0,1963286.0
2025-06-20 10:27:56.675891,137.84,1666620.0,1963286.0
2025-06-20 10:27:57.374850,137.83,1667683.0,1963441.0
2025-06-20 10:27:57.672003,137.83,1667683.0,1963441.0
2025-06-20 10:27:58.354616,137.83,1667413.0,1962397.0
2025-06-20 10:27:58.669180,137.83,1667413.0,1962397.0
2025-06-20 10:27:59.355598,137.82,1665726.0,1968219.0
2025-06-20 10:27:59.668100,137.82,1665726.0,1968219.0
2025-06-20 10:28:00.357820,137.82,1667624.0,1964642.0
2025-06-20 10:28:00.673007,137.82,1667624.0,1964642.0
2025-06-20 10:28:01.708611,137.81,1666063.0,1967512.0
2025-06-20 10:28:01.715804,137.81,1666063.0,1967512.0
2025-06-20 10:28:02.662233,137.81,1665762.0,1972953.0
2025-06-20 10:28:02.669156,137.81,1665762.0,1972953.0
2025-06-20 10:28:03.674906,137.82,1665442.0,1973479.0
2025-06-20 10:28:03.683718,137.82,1665442.0,1973479.0
2025-06-20 10:28:04.669302,137.81,1665442.0,1973479.0
2025-06-20 10:28:04.760679,137.81,1666101.0,1971121.0
2025-06-20 10:28:05.671146,137.83,1666101.0,1971121.0
2025-06-20 10:28:05.869147,137.83,1666879.0,1966983.0
2025-06-20 10:28:06.669788,137.85,1666879.0,1966983.0
2025-06-20 10:28:06.969085,137.85,1666881.0,1965944.0
2025-06-20 10:28:07.673632,137.85,1666881.0,1965944.0
2025-06-20 10:28:07.974503,137.85,1667735.0,1964084.0
2025-06-20 10:28:08.669213,137.9,1667735.0,1964084.0
2025-06-20 10:28:09.060445,137.9,1671093.0,1960613.0
2025-06-20 10:28:10.163872,137.9,1668400.0,1962744.0
2025-06-20 10:28:11.263081,137.9,1664165.0,1947737.0
2025-06-20 10:28:12.363475,137.91,1670712.0,1948380.0
2025-06-20 10:28:12.672484,137.85,1670712.0,1948380.0
2025-06-20 10:28:13.474776,137.9,1661553.0,1951976.0
2025-06-20 10:28:13.672017,137.9,1661553.0,1951976.0
2025-06-20 10:28:14.567680,137.9,1661785.0,1958027.0
2025-06-20 10:28:14.669949,137.9,1661785.0,1958027.0
2025-06-20 10:28:15.671751,137.85,1661785.0,1958027.0
2025-06-20 10:28:15.679727,137.85,1659284.0,1961630.0
2025-06-20 10:28:16.669158,137.89,1659284.0,1961630.0
2025-06-20 10:28:16.767463,137.89,1664558.0,1965407.0
2025-06-20 10:28:17.670086,137.85,1664558.0,1965407.0
2025-06-20 10:28:17.873988,137.85,1663308.0,1968097.0
2025-06-20 10:28:18.670628,137.84,1663308.0,1968097.0
2025-06-20 10:28:18.973353,137.84,1664178.0,1977671.0
2025-06-20 10:28:19.735776,137.84,1664178.0,1977671.0
2025-06-20 10:28:20.069633,137.84,1664663.0,1975088.0
2025-06-20 10:28:20.671629,137.8,1664663.0,1975088.0
2025-06-20 10:28:21.133686,137.8,1658790.0,1987962.0
2025-06-20 10:28:21.669801,137.8,1658790.0,1987962.0
2025-06-20 10:28:22.177530,137.75,1660055.0,1985485.0
2025-06-20 10:28:22.713936,137.76,1660055.0,1985485.0
2025-06-20 10:28:23.273407,137.79,1663307.0,1986953.0
2025-06-20 10:28:23.689517,137.76,1663307.0,1986953.0
2025-06-20 10:28:24.376784,137.79,1664193.0,1986433.0
2025-06-20 10:28:24.673544,137.8,1664193.0,1986433.0
2025-06-20 10:28:25.484368,137.8,1649475.0,1986793.0
2025-06-20 10:28:25.669999,137.8,1649475.0,1986793.0
2025-06-20 10:28:26.588147,137.82,1660755.0,1977591.0
2025-06-20 10:28:26.671086,137.82,1660755.0,1977591.0
2025-06-20 10:28:27.669339,137.82,1660755.0,1977591.0
2025-06-20 10:28:27.685722,137.82,1655282.0,1978716.0
2025-06-20 10:28:28.786534,137.82,1655246.0,1974984.0
2025-06-20 10:28:29.669285,137.83,1655246.0,1974984.0
2025-06-20 10:28:29.892667,137.82,1654413.0,1980629.0
2025-06-20 10:28:30.670725,137.76,1654413.0,1980629.0
2025-06-20 10:28:30.993486,137.82,1655031.0,1978468.0
2025-06-20 10:28:31.672071,137.82,1655031.0,1978468.0
2025-06-20 10:28:32.113002,137.82,1656421.0,1977502.0
2025-06-20 10:28:32.985347,137.82,1655915.0,1976381.0
2025-06-20 10:28:33.746243,137.71,1655915.0,1976381.0
2025-06-20 10:28:34.081094,137.79,1647896.0,1986584.0
2025-06-20 10:28:34.669356,137.74,1647896.0,1986584.0
2025-06-20 10:28:35.124599,137.74,1654745.0,1985027.0
2025-06-20 10:28:36.186497,137.82,1654627.0,1985496.0
2025-06-20 10:28:36.681427,137.82,1654627.0,1985496.0
2025-06-20 10:28:37.287764,137.82,1657662.0,1985402.0
2025-06-20 10:28:38.385481,137.82,1658041.0,1986724.0
2025-06-20 10:28:38.673975,137.82,1658041.0,1986724.0
2025-06-20 10:28:39.387088,137.82,1656968.0,1989195.0
2025-06-20 10:28:40.495972,137.75,1658858.0,1980907.0
2025-06-20 10:28:40.672250,137.75,1658858.0,1980907.0
2025-06-20 10:28:41.493363,137.75,1658556.0,1988912.0
2025-06-20 10:28:41.672763,137.8,1658556.0,1988912.0
2025-06-20 10:28:42.672350,137.8,1658556.0,1988912.0
2025-06-20 10:28:43.085754,137.8,1668627.0,1964464.0
2025-06-20 10:28:43.672294,137.82,1668627.0,1964464.0
2025-06-20 10:28:44.091478,137.87,1663855.0,1963680.0
2025-06-20 10:28:44.672022,137.87,1663855.0,1963680.0
2025-06-20 10:28:45.186775,137.87,1665153.0,1964431.0
2025-06-20 10:28:45.678041,137.87,1665153.0,1964431.0
2025-06-20 10:28:46.087739,137.87,1663663.0,1991811.0
2025-06-20 10:28:47.188866,137.87,1664354.0,1992128.0
2025-06-20 10:28:48.289682,137.81,1664377.0,1993359.0
2025-06-20 10:28:48.674445,137.81,1664377.0,1993359.0
2025-06-20 10:28:49.392903,137.75,1661504.0,2002917.0
2025-06-20 10:28:49.674700,137.81,1661504.0,2002917.0
2025-06-20 10:28:50.702651,137.81,1663646.0,2001768.0
2025-06-20 10:28:50.720656,137.81,1663646.0,2001768.0
2025-06-20 10:28:51.589749,137.81,1662837.0,2002083.0
2025-06-20 10:28:52.591574,137.81,1662923.0,1997915.0
2025-06-20 10:28:53.671946,137.75,1662923.0,1997915.0
2025-06-20 10:28:53.787766,137.75,1663026.0,2002129.0
2025-06-20 10:28:54.675183,137.76,1663026.0,2002129.0
2025-06-20 10:28:54.791202,137.76,1663943.0,1997359.0
2025-06-20 10:28:55.670179,137.82,1663943.0,1997359.0
2025-06-20 10:28:55.904937,137.8,1664127.0,2001146.0
2025-06-20 10:28:56.672485,137.8,1664127.0,2001146.0
2025-06-20 10:28:57.000427,137.77,1662845.0,1997780.0
2025-06-20 10:28:57.677659,137.75,1662845.0,1997780.0
2025-06-20 10:28:58.095126,137.75,1666428.0,2000306.0
2025-06-20 10:28:58.675876,137.75,1666428.0,2000306.0
2025-06-20 10:28:59.195733,137.75,1664840.0,2002076.0
2025-06-20 10:29:00.301636,137.79,1665634.0,2001151.0
2025-06-20 10:29:01.593802,137.79,1668694.0,1996345.0
2025-06-20 10:29:01.671980,137.79,1668694.0,1996345.0
2025-06-20 10:29:02.598271,137.82,1667832.0,1999661.0
2025-06-20 10:29:02.677336,137.82,1667832.0,1999661.0
2025-06-20 10:29:03.708700,137.82,1668838.0,1999179.0
2025-06-20 10:29:04.721124,137.82,1667300.0,1993247.0
2025-06-20 10:29:05.673061,137.82,1667300.0,1993247.0
2025-06-20 10:29:05.703160,137.82,1668587.0,1993118.0
2025-06-20 10:29:06.706598,137.82,1668553.0,1993632.0
2025-06-20 10:29:07.671489,137.8,1668553.0,1993632.0
2025-06-20 10:29:07.705114,137.8,1668387.0,1993916.0
2025-06-20 10:29:08.670759,137.82,1668387.0,1993916.0
2025-06-20 10:29:08.713599,137.82,1668542.0,1997850.0
2025-06-20 10:29:09.601052,137.82,1669109.0,1993403.0
2025-06-20 10:29:09.677022,137.82,1669109.0,1993403.0
2025-06-20 10:29:10.602156,137.82,1671604.0,1986135.0
2025-06-20 10:29:10.676624,137.82,1671604.0,1986135.0
2025-06-20 10:29:11.604367,137.8,1666024.0,1990239.0
2025-06-20 10:29:11.678722,137.8,1666024.0,1990239.0
2025-06-20 10:29:12.603673,137.8,1669554.0,1986131.0
2025-06-20 10:29:12.712746,137.8,1669554.0,1986131.0
2025-06-20 10:29:13.604583,137.8,1673991.0,1991023.0
2025-06-20 10:29:13.672986,137.8,1673991.0,1991023.0
2025-06-20 10:29:14.605183,137.83,1682227.0,1963532.0
2025-06-20 10:29:14.672710,137.83,1682227.0,1963532.0
2025-06-20 10:29:15.609840,137.83,1682809.0,1970805.0
2025-06-20 10:29:15.676676,137.83,1682809.0,1970805.0
2025-06-20 10:29:16.606237,137.83,1682269.0,1969543.0
2025-06-20 10:29:17.632977,137.83,1683041.0,1969465.0
2025-06-20 10:29:17.677358,137.83,1683041.0,1969465.0
2025-06-20 10:29:18.964424,137.83,1683041.0,1969465.0
2025-06-20 10:29:18.989485,137.83,1685693.0,1967152.0
2025-06-20 10:29:19.695220,137.85,1685693.0,1967152.0
2025-06-20 10:29:19.720410,137.85,1698236.0,1950220.0
2025-06-20 10:29:20.674834,137.85,1698236.0,1950220.0
2025-06-20 10:29:20.720246,137.85,1690009.0,1954262.0
2025-06-20 10:29:21.674084,137.85,1690009.0,1954262.0
2025-06-20 10:29:21.718719,137.85,1689363.0,1955292.0
2025-06-20 10:29:22.721258,137.85,1690206.0,1953543.0
2025-06-20 10:29:23.675654,137.92,1690206.0,1953543.0
2025-06-20 10:29:23.719873,137.92,1689413.0,1957428.0
2025-06-20 10:29:24.679209,137.89,1689413.0,1957428.0
2025-06-20 10:29:24.811448,137.89,1692049.0,1960064.0
2025-06-20 10:29:25.930371,137.89,1692265.0,1962447.0
2025-06-20 10:29:26.675252,137.89,1692265.0,1962447.0
2025-06-20 10:29:27.021855,137.89,1691629.0,1962377.0
2025-06-20 10:29:27.679284,137.89,1691629.0,1962377.0
2025-06-20 10:29:28.158740,137.89,1691624.0,1962145.0
2025-06-20 10:29:28.672804,137.87,1691624.0,1962145.0
2025-06-20 10:29:29.047248,137.87,1691582.0,1962386.0
2025-06-20 10:29:29.672855,137.89,1691582.0,1962386.0
2025-06-20 10:29:30.042234,137.89,1693362.0,1959135.0
2025-06-20 10:29:30.719484,137.88,1693362.0,1959135.0
2025-06-20 10:29:31.117723,137.88,1697093.0,1958111.0
2025-06-20 10:29:31.676631,137.87,1697093.0,1958111.0
2025-06-20 10:29:32.117702,137.89,1667005.0,1959411.0
2025-06-20 10:29:32.677808,137.87,1667005.0,1959411.0
2025-06-20 10:29:33.219042,137.87,1691535.0,1959408.0
2025-06-20 10:29:33.678476,137.89,1691535.0,1959408.0
2025-06-20 10:29:34.319674,137.88,1691320.0,1961352.0
2025-06-20 10:29:34.673718,137.87,1691320.0,1961352.0
2025-06-20 10:29:35.434212,137.87,1691026.0,1962405.0
2025-06-20 10:29:35.676929,137.87,1691026.0,1962405.0
2025-06-20 10:29:36.535189,137.87,1691184.0,1962608.0
2025-06-20 10:29:37.622694,137.9,1694677.0,1956563.0
2025-06-20 10:29:37.675102,137.9,1694677.0,1956563.0
2025-06-20 10:29:38.671341,137.9,1694677.0,1956563.0
2025-06-20 10:29:38.734820,137.9,1695404.0,1956440.0
2025-06-20 10:29:39.736264,137.9,1699055.0,1955074.0
2025-06-20 10:29:40.676182,137.88,1699055.0,1955074.0
2025-06-20 10:29:40.825188,137.88,1668016.0,1954790.0
2025-06-20 10:29:41.683688,137.9,1668016.0,1954790.0
2025-06-20 10:29:41.939842,137.9,1661312.0,1957695.0
2025-06-20 10:29:42.673399,137.9,1661312.0,1957695.0
2025-06-20 10:29:43.036636,137.9,1691292.0,1957402.0
2025-06-20 10:29:43.676321,137.9,1691292.0,1957402.0
2025-06-20 10:29:44.126785,137.9,1687857.0,1957984.0
2025-06-20 10:29:44.745704,137.9,1687857.0,1957984.0
2025-06-20 10:29:45.081632,137.9,1688854.0,1957980.0
2025-06-20 10:29:45.696663,137.9,1688854.0,1957980.0
2025-06-20 10:29:46.094079,137.91,1688760.0,1956711.0
2025-06-20 10:29:46.709517,137.91,1688760.0,1956711.0
2025-06-20 10:29:47.166316,137.9,1689670.0,1956019.0
2025-06-20 10:29:47.678181,137.9,1689670.0,1956019.0
2025-06-20 10:29:48.229784,137.9,1689576.0,1956343.0
2025-06-20 10:29:49.328488,137.9,1689968.0,1955090.0
2025-06-20 10:29:50.329074,137.9,1690048.0,1955356.0
2025-06-20 10:29:51.332936,137.9,1690038.0,1955598.0
2025-06-20 10:29:51.677808,137.91,1690038.0,1955598.0
2025-06-20 10:29:52.330782,137.91,1690069.0,1954974.0
2025-06-20 10:29:53.352479,137.91,1690288.0,1955393.0
2025-06-20 10:29:54.333935,137.9,1689288.0,1951704.0
2025-06-20 10:29:54.675134,137.9,1689288.0,1951704.0
2025-06-20 10:29:55.657787,137.89,1682615.0,1964373.0
2025-06-20 10:29:55.707519,137.89,1682615.0,1964373.0
2025-06-20 10:29:56.481098,137.83,1681133.0,1967625.0
2025-06-20 10:29:56.680730,137.83,1681133.0,1967625.0
2025-06-20 10:29:57.481917,137.88,1683340.0,1970132.0
2025-06-20 10:29:57.678349,137.88,1683340.0,1970132.0
2025-06-20 10:29:58.538083,137.88,1684675.0,1965567.0
2025-06-20 10:29:58.680734,137.88,1684675.0,1965567.0
2025-06-20 10:29:59.646171,137.88,1685440.0,1965820.0
2025-06-20 10:30:01.518959,137.84,1687817.0,1965038.0
2025-06-20 10:30:01.700162,137.84,1687817.0,1965038.0
2025-06-20 10:30:02.453210,137.84,1691486.0,1961864.0
2025-06-20 10:30:02.683815,137.83,1691486.0,1961864.0
2025-06-20 10:30:03.468166,137.84,1695798.0,1956700.0
2025-06-20 10:30:03.684078,137.84,1695798.0,1956700.0
2025-06-20 10:30:04.344708,137.84,1691093.0,1956551.0
2025-06-20 10:30:04.676898,137.84,1691093.0,1956551.0
2025-06-20 10:30:05.482447,137.84,1689190.0,1954869.0
2025-06-20 10:30:05.702172,137.91,1689190.0,1954869.0
2025-06-20 10:30:06.543815,137.91,1687298.0,1956973.0
2025-06-20 10:30:07.648003,137.91,1699009.0,1943666.0
2025-06-20 10:30:07.688469,137.91,1699009.0,1943666.0
2025-06-20 10:30:08.650729,137.87,1695019.0,1942996.0
2025-06-20 10:30:08.675894,137.87,1695019.0,1942996.0
2025-06-20 10:30:09.714111,137.87,1695496.0,1946926.0
2025-06-20 10:30:09.774125,137.87,1695496.0,1946926.0
2025-06-20 10:30:10.654177,137.87,1693401.0,1943707.0
2025-06-20 10:30:10.705441,137.87,1693401.0,1943707.0
2025-06-20 10:30:11.668447,137.87,1692781.0,1945219.0
2025-06-20 10:30:11.704448,137.87,1692781.0,1945219.0
2025-06-20 10:30:12.651071,137.87,1692505.0,1945722.0
2025-06-20 10:30:12.720347,137.87,1692505.0,1945722.0
2025-06-20 10:30:13.652584,137.87,1693503.0,1945286.0
2025-06-20 10:30:13.725112,137.87,1693503.0,1945286.0
2025-06-20 10:30:14.552730,137.91,1695599.0,1947062.0
2025-06-20 10:30:14.698109,137.91,1695599.0,1947062.0
2025-06-20 10:30:15.653771,137.91,1695774.0,1947951.0
2025-06-20 10:30:15.701182,137.91,1695774.0,1947951.0
2025-06-20 10:30:16.960220,137.88,1695774.0,1947951.0
2025-06-20 10:30:16.965748,137.88,1694832.0,1950306.0
2025-06-20 10:30:17.692895,137.9,1694832.0,1950306.0
2025-06-20 10:30:17.850342,137.9,1696865.0,1943035.0
2025-06-20 10:30:18.851708,137.9,1697248.0,1950230.0
2025-06-20 10:30:19.719046,137.9,1697248.0,1950230.0
2025-06-20 10:30:19.850260,137.9,1695856.0,1951267.0
2025-06-20 10:30:20.683922,137.88,1695856.0,1951267.0
2025-06-20 10:30:20.858656,137.88,1695361.0,1951736.0
2025-06-20 10:30:21.705696,137.88,1695361.0,1951736.0
2025-06-20 10:30:21.969479,137.88,1695366.0,1951746.0
2025-06-20 10:30:23.056940,137.88,1695228.0,1951830.0
2025-06-20 10:30:23.722593,137.9,1695228.0,1951830.0
2025-06-20 10:30:24.153923,137.9,1695583.0,1952804.0
2025-06-20 10:30:25.257194,137.88,1695765.0,1952982.0
2025-06-20 10:30:25.714521,137.9,1695765.0,1952982.0
2025-06-20 10:30:26.259065,137.88,1694303.0,1952238.0
2025-06-20 10:30:26.724308,137.88,1694303.0,1952238.0
2025-06-20 10:30:27.359009,137.88,1693656.0,1952175.0
2025-06-20 10:30:27.707066,137.88,1693656.0,1952175.0
2025-06-20 10:30:28.472761,137.88,1692463.0,1952424.0
2025-06-20 10:30:28.698933,137.88,1692463.0,1952424.0
2025-06-20 10:30:29.560267,137.88,1692623.0,1952132.0
2025-06-20 10:30:29.719352,137.88,1692623.0,1952132.0
2025-06-20 10:30:30.559154,137.88,1692395.0,1952476.0
2025-06-20 10:30:31.332076,137.88,1692395.0,1952476.0
2025-06-20 10:30:31.568248,137.9,1691872.0,1952878.0
2025-06-20 10:30:31.708758,137.88,1691872.0,1952878.0
2025-06-20 10:30:32.711843,137.87,1691872.0,1952878.0
2025-06-20 10:30:32.767404,137.87,1690319.0,1952569.0
2025-06-20 10:30:33.683608,137.86,1690319.0,1952569.0
2025-06-20 10:30:33.865354,137.86,1694249.0,1952603.0
2025-06-20 10:30:34.693509,137.9,1694249.0,1952603.0
2025-06-20 10:30:34.978620,137.9,1695117.0,1954945.0
2025-06-20 10:30:35.688661,137.86,1695117.0,1954945.0
2025-06-20 10:30:36.065968,137.9,1694136.0,1954546.0
2025-06-20 10:30:36.681254,137.9,1694136.0,1954546.0
2025-06-20 10:30:37.066071,137.86,1694306.0,1955388.0
2025-06-20 10:30:37.687353,137.86,1694306.0,1955388.0
2025-06-20 10:30:38.176563,137.86,1693774.0,1956859.0
2025-06-20 10:30:39.280208,137.9,1694004.0,1953828.0
2025-06-20 10:30:39.693149,137.9,1694004.0,1953828.0
2025-06-20 10:30:40.367316,137.85,1687454.0,1957526.0
2025-06-20 10:30:40.691386,137.85,1687454.0,1957526.0
2025-06-20 10:30:41.372647,137.85,1686587.0,1958969.0
2025-06-20 10:30:41.684228,137.9,1686587.0,1958969.0
2025-06-20 10:30:42.483294,137.9,1688311.0,1957682.0
2025-06-20 10:30:42.680138,137.9,1688311.0,1957682.0
2025-06-20 10:30:43.175856,137.9,1688311.0,1957682.0
2025-06-20 10:30:43.484225,137.89,1688897.0,1958952.0
2025-06-20 10:30:43.531291,137.89,1688897.0,1958952.0
2025-06-20 10:30:43.683557,137.89,1688897.0,1958952.0
2025-06-20 10:30:43.845654,137.89,1688897.0,1958952.0
2025-06-20 10:30:44.212356,137.89,1688897.0,1958952.0
2025-06-20 10:30:44.575661,137.85,1693436.0,1959293.0
2025-06-20 10:30:44.625217,137.85,1693436.0,1959293.0
2025-06-20 10:30:44.682803,137.86,1693436.0,1959293.0
2025-06-20 10:30:44.911749,137.86,1693436.0,1959293.0
2025-06-20 10:30:45.305088,137.86,1693436.0,1959293.0
2025-06-20 10:30:45.691333,137.86,1693436.0,1959293.0
2025-06-20 10:30:45.697118,137.86,1692492.0,1960241.0
2025-06-20 10:30:45.969274,137.86,1692492.0,1960241.0
2025-06-20 10:30:46.473539,137.86,1692492.0,1960241.0
2025-06-20 10:30:46.678277,137.89,1692492.0,1960241.0
2025-06-20 10:30:46.784756,137.89,1694058.0,1959918.0
2025-06-20 10:30:47.011073,137.89,1694058.0,1959918.0
2025-06-20 10:30:47.659879,137.89,1694058.0,1959918.0
2025-06-20 10:30:47.703277,137.89,1694058.0,1959918.0
2025-06-20 10:30:47.873266,137.89,1693941.0,1959639.0
2025-06-20 10:30:48.367089,137.89,1693941.0,1959639.0
2025-06-20 10:30:48.678728,137.89,1693941.0,1959639.0
2025-06-20 10:30:48.982817,137.89,1693900.0,1959363.0
2025-06-20 10:30:49.685104,137.89,1693900.0,1959363.0
2025-06-20 10:30:49.721163,137.89,1693900.0,1959363.0
2025-06-20 10:30:50.186469,137.89,1697105.0,1958607.0
2025-06-20 10:30:50.688627,137.89,1697105.0,1958607.0
2025-06-20 10:30:50.733493,137.89,1697105.0,1958607.0
2025-06-20 10:30:51.191019,137.89,1697786.0,1959078.0
2025-06-20 10:30:51.685902,137.89,1697786.0,1959078.0
2025-06-20 10:30:52.241308,137.89,1697786.0,1959078.0
2025-06-20 10:30:52.284763,137.88,1695877.0,1958563.0
2025-06-20 10:30:52.697677,137.89,1695877.0,1958563.0
2025-06-20 10:30:53.378663,137.89,1694573.0,1957738.0
2025-06-20 10:30:53.530393,137.89,1694573.0,1957738.0
2025-06-20 10:30:53.734042,137.89,1694573.0,1957738.0
2025-06-20 10:30:54.486524,137.89,1704199.0,1938516.0
2025-06-20 10:30:54.684830,137.89,1704199.0,1938516.0
2025-06-20 10:30:54.788478,137.89,1704199.0,1938516.0
2025-06-20 10:30:55.579780,137.89,1702679.0,1949438.0
2025-06-20 10:30:55.691636,137.89,1702679.0,1949438.0
2025-06-20 10:30:56.502655,137.89,1702679.0,1949438.0
2025-06-20 10:30:56.707815,137.89,1701494.0,1952267.0
2025-06-20 10:30:57.717516,137.89,1701494.0,1952267.0
2025-06-20 10:30:57.783566,137.89,1702573.0,1952167.0
2025-06-20 10:30:58.905327,137.89,1702519.0,1952293.0
2025-06-20 10:30:59.689949,137.91,1702519.0,1952293.0
2025-06-20 10:31:00.080996,137.89,1702724.0,1951900.0
2025-06-20 10:31:00.693760,137.89,1702724.0,1951900.0
2025-06-20 10:31:02.782532,138.0,1718380.0,1937010.0
2025-06-20 10:31:04.698334,137.94,1718380.0,1937010.0
2025-06-20 10:31:07.697841,137.94,1718380.0,1937010.0
2025-06-20 10:31:09.185689,137.95,1707871.0,1943079.0
2025-06-20 10:31:10.708747,137.99,1707871.0,1943079.0
2025-06-20 10:31:12.717486,137.97,1707871.0,1943079.0
2025-06-20 10:31:15.194037,137.99,1708111.0,1929893.0
2025-06-20 10:31:16.708112,137.99,1708111.0,1929893.0
2025-06-20 10:31:19.698779,137.99,1708111.0,1929893.0
2025-06-20 10:31:21.197278,137.99,1712084.0,1931442.0
2025-06-20 10:31:22.735872,137.99,1712084.0,1931442.0
2025-06-20 10:31:25.688467,137.93,1712084.0,1931442.0
2025-06-20 10:31:27.203776,137.93,1707706.0,1941797.0
2025-06-20 10:31:28.742052,137.98,1707706.0,1941797.0
2025-06-20 10:31:31.762483,137.92,1707706.0,1941797.0
2025-06-20 10:31:32.760580,137.92,1721799.0,1936480.0
2025-06-20 10:31:34.744747,137.92,1721799.0,1936480.0
2025-06-20 10:31:37.704010,137.97,1721799.0,1936480.0
2025-06-20 10:31:39.009798,137.92,1720544.0,1943256.0
2025-06-20 10:31:41.044840,137.92,1720544.0,1943256.0
2025-06-20 10:31:43.735269,137.94,1720544.0,1943256.0
2025-06-20 10:31:45.018593,137.93,1718411.0,1940816.0
2025-06-20 10:31:46.706140,137.98,1718411.0,1940816.0
2025-06-20 10:31:48.710713,138.0,1718411.0,1940816.0
2025-06-20 10:31:50.819557,138.0,1719558.0,1939568.0
2025-06-20 10:31:52.713388,137.94,1719558.0,1939568.0
2025-06-20 10:31:55.744111,137.98,1719558.0,1939568.0
2025-06-20 10:31:56.825598,137.98,1726375.0,1940017.0
2025-06-20 10:31:58.701396,137.95,1726375.0,1940017.0
2025-06-20 10:32:01.731160,137.98,1726375.0,1940017.0
2025-06-20 10:32:02.525415,137.95,1723713.0,1954864.0
2025-06-20 10:32:04.757798,137.95,1723713.0,1954864.0
2025-06-20 10:32:08.700588,137.91,1723713.0,1954864.0
2025-06-20 10:32:08.835497,137.91,1719028.0,1967363.0
2025-06-20 10:32:12.695175,137.95,1719028.0,1967363.0
2025-06-20 10:32:15.135355,137.91,1719121.0,1974642.0
2025-06-20 10:32:16.699088,137.9,1719121.0,1974642.0
2025-06-20 10:32:20.715858,137.95,1719121.0,1974642.0
2025-06-20 10:32:21.448909,137.9,1721559.0,1968444.0
2025-06-20 10:32:24.699339,137.95,1721559.0,1968444.0
2025-06-20 10:32:27.743524,137.9,1716561.0,1971242.0
2025-06-20 10:32:28.699410,137.9,1716561.0,1971242.0
2025-06-20 10:32:30.744385,137.9,1716561.0,1971242.0
2025-06-20 10:32:33.856388,137.9,1718377.0,1977939.0
2025-06-20 10:32:34.692033,137.9,1718377.0,1977939.0
2025-06-20 10:32:37.691460,137.95,1718377.0,1977939.0
2025-06-20 10:32:40.048207,137.95,1717797.0,1979511.0
2025-06-20 10:32:40.741029,137.95,1717797.0,1979511.0
2025-06-20 10:32:43.695097,137.9,1717797.0,1979511.0
2025-06-20 10:32:45.729083,137.9,1717797.0,1979511.0
2025-06-20 10:32:45.982697,137.95,1718393.0,1980666.0
2025-06-20 10:32:49.692074,137.9,1718393.0,1980666.0
2025-06-20 10:32:52.052845,137.9,1722628.0,1976347.0
2025-06-20 10:32:52.732452,137.9,1722628.0,1976347.0
2025-06-20 10:32:54.703335,137.95,1722628.0,1976347.0
2025-06-20 10:32:58.259627,137.91,1732007.0,1967612.0
2025-06-20 10:32:58.696417,137.91,1732007.0,1967612.0
2025-06-20 10:33:00.706279,137.95,1732007.0,1967612.0
2025-06-20 10:33:03.793194,137.95,1732007.0,1967612.0
2025-06-20 10:33:04.127799,137.95,1734172.0,1963204.0
2025-06-20 10:33:06.755550,138.0,1734172.0,1963204.0
2025-06-20 10:33:09.152660,138.0,1734172.0,1963204.0
2025-06-20 10:33:09.765299,138.0,1739937.0,1953568.0
2025-06-20 10:33:10.845348,137.95,1739937.0,1953568.0
2025-06-20 10:33:12.705426,137.95,1739937.0,1953568.0
2025-06-20 10:33:14.695186,138.0,1739937.0,1953568.0
2025-06-20 10:33:15.568505,138.0,1740563.0,1949390.0
2025-06-20 10:33:16.696763,138.0,1740563.0,1949390.0
2025-06-20 10:33:18.708088,137.95,1740563.0,1949390.0
2025-06-20 10:33:20.693589,137.95,1740563.0,1949390.0
2025-06-20 10:33:21.485119,137.95,1740117.0,1950582.0
2025-06-20 10:33:22.752139,137.99,1740117.0,1950582.0
2025-06-20 10:33:24.694446,137.95,1740117.0,1950582.0
2025-06-20 10:33:26.702605,137.95,1740117.0,1950582.0
2025-06-20 10:33:27.511854,137.95,1739227.0,1955025.0
2025-06-20 10:33:28.759453,137.95,1739227.0,1955025.0
2025-06-20 10:33:30.699522,137.99,1739227.0,1955025.0
2025-06-20 10:33:32.836741,137.99,1739227.0,1955025.0
2025-06-20 10:33:33.582999,137.99,1745205.0,1956718.0
2025-06-20 10:33:34.706954,137.99,1745205.0,1956718.0
2025-06-20 10:33:36.708155,138.0,1745205.0,1956718.0
2025-06-20 10:33:39.688892,138.0,1746071.0,1951375.0
2025-06-20 10:33:40.700320,138.0,1746071.0,1951375.0
2025-06-20 10:33:43.646661,138.0,1746071.0,1951375.0
2025-06-20 10:33:43.721143,138.0,1746071.0,1951375.0
2025-06-20 10:33:44.035854,138.0,1746071.0,1951375.0
2025-06-20 10:33:45.026918,138.0,1746071.0,1951375.0
2025-06-20 10:33:45.507077,138.03,1770249.0,1894082.0
2025-06-20 10:33:45.729480,138.03,1770249.0,1894082.0
2025-06-20 10:33:46.368687,138.03,1770249.0,1894082.0
2025-06-20 10:33:46.698654,138.02,1770249.0,1894082.0
2025-06-20 10:33:46.840789,138.02,1770249.0,1894082.0
2025-06-20 10:33:47.406030,138.02,1770249.0,1894082.0
2025-06-20 10:33:48.710581,138.07,1770249.0,1894082.0
2025-06-20 10:33:48.786430,138.07,1770249.0,1894082.0
2025-06-20 10:33:50.134174,138.07,1770249.0,1894082.0
2025-06-20 10:33:51.348612,138.07,1770249.0,1894082.0
2025-06-20 10:33:51.364890,138.03,1752161.0,1908617.0
2025-06-20 10:33:52.708539,138.03,1752161.0,1908617.0
2025-06-20 10:33:52.713881,138.07,1752161.0,1908617.0
2025-06-20 10:33:53.988686,138.07,1752161.0,1908617.0
2025-06-20 10:33:54.743252,138.07,1752161.0,1908617.0
2025-06-20 10:33:55.190443,138.07,1752161.0,1908617.0
2025-06-20 10:33:56.819312,138.07,1752161.0,1908617.0
2025-06-20 10:33:57.297413,138.07,1760267.0,1892693.0
2025-06-20 10:33:57.699489,138.07,1760267.0,1892693.0
2025-06-20 10:34:00.700002,138.07,1760267.0,1892693.0
2025-06-20 10:34:02.910190,138.08,1756114.0,1892065.0
2025-06-20 10:34:04.694558,138.1,1756114.0,1892065.0
2025-06-20 10:34:07.701214,138.08,1756114.0,1892065.0
2025-06-20 10:34:08.711734,138.08,1755256.0,1891654.0
2025-06-20 10:34:10.750218,138.1,1755256.0,1891654.0
2025-06-20 10:34:13.695134,138.1,1755256.0,1891654.0
2025-06-20 10:34:14.726590,138.08,1758414.0,1891232.0
2025-06-20 10:34:16.744817,138.08,1758414.0,1891232.0
2025-06-20 10:34:19.691084,138.08,1758414.0,1891232.0
2025-06-20 10:34:20.421543,138.09,1758611.0,1894689.0
2025-06-20 10:34:22.711793,138.09,1758611.0,1894689.0
2025-06-20 10:34:24.740479,138.08,1758611.0,1894689.0
2025-06-20 10:34:26.008683,138.1,1761855.0,1892669.0
2025-06-20 10:34:28.710796,138.09,1761855.0,1892669.0
2025-06-20 10:34:31.615815,138.09,1760265.0,1895975.0
2025-06-20 10:34:31.703012,138.09,1760265.0,1895975.0
2025-06-20 10:34:33.734838,138.06,1760265.0,1895975.0
2025-06-20 10:34:37.332133,138.06,1760502.0,1900407.0
2025-06-20 10:34:37.696357,138.09,1760502.0,1900407.0
2025-06-20 10:34:40.715162,138.08,1760502.0,1900407.0
2025-06-20 10:34:43.021080,138.04,1753261.0,1902865.0
2025-06-20 10:34:44.076762,138.01,1753261.0,1902865.0
2025-06-20 10:34:46.724850,138.1,1753261.0,1902865.0
2025-06-20 10:34:48.628885,138.1,1771685.0,1885816.0
2025-06-20 10:34:49.750711,138.1,1771685.0,1885816.0
2025-06-20 10:34:52.759616,138.06,1771685.0,1885816.0
2025-06-20 10:34:54.231492,138.06,1760549.0,1887883.0
2025-06-20 10:34:54.740131,138.1,1760549.0,1887883.0
2025-06-20 10:34:56.766083,138.1,1760549.0,1887883.0
2025-06-20 10:34:58.737915,138.1,1760549.0,1887883.0
2025-06-20 10:34:59.538440,138.08,1760977.0,1889981.0
2025-06-20 10:35:00.772062,138.08,1760977.0,1889981.0
2025-06-20 10:35:02.713088,138.05,1760977.0,1889981.0
2025-06-20 10:35:04.700863,138.05,1760977.0,1889981.0
2025-06-20 10:35:04.839167,138.05,1748698.0,1913027.0
2025-06-20 10:35:06.703102,138.06,1748698.0,1913027.0
2025-06-20 10:35:09.703796,138.06,1748698.0,1913027.0
2025-06-20 10:35:10.642483,138.06,1750710.0,1905883.0
2025-06-20 10:35:13.706172,138.05,1750710.0,1905883.0
2025-06-20 10:35:15.704154,138.05,1750710.0,1905883.0
2025-06-20 10:35:16.544979,138.05,1754864.0,1904355.0
2025-06-20 10:35:19.695759,137.99,1754864.0,1904355.0
2025-06-20 10:35:21.701424,137.99,1754864.0,1904355.0
2025-06-20 10:35:22.355560,138.0,1752594.0,1910778.0
2025-06-20 10:35:23.729040,137.99,1752594.0,1910778.0
2025-06-20 10:35:25.706322,138.03,1752594.0,1910778.0
2025-06-20 10:35:27.707112,137.99,1752594.0,1910778.0
2025-06-20 10:35:28.156391,137.99,1755924.0,1910150.0
2025-06-20 10:35:31.718587,138.0,1755924.0,1910150.0
2025-06-20 10:35:33.706011,138.0,1755924.0,1910150.0
2025-06-20 10:35:34.160624,138.03,1760498.0,1913760.0
2025-06-20 10:35:35.704364,138.0,1760498.0,1913760.0
2025-06-20 10:35:37.704083,138.0,1760498.0,1913760.0
2025-06-20 10:35:39.749671,138.03,1760498.0,1913760.0
2025-06-20 10:35:39.971310,138.03,1747863.0,1930134.0
2025-06-20 10:35:41.700070,138.03,1747863.0,1930134.0
2025-06-20 10:35:43.737905,138.0,1747863.0,1930134.0
2025-06-20 10:35:45.703549,138.03,1747863.0,1930134.0
2025-06-20 10:35:45.778448,138.03,1748166.0,1933455.0
2025-06-20 10:35:47.717425,138.0,1748166.0,1933455.0
2025-06-20 10:35:49.763168,138.03,1748166.0,1933455.0
2025-06-20 10:35:51.666499,138.0,1753411.0,1934194.0
2025-06-20 10:35:51.711531,138.0,1753411.0,1934194.0
2025-06-20 10:35:53.718783,138.0,1753411.0,1934194.0
2025-06-20 10:35:55.725023,138.0,1753411.0,1934194.0
2025-06-20 10:35:57.483653,138.02,1756623.0,1931236.0
2025-06-20 10:35:57.715737,138.02,1756623.0,1931236.0
2025-06-20 10:35:59.719669,138.0,1756623.0,1931236.0
2025-06-20 10:36:01.727208,138.02,1756623.0,1931236.0
2025-06-20 10:36:03.173409,138.02,1756855.0,1930875.0
2025-06-20 10:36:03.713561,138.02,1756855.0,1930875.0
2025-06-20 10:36:05.704252,138.02,1756855.0,1930875.0
2025-06-20 10:36:09.075407,138.02,1758757.0,1928365.0
2025-06-20 10:36:09.755432,138.02,1758757.0,1928365.0
2025-06-20 10:36:12.699113,138.02,1758757.0,1928365.0
2025-06-20 10:36:14.728565,138.0,1758757.0,1928365.0
2025-06-20 10:36:15.278009,138.0,1757059.0,1932561.0
2025-06-20 10:36:17.751272,138.03,1757059.0,1932561.0
2025-06-20 10:36:20.724896,138.0,1757059.0,1932561.0
2025-06-20 10:36:21.082032,138.0,1754898.0,1930019.0
2025-06-20 10:36:23.715128,138.03,1754898.0,1930019.0
2025-06-20 10:36:26.727448,138.0,1754898.0,1930019.0
2025-06-20 10:36:27.012575,138.0,1753775.0,1927387.0
2025-06-20 10:36:29.729002,138.0,1753775.0,1927387.0
2025-06-20 10:36:33.091952,137.97,1745171.0,1943207.0
2025-06-20 10:36:33.708266,137.97,1745171.0,1943207.0
2025-06-20 10:36:35.719517,137.95,1745171.0,1943207.0
2025-06-20 10:36:38.705198,137.98,1745171.0,1943207.0
2025-06-20 10:36:39.292362,138.0,1745054.0,1937316.0
2025-06-20 10:36:42.726142,138.0,1745054.0,1937316.0
2025-06-20 10:36:44.136376,138.0,1745054.0,1937316.0
2025-06-20 10:36:44.735619,138.01,1745054.0,1937316.0
2025-06-20 10:36:44.839967,138.01,1745054.0,1937316.0
2025-06-20 10:36:44.903587,138.01,1746494.0,1923059.0
2025-06-20 10:36:45.233535,138.01,1746494.0,1923059.0
2025-06-20 10:36:46.273547,138.01,1746494.0,1923059.0
2025-06-20 10:36:46.711903,138.01,1746494.0,1923059.0
2025-06-20 10:36:46.935428,138.01,1746494.0,1923059.0
2025-06-20 10:36:47.410325,138.01,1746494.0,1923059.0
2025-06-20 10:36:48.387215,138.01,1746494.0,1923059.0
2025-06-20 10:36:48.706085,137.98,1746494.0,1923059.0
2025-06-20 10:36:49.343247,137.98,1746494.0,1923059.0
2025-06-20 10:36:50.685918,137.98,1746494.0,1923059.0
2025-06-20 10:36:50.727328,137.98,1746494.0,1923059.0
2025-06-20 10:36:50.728754,137.98,1744959.0,1927019.0
2025-06-20 10:36:51.655076,137.98,1744959.0,1927019.0
2025-06-20 10:36:53.221425,137.98,1744959.0,1927019.0
2025-06-20 10:36:54.505660,137.98,1744959.0,1927019.0
2025-06-20 10:36:55.742845,137.98,1744959.0,1927019.0
2025-06-20 10:36:56.207408,138.02,1746178.0,1924504.0
2025-06-20 10:36:56.707134,138.01,1746178.0,1924504.0
2025-06-20 10:36:57.384874,138.01,1746178.0,1924504.0
2025-06-20 10:36:58.711206,138.01,1746178.0,1924504.0
2025-06-20 10:37:00.706903,138.01,1746178.0,1924504.0
2025-06-20 10:37:01.907259,138.02,1755870.0,1917686.0
2025-06-20 10:37:02.705948,138.02,1755870.0,1917686.0
2025-06-20 10:37:04.712347,138.01,1755870.0,1917686.0
2025-06-20 10:37:06.724964,138.01,1755870.0,1917686.0
2025-06-20 10:37:08.110764,138.02,1756242.0,1917754.0
2025-06-20 10:37:08.707853,138.01,1756242.0,1917754.0
2025-06-20 10:37:10.727057,138.04,1756242.0,1917754.0
2025-06-20 10:37:12.716205,138.02,1756242.0,1917754.0
2025-06-20 10:37:13.922780,138.02,1755121.0,1915021.0
2025-06-20 10:37:14.708833,138.02,1755121.0,1915021.0
2025-06-20 10:37:16.715765,138.01,1755121.0,1915021.0
2025-06-20 10:37:19.517008,138.01,1751125.0,1917817.0
2025-06-20 10:37:20.708094,138.02,1751125.0,1917817.0
2025-06-20 10:37:23.710187,138.01,1751125.0,1917817.0
2025-06-20 10:37:25.226197,138.02,1745093.0,1918287.0
2025-06-20 10:37:26.705573,138.01,1745093.0,1918287.0
2025-06-20 10:37:29.711064,138.02,1745093.0,1918287.0
2025-06-20 10:37:30.825541,137.97,1728965.0,1935849.0
2025-06-20 10:37:32.706828,137.97,1728965.0,1935849.0
2025-06-20 10:37:34.718919,137.97,1728965.0,1935849.0
2025-06-20 10:37:36.329170,137.95,1732878.0,1941950.0
2025-06-20 10:37:38.705052,137.99,1732878.0,1941950.0
2025-06-20 10:37:41.708971,137.97,1732878.0,1941950.0
2025-06-20 10:37:41.942384,137.97,1736230.0,1936574.0
2025-06-20 10:37:43.746552,137.95,1736230.0,1936574.0
2025-06-20 10:37:47.640727,137.95,1736832.0,1931514.0
2025-06-20 10:37:49.751122,138.0,1736832.0,1931514.0
2025-06-20 10:37:53.243124,137.96,1737135.0,1931704.0
2025-06-20 10:37:53.708315,137.96,1737135.0,1931704.0
2025-06-20 10:37:56.708993,137.99,1737135.0,1931704.0
2025-06-20 10:37:58.715397,137.96,1737135.0,1931704.0
2025-06-20 10:37:59.161817,137.96,1745826.0,1935160.0
2025-06-20 10:38:02.712537,137.96,1745826.0,1935160.0
2025-06-20 10:38:04.558932,137.98,1745455.0,1926344.0
2025-06-20 10:38:04.739893,137.99,1745455.0,1926344.0
2025-06-20 10:38:07.718156,137.99,1745455.0,1926344.0
2025-06-20 10:38:09.719634,137.96,1745455.0,1926344.0
2025-06-20 10:38:10.258938,137.96,1744582.0,1924790.0
2025-06-20 10:38:11.779826,137.96,1744582.0,1924790.0
2025-06-20 10:38:13.716958,137.99,1744582.0,1924790.0
2025-06-20 10:38:15.729199,137.99,1744582.0,1924790.0
2025-06-20 10:38:15.756841,137.99,1748905.0,1921196.0
2025-06-20 10:38:17.713972,137.98,1748905.0,1921196.0
2025-06-20 10:38:19.718985,137.98,1748905.0,1921196.0
2025-06-20 10:38:21.408262,137.99,1748702.0,1924523.0
2025-06-20 10:38:21.715178,138.0,1748702.0,1924523.0
2025-06-20 10:38:25.715267,137.98,1748702.0,1924523.0
2025-06-20 10:38:26.868510,137.98,1748649.0,1920633.0
2025-06-20 10:38:27.713582,138.0,1748649.0,1920633.0
2025-06-20 10:38:29.716841,138.01,1748649.0,1920633.0
2025-06-20 10:38:31.778022,138.03,1748649.0,1920633.0
2025-06-20 10:38:32.374800,138.03,1752716.0,1916201.0
2025-06-20 10:38:33.737811,138.01,1752716.0,1916201.0
2025-06-20 10:38:35.721734,138.03,1752716.0,1916201.0
2025-06-20 10:38:37.879393,138.0,1753330.0,1920654.0
2025-06-20 10:38:39.730953,137.99,1753330.0,1920654.0
2025-06-20 10:38:41.722716,137.99,1753330.0,1920654.0
2025-06-20 10:38:43.721550,137.98,1753330.0,1920654.0
2025-06-20 10:38:43.787672,137.99,1761462.0,1924365.0
2025-06-20 10:38:45.718975,137.99,1761462.0,1924365.0
2025-06-20 10:38:47.735817,137.98,1761462.0,1924365.0
2025-06-20 10:38:49.390094,137.99,1760872.0,1925585.0
2025-06-20 10:38:49.719218,137.99,1760872.0,1925585.0
2025-06-20 10:38:51.716325,138.0,1760872.0,1925585.0
2025-06-20 10:38:53.719151,138.0,1760872.0,1925585.0
2025-06-20 10:38:54.892728,138.0,1761340.0,1926581.0
2025-06-20 10:38:55.716091,137.99,1761340.0,1926581.0
2025-06-20 10:38:57.763694,138.0,1761340.0,1926581.0
2025-06-20 10:38:59.745558,138.0,1761340.0,1926581.0
2025-06-20 10:39:00.194854,138.0,1770492.0,1923521.0
2025-06-20 10:39:01.755631,137.99,1770492.0,1923521.0
2025-06-20 10:39:03.750526,138.0,1770492.0,1923521.0
2025-06-20 10:39:05.744350,137.99,1770492.0,1923521.0
2025-06-20 10:39:06.030421,137.99,1769438.0,1924872.0
2025-06-20 10:39:07.749019,137.99,1769438.0,1924872.0
2025-06-20 10:39:09.720085,138.0,1769438.0,1924872.0
2025-06-20 10:39:11.728408,137.99,1769438.0,1924872.0
2025-06-20 10:39:11.805332,137.99,1765684.0,1923668.0
2025-06-20 10:39:13.745740,138.0,1765684.0,1923668.0
2025-06-20 10:39:15.716919,137.99,1765684.0,1923668.0
2025-06-20 10:39:17.218975,137.99,1766119.0,1923097.0
2025-06-20 10:39:17.724035,137.99,1766119.0,1923097.0
2025-06-20 10:39:19.718155,137.99,1766119.0,1923097.0
2025-06-20 10:39:21.721174,138.0,1766119.0,1923097.0
2025-06-20 10:39:22.722807,138.0,1771852.0,1923052.0
2025-06-20 10:39:25.722358,137.99,1771852.0,1923052.0
2025-06-20 10:39:27.720241,137.99,1771852.0,1923052.0
2025-06-20 10:39:28.550445,137.99,1772135.0,1919563.0
2025-06-20 10:39:29.720001,138.0,1772135.0,1919563.0
2025-06-20 10:39:31.761230,138.0,1772135.0,1919563.0
2025-06-20 10:39:33.722908,138.0,1772135.0,1919563.0
2025-06-20 10:39:34.624067,137.99,1765966.0,1934321.0
2025-06-20 10:39:35.725657,137.99,1765966.0,1934321.0
2025-06-20 10:39:37.723299,137.99,1765966.0,1934321.0
2025-06-20 10:39:39.730371,138.0,1765966.0,1934321.0
2025-06-20 10:39:40.629054,138.0,1766084.0,1930869.0
2025-06-20 10:39:41.727244,138.0,1766084.0,1930869.0
2025-06-20 10:39:44.635396,138.0,1766084.0,1930869.0
2025-06-20 10:39:45.025133,138.0,1766084.0,1930869.0
2025-06-20 10:39:45.726372,137.99,1766084.0,1930869.0
2025-06-20 10:39:45.737872,137.99,1766084.0,1930869.0
2025-06-20 10:39:46.046258,137.99,1766084.0,1930869.0
2025-06-20 10:39:46.942209,137.99,1763829.0,1932401.0
2025-06-20 10:39:46.943495,137.99,1763829.0,1932401.0
2025-06-20 10:39:47.422353,137.99,1763829.0,1932401.0
2025-06-20 10:39:47.724394,138.0,1763829.0,1932401.0
2025-06-20 10:39:47.871847,138.0,1763829.0,1932401.0
2025-06-20 10:39:48.444055,138.0,1763829.0,1932401.0
2025-06-20 10:39:49.775786,137.99,1763829.0,1932401.0
2025-06-20 10:39:49.819474,137.99,1763829.0,1932401.0
2025-06-20 10:39:51.239584,137.99,1763829.0,1932401.0
2025-06-20 10:39:51.721718,137.99,1763829.0,1932401.0
2025-06-20 10:39:52.141067,137.99,1763829.0,1932401.0
2025-06-20 10:39:52.637088,138.0,1766029.0,1930840.0
2025-06-20 10:39:53.825247,138.0,1766029.0,1930840.0
2025-06-20 10:39:53.845302,137.99,1766029.0,1930840.0
2025-06-20 10:39:55.033163,137.99,1766029.0,1930840.0
2025-06-20 10:39:55.732936,138.0,1766029.0,1930840.0
2025-06-20 10:39:56.226355,138.0,1766029.0,1930840.0
2025-06-20 10:39:57.758398,137.99,1766029.0,1930840.0
2025-06-20 10:39:57.877125,137.99,1766029.0,1930840.0
2025-06-20 10:39:58.641023,138.0,1764805.0,1927181.0
2025-06-20 10:39:59.727506,138.0,1764805.0,1927181.0
2025-06-20 10:40:01.776157,138.0,1764805.0,1927181.0
2025-06-20 10:40:03.733131,138.0,1764805.0,1927181.0
2025-06-20 10:40:04.551086,138.0,1778271.0,1915785.0
2025-06-20 10:40:05.727022,137.99,1778271.0,1915785.0
2025-06-20 10:40:07.734123,138.0,1778271.0,1915785.0
2025-06-20 10:40:09.729523,137.99,1778271.0,1915785.0
2025-06-20 10:40:10.452144,137.99,1778627.0,1926796.0
2025-06-20 10:40:11.732723,138.0,1778627.0,1926796.0
2025-06-20 10:40:14.780482,138.0,1778627.0,1926796.0
2025-06-20 10:40:16.560996,138.0,1784678.0,1913742.0
2025-06-20 10:40:17.727477,137.99,1784678.0,1913742.0
2025-06-20 10:40:21.721387,138.0,1784678.0,1913742.0
2025-06-20 10:40:22.372525,138.0,1782243.0,1918493.0
2025-06-20 10:40:24.739661,138.0,1782243.0,1918493.0
2025-06-20 10:40:26.827552,137.99,1782243.0,1918493.0
2025-06-20 10:40:28.266584,137.99,1780861.0,1919827.0
2025-06-20 10:40:28.742504,138.0,1780861.0,1919827.0
2025-06-20 10:40:30.760780,137.99,1780861.0,1919827.0
2025-06-20 10:40:32.772123,138.0,1780861.0,1919827.0
2025-06-20 10:40:33.773246,137.99,1782117.0,1917878.0
2025-06-20 10:40:34.775359,138.0,1782117.0,1917878.0
2025-06-20 10:40:36.866576,138.0,1782117.0,1917878.0
2025-06-20 10:40:38.759770,138.0,1782117.0,1917878.0
2025-06-20 10:40:39.274370,138.0,1774167.0,1931025.0
2025-06-20 10:40:40.743407,138.0,1774167.0,1931025.0
2025-06-20 10:40:42.729523,138.0,1774167.0,1931025.0
2025-06-20 10:40:44.739303,138.0,1774167.0,1931025.0
2025-06-20 10:40:44.876380,138.0,1780744.0,1929378.0
2025-06-20 10:40:46.753309,137.99,1780744.0,1929378.0
2025-06-20 10:40:48.753207,138.0,1780744.0,1929378.0
2025-06-20 10:40:50.682714,138.0,1780148.0,1916993.0
2025-06-20 10:40:50.734914,138.0,1780148.0,1916993.0
2025-06-20 10:40:54.744724,138.0,1780148.0,1916993.0
2025-06-20 10:40:56.417667,138.01,1778928.0,1908010.0
2025-06-20 10:40:57.728498,138.0,1778928.0,1908010.0
2025-06-20 10:41:00.716056,138.0,1778928.0,1908010.0
2025-06-20 10:41:01.291935,138.0,1777465.0,1895009.0
2025-06-20 10:41:01.732859,138.01,1777465.0,1895009.0
2025-06-20 10:41:02.292530,138.0,1771909.0,1907001.0
2025-06-20 10:41:02.734640,138.0,1771909.0,1907001.0
2025-06-20 10:41:03.293211,138.0,1781269.0,1908933.0
2025-06-20 10:41:04.312775,138.0,1785770.0,1908675.0
2025-06-20 10:41:04.719390,138.0,1785770.0,1908675.0
2025-06-20 10:41:05.192788,137.99,1784722.0,1914606.0
2025-06-20 10:41:05.729056,137.99,1784722.0,1914606.0
2025-06-20 10:41:06.194897,137.99,1784721.0,1914606.0
2025-06-20 10:41:06.721674,137.99,1784721.0,1914606.0
2025-06-20 10:41:07.194717,137.99,1783709.0,1912484.0
2025-06-20 10:41:07.727263,137.99,1783709.0,1912484.0
2025-06-20 10:41:08.197475,137.99,1785545.0,1912480.0
2025-06-20 10:41:08.723135,137.99,1785545.0,1912480.0
2025-06-20 10:41:09.197746,137.99,1787044.0,1911169.0
2025-06-20 10:41:09.772411,137.99,1787044.0,1911169.0
2025-06-20 10:41:10.197498,137.98,1787486.0,1908261.0
2025-06-20 10:41:10.725868,137.98,1787486.0,1908261.0
2025-06-20 10:41:11.099009,137.99,1787283.0,1908985.0
2025-06-20 10:41:11.735887,137.99,1787283.0,1908985.0
2025-06-20 10:41:12.096011,137.98,1786900.0,1909361.0
2025-06-20 10:41:12.724013,137.98,1786900.0,1909361.0
2025-06-20 10:41:13.229173,137.98,1785597.0,1910275.0
2025-06-20 10:41:13.723921,137.98,1785597.0,1910275.0
2025-06-20 10:41:14.035922,137.98,1785612.0,1910196.0
2025-06-20 10:41:14.907697,137.98,1785633.0,1910088.0
2025-06-20 10:41:15.723905,137.99,1785633.0,1910088.0
2025-06-20 10:41:15.949912,137.99,1785632.0,1910303.0
2025-06-20 10:41:16.731386,138.0,1785632.0,1910303.0
2025-06-20 10:41:16.913462,138.0,1786045.0,1908815.0
2025-06-20 10:41:17.722611,138.0,1786045.0,1908815.0
2025-06-20 10:41:17.804094,138.0,1798831.0,1913401.0
2025-06-20 10:41:18.913794,138.0,1799185.0,1909942.0
2025-06-20 10:41:19.737892,138.0,1799185.0,1909942.0
2025-06-20 10:41:19.804502,138.0,1800087.0,1913309.0
2025-06-20 10:41:20.706231,137.99,1798623.0,1911516.0
2025-06-20 10:41:20.729609,137.99,1798623.0,1911516.0
2025-06-20 10:41:21.706042,137.99,1798671.0,1912098.0
2025-06-20 10:41:21.732256,137.99,1798671.0,1912098.0
2025-06-20 10:41:22.708856,137.99,1797816.0,1914314.0
2025-06-20 10:41:22.725445,137.99,1797816.0,1914314.0
2025-06-20 10:41:23.614618,138.0,1798714.0,1914082.0
2025-06-20 10:41:23.725707,137.99,1798714.0,1914082.0
2025-06-20 10:41:24.635882,138.0,1797882.0,1911593.0
2025-06-20 10:41:24.740065,138.0,1797882.0,1911593.0
2025-06-20 10:41:25.619604,138.0,1797703.0,1911309.0
2025-06-20 10:41:26.631897,138.0,1798124.0,1911521.0
2025-06-20 10:41:26.723569,138.0,1798124.0,1911521.0
2025-06-20 10:41:27.618474,138.0,1798122.0,1914961.0
2025-06-20 10:41:27.726964,138.0,1798122.0,1914961.0
2025-06-20 10:41:28.587003,137.99,1787216.0,1918983.0
2025-06-20 10:41:28.737724,137.99,1787216.0,1918983.0
2025-06-20 10:41:29.621861,138.0,1776161.0,1927205.0
2025-06-20 10:41:29.726248,138.0,1776161.0,1927205.0
2025-06-20 10:41:30.543157,138.0,1783040.0,1915645.0
2025-06-20 10:41:30.731380,138.0,1783040.0,1915645.0
2025-06-20 10:41:31.644972,138.0,1783504.0,1916152.0
2025-06-20 10:41:31.729903,138.01,1783504.0,1916152.0
2025-06-20 10:41:32.319624,138.01,1784360.0,1911959.0
2025-06-20 10:41:33.316737,138.01,1777303.0,1911690.0
2025-06-20 10:41:33.738743,138.0,1777303.0,1911690.0
2025-06-20 10:41:34.217904,138.0,1778357.0,1911136.0
2025-06-20 10:41:34.736480,138.0,1778357.0,1911136.0
2025-06-20 10:41:35.224178,138.05,1772583.0,1912539.0
2025-06-20 10:41:35.761455,138.0,1772583.0,1912539.0
2025-06-20 10:41:36.124458,138.0,1774378.0,1914698.0
2025-06-20 10:41:36.731664,138.0,1774378.0,1914698.0
2025-06-20 10:41:37.119662,138.0,1779445.0,1915545.0
2025-06-20 10:41:37.733059,138.0,1779445.0,1915545.0
2025-06-20 10:41:38.031854,138.0,1779292.0,1912629.0
2025-06-20 10:41:38.956130,138.0,1779015.0,1912753.0
2025-06-20 10:41:39.741632,138.0,1779015.0,1912753.0
2025-06-20 10:41:39.828068,138.0,1778871.0,1914191.0
2025-06-20 10:41:40.731337,137.99,1778871.0,1914191.0
2025-06-20 10:41:40.821613,137.99,1778322.0,1913142.0
2025-06-20 10:41:41.743093,137.99,1778322.0,1913142.0
2025-06-20 10:41:41.820584,137.99,1778109.0,1913877.0
2025-06-20 10:41:42.724954,137.99,1778109.0,1913877.0
2025-06-20 10:41:42.756138,137.99,1777936.0,1913533.0
2025-06-20 10:41:43.732560,137.99,1777961.0,1913533.0
2025-06-20 10:41:44.627580,138.0,1777870.0,1913685.0
2025-06-20 10:41:44.735069,137.99,1777870.0,1913685.0
2025-06-20 10:41:45.622937,137.99,1777719.0,1914612.0
2025-06-20 10:41:45.733631,137.99,1777719.0,1914612.0
2025-06-20 10:41:46.622493,138.0,1777715.0,1914611.0
2025-06-20 10:41:46.737292,138.0,1777715.0,1914611.0
2025-06-20 10:41:47.737096,138.0,1777715.0,1914611.0
2025-06-20 10:41:47.744999,138.0,1779768.0,1913428.0
2025-06-20 10:41:48.729984,138.0,1779768.0,1913428.0
2025-06-20 10:41:48.779871,138.0,1773056.0,1913083.0
2025-06-20 10:41:49.718960,138.0,1774668.0,1911865.0
2025-06-20 10:41:49.760115,138.0,1774668.0,1911865.0
2025-06-20 10:41:50.653230,138.0,1780859.0,1911868.0
2025-06-20 10:41:51.633584,138.0,1780960.0,1913415.0
2025-06-20 10:41:52.734445,137.99,1780960.0,1913415.0
2025-06-20 10:41:52.953586,137.99,1779936.0,1920753.0
2025-06-20 10:41:53.624985,137.99,1779734.0,1921281.0
2025-06-20 10:41:54.859034,137.99,1779734.0,1921281.0
2025-06-20 10:41:54.891740,137.99,1778512.0,1919124.0
2025-06-20 10:41:55.727589,138.0,1778512.0,1919124.0
2025-06-20 10:41:55.822766,138.0,1779203.0,1918864.0
2025-06-20 10:41:56.741998,137.99,1779203.0,1918864.0
2025-06-20 10:41:56.937367,137.99,1777850.0,1917958.0
2025-06-20 10:41:57.751015,137.99,1777850.0,1917958.0
2025-06-20 10:41:58.038306,138.0,1763698.0,1924805.0
2025-06-20 10:41:58.723968,137.99,1763698.0,1924805.0
2025-06-20 10:41:59.188497,137.99,1761942.0,1924596.0
2025-06-20 10:42:00.064266,137.96,1767619.0,1926063.0
2025-06-20 10:42:00.748568,137.99,1767619.0,1926063.0
2025-06-20 10:42:02.759732,137.99,1767619.0,1926063.0
2025-06-20 10:42:04.756254,137.97,1767619.0,1926063.0
2025-06-20 10:42:06.236577,137.95,1761884.0,1932549.0
2025-06-20 10:42:06.758079,137.95,1761884.0,1932549.0
2025-06-20 10:42:08.734982,138.0,1761884.0,1932549.0
2025-06-20 10:42:10.778032,137.96,1761884.0,1932549.0
2025-06-20 10:42:11.839779,137.96,1762630.0,1926376.0
2025-06-20 10:42:12.758533,138.0,1762630.0,1926376.0
2025-06-20 10:42:14.783492,138.0,1762630.0,1926376.0
2025-06-20 10:42:16.743266,137.99,1762630.0,1926376.0
2025-06-20 10:42:17.344046,138.0,1769795.0,1926110.0
2025-06-20 10:42:18.739240,138.0,1769795.0,1926110.0
2025-06-20 10:42:22.738164,137.99,1769795.0,1926110.0
2025-06-20 10:42:23.350101,138.0,1775015.0,1911027.0
2025-06-20 10:42:24.731513,138.0,1775015.0,1911027.0
2025-06-20 10:42:26.741282,138.0,1775015.0,1911027.0
2025-06-20 10:42:28.739206,138.0,1775015.0,1911027.0
2025-06-20 10:42:29.055826,138.0,1776993.0,1914995.0
2025-06-20 10:42:30.998716,138.02,1776993.0,1914995.0
2025-06-20 10:42:32.784412,138.0,1776993.0,1914995.0
2025-06-20 10:42:34.951727,138.0,1773387.0,1918326.0
2025-06-20 10:42:36.754265,138.0,1773387.0,1918326.0
2025-06-20 10:42:38.793158,137.97,1773387.0,1918326.0
2025-06-20 10:42:40.656624,138.0,1779906.0,1917493.0
2025-06-20 10:42:40.777977,138.0,1779906.0,1917493.0
2025-06-20 10:42:44.804352,137.98,1779906.0,1917493.0
2025-06-20 10:42:45.028611,137.98,1779906.0,1917493.0
2025-06-20 10:42:46.119220,137.98,1779906.0,1917493.0
2025-06-20 10:42:46.697485,137.97,1774908.0,1916668.0
2025-06-20 10:42:46.732251,137.97,1774908.0,1916668.0
2025-06-20 10:42:46.805346,137.97,1774908.0,1916668.0
2025-06-20 10:42:47.484176,137.97,1774908.0,1916668.0
2025-06-20 10:42:48.059125,137.97,1774908.0,1916668.0
2025-06-20 10:42:49.088671,137.97,1774908.0,1916668.0
2025-06-20 10:42:49.785791,137.99,1774908.0,1916668.0
2025-06-20 10:42:50.465083,137.99,1774908.0,1916668.0
2025-06-20 10:42:51.770042,137.99,1774908.0,1916668.0
2025-06-20 10:42:51.817719,137.99,1774908.0,1916668.0
