timestamp,ltp,bid_qty,ask_qty
2025-06-20 10:10:48.212853,417.45,805554.0,1073296.0
2025-06-20 10:10:48.590846,417.55,805554.0,1073296.0
2025-06-20 10:10:50.586969,417.45,805554.0,1073296.0
2025-06-20 10:10:52.365708,417.45,806519.0,1080307.0
2025-06-20 10:10:52.589765,417.45,806519.0,1080307.0
2025-06-20 10:10:54.592368,417.6,806519.0,1080307.0
2025-06-20 10:10:56.592436,417.45,806519.0,1080307.0
2025-06-20 10:10:57.968366,417.45,807152.0,1078534.0
2025-06-20 10:10:58.608937,417.6,807152.0,1078534.0
2025-06-20 10:11:00.614184,417.55,807152.0,1078534.0
2025-06-20 10:11:02.597854,417.45,807152.0,1078534.0
2025-06-20 10:11:03.372851,417.45,802030.0,1084574.0
2025-06-20 10:11:04.597640,417.45,802030.0,1084574.0
2025-06-20 10:11:06.605170,417.4,802030.0,1084574.0
2025-06-20 10:11:08.601765,417.45,802030.0,1084574.0
2025-06-20 10:11:09.588357,417.45,808041.0,1078236.0
2025-06-20 10:11:10.644251,417.55,808041.0,1078236.0
2025-06-20 10:11:12.870477,417.45,808041.0,1078236.0
2025-06-20 10:11:14.680233,417.45,808041.0,1078236.0
2025-06-20 10:11:15.384453,417.55,806190.0,1079633.0
2025-06-20 10:11:16.652305,417.55,806190.0,1079633.0
2025-06-20 10:11:19.261587,417.55,806190.0,1079633.0
2025-06-20 10:11:20.583584,417.55,807435.0,1080503.0
2025-06-20 10:11:20.598028,417.55,807435.0,1080503.0
2025-06-20 10:11:22.664382,417.45,807435.0,1080503.0
2025-06-20 10:11:24.643744,417.55,807435.0,1080503.0
2025-06-20 10:11:26.284234,417.55,804107.0,1081705.0
2025-06-20 10:11:26.875149,417.55,804107.0,1081705.0
2025-06-20 10:11:28.872611,417.45,804107.0,1081705.0
2025-06-20 10:11:30.613491,417.35,804107.0,1081705.0
2025-06-20 10:11:31.402860,417.35,802559.0,1084944.0
2025-06-20 10:11:32.603001,417.5,802559.0,1084944.0
2025-06-20 10:11:34.616611,417.5,802559.0,1084944.0
2025-06-20 10:11:36.601797,417.5,802559.0,1084944.0
2025-06-20 10:11:36.992515,417.5,804985.0,1084926.0
2025-06-20 10:11:38.592751,417.5,804985.0,1084926.0
2025-06-20 10:11:40.595100,417.5,804985.0,1084926.0
2025-06-20 10:11:42.594361,417.5,804985.0,1084926.0
2025-06-20 10:11:42.999969,417.5,805397.0,1082900.0
2025-06-20 10:11:44.595636,417.5,805397.0,1082900.0
2025-06-20 10:11:46.589917,417.55,805397.0,1082900.0
2025-06-20 10:11:48.594998,417.55,805397.0,1082900.0
2025-06-20 10:11:48.933829,417.55,806488.0,1077256.0
2025-06-20 10:11:50.599014,417.5,806488.0,1077256.0
2025-06-20 10:11:52.602193,417.5,806488.0,1077256.0
2025-06-20 10:11:54.595037,417.6,806488.0,1077256.0
2025-06-20 10:11:54.711669,417.6,807496.0,1082983.0
2025-06-20 10:11:56.592728,417.55,807496.0,1082983.0
2025-06-20 10:11:58.598995,417.7,807496.0,1082983.0
2025-06-20 10:12:00.725305,417.8,813771.0,1057945.0
2025-06-20 10:12:01.612319,417.9,813771.0,1057945.0
2025-06-20 10:12:05.604326,418.2,813771.0,1057945.0
2025-06-20 10:12:07.522619,418.2,816648.0,988737.0
2025-06-20 10:12:08.600970,418.0,816648.0,988737.0
2025-06-20 10:12:11.607959,418.15,816648.0,988737.0
2025-06-20 10:12:14.116070,418.15,812771.0,991119.0
2025-06-20 10:12:14.642305,418.15,812771.0,991119.0
2025-06-20 10:12:17.608709,418.15,812771.0,991119.0
2025-06-20 10:12:20.219765,417.95,817038.0,993978.0
2025-06-20 10:12:20.628896,417.95,817038.0,993978.0
2025-06-20 10:12:23.600046,418.15,817038.0,993978.0
2025-06-20 10:12:26.456416,418.15,814226.0,991105.0
2025-06-20 10:12:26.618830,418.15,814226.0,991105.0
2025-06-20 10:12:28.598633,418.15,814226.0,991105.0
2025-06-20 10:12:30.600845,418.1,814226.0,991105.0
2025-06-20 10:12:32.615280,418.15,814226.0,991105.0
2025-06-20 10:12:32.644507,418.15,816117.0,989878.0
2025-06-20 10:12:34.607238,418.15,816117.0,989878.0
2025-06-20 10:12:36.610609,418.15,816117.0,989878.0
2025-06-20 10:12:38.534887,418.15,815844.0,987982.0
2025-06-20 10:12:38.608349,418.15,815844.0,987982.0
2025-06-20 10:12:40.514964,418.15,815844.0,987982.0
2025-06-20 10:12:40.601668,418.15,815844.0,987982.0
2025-06-20 10:12:40.884576,418.15,815844.0,987982.0
2025-06-20 10:12:41.126639,418.15,815844.0,987982.0
2025-06-20 10:12:42.329587,418.15,815844.0,987982.0
2025-06-20 10:12:42.598660,418.2,815844.0,987982.0
2025-06-20 10:12:42.936595,418.2,815844.0,987982.0
2025-06-20 10:12:43.428351,418.2,815844.0,987982.0
2025-06-20 10:12:44.605976,418.2,815844.0,987982.0
2025-06-20 10:12:44.665080,418.2,816969.0,985915.0
2025-06-20 10:12:44.677397,418.2,816969.0,985915.0
2025-06-20 10:12:45.441287,418.2,816969.0,985915.0
2025-06-20 10:12:46.611100,418.2,816969.0,985915.0
2025-06-20 10:12:46.663917,418.2,816969.0,985915.0
2025-06-20 10:12:47.620103,418.2,816969.0,985915.0
2025-06-20 10:12:48.603841,418.2,816969.0,985915.0
2025-06-20 10:12:49.151308,418.2,816969.0,985915.0
2025-06-20 10:12:50.242168,418.05,818870.0,987434.0
2025-06-20 10:12:50.458255,418.05,818870.0,987434.0
2025-06-20 10:12:50.600771,418.2,818870.0,987434.0
2025-06-20 10:12:51.652943,418.2,818870.0,987434.0
2025-06-20 10:12:52.611148,418.2,818870.0,987434.0
2025-06-20 10:12:53.259458,418.2,818870.0,987434.0
2025-06-20 10:12:54.611133,418.2,818870.0,987434.0
2025-06-20 10:12:56.145318,418.2,816257.0,988709.0
2025-06-20 10:12:56.609087,418.2,816257.0,988709.0
2025-06-20 10:12:58.603804,418.15,816257.0,988709.0
2025-06-20 10:13:00.597908,418.15,816257.0,988709.0
2025-06-20 10:13:01.244738,418.15,815654.0,991154.0
2025-06-20 10:13:01.601226,418.15,815654.0,991154.0
2025-06-20 10:13:02.247516,418.15,816025.0,994426.0
2025-06-20 10:13:02.603490,418.15,816025.0,994426.0
2025-06-20 10:13:03.361173,418.1,815945.0,993736.0
2025-06-20 10:13:03.604534,418.1,815945.0,993736.0
2025-06-20 10:13:04.449315,418.1,815910.0,993755.0
2025-06-20 10:13:04.602627,417.95,815910.0,993755.0
2025-06-20 10:13:05.463785,417.95,816142.0,993931.0
2025-06-20 10:13:05.609670,417.95,816142.0,993931.0
2025-06-20 10:13:06.603393,418.1,816142.0,993931.0
2025-06-20 10:13:06.657505,418.1,816080.0,994504.0
2025-06-20 10:13:07.602631,418.1,816080.0,994504.0
2025-06-20 10:13:07.749283,418.1,816084.0,994577.0
2025-06-20 10:13:08.603658,418.1,816084.0,994577.0
2025-06-20 10:13:08.864106,418.1,816904.0,993683.0
2025-06-20 10:13:09.643920,418.1,816904.0,993683.0
2025-06-20 10:13:09.918046,418.1,817483.0,993629.0
2025-06-20 10:13:10.609567,418.1,817483.0,993629.0
2025-06-20 10:13:10.956367,418.1,817483.0,995855.0
2025-06-20 10:13:11.598191,418.1,817483.0,995855.0
2025-06-20 10:13:11.957528,418.1,818481.0,995710.0
2025-06-20 10:13:12.603226,418.0,818481.0,995710.0
2025-06-20 10:13:13.058588,418.0,818042.0,995828.0
2025-06-20 10:13:13.605627,418.1,818042.0,995828.0
2025-06-20 10:13:14.159743,418.15,818046.0,995464.0
2025-06-20 10:13:14.605741,418.15,818046.0,995464.0
2025-06-20 10:13:15.261280,418.15,816432.0,994804.0
2025-06-20 10:13:15.607795,418.15,816432.0,994804.0
2025-06-20 10:13:16.377429,418.15,816520.0,994857.0
2025-06-20 10:13:16.610997,418.15,816520.0,994857.0
2025-06-20 10:13:17.464339,418.15,824117.0,988082.0
2025-06-20 10:13:17.603501,418.2,824117.0,988082.0
2025-06-20 10:13:18.561690,418.1,821616.0,989395.0
2025-06-20 10:13:18.599382,418.1,821616.0,989395.0
2025-06-20 10:13:19.562901,418.1,817959.0,989842.0
2025-06-20 10:13:20.565283,418.0,817408.0,992118.0
2025-06-20 10:13:20.605704,418.0,817408.0,992118.0
2025-06-20 10:13:21.566752,418.05,818500.0,990980.0
2025-06-20 10:13:21.604478,418.05,818500.0,990980.0
2025-06-20 10:13:22.611018,418.2,818500.0,990980.0
2025-06-20 10:13:22.664166,418.2,818561.0,990732.0
2025-06-20 10:13:23.615696,418.2,818561.0,990732.0
2025-06-20 10:13:23.667365,418.2,818578.0,990842.0
2025-06-20 10:13:24.572353,418.2,818726.0,990170.0
2025-06-20 10:13:24.609701,418.2,818726.0,990170.0
2025-06-20 10:13:25.673175,418.2,817102.0,991220.0
2025-06-20 10:13:26.610821,418.1,817102.0,991220.0
2025-06-20 10:13:26.679616,418.1,816978.0,990992.0
2025-06-20 10:13:27.669824,418.1,819442.0,992468.0
2025-06-20 10:13:28.600573,418.1,819442.0,992468.0
2025-06-20 10:13:28.674164,418.1,817472.0,991493.0
2025-06-20 10:13:29.604609,418.1,817472.0,991493.0
2025-06-20 10:13:29.773203,418.1,818981.0,991696.0
2025-06-20 10:13:30.603463,418.1,818981.0,991696.0
2025-06-20 10:13:30.776942,418.1,818604.0,992477.0
2025-06-20 10:13:31.601199,418.1,818604.0,992477.0
2025-06-20 10:13:31.900723,418.1,818311.0,992026.0
2025-06-20 10:13:32.618535,418.1,818311.0,992026.0
2025-06-20 10:13:32.974668,418.1,819143.0,991703.0
2025-06-20 10:13:33.599598,418.1,819143.0,991703.0
2025-06-20 10:13:34.072295,418.1,819712.0,991632.0
2025-06-20 10:13:34.600365,418.1,819712.0,991632.0
2025-06-20 10:13:35.173820,418.05,819867.0,991117.0
2025-06-20 10:13:35.602853,418.1,819867.0,991117.0
2025-06-20 10:13:36.273448,418.05,820229.0,991008.0
2025-06-20 10:13:36.608134,418.1,820229.0,991008.0
2025-06-20 10:13:37.175124,418.1,824008.0,989410.0
2025-06-20 10:13:37.609925,418.1,824008.0,989410.0
2025-06-20 10:13:38.386237,418.2,822296.0,991312.0
2025-06-20 10:13:38.598194,418.2,822296.0,991312.0
2025-06-20 10:13:39.492476,418.2,823339.0,991460.0
2025-06-20 10:13:39.600008,418.2,823339.0,991460.0
2025-06-20 10:13:40.575431,418.05,824642.0,992150.0
2025-06-20 10:13:40.606184,418.05,824642.0,992150.0
2025-06-20 10:13:41.607223,418.2,824642.0,992150.0
2025-06-20 10:13:41.678354,418.2,825856.0,989929.0
2025-06-20 10:13:42.602465,418.1,825856.0,989929.0
2025-06-20 10:13:42.777413,418.2,825616.0,990264.0
2025-06-20 10:13:43.602228,418.2,825616.0,990264.0
2025-06-20 10:13:43.686552,418.2,828154.0,990016.0
2025-06-20 10:13:44.610965,418.2,828154.0,990016.0
2025-06-20 10:13:44.777951,418.2,825465.0,990396.0
2025-06-20 10:13:45.607981,418.05,825465.0,990396.0
2025-06-20 10:13:45.980967,418.2,824989.0,991000.0
2025-06-20 10:13:46.601973,418.2,824989.0,991000.0
2025-06-20 10:13:46.978771,418.2,824569.0,989877.0
2025-06-20 10:13:47.636522,418.25,824569.0,989877.0
2025-06-20 10:13:48.079339,418.25,825663.0,980633.0
2025-06-20 10:13:48.607599,418.15,825663.0,980633.0
2025-06-20 10:13:49.079991,418.25,827669.0,980356.0
2025-06-20 10:13:49.649860,418.1,827669.0,980356.0
2025-06-20 10:13:50.183421,418.2,826056.0,980325.0
2025-06-20 10:13:50.614203,418.25,826056.0,980325.0
2025-06-20 10:13:51.394416,418.25,825773.0,982948.0
2025-06-20 10:13:51.601389,418.35,825773.0,982948.0
2025-06-20 10:13:52.482348,418.35,825809.0,984167.0
2025-06-20 10:13:52.613381,418.35,825809.0,984167.0
2025-06-20 10:13:53.583845,418.35,825220.0,985725.0
2025-06-20 10:13:53.609655,418.35,825220.0,985725.0
2025-06-20 10:13:54.600985,418.3,825220.0,985725.0
2025-06-20 10:13:54.687362,418.3,823877.0,988730.0
2025-06-20 10:13:55.598665,418.1,823877.0,988730.0
2025-06-20 10:13:55.686047,418.1,825838.0,989792.0
2025-06-20 10:13:56.607851,418.25,825838.0,989792.0
2025-06-20 10:13:56.786343,418.25,826476.0,988830.0
2025-06-20 10:13:57.610340,418.3,826476.0,988830.0
2025-06-20 10:13:57.899179,418.3,822175.0,988326.0
2025-06-20 10:13:58.610201,418.1,822175.0,988326.0
2025-06-20 10:13:58.986404,418.3,823234.0,988227.0
2025-06-20 10:13:59.604977,418.1,823234.0,988227.0
2025-06-20 10:13:59.995578,418.15,826387.0,992047.0
2025-06-20 10:14:00.606373,418.25,826387.0,992047.0
2025-06-20 10:14:02.656790,418.15,826387.0,992047.0
2025-06-20 10:14:04.610936,418.25,826387.0,992047.0
2025-06-20 10:14:06.195086,418.15,824894.0,991038.0
2025-06-20 10:14:06.620883,418.15,824894.0,991038.0
2025-06-20 10:14:08.617468,418.3,824894.0,991038.0
2025-06-20 10:14:10.606417,418.3,824894.0,991038.0
2025-06-20 10:14:11.921059,418.3,831005.0,989476.0
2025-06-20 10:14:12.614697,418.15,831005.0,989476.0
2025-06-20 10:14:14.612413,418.15,831005.0,989476.0
2025-06-20 10:14:16.607107,418.25,831005.0,989476.0
2025-06-20 10:14:17.802435,418.3,835392.0,990144.0
2025-06-20 10:14:18.604972,418.3,835392.0,990144.0
2025-06-20 10:14:20.609884,418.25,835392.0,990144.0
2025-06-20 10:14:22.612184,418.15,835392.0,990144.0
2025-06-20 10:14:23.705067,418.25,834469.0,991459.0
2025-06-20 10:14:24.616941,418.25,834469.0,991459.0
2025-06-20 10:14:26.606712,418.15,834469.0,991459.0
2025-06-20 10:14:28.602225,418.2,834469.0,991459.0
2025-06-20 10:14:29.705990,418.2,833617.0,991118.0
2025-06-20 10:14:30.612635,418.25,833617.0,991118.0
2025-06-20 10:14:32.604532,418.25,833617.0,991118.0
2025-06-20 10:14:34.660636,418.25,833617.0,991118.0
2025-06-20 10:14:35.423827,418.15,834365.0,993585.0
2025-06-20 10:14:36.626964,418.25,834365.0,993585.0
2025-06-20 10:14:38.608839,418.25,834365.0,993585.0
2025-06-20 10:14:40.606884,418.25,834365.0,993585.0
2025-06-20 10:14:40.919623,418.25,834883.0,991325.0
2025-06-20 10:14:42.613126,418.3,834883.0,991325.0
2025-06-20 10:14:44.614073,418.15,834883.0,991325.0
2025-06-20 10:14:46.605416,418.3,834883.0,991325.0
2025-06-20 10:14:46.651337,418.3,836304.0,993097.0
2025-06-20 10:14:48.606944,418.3,836304.0,993097.0
2025-06-20 10:14:50.605381,418.15,836304.0,993097.0
2025-06-20 10:14:52.555723,418.3,836812.0,993828.0
2025-06-20 10:14:52.606963,418.3,836812.0,993828.0
2025-06-20 10:14:54.616505,418.35,836812.0,993828.0
2025-06-20 10:14:56.605558,418.6,836812.0,993828.0
2025-06-20 10:14:58.546755,418.35,831189.0,976479.0
2025-06-20 10:14:58.607943,418.35,831189.0,976479.0
2025-06-20 10:15:00.607705,418.5,831189.0,976479.0
2025-06-20 10:15:01.430320,418.55,837123.0,977906.0
2025-06-20 10:15:01.677460,418.55,837123.0,977906.0
2025-06-20 10:15:02.529207,418.35,836365.0,979631.0
2025-06-20 10:15:02.610811,418.35,836365.0,979631.0
2025-06-20 10:15:03.662871,418.55,836365.0,979631.0
2025-06-20 10:15:04.030081,418.55,836531.0,981179.0
2025-06-20 10:15:04.607820,418.3,836531.0,981179.0
2025-06-20 10:15:05.029772,418.3,833354.0,987755.0
2025-06-20 10:15:05.612073,418.65,833354.0,987755.0
2025-06-20 10:15:06.029838,418.6,839254.0,972452.0
2025-06-20 10:15:06.612280,418.6,839254.0,972452.0
2025-06-20 10:15:07.034361,418.4,837278.0,976166.0
2025-06-20 10:15:07.614495,418.4,837278.0,976166.0
2025-06-20 10:15:08.033795,418.55,835805.0,977539.0
2025-06-20 10:15:08.608487,418.55,835805.0,977539.0
2025-06-20 10:15:09.129969,418.4,838035.0,979466.0
2025-06-20 10:15:09.610492,418.35,838035.0,979466.0
2025-06-20 10:15:10.231726,418.35,881567.0,978638.0
2025-06-20 10:15:11.347516,418.5,876555.0,981262.0
2025-06-20 10:15:11.610212,418.5,876555.0,981262.0
2025-06-20 10:15:12.441810,418.5,877821.0,981853.0
2025-06-20 10:15:13.538044,418.4,879977.0,980702.0
2025-06-20 10:15:13.611150,418.4,879977.0,980702.0
2025-06-20 10:15:14.643084,418.4,877700.0,979743.0
2025-06-20 10:15:15.614744,418.5,877700.0,979743.0
2025-06-20 10:15:15.736874,418.5,880636.0,979359.0
2025-06-20 10:15:16.850874,418.5,877983.0,980403.0
2025-06-20 10:15:17.608549,418.4,877983.0,980403.0
2025-06-20 10:15:17.740435,418.4,877417.0,980181.0
2025-06-20 10:15:18.611562,418.5,877417.0,980181.0
2025-06-20 10:15:18.741620,418.5,877803.0,980110.0
2025-06-20 10:15:19.609980,418.5,877803.0,980110.0
2025-06-20 10:15:19.743273,418.5,877172.0,982002.0
2025-06-20 10:15:20.613529,418.4,877172.0,982002.0
2025-06-20 10:15:20.852586,418.4,873295.0,985477.0
2025-06-20 10:15:21.615396,418.3,873295.0,985477.0
2025-06-20 10:15:21.942926,418.4,870086.0,989857.0
2025-06-20 10:15:22.626636,418.25,870086.0,989857.0
2025-06-20 10:15:23.046794,418.25,869821.0,990545.0
2025-06-20 10:15:23.608931,418.4,869821.0,990545.0
2025-06-20 10:15:23.944126,418.4,876457.0,988545.0
2025-06-20 10:15:24.615306,418.25,876457.0,988545.0
2025-06-20 10:15:25.047989,418.25,872373.0,990727.0
2025-06-20 10:15:25.610014,418.25,872373.0,990727.0
2025-06-20 10:15:26.144294,418.25,873473.0,990778.0
2025-06-20 10:15:26.610554,418.25,873473.0,990778.0
2025-06-20 10:15:27.245578,418.25,874806.0,990702.0
2025-06-20 10:15:27.612393,418.4,874806.0,990702.0
2025-06-20 10:15:28.348966,418.45,872921.0,989175.0
2025-06-20 10:15:28.608384,418.45,872921.0,989175.0
2025-06-20 10:15:29.446932,418.45,874547.0,987948.0
2025-06-20 10:15:29.619048,418.3,874547.0,987948.0
2025-06-20 10:15:30.460483,418.3,874857.0,986890.0
2025-06-20 10:15:30.612975,418.3,874857.0,986890.0
2025-06-20 10:15:31.471287,418.3,873639.0,988141.0
2025-06-20 10:15:31.617090,418.3,873639.0,988141.0
2025-06-20 10:15:32.549244,418.3,873140.0,988134.0
2025-06-20 10:15:32.611603,418.3,873140.0,988134.0
2025-06-20 10:15:33.607812,418.3,873140.0,988134.0
2025-06-20 10:15:33.651575,418.3,871742.0,988227.0
2025-06-20 10:15:34.611190,418.4,871742.0,988227.0
2025-06-20 10:15:34.651931,418.4,872005.0,987318.0
2025-06-20 10:15:35.615674,418.3,872005.0,987318.0
2025-06-20 10:15:35.663466,418.3,870614.0,989205.0
2025-06-20 10:15:36.552892,418.3,870882.0,990677.0
2025-06-20 10:15:37.657910,418.3,870905.0,990207.0
2025-06-20 10:15:38.609052,418.4,870905.0,990207.0
2025-06-20 10:15:38.661274,418.4,872227.0,986694.0
2025-06-20 10:15:39.629893,418.45,872227.0,986694.0
2025-06-20 10:15:39.665971,418.45,873089.0,985989.0
2025-06-20 10:15:40.625215,418.4,873089.0,985989.0
2025-06-20 10:15:40.671624,418.4,872013.0,985990.0
2025-06-20 10:15:40.960975,418.4,872013.0,985990.0
2025-06-20 10:15:41.321145,418.4,872013.0,985990.0
2025-06-20 10:15:41.613742,418.5,872013.0,985990.0
2025-06-20 10:15:41.759548,418.5,873207.0,985180.0
2025-06-20 10:15:41.912132,418.5,873207.0,985180.0
2025-06-20 10:15:42.163044,418.5,873207.0,985180.0
2025-06-20 10:15:42.617388,418.4,873207.0,985180.0
2025-06-20 10:15:42.755383,418.4,873207.0,985180.0
2025-06-20 10:15:42.784993,418.4,872370.0,985988.0
2025-06-20 10:15:43.433250,418.4,872370.0,985988.0
2025-06-20 10:15:43.613100,418.35,872370.0,985988.0
2025-06-20 10:15:43.757765,418.35,871203.0,985368.0
2025-06-20 10:15:43.850662,418.35,871203.0,985368.0
2025-06-20 10:15:44.452173,418.35,871203.0,985368.0
2025-06-20 10:15:44.612149,418.4,871203.0,985368.0
2025-06-20 10:15:44.882311,418.4,871203.0,985368.0
2025-06-20 10:15:44.886757,418.4,876400.0,984168.0
2025-06-20 10:15:45.614022,418.4,876400.0,984168.0
2025-06-20 10:15:45.769241,418.4,876400.0,984168.0
2025-06-20 10:15:45.960105,418.4,877188.0,983721.0
2025-06-20 10:15:46.614187,418.35,877188.0,983721.0
2025-06-20 10:15:46.960498,418.4,875171.0,985105.0
2025-06-20 10:15:47.102193,418.4,875171.0,985105.0
2025-06-20 10:15:47.613904,418.55,875171.0,985105.0
2025-06-20 10:15:47.956298,418.6,885482.0,962281.0
2025-06-20 10:15:48.068663,418.6,885482.0,962281.0
2025-06-20 10:15:48.610492,418.55,885482.0,962281.0
2025-06-20 10:15:48.964819,418.55,880947.0,968443.0
2025-06-20 10:15:49.579780,418.55,880947.0,968443.0
2025-06-20 10:15:49.661908,418.55,880947.0,968443.0
2025-06-20 10:15:49.961110,418.4,877359.0,977564.0
2025-06-20 10:15:50.614983,418.4,877359.0,977564.0
2025-06-20 10:15:50.877656,418.4,877359.0,977564.0
2025-06-20 10:15:51.059369,418.5,873861.0,979605.0
2025-06-20 10:15:51.616560,418.35,873861.0,979605.0
2025-06-20 10:15:52.064031,418.35,875695.0,979220.0
2025-06-20 10:15:52.093014,418.35,875695.0,979220.0
2025-06-20 10:15:52.615613,418.5,875695.0,979220.0
2025-06-20 10:15:53.061716,418.5,875274.0,980090.0
2025-06-20 10:15:53.611461,418.35,875274.0,980090.0
2025-06-20 10:15:53.681350,418.35,875274.0,980090.0
2025-06-20 10:15:53.963982,418.35,876561.0,980598.0
2025-06-20 10:15:54.611610,418.55,876561.0,980598.0
2025-06-20 10:15:54.962106,418.55,876941.0,980655.0
2025-06-20 10:15:55.844735,418.5,876941.0,980655.0
2025-06-20 10:15:55.966580,418.5,876959.0,981885.0
2025-06-20 10:15:56.615606,418.5,876959.0,981885.0
2025-06-20 10:15:57.067247,418.5,877741.0,981642.0
2025-06-20 10:15:57.681951,418.5,877741.0,981642.0
2025-06-20 10:15:58.168453,418.5,878116.0,981550.0
2025-06-20 10:15:58.612567,418.4,878116.0,981550.0
2025-06-20 10:15:59.287422,418.4,876906.0,981563.0
2025-06-20 10:16:00.271059,418.5,876869.0,981670.0
2025-06-20 10:16:00.608869,418.55,876869.0,981670.0
2025-06-20 10:16:03.621513,418.7,876869.0,981670.0
2025-06-20 10:16:06.877502,418.7,883083.0,976832.0
2025-06-20 10:16:07.620990,418.65,883083.0,976832.0
2025-06-20 10:16:11.615683,418.45,883083.0,976832.0
2025-06-20 10:16:12.880895,418.45,880577.0,984584.0
2025-06-20 10:16:15.618344,418.45,880577.0,984584.0
2025-06-20 10:16:19.388528,418.35,880874.0,985978.0
2025-06-20 10:16:19.617123,418.35,880874.0,985978.0
2025-06-20 10:16:22.619739,418.5,880874.0,985978.0
2025-06-20 10:16:25.622775,418.5,880874.0,985978.0
2025-06-20 10:16:25.890869,418.5,879173.0,989119.0
2025-06-20 10:16:28.611010,418.5,879173.0,989119.0
2025-06-20 10:16:31.648693,418.5,879173.0,989119.0
2025-06-20 10:16:32.286549,418.5,877482.0,987484.0
2025-06-20 10:16:34.665263,418.4,877482.0,987484.0
2025-06-20 10:16:37.624538,418.35,877482.0,987484.0
2025-06-20 10:16:38.692248,418.4,877070.0,992750.0
2025-06-20 10:16:40.617924,418.35,877070.0,992750.0
2025-06-20 10:16:43.616488,418.45,877070.0,992750.0
2025-06-20 10:16:44.933831,418.45,874846.0,989073.0
2025-06-20 10:16:46.618695,418.35,874846.0,989073.0
2025-06-20 10:16:49.623725,418.4,874846.0,989073.0
2025-06-20 10:16:51.200980,418.4,874973.0,990793.0
2025-06-20 10:16:52.622843,418.4,874973.0,990793.0
2025-06-20 10:16:54.683778,418.35,874973.0,990793.0
2025-06-20 10:16:56.620739,418.35,874973.0,990793.0
2025-06-20 10:16:57.504733,418.35,874521.0,990783.0
2025-06-20 10:16:58.618496,418.4,874521.0,990783.0
2025-06-20 10:17:00.658214,418.35,874521.0,990783.0
2025-06-20 10:17:02.621591,418.45,874521.0,990783.0
2025-06-20 10:17:03.317809,418.45,876988.0,990919.0
2025-06-20 10:17:04.623941,418.35,876988.0,990919.0
2025-06-20 10:17:06.623574,418.35,876988.0,990919.0
2025-06-20 10:17:08.630445,418.5,876988.0,990919.0
2025-06-20 10:17:09.320527,418.5,875913.0,992861.0
2025-06-20 10:17:10.628189,418.45,875913.0,992861.0
2025-06-20 10:17:12.631110,418.45,875913.0,992861.0
2025-06-20 10:17:14.640219,418.4,875913.0,992861.0
2025-06-20 10:17:15.425512,418.35,875346.0,993587.0
2025-06-20 10:17:16.617548,418.35,875346.0,993587.0
2025-06-20 10:17:18.623471,418.5,875346.0,993587.0
2025-06-20 10:17:20.624774,418.45,875346.0,993587.0
2025-06-20 10:17:21.441638,418.45,874693.0,994932.0
2025-06-20 10:17:22.623051,418.3,874693.0,994932.0
2025-06-20 10:17:24.622872,418.5,874693.0,994932.0
2025-06-20 10:17:26.640073,418.45,874693.0,994932.0
2025-06-20 10:17:27.227292,418.45,877994.0,990383.0
2025-06-20 10:17:29.623999,418.45,877994.0,990383.0
2025-06-20 10:17:32.622778,418.55,877994.0,990383.0
2025-06-20 10:17:33.528121,418.55,880823.0,991974.0
2025-06-20 10:17:35.622660,418.55,880823.0,991974.0
2025-06-20 10:17:38.655660,418.55,880823.0,991974.0
2025-06-20 10:17:39.462480,418.7,883950.0,976314.0
2025-06-20 10:17:41.628019,418.95,883950.0,976314.0
2025-06-20 10:17:44.623072,418.85,883950.0,976314.0
2025-06-20 10:17:45.459910,418.9,885341.0,955988.0
2025-06-20 10:17:47.618919,418.8,885341.0,955988.0
2025-06-20 10:17:50.628057,418.9,885341.0,955988.0
2025-06-20 10:17:51.239117,418.9,882137.0,958026.0
2025-06-20 10:17:53.625606,418.8,882137.0,958026.0
2025-06-20 10:17:56.629589,418.8,882137.0,958026.0
2025-06-20 10:17:57.645658,418.8,885192.0,959763.0
2025-06-20 10:17:59.624447,418.9,885192.0,959763.0
2025-06-20 10:18:02.629059,418.9,885192.0,959763.0
2025-06-20 10:18:03.944703,418.9,846281.0,957464.0
2025-06-20 10:18:05.626442,418.9,846281.0,957464.0
2025-06-20 10:18:08.625961,418.8,846281.0,957464.0
2025-06-20 10:18:10.151052,418.9,848847.0,957765.0
2025-06-20 10:18:11.626673,418.9,848847.0,957765.0
2025-06-20 10:18:14.679062,419.0,848847.0,957765.0
2025-06-20 10:18:15.963360,419.05,857097.0,937968.0
2025-06-20 10:18:17.627192,419.15,857097.0,937968.0
2025-06-20 10:18:20.630441,419.15,857097.0,937968.0
2025-06-20 10:18:21.867866,418.95,855174.0,941281.0
2025-06-20 10:18:23.626244,419.15,855174.0,941281.0
2025-06-20 10:18:26.658504,419.15,855174.0,941281.0
2025-06-20 10:18:28.872402,419.15,859211.0,941322.0
2025-06-20 10:18:29.625958,419.05,859211.0,941322.0
2025-06-20 10:18:32.631190,419.2,859211.0,941322.0
2025-06-20 10:18:35.264408,419.2,857280.0,943741.0
2025-06-20 10:18:35.629635,419.2,857280.0,943741.0
2025-06-20 10:18:38.632264,419.2,857280.0,943741.0
2025-06-20 10:18:41.074564,419.1,852615.0,944888.0
2025-06-20 10:18:41.326194,419.1,852615.0,944888.0
2025-06-20 10:18:41.627762,419.1,852615.0,944888.0
2025-06-20 10:18:41.670684,419.1,852615.0,944888.0
2025-06-20 10:18:42.120320,419.1,852615.0,944888.0
2025-06-20 10:18:43.291293,419.1,852615.0,944888.0
2025-06-20 10:18:44.431002,419.1,852615.0,944888.0
2025-06-20 10:18:44.699927,419.2,852615.0,944888.0
2025-06-20 10:18:45.005881,419.2,852615.0,944888.0
2025-06-20 10:18:45.422648,419.2,852615.0,944888.0
2025-06-20 10:18:46.331800,419.2,852615.0,944888.0
2025-06-20 10:18:46.880130,419.15,853302.0,945977.0
2025-06-20 10:18:47.628120,419.0,853302.0,945977.0
2025-06-20 10:18:47.679871,419.0,853302.0,945977.0
2025-06-20 10:18:48.665354,419.0,853302.0,945977.0
2025-06-20 10:18:50.201096,419.0,853302.0,945977.0
2025-06-20 10:18:50.633092,419.2,853302.0,945977.0
2025-06-20 10:18:51.445793,419.2,853302.0,945977.0
2025-06-20 10:18:52.759566,419.2,853302.0,945977.0
2025-06-20 10:18:52.775030,419.05,853860.0,947872.0
2025-06-20 10:18:53.640054,419.15,853860.0,947872.0
2025-06-20 10:18:54.395488,419.15,853860.0,947872.0
2025-06-20 10:18:56.630954,419.15,853860.0,947872.0
2025-06-20 10:18:58.776968,419.15,849632.0,950735.0
2025-06-20 10:18:59.670539,419.1,849632.0,950735.0
2025-06-20 10:19:01.177476,419.1,848632.0,954608.0
2025-06-20 10:19:01.641425,419.0,848632.0,954608.0
2025-06-20 10:19:02.277565,419.1,847661.0,955232.0
2025-06-20 10:19:02.644369,419.1,847661.0,955232.0
2025-06-20 10:19:03.393607,419.05,848952.0,959888.0
2025-06-20 10:19:03.638350,418.9,848952.0,959888.0
2025-06-20 10:19:04.477945,418.9,848683.0,961256.0
2025-06-20 10:19:05.478291,418.9,849966.0,958708.0
2025-06-20 10:19:05.650733,418.9,849966.0,958708.0
2025-06-20 10:19:06.587668,418.9,849380.0,959630.0
2025-06-20 10:19:06.634083,418.9,849380.0,959630.0
2025-06-20 10:19:07.633162,418.9,849380.0,959630.0
2025-06-20 10:19:07.679367,418.9,849475.0,960641.0
2025-06-20 10:19:08.629942,419.0,849475.0,960641.0
2025-06-20 10:19:08.778795,419.0,848675.0,962088.0
2025-06-20 10:19:09.631072,419.0,848675.0,962088.0
2025-06-20 10:19:09.780007,419.0,848686.0,962012.0
2025-06-20 10:19:10.671298,418.9,848686.0,962012.0
2025-06-20 10:19:10.780113,419.0,848861.0,962201.0
2025-06-20 10:19:11.641816,418.9,848861.0,962201.0
2025-06-20 10:19:12.079902,418.9,847698.0,962177.0
2025-06-20 10:19:12.629349,418.9,847698.0,962177.0
2025-06-20 10:19:12.982128,418.9,847020.0,962239.0
2025-06-20 10:19:13.644164,419.0,847020.0,962239.0
2025-06-20 10:19:14.083131,419.0,847002.0,961634.0
2025-06-20 10:19:14.647419,419.0,847002.0,961634.0
2025-06-20 10:19:15.182829,418.9,847312.0,961730.0
2025-06-20 10:19:15.663603,418.9,847312.0,961730.0
2025-06-20 10:19:16.284362,419.0,848825.0,963255.0
2025-06-20 10:19:17.418664,419.0,848699.0,963696.0
2025-06-20 10:19:17.658610,419.0,848699.0,963696.0
2025-06-20 10:19:18.489765,419.0,856771.0,964467.0
2025-06-20 10:19:18.739214,419.0,856771.0,964467.0
2025-06-20 10:19:19.587935,419.0,856667.0,963559.0
2025-06-20 10:19:19.632962,419.0,856667.0,963559.0
2025-06-20 10:19:20.671518,418.9,856667.0,963559.0
2025-06-20 10:19:20.687282,418.9,856719.0,964490.0
2025-06-20 10:19:21.685440,419.0,856719.0,964490.0
2025-06-20 10:19:21.788425,419.0,855739.0,964774.0
2025-06-20 10:19:22.899550,418.85,854813.0,965350.0
2025-06-20 10:19:23.645902,418.85,854813.0,965350.0
2025-06-20 10:19:23.991107,418.85,849942.0,984125.0
2025-06-20 10:19:24.886883,418.7,849942.0,984125.0
2025-06-20 10:19:25.090951,418.7,852669.0,982931.0
2025-06-20 10:19:25.694940,418.8,852669.0,982931.0
2025-06-20 10:19:26.191760,418.8,855290.0,982015.0
2025-06-20 10:19:26.671752,418.9,855290.0,982015.0
2025-06-20 10:19:27.293196,418.9,855292.0,982706.0
2025-06-20 10:19:27.693284,418.8,855292.0,982706.0
2025-06-20 10:19:28.688924,418.8,855292.0,982706.0
2025-06-20 10:19:28.935823,418.8,855242.0,984466.0
2025-06-20 10:19:29.877985,418.8,855242.0,984466.0
2025-06-20 10:19:29.996889,418.9,855374.0,989596.0
2025-06-20 10:19:30.639884,418.8,855374.0,989596.0
2025-06-20 10:19:31.097114,418.8,855371.0,989465.0
2025-06-20 10:19:31.670406,418.8,855371.0,989465.0
2025-06-20 10:19:32.199282,418.8,855364.0,989114.0
2025-06-20 10:19:32.654081,418.8,855364.0,989114.0
2025-06-20 10:19:33.301966,418.9,853992.0,989211.0
2025-06-20 10:19:33.702524,418.9,853992.0,989211.0
2025-06-20 10:19:34.424291,418.8,854836.0,989112.0
2025-06-20 10:19:34.639709,418.8,854836.0,989112.0
2025-06-20 10:19:35.302603,418.8,855397.0,989082.0
2025-06-20 10:19:35.645173,418.9,855397.0,989082.0
2025-06-20 10:19:36.501910,418.9,854927.0,989612.0
2025-06-20 10:19:37.672448,418.8,855060.0,989459.0
2025-06-20 10:19:37.703798,418.8,855060.0,989459.0
2025-06-20 10:19:38.638306,418.9,855060.0,989459.0
2025-06-20 10:19:38.702284,418.9,855070.0,991686.0
2025-06-20 10:19:39.637756,418.9,855070.0,991686.0
2025-06-20 10:19:39.807432,418.9,854807.0,991985.0
2025-06-20 10:19:40.907911,418.9,854807.0,991985.0
2025-06-20 10:19:41.009338,418.8,855072.0,991130.0
2025-06-20 10:19:41.679487,418.8,855072.0,991130.0
2025-06-20 10:19:41.807030,418.8,853467.0,991749.0
2025-06-20 10:19:42.644211,418.9,853467.0,991749.0
2025-06-20 10:19:42.906331,418.9,853166.0,991271.0
2025-06-20 10:19:43.631252,418.8,853166.0,991271.0
2025-06-20 10:19:44.006980,418.8,853185.0,991145.0
2025-06-20 10:19:45.109510,418.9,852943.0,991662.0
2025-06-20 10:19:45.636614,418.95,852943.0,991662.0
2025-06-20 10:19:46.233504,418.95,853342.0,990934.0
2025-06-20 10:19:46.643831,418.9,853342.0,990934.0
2025-06-20 10:19:47.210808,418.9,853057.0,991752.0
2025-06-20 10:19:47.645388,418.9,853057.0,991752.0
2025-06-20 10:19:48.315353,418.9,853379.0,991332.0
2025-06-20 10:19:48.642644,418.9,853379.0,991332.0
2025-06-20 10:19:49.429484,418.9,852779.0,991895.0
2025-06-20 10:19:50.517954,418.8,853325.0,991815.0
2025-06-20 10:19:50.640761,418.8,853325.0,991815.0
2025-06-20 10:19:51.622536,418.8,852484.0,991539.0
2025-06-20 10:19:52.693339,418.8,847800.0,996840.0
2025-06-20 10:19:53.636768,418.8,847800.0,996840.0
2025-06-20 10:19:53.720722,418.8,849006.0,998219.0
2025-06-20 10:19:54.676016,418.7,849006.0,998219.0
2025-06-20 10:19:54.821195,418.7,849801.0,999522.0
2025-06-20 10:19:55.640741,418.6,849801.0,999522.0
2025-06-20 10:19:55.924642,418.75,851483.0,1002002.0
2025-06-20 10:19:56.636476,418.6,851483.0,1002002.0
2025-06-20 10:19:57.029351,418.6,851529.0,1001808.0
2025-06-20 10:19:58.127483,418.6,851529.0,1005350.0
2025-06-20 10:19:58.635246,418.75,851529.0,1005350.0
2025-06-20 10:19:59.127969,418.75,851589.0,1007846.0
2025-06-20 10:19:59.638432,418.75,851589.0,1007846.0
2025-06-20 10:20:00.228133,418.85,855498.0,996823.0
2025-06-20 10:20:01.683091,419.0,855498.0,996823.0
2025-06-20 10:20:04.675822,419.0,855498.0,996823.0
2025-06-20 10:20:05.536756,418.9,856541.0,989135.0
2025-06-20 10:20:07.683156,419.0,856541.0,989135.0
2025-06-20 10:20:10.643524,419.0,856541.0,989135.0
2025-06-20 10:20:12.140703,418.85,856467.0,984377.0
2025-06-20 10:20:13.681478,419.0,856467.0,984377.0
2025-06-20 10:20:16.682155,419.0,856467.0,984377.0
2025-06-20 10:20:18.668885,419.0,854940.0,985496.0
2025-06-20 10:20:19.646600,419.0,854940.0,985496.0
2025-06-20 10:20:22.641371,419.0,854940.0,985496.0
2025-06-20 10:20:24.559070,418.95,859149.0,984418.0
2025-06-20 10:20:25.649196,419.0,859149.0,984418.0
2025-06-20 10:20:28.683563,419.0,859149.0,984418.0
2025-06-20 10:20:30.591620,419.1,850325.0,971506.0
2025-06-20 10:20:31.651193,419.0,850325.0,971506.0
2025-06-20 10:20:34.669790,418.9,850325.0,971506.0
2025-06-20 10:20:36.762528,419.1,850796.0,972544.0
2025-06-20 10:20:37.654183,419.1,850796.0,972544.0
2025-06-20 10:20:40.650165,418.95,850796.0,972544.0
2025-06-20 10:20:42.906388,418.9,850378.0,975571.0
2025-06-20 10:20:43.678729,419.0,850378.0,975571.0
2025-06-20 10:20:46.647991,419.05,850378.0,975571.0
2025-06-20 10:20:48.765655,419.0,846493.0,981402.0
2025-06-20 10:20:49.703919,419.0,846493.0,981402.0
2025-06-20 10:20:52.649268,418.9,846493.0,981402.0
2025-06-20 10:20:54.975365,418.95,855638.0,982261.0
2025-06-20 10:20:55.657829,418.95,855638.0,982261.0
2025-06-20 10:20:58.647488,418.95,855638.0,982261.0
2025-06-20 10:21:01.183738,419.0,861524.0,982481.0
2025-06-20 10:21:01.655304,419.0,861524.0,982481.0
2025-06-20 10:21:04.709034,418.95,861524.0,982481.0
2025-06-20 10:21:07.676907,418.9,861524.0,982481.0
2025-06-20 10:21:07.680090,418.9,862765.0,1012712.0
2025-06-20 10:21:10.651622,418.9,862765.0,1012712.0
2025-06-20 10:21:13.662803,418.85,862765.0,1012712.0
2025-06-20 10:21:13.982520,418.85,849027.0,1023842.0
2025-06-20 10:21:16.659364,418.85,849027.0,1023842.0
2025-06-20 10:21:19.651471,418.8,849027.0,1023842.0
2025-06-20 10:21:19.990314,418.8,854256.0,1024333.0
2025-06-20 10:21:22.653650,418.85,854256.0,1024333.0
2025-06-20 10:21:25.659594,418.9,854256.0,1024333.0
2025-06-20 10:21:25.901378,418.9,856848.0,1014829.0
2025-06-20 10:21:28.657700,418.9,856848.0,1014829.0
2025-06-20 10:21:32.199470,419.0,856848.0,1014829.0
2025-06-20 10:21:32.232675,419.0,860978.0,999044.0
2025-06-20 10:21:34.650691,419.0,860978.0,999044.0
2025-06-20 10:21:37.699342,418.9,860978.0,999044.0
2025-06-20 10:21:37.996298,418.9,858045.0,998474.0
2025-06-20 10:21:40.651694,419.0,858045.0,998474.0
2025-06-20 10:21:41.838883,419.0,858045.0,998474.0
2025-06-20 10:21:42.171420,419.0,858045.0,998474.0
2025-06-20 10:21:43.082360,419.0,858045.0,998474.0
2025-06-20 10:21:43.657897,419.0,858045.0,998474.0
2025-06-20 10:21:43.721508,419.0,858045.0,998474.0
2025-06-20 10:21:43.800172,419.0,861020.0,999083.0
2025-06-20 10:21:44.424459,419.0,861020.0,999083.0
2025-06-20 10:21:45.465061,419.0,861020.0,999083.0
2025-06-20 10:21:46.732700,418.9,861020.0,999083.0
2025-06-20 10:21:46.814533,418.9,861020.0,999083.0
2025-06-20 10:21:48.134653,418.9,861020.0,999083.0
2025-06-20 10:21:49.112312,418.9,861020.0,999083.0
2025-06-20 10:21:49.506721,419.0,857187.0,1010731.0
2025-06-20 10:21:49.698338,419.0,857187.0,1010731.0
2025-06-20 10:21:50.696665,419.0,857187.0,1010731.0
2025-06-20 10:21:51.941099,419.0,857187.0,1010731.0
2025-06-20 10:21:52.714889,418.9,857187.0,1010731.0
2025-06-20 10:21:53.191989,418.9,857187.0,1010731.0
2025-06-20 10:21:54.791344,418.9,857187.0,1010731.0
2025-06-20 10:21:55.209483,419.0,858001.0,1014514.0
2025-06-20 10:21:55.676081,419.0,858001.0,1014514.0
2025-06-20 10:21:58.648867,419.0,858001.0,1014514.0
2025-06-20 10:22:00.709625,418.95,857071.0,1017647.0
2025-06-20 10:22:01.694824,418.9,857071.0,1017647.0
2025-06-20 10:22:04.649689,418.95,857071.0,1017647.0
2025-06-20 10:22:06.713873,418.95,856454.0,1021480.0
2025-06-20 10:22:07.996391,418.75,856454.0,1021480.0
2025-06-20 10:22:11.294530,418.85,856454.0,1021480.0
2025-06-20 10:22:12.517412,418.6,849821.0,1037145.0
2025-06-20 10:22:13.702873,418.65,849821.0,1037145.0
2025-06-20 10:22:16.665170,418.6,849821.0,1037145.0
2025-06-20 10:22:18.819177,418.65,853090.0,1032441.0
2025-06-20 10:22:19.654789,418.65,853090.0,1032441.0
2025-06-20 10:22:22.682335,418.7,853090.0,1032441.0
2025-06-20 10:22:24.950646,418.75,854621.0,1030551.0
2025-06-20 10:22:25.654916,418.65,854621.0,1030551.0
2025-06-20 10:22:28.680730,418.7,854621.0,1030551.0
2025-06-20 10:22:31.183133,418.65,855548.0,1030517.0
2025-06-20 10:22:31.697392,418.65,855548.0,1030517.0
2025-06-20 10:22:34.723204,418.7,855548.0,1030517.0
2025-06-20 10:22:37.037329,418.6,858584.0,1032780.0
2025-06-20 10:22:37.658146,418.75,858584.0,1032780.0
2025-06-20 10:22:39.660209,418.75,858584.0,1032780.0
2025-06-20 10:22:41.702725,418.75,858584.0,1032780.0
2025-06-20 10:22:42.635939,418.75,856759.0,1030464.0
2025-06-20 10:22:43.664405,418.8,856759.0,1030464.0
2025-06-20 10:22:45.655197,418.75,856759.0,1030464.0
2025-06-20 10:22:47.659010,418.65,856759.0,1030464.0
2025-06-20 10:22:48.242645,418.65,856660.0,1036705.0
2025-06-20 10:22:49.660429,418.85,856660.0,1036705.0
2025-06-20 10:22:51.688106,418.65,856660.0,1036705.0
2025-06-20 10:22:53.658756,418.85,856660.0,1036705.0
2025-06-20 10:22:54.041871,418.85,860726.0,1030720.0
2025-06-20 10:22:55.660716,418.65,860726.0,1030720.0
2025-06-20 10:22:59.654839,418.6,860726.0,1030720.0
2025-06-20 10:23:00.345839,418.75,848235.0,1037279.0
2025-06-20 10:23:01.658654,418.75,848235.0,1037279.0
2025-06-20 10:23:03.725475,418.75,848235.0,1037279.0
2025-06-20 10:23:05.657816,418.75,848235.0,1037279.0
2025-06-20 10:23:06.247802,418.75,856782.0,1037454.0
2025-06-20 10:23:07.661036,418.6,856782.0,1037454.0
2025-06-20 10:23:09.707459,418.7,856782.0,1037454.0
2025-06-20 10:23:11.735806,418.75,856782.0,1037454.0
2025-06-20 10:23:12.052600,418.6,855841.0,1039669.0
2025-06-20 10:23:13.656177,418.7,855841.0,1039669.0
2025-06-20 10:23:15.664906,418.7,855841.0,1039669.0
2025-06-20 10:23:17.558001,418.7,854287.0,1041260.0
2025-06-20 10:23:19.667610,418.65,854287.0,1041260.0
2025-06-20 10:23:21.663827,418.55,854287.0,1041260.0
2025-06-20 10:23:23.560582,418.7,854473.0,1040388.0
2025-06-20 10:23:23.659359,418.7,854473.0,1040388.0
2025-06-20 10:23:25.662987,418.7,854473.0,1040388.0
2025-06-20 10:23:27.656568,418.7,854473.0,1040388.0
2025-06-20 10:23:29.413673,418.7,856992.0,1041298.0
2025-06-20 10:23:29.658574,418.55,856992.0,1041298.0
2025-06-20 10:23:31.699079,418.5,856992.0,1041298.0
2025-06-20 10:23:33.659577,418.65,856992.0,1041298.0
2025-06-20 10:23:34.992426,418.65,852162.0,1044601.0
2025-06-20 10:23:35.664277,418.5,852162.0,1044601.0
2025-06-20 10:23:37.659693,418.65,852162.0,1044601.0
2025-06-20 10:23:39.661419,418.65,852162.0,1044601.0
2025-06-20 10:23:40.972177,418.55,853324.0,1047884.0
2025-06-20 10:23:41.660799,418.55,853324.0,1047884.0
2025-06-20 10:23:43.663580,418.55,853324.0,1047884.0
2025-06-20 10:23:45.684255,418.4,853324.0,1047884.0
2025-06-20 10:23:47.076703,418.55,851218.0,1046507.0
2025-06-20 10:23:47.663430,418.55,851218.0,1046507.0
2025-06-20 10:23:49.658969,418.55,851218.0,1046507.0
2025-06-20 10:23:51.699657,418.55,851218.0,1046507.0
2025-06-20 10:23:53.107701,418.55,850460.0,1049928.0
2025-06-20 10:23:53.660811,418.55,850460.0,1049928.0
2025-06-20 10:23:58.484668,418.55,854386.0,1049895.0
2025-06-20 10:23:59.658880,418.5,854386.0,1049895.0
2025-06-20 10:24:01.704480,418.6,854386.0,1049895.0
2025-06-20 10:24:03.662086,418.65,854386.0,1049895.0
2025-06-20 10:24:03.988805,418.65,856593.0,1045249.0
2025-06-20 10:24:07.723542,418.65,856593.0,1045249.0
2025-06-20 10:24:09.754417,418.55,857412.0,1046485.0
2025-06-20 10:24:09.769225,418.55,857412.0,1046485.0
2025-06-20 10:24:11.703574,418.6,857412.0,1046485.0
2025-06-20 10:24:14.098688,418.65,857412.0,1046485.0
2025-06-20 10:24:15.433806,418.65,855619.0,1048923.0
2025-06-20 10:24:15.700224,418.65,855619.0,1048923.0
2025-06-20 10:24:17.705509,418.6,855619.0,1048923.0
2025-06-20 10:24:19.656832,418.65,855619.0,1048923.0
2025-06-20 10:24:21.010150,418.6,855685.0,1048177.0
2025-06-20 10:24:21.692609,418.55,855685.0,1048177.0
2025-06-20 10:24:23.667668,418.6,855685.0,1048177.0
2025-06-20 10:24:25.669507,418.65,855685.0,1048177.0
2025-06-20 10:24:26.503725,418.7,880573.0,1044392.0
2025-06-20 10:24:27.657633,418.65,880573.0,1044392.0
2025-06-20 10:24:29.667614,418.65,880573.0,1044392.0
2025-06-20 10:24:31.660384,418.6,880573.0,1044392.0
2025-06-20 10:24:32.310196,418.6,877428.0,1046761.0
2025-06-20 10:24:33.663733,418.7,877428.0,1046761.0
2025-06-20 10:24:35.660167,418.6,877428.0,1046761.0
2025-06-20 10:24:37.660448,418.75,877428.0,1046761.0
2025-06-20 10:24:38.106722,418.75,879878.0,1043423.0
2025-06-20 10:24:39.660468,418.6,879878.0,1043423.0
2025-06-20 10:24:41.665738,418.6,879878.0,1043423.0
2025-06-20 10:24:42.291769,418.6,879878.0,1043423.0
2025-06-20 10:24:43.497964,418.6,879878.0,1043423.0
2025-06-20 10:24:43.666859,418.75,879878.0,1043423.0
2025-06-20 10:24:43.781934,418.75,879878.0,1043423.0
2025-06-20 10:24:44.011525,418.75,880219.0,1043955.0
2025-06-20 10:24:44.030575,418.75,880219.0,1043955.0
2025-06-20 10:24:45.057581,418.75,880219.0,1043955.0
2025-06-20 10:24:45.662465,418.75,880219.0,1043955.0
2025-06-20 10:24:46.066284,418.75,880219.0,1043955.0
2025-06-20 10:24:47.639757,418.75,880219.0,1043955.0
2025-06-20 10:24:47.703651,418.75,880219.0,1043955.0
2025-06-20 10:24:48.781314,418.75,880219.0,1043955.0
2025-06-20 10:24:49.670376,418.7,880219.0,1043955.0
2025-06-20 10:24:49.758553,418.7,880219.0,1043955.0
2025-06-20 10:24:49.811814,418.65,880374.0,1043765.0
2025-06-20 10:24:51.288197,418.65,880374.0,1043765.0
2025-06-20 10:24:51.662849,418.65,880374.0,1043765.0
2025-06-20 10:24:52.560940,418.65,880374.0,1043765.0
2025-06-20 10:24:53.667936,418.65,880374.0,1043765.0
2025-06-20 10:24:53.815801,418.65,880374.0,1043765.0
2025-06-20 10:24:55.450524,418.65,880374.0,1043765.0
2025-06-20 10:24:55.479009,418.65,880802.0,1043908.0
2025-06-20 10:24:55.684050,418.65,880802.0,1043908.0
2025-06-20 10:24:57.665478,418.65,880802.0,1043908.0
2025-06-20 10:24:59.663077,418.65,880802.0,1043908.0
2025-06-20 10:25:01.234356,418.65,879245.0,1047817.0
2025-06-20 10:25:01.665559,418.6,879245.0,1047817.0
2025-06-20 10:25:03.670875,418.65,879245.0,1047817.0
2025-06-20 10:25:05.659339,418.55,879245.0,1047817.0
2025-06-20 10:25:07.330252,418.55,879557.0,1048683.0
2025-06-20 10:25:07.667663,418.55,879557.0,1048683.0
2025-06-20 10:25:09.698419,418.6,879557.0,1048683.0
2025-06-20 10:25:12.670975,418.6,879557.0,1048683.0
2025-06-20 10:25:13.530967,418.75,878693.0,1049083.0
2025-06-20 10:25:15.665399,418.7,878693.0,1049083.0
2025-06-20 10:25:18.664899,418.6,878693.0,1049083.0
2025-06-20 10:25:19.718726,418.6,878178.0,1051261.0
2025-06-20 10:25:21.658598,418.55,878178.0,1051261.0
2025-06-20 10:25:24.670820,418.6,878178.0,1051261.0
2025-06-20 10:25:25.835981,418.55,878147.0,1051143.0
2025-06-20 10:25:27.711973,418.55,878147.0,1051143.0
2025-06-20 10:25:30.667554,418.7,878147.0,1051143.0
2025-06-20 10:25:31.737246,418.7,879806.0,1046321.0
2025-06-20 10:25:33.665974,418.7,879806.0,1046321.0
2025-06-20 10:25:36.666324,418.7,879806.0,1046321.0
2025-06-20 10:25:38.145606,418.7,875851.0,1051674.0
2025-06-20 10:25:39.687769,418.6,875851.0,1051674.0
2025-06-20 10:25:42.692448,418.6,875851.0,1051674.0
2025-06-20 10:25:44.352674,418.6,877328.0,1051716.0
2025-06-20 10:25:45.664420,418.5,877328.0,1051716.0
2025-06-20 10:25:48.677405,418.65,877328.0,1051716.0
2025-06-20 10:25:50.464218,418.7,877835.0,1049232.0
2025-06-20 10:25:51.676908,418.6,877835.0,1049232.0
2025-06-20 10:25:54.672136,418.6,877835.0,1049232.0
2025-06-20 10:25:56.468505,418.65,879533.0,1048975.0
2025-06-20 10:25:57.673937,418.7,879533.0,1048975.0
2025-06-20 10:26:00.659807,418.7,879533.0,1048975.0
2025-06-20 10:26:02.165607,418.6,880873.0,1047397.0
2025-06-20 10:26:03.671850,418.6,880873.0,1047397.0
2025-06-20 10:26:06.667854,418.55,880873.0,1047397.0
2025-06-20 10:26:08.368039,418.7,882608.0,1048220.0
2025-06-20 10:26:09.670828,418.6,882608.0,1048220.0
2025-06-20 10:26:12.664819,418.7,882608.0,1048220.0
2025-06-20 10:26:14.873257,418.85,884731.0,1037762.0
2025-06-20 10:26:15.669063,418.75,884731.0,1037762.0
2025-06-20 10:26:18.670813,418.9,884731.0,1037762.0
2025-06-20 10:26:20.981824,418.9,884567.0,1038989.0
2025-06-20 10:26:21.668751,418.8,884567.0,1038989.0
2025-06-20 10:26:24.669062,418.9,884567.0,1038989.0
2025-06-20 10:26:27.282997,418.75,884491.0,1039749.0
2025-06-20 10:26:27.684691,418.9,884491.0,1039749.0
2025-06-20 10:26:30.680375,418.75,884491.0,1039749.0
2025-06-20 10:26:33.295766,418.9,882891.0,1038425.0
2025-06-20 10:26:33.668170,418.9,882891.0,1038425.0
2025-06-20 10:26:36.675886,418.8,882891.0,1038425.0
2025-06-20 10:26:39.679693,418.9,882891.0,1038425.0
2025-06-20 10:26:39.723591,418.9,883916.0,1039101.0
2025-06-20 10:26:42.712536,418.8,883916.0,1039101.0
2025-06-20 10:26:45.673215,418.95,883916.0,1039101.0
2025-06-20 10:26:46.099340,418.8,883706.0,1036463.0
2025-06-20 10:26:48.670481,418.95,883706.0,1036463.0
2025-06-20 10:26:51.745723,418.95,883706.0,1036463.0
2025-06-20 10:26:52.206752,418.95,882669.0,1038620.0
2025-06-20 10:26:54.705474,418.95,882669.0,1038620.0
2025-06-20 10:26:57.699879,418.9,882669.0,1038620.0
2025-06-20 10:26:58.426739,418.9,881849.0,1038819.0
2025-06-20 10:27:00.668982,418.9,881849.0,1038819.0
2025-06-20 10:27:03.694404,418.95,881849.0,1038819.0
2025-06-20 10:27:04.732144,418.9,882282.0,1033082.0
2025-06-20 10:27:06.709450,418.9,882282.0,1033082.0
2025-06-20 10:27:09.695774,419.05,882282.0,1033082.0
2025-06-20 10:27:11.315559,419.15,889106.0,1011636.0
2025-06-20 10:27:12.673167,419.1,889106.0,1011636.0
2025-06-20 10:27:15.669906,419.2,889106.0,1011636.0
2025-06-20 10:27:18.019581,419.2,888004.0,1002814.0
2025-06-20 10:27:18.677428,419.2,888004.0,1002814.0
2025-06-20 10:27:21.667555,419.3,888004.0,1002814.0
2025-06-20 10:27:24.625210,419.2,877291.0,1016790.0
2025-06-20 10:27:25.349429,419.2,877291.0,1016790.0
2025-06-20 10:27:27.679834,419.25,877291.0,1016790.0
2025-06-20 10:27:31.355848,419.15,881516.0,1026430.0
2025-06-20 10:27:31.682469,419.15,881516.0,1026430.0
2025-06-20 10:27:34.693558,419.15,881516.0,1026430.0
2025-06-20 10:27:37.687555,419.1,881516.0,1026430.0
2025-06-20 10:27:37.843816,419.1,877214.0,1030608.0
2025-06-20 10:27:40.693306,419.0,877214.0,1030608.0
2025-06-20 10:27:42.664930,419.0,877214.0,1030608.0
2025-06-20 10:27:43.022648,419.0,877214.0,1030608.0
2025-06-20 10:27:44.228950,419.0,877214.0,1030608.0
2025-06-20 10:27:44.478352,419.0,881223.0,1031726.0
2025-06-20 10:27:44.623847,419.0,881223.0,1031726.0
2025-06-20 10:27:44.671270,418.9,881223.0,1031726.0
2025-06-20 10:27:45.272167,418.9,881223.0,1031726.0
2025-06-20 10:27:46.287328,418.9,881223.0,1031726.0
2025-06-20 10:27:47.668907,418.9,881223.0,1031726.0
2025-06-20 10:27:48.679433,419.0,881223.0,1031726.0
2025-06-20 10:27:49.006898,419.0,881223.0,1031726.0
2025-06-20 10:27:50.650694,419.0,879196.0,1033450.0
2025-06-20 10:27:51.504318,419.0,879196.0,1033450.0
2025-06-20 10:27:51.681917,418.9,879196.0,1033450.0
2025-06-20 10:27:52.805906,418.9,879196.0,1033450.0
2025-06-20 10:27:54.018302,418.9,879196.0,1033450.0
2025-06-20 10:27:54.684682,418.9,879196.0,1033450.0
2025-06-20 10:27:55.614866,418.9,879196.0,1033450.0
2025-06-20 10:27:57.055975,418.85,878526.0,1034730.0
2025-06-20 10:27:57.683270,418.85,878526.0,1034730.0
2025-06-20 10:28:00.664301,418.9,878526.0,1034730.0
2025-06-20 10:28:02.675869,418.95,878526.0,1034730.0
2025-06-20 10:28:03.359439,418.95,876939.0,1035018.0
2025-06-20 10:28:04.676579,418.95,876939.0,1035018.0
2025-06-20 10:28:06.677047,419.1,876939.0,1035018.0
2025-06-20 10:28:08.675079,419.1,876939.0,1035018.0
2025-06-20 10:28:09.362918,419.1,890654.0,1034261.0
2025-06-20 10:28:10.677140,419.1,890654.0,1034261.0
2025-06-20 10:28:12.678544,419.1,890654.0,1034261.0
2025-06-20 10:28:14.675205,419.1,890654.0,1034261.0
2025-06-20 10:28:15.471781,419.05,886416.0,1036469.0
2025-06-20 10:28:17.675833,418.9,886416.0,1036469.0
2025-06-20 10:28:20.678532,418.9,886416.0,1036469.0
2025-06-20 10:28:21.571107,419.1,889352.0,1036451.0
2025-06-20 10:28:23.696937,419.1,889352.0,1036451.0
2025-06-20 10:28:27.376838,419.1,890370.0,1033583.0
2025-06-20 10:28:29.672363,418.9,890370.0,1033583.0
2025-06-20 10:28:32.678204,419.1,890370.0,1033583.0
2025-06-20 10:28:33.756922,419.1,889991.0,1032290.0
2025-06-20 10:28:35.681239,418.9,889991.0,1032290.0
2025-06-20 10:28:38.685257,419.1,889991.0,1032290.0
2025-06-20 10:28:39.707219,419.1,889420.0,1032786.0
2025-06-20 10:28:41.679831,418.9,889420.0,1032786.0
2025-06-20 10:28:44.678649,419.1,889420.0,1032786.0
2025-06-20 10:28:45.897175,418.9,890998.0,1037195.0
2025-06-20 10:28:47.679630,419.1,890998.0,1037195.0
2025-06-20 10:28:50.740175,418.95,890998.0,1037195.0
2025-06-20 10:28:52.216989,419.1,892884.0,1034736.0
2025-06-20 10:28:53.676187,419.0,892884.0,1034736.0
2025-06-20 10:28:56.679622,419.1,892884.0,1034736.0
2025-06-20 10:28:58.197986,419.1,892288.0,1034315.0
2025-06-20 10:28:59.678379,419.1,892288.0,1034315.0
2025-06-20 10:29:01.679201,419.1,892288.0,1034315.0
2025-06-20 10:29:03.671813,419.1,892288.0,1034315.0
2025-06-20 10:29:04.094681,419.0,894690.0,1033907.0
2025-06-20 10:29:05.680177,419.1,894690.0,1033907.0
2025-06-20 10:29:07.676929,419.1,894690.0,1033907.0
2025-06-20 10:29:09.681394,419.0,894690.0,1033907.0
2025-06-20 10:29:10.201886,419.15,894809.0,1033970.0
2025-06-20 10:29:11.692202,419.0,894809.0,1033970.0
2025-06-20 10:29:13.679194,419.15,894809.0,1033970.0
2025-06-20 10:29:15.684072,419.15,894809.0,1033970.0
2025-06-20 10:29:16.418136,419.15,893778.0,1032273.0
2025-06-20 10:29:17.687817,418.95,893778.0,1032273.0
2025-06-20 10:29:19.697693,418.95,893778.0,1032273.0
2025-06-20 10:29:21.680129,419.15,893778.0,1032273.0
2025-06-20 10:29:22.313853,419.15,894523.0,1035013.0
2025-06-20 10:29:23.681791,419.15,894523.0,1035013.0
2025-06-20 10:29:25.679363,419.0,894523.0,1035013.0
2025-06-20 10:29:27.686850,419.1,894523.0,1035013.0
2025-06-20 10:29:28.157522,419.1,894471.0,1032782.0
2025-06-20 10:29:29.678036,419.0,894471.0,1032782.0
2025-06-20 10:29:31.684355,419.1,894471.0,1032782.0
2025-06-20 10:29:33.517184,419.1,892982.0,1035418.0
2025-06-20 10:29:33.683798,419.1,892982.0,1035418.0
2025-06-20 10:29:35.680896,419.0,892982.0,1035418.0
2025-06-20 10:29:38.682010,419.0,892982.0,1035418.0
2025-06-20 10:29:39.439738,419.2,939991.0,1024302.0
2025-06-20 10:29:41.713938,419.2,939991.0,1024302.0
2025-06-20 10:29:44.756420,419.15,939991.0,1024302.0
2025-06-20 10:29:45.468214,419.2,941313.0,1028816.0
2025-06-20 10:29:47.685630,419.1,941313.0,1028816.0
2025-06-20 10:29:50.679868,419.2,941313.0,1028816.0
2025-06-20 10:29:51.334930,419.2,941863.0,1029813.0
2025-06-20 10:29:53.678694,419.2,941863.0,1029813.0
2025-06-20 10:29:56.695447,419.2,941863.0,1029813.0
2025-06-20 10:29:57.044813,419.15,942790.0,1028294.0
2025-06-20 10:29:59.688401,419.2,942790.0,1028294.0
2025-06-20 10:30:01.700809,419.2,942790.0,1028294.0
2025-06-20 10:30:01.749342,419.2,952824.0,1028561.0
2025-06-20 10:30:02.685854,419.05,952824.0,1028561.0
2025-06-20 10:30:02.758966,419.05,952697.0,1028716.0
2025-06-20 10:30:03.685646,419.2,952697.0,1028716.0
2025-06-20 10:30:03.742470,419.2,951740.0,1029262.0
2025-06-20 10:30:04.677940,419.15,951740.0,1029262.0
2025-06-20 10:30:04.842496,419.15,950577.0,1033601.0
2025-06-20 10:30:05.725245,419.15,950577.0,1033601.0
2025-06-20 10:30:05.977268,419.15,934448.0,1035510.0
2025-06-20 10:30:06.681714,419.2,934448.0,1035510.0
2025-06-20 10:30:07.046360,419.2,950448.0,1035206.0
2025-06-20 10:30:08.044741,419.2,950636.0,1034007.0
2025-06-20 10:30:08.676433,419.2,950636.0,1034007.0
2025-06-20 10:30:09.046212,419.2,949878.0,1034390.0
2025-06-20 10:30:09.775906,419.2,949878.0,1034390.0
2025-06-20 10:30:10.048854,419.2,950784.0,1034918.0
2025-06-20 10:30:10.706418,419.2,950784.0,1034918.0
2025-06-20 10:30:11.049803,419.2,950388.0,1035949.0
2025-06-20 10:30:12.048492,419.2,950514.0,1035911.0
2025-06-20 10:30:13.050255,419.2,950514.0,1039299.0
2025-06-20 10:30:13.726164,419.2,950514.0,1039299.0
2025-06-20 10:30:13.988208,419.2,949101.0,1036990.0
2025-06-20 10:30:14.700083,419.15,949101.0,1036990.0
2025-06-20 10:30:14.849747,419.2,949408.0,1036936.0
2025-06-20 10:30:15.707547,419.15,949408.0,1036936.0
2025-06-20 10:30:15.964020,419.15,949588.0,1037173.0
2025-06-20 10:30:16.961106,419.15,949588.0,1037173.0
2025-06-20 10:30:17.060977,419.2,951275.0,1037694.0
2025-06-20 10:30:17.694548,419.2,951275.0,1037694.0
2025-06-20 10:30:18.251038,419.15,951112.0,1037450.0
2025-06-20 10:30:18.791827,419.2,951112.0,1037450.0
2025-06-20 10:30:19.350928,419.2,951807.0,1037545.0
2025-06-20 10:30:19.720369,419.2,951807.0,1037545.0
2025-06-20 10:30:20.250127,419.15,950675.0,1037655.0
2025-06-20 10:30:20.685657,419.15,950675.0,1037655.0
2025-06-20 10:30:21.355253,419.15,950635.0,1038300.0
2025-06-20 10:30:21.706723,419.15,950635.0,1038300.0
2025-06-20 10:30:22.483137,419.15,952023.0,1039849.0
2025-06-20 10:30:23.556680,419.2,951270.0,1039612.0
2025-06-20 10:30:23.723424,419.2,951270.0,1039612.0
2025-06-20 10:30:24.657438,419.15,952412.0,1039508.0
2025-06-20 10:30:24.702841,419.15,952412.0,1039508.0
2025-06-20 10:30:25.658906,419.15,950987.0,1038330.0
2025-06-20 10:30:26.726477,419.2,950987.0,1038330.0
2025-06-20 10:30:26.757009,419.2,950138.0,1038879.0
2025-06-20 10:30:27.858957,419.2,950999.0,1038732.0
2025-06-20 10:30:28.700118,419.2,950999.0,1038732.0
2025-06-20 10:30:28.997824,419.2,949708.0,1038783.0
2025-06-20 10:30:29.981237,419.2,949748.0,1039205.0
2025-06-20 10:30:31.333272,419.2,949748.0,1039205.0
2025-06-20 10:30:31.660985,419.2,950596.0,1038970.0
2025-06-20 10:30:32.713393,419.15,950596.0,1038970.0
2025-06-20 10:30:32.767764,419.15,950090.0,1039479.0
2025-06-20 10:30:33.685077,419.2,950090.0,1039479.0
2025-06-20 10:30:33.865975,419.15,950570.0,1038554.0
2025-06-20 10:30:34.694914,419.15,950570.0,1038554.0
2025-06-20 10:30:34.987800,419.2,950780.0,1038933.0
2025-06-20 10:30:35.689013,419.15,950780.0,1038933.0
2025-06-20 10:30:36.066578,419.15,950598.0,1039116.0
2025-06-20 10:30:36.682402,419.15,950598.0,1039116.0
2025-06-20 10:30:37.066713,419.15,950982.0,1039297.0
2025-06-20 10:30:38.183277,419.15,951139.0,1039443.0
2025-06-20 10:30:38.685628,419.2,951139.0,1039443.0
2025-06-20 10:30:39.281611,419.15,951314.0,1039433.0
2025-06-20 10:30:39.694093,419.15,951314.0,1039433.0
2025-06-20 10:30:40.369674,419.15,951182.0,1039767.0
2025-06-20 10:30:40.692983,419.15,951182.0,1039767.0
2025-06-20 10:30:41.478147,419.15,951224.0,1038884.0
2025-06-20 10:30:41.685595,419.15,951224.0,1038884.0
2025-06-20 10:30:42.569062,419.15,949893.0,1038757.0
2025-06-20 10:30:42.681005,419.15,949893.0,1038757.0
2025-06-20 10:30:43.176296,419.15,949893.0,1038757.0
2025-06-20 10:30:43.572672,419.15,951070.0,1038695.0
2025-06-20 10:30:43.684544,419.15,951070.0,1038695.0
2025-06-20 10:30:43.846335,419.15,951070.0,1038695.0
2025-06-20 10:30:44.212611,419.15,951070.0,1038695.0
2025-06-20 10:30:44.677683,419.15,951067.0,1039073.0
2025-06-20 10:30:44.912576,419.15,951067.0,1039073.0
2025-06-20 10:30:45.305371,419.15,951067.0,1039073.0
2025-06-20 10:30:45.695416,419.15,951067.0,1039073.0
2025-06-20 10:30:45.773458,419.15,952249.0,1039064.0
2025-06-20 10:30:45.970193,419.15,952249.0,1039064.0
2025-06-20 10:30:46.474056,419.15,952249.0,1039064.0
2025-06-20 10:30:46.678896,419.15,952249.0,1039064.0
2025-06-20 10:30:46.871872,419.15,952583.0,1037858.0
2025-06-20 10:30:47.011504,419.15,952583.0,1037858.0
2025-06-20 10:30:47.660400,419.15,952583.0,1037858.0
2025-06-20 10:30:47.703578,419.15,952583.0,1037858.0
2025-06-20 10:30:47.983191,419.2,951577.0,1039115.0
2025-06-20 10:30:48.367975,419.2,951577.0,1039115.0
2025-06-20 10:30:48.679834,419.15,951577.0,1039115.0
2025-06-20 10:30:49.076066,419.15,951522.0,1037885.0
2025-06-20 10:30:49.686374,419.15,951522.0,1037885.0
2025-06-20 10:30:49.721538,419.15,951522.0,1037885.0
2025-06-20 10:30:50.188909,419.15,951566.0,1037676.0
2025-06-20 10:30:50.689445,419.15,951566.0,1037676.0
2025-06-20 10:30:50.734103,419.15,951566.0,1037676.0
2025-06-20 10:30:51.274965,419.2,951663.0,1038230.0
2025-06-20 10:30:51.686531,419.2,951663.0,1038230.0
2025-06-20 10:30:52.242037,419.2,951663.0,1038230.0
2025-06-20 10:30:52.375636,419.15,951979.0,1037859.0
2025-06-20 10:30:52.699020,419.2,951979.0,1037859.0
2025-06-20 10:30:53.489805,419.3,955159.0,1026114.0
2025-06-20 10:30:53.531372,419.3,955159.0,1026114.0
2025-06-20 10:30:53.734979,419.3,955159.0,1026114.0
2025-06-20 10:30:54.575332,419.35,951920.0,1026879.0
2025-06-20 10:30:54.685814,419.35,951920.0,1026879.0
2025-06-20 10:30:54.789396,419.35,951920.0,1026879.0
2025-06-20 10:30:55.693204,419.4,951920.0,1026879.0
2025-06-20 10:30:55.697920,419.4,949939.0,1028203.0
2025-06-20 10:30:56.503392,419.4,949939.0,1028203.0
2025-06-20 10:30:56.704016,419.4,949939.0,1028203.0
2025-06-20 10:30:56.783149,419.3,950775.0,1028017.0
2025-06-20 10:30:57.728972,419.4,950775.0,1028017.0
2025-06-20 10:30:57.876495,419.4,953500.0,1022184.0
2025-06-20 10:30:58.690652,419.2,953500.0,1022184.0
2025-06-20 10:30:58.989451,419.4,948984.0,1030926.0
2025-06-20 10:30:59.691221,419.1,948984.0,1030926.0
2025-06-20 10:31:00.082523,419.25,951794.0,1039314.0
2025-06-20 10:31:00.680826,419.35,951794.0,1039314.0
2025-06-20 10:31:03.692806,419.4,951794.0,1039314.0
2025-06-20 10:31:06.721651,419.35,951794.0,1039314.0
2025-06-20 10:31:06.993242,419.35,950955.0,1030086.0
2025-06-20 10:31:09.950147,419.35,950955.0,1030086.0
2025-06-20 10:31:12.708454,419.45,950955.0,1030086.0
2025-06-20 10:31:13.194796,419.4,957951.0,1023629.0
2025-06-20 10:31:15.697084,419.5,957951.0,1023629.0
2025-06-20 10:31:18.740715,419.4,957951.0,1023629.0
2025-06-20 10:31:19.198767,419.5,957730.0,1029984.0
2025-06-20 10:31:21.708358,419.5,957730.0,1029984.0
2025-06-20 10:31:24.740505,419.5,957730.0,1029984.0
2025-06-20 10:31:25.097145,419.45,953603.0,1028727.0
2025-06-20 10:31:27.735418,419.5,953603.0,1028727.0
2025-06-20 10:31:30.723820,419.5,953603.0,1028727.0
2025-06-20 10:31:30.800509,419.5,955991.0,1028699.0
2025-06-20 10:31:33.738335,419.5,955991.0,1028699.0
2025-06-20 10:31:36.716395,419.5,955991.0,1028699.0
2025-06-20 10:31:37.151400,419.5,956365.0,1028971.0
2025-06-20 10:31:39.758140,419.45,956365.0,1028971.0
2025-06-20 10:31:42.737744,419.4,956365.0,1028971.0
2025-06-20 10:31:43.013354,419.4,956425.0,1033812.0
2025-06-20 10:31:45.764625,419.45,956425.0,1033812.0
2025-06-20 10:31:48.709224,419.45,956425.0,1033812.0
2025-06-20 10:31:48.924107,419.45,958855.0,1032748.0
2025-06-20 10:31:51.701054,419.4,958855.0,1032748.0
2025-06-20 10:31:54.727615,419.25,958855.0,1032748.0
2025-06-20 10:31:54.739209,419.25,939767.0,1049086.0
2025-06-20 10:31:57.736666,419.35,939767.0,1049086.0
2025-06-20 10:32:00.526095,419.35,944625.0,1044005.0
2025-06-20 10:32:00.689324,419.35,944625.0,1044005.0
2025-06-20 10:32:03.710973,419.45,944625.0,1044005.0
2025-06-20 10:32:06.559986,419.25,940484.0,1039949.0
2025-06-20 10:32:07.730043,419.4,940484.0,1039949.0
2025-06-20 10:32:11.709270,419.4,940484.0,1039949.0
2025-06-20 10:32:13.152980,419.4,950385.0,1040287.0
2025-06-20 10:32:15.736157,419.35,950385.0,1040287.0
2025-06-20 10:32:19.340833,419.3,949958.0,1041425.0
2025-06-20 10:32:19.696561,419.3,949958.0,1041425.0
2025-06-20 10:32:23.698095,419.45,949958.0,1041425.0
2025-06-20 10:32:25.541178,419.4,949609.0,1040171.0
2025-06-20 10:32:27.692840,419.4,949609.0,1040171.0
2025-06-20 10:32:30.741193,419.25,949609.0,1040171.0
2025-06-20 10:32:31.764273,419.35,906176.0,1047369.0
2025-06-20 10:32:33.690129,419.4,906176.0,1047369.0
2025-06-20 10:32:36.732625,419.35,906176.0,1047369.0
2025-06-20 10:32:37.978072,419.35,908698.0,1049277.0
2025-06-20 10:32:39.734471,419.4,908698.0,1049277.0
2025-06-20 10:32:42.690749,419.25,908698.0,1049277.0
2025-06-20 10:32:43.853217,419.3,905529.0,1050659.0
2025-06-20 10:32:45.727184,419.35,905529.0,1050659.0
2025-06-20 10:32:48.713052,419.35,905529.0,1050659.0
2025-06-20 10:32:49.756518,419.35,908894.0,1044302.0
2025-06-20 10:32:51.873422,419.45,908894.0,1044302.0
2025-06-20 10:32:54.700356,419.5,908894.0,1044302.0
2025-06-20 10:32:56.260251,419.45,907439.0,1045071.0
2025-06-20 10:32:57.693069,419.5,907439.0,1045071.0
2025-06-20 10:33:00.699869,419.45,907439.0,1045071.0
2025-06-20 10:33:02.061949,419.45,907000.0,1043870.0
2025-06-20 10:33:03.786891,419.5,907000.0,1043870.0
2025-06-20 10:33:06.712153,419.5,907000.0,1043870.0
2025-06-20 10:33:07.761988,419.5,908880.0,1036559.0
2025-06-20 10:33:09.149824,419.5,908880.0,1036559.0
2025-06-20 10:33:10.843665,419.35,908880.0,1036559.0
2025-06-20 10:33:12.698804,419.3,908880.0,1036559.0
2025-06-20 10:33:13.612264,419.35,907895.0,1049315.0
2025-06-20 10:33:14.694626,419.35,907895.0,1049315.0
2025-06-20 10:33:16.693560,419.4,907895.0,1049315.0
2025-06-20 10:33:18.705422,419.5,907895.0,1049315.0
2025-06-20 10:33:19.498584,419.4,909102.0,1044361.0
2025-06-20 10:33:20.690949,419.4,909102.0,1044361.0
2025-06-20 10:33:22.745725,419.4,909102.0,1044361.0
2025-06-20 10:33:24.691856,419.25,909102.0,1044361.0
2025-06-20 10:33:25.492446,419.25,899224.0,1056450.0
2025-06-20 10:33:26.698880,419.25,899224.0,1056450.0
2025-06-20 10:33:28.757924,419.25,899224.0,1056450.0
2025-06-20 10:33:30.697796,419.3,899224.0,1056450.0
2025-06-20 10:33:31.492402,419.2,896311.0,1061020.0
2025-06-20 10:33:32.834448,419.2,896311.0,1061020.0
2025-06-20 10:33:34.706054,419.3,896311.0,1061020.0
2025-06-20 10:33:36.705731,419.1,896311.0,1061020.0
2025-06-20 10:33:37.588816,419.2,898588.0,1087999.0
2025-06-20 10:33:39.702770,419.2,898588.0,1087999.0
2025-06-20 10:33:42.689976,419.2,898588.0,1087999.0
2025-06-20 10:33:43.497663,419.2,899681.0,1090398.0
2025-06-20 10:33:43.647599,419.2,899681.0,1090398.0
2025-06-20 10:33:44.036162,419.2,899681.0,1090398.0
2025-06-20 10:33:45.027314,419.2,899681.0,1090398.0
2025-06-20 10:33:45.695396,419.15,899681.0,1090398.0
2025-06-20 10:33:45.729800,419.15,899681.0,1090398.0
2025-06-20 10:33:46.369451,419.15,899681.0,1090398.0
2025-06-20 10:33:47.406898,419.15,899681.0,1090398.0
2025-06-20 10:33:48.707741,419.2,899681.0,1090398.0
2025-06-20 10:33:48.787098,419.2,899681.0,1090398.0
2025-06-20 10:33:49.287620,419.0,896760.0,1091325.0
2025-06-20 10:33:50.134937,419.0,896760.0,1091325.0
2025-06-20 10:33:51.349172,419.0,896760.0,1091325.0
2025-06-20 10:33:51.695774,419.0,896760.0,1091325.0
2025-06-20 10:33:52.708818,419.0,896760.0,1091325.0
2025-06-20 10:33:53.989266,419.0,896760.0,1091325.0
2025-06-20 10:33:54.739363,419.2,896760.0,1091325.0
2025-06-20 10:33:55.191171,419.2,896760.0,1091325.0
2025-06-20 10:33:55.231268,419.2,902029.0,1090876.0
2025-06-20 10:33:56.824217,419.2,902029.0,1090876.0
2025-06-20 10:33:57.696408,419.2,902029.0,1090876.0
2025-06-20 10:34:00.690130,419.15,902029.0,1090876.0
2025-06-20 10:34:01.009210,419.15,902659.0,1091442.0
2025-06-20 10:34:03.694757,419.2,902659.0,1091442.0
2025-06-20 10:34:06.615414,419.15,901402.0,1092855.0
2025-06-20 10:34:06.697931,419.15,901402.0,1092855.0
2025-06-20 10:34:09.692094,419.2,901402.0,1092855.0
2025-06-20 10:34:12.695296,419.2,901402.0,1092855.0
2025-06-20 10:34:12.717352,419.2,902652.0,1090329.0
2025-06-20 10:34:15.693737,419.3,902652.0,1090329.0
2025-06-20 10:34:18.519839,419.3,901675.0,1087890.0
2025-06-20 10:34:18.693134,419.3,901675.0,1087890.0
2025-06-20 10:34:21.700132,419.2,901675.0,1087890.0
2025-06-20 10:34:24.015545,419.3,903700.0,1088135.0
2025-06-20 10:34:24.730002,419.3,903700.0,1088135.0
2025-06-20 10:34:27.740512,419.3,903700.0,1088135.0
2025-06-20 10:34:29.613063,419.35,905145.0,1085492.0
2025-06-20 10:34:30.702418,419.35,905145.0,1085492.0
2025-06-20 10:34:33.711904,419.2,905145.0,1085492.0
2025-06-20 10:34:35.554466,419.15,906152.0,1093327.0
2025-06-20 10:34:36.735199,419.35,906152.0,1093327.0
2025-06-20 10:34:39.704846,419.25,906152.0,1093327.0
2025-06-20 10:34:41.148702,419.3,906381.0,1091673.0
2025-06-20 10:34:42.737976,419.25,906381.0,1091673.0
2025-06-20 10:34:45.744397,419.3,906381.0,1091673.0
2025-06-20 10:34:46.746760,419.3,906897.0,1092350.0
2025-06-20 10:34:48.697856,419.25,906897.0,1092350.0
2025-06-20 10:34:52.410200,419.25,906897.0,1092350.0
2025-06-20 10:34:52.494120,419.25,906284.0,1098411.0
2025-06-20 10:34:54.721648,419.25,906284.0,1098411.0
2025-06-20 10:34:56.761542,419.3,906284.0,1098411.0
2025-06-20 10:34:57.834679,419.3,908549.0,1099728.0
2025-06-20 10:34:58.699322,419.35,908549.0,1099728.0
2025-06-20 10:35:00.764724,419.3,908549.0,1099728.0
2025-06-20 10:35:02.709364,419.3,908549.0,1099728.0
2025-06-20 10:35:02.954712,419.3,908462.0,1100092.0
2025-06-20 10:35:04.694803,419.3,908462.0,1100092.0
2025-06-20 10:35:06.699855,419.3,908462.0,1100092.0
2025-06-20 10:35:08.743215,419.4,908486.0,1097949.0
2025-06-20 10:35:09.695584,419.4,908486.0,1097949.0
2025-06-20 10:35:12.700786,419.3,908486.0,1097949.0
2025-06-20 10:35:14.546129,419.4,908873.0,1097555.0
2025-06-20 10:35:15.699710,419.4,908873.0,1097555.0
2025-06-20 10:35:18.700846,419.3,908873.0,1097555.0
2025-06-20 10:35:20.352029,419.15,906931.0,1103143.0
2025-06-20 10:35:21.696865,419.25,906931.0,1103143.0
2025-06-20 10:35:23.724388,419.25,906931.0,1103143.0
2025-06-20 10:35:25.704629,419.15,906931.0,1103143.0
2025-06-20 10:35:26.181865,419.15,907791.0,1112522.0
2025-06-20 10:35:27.700170,419.15,907791.0,1112522.0
2025-06-20 10:35:29.700678,419.15,907791.0,1112522.0
2025-06-20 10:35:31.706177,419.2,907791.0,1112522.0
2025-06-20 10:35:32.156510,419.2,906186.0,1110357.0
2025-06-20 10:35:33.700425,419.2,906186.0,1110357.0
2025-06-20 10:35:35.699519,419.2,906186.0,1110357.0
2025-06-20 10:35:37.697594,419.35,906186.0,1110357.0
2025-06-20 10:35:38.073967,419.2,906945.0,1108819.0
2025-06-20 10:35:39.741420,419.2,906945.0,1108819.0
2025-06-20 10:35:41.697309,419.2,906945.0,1108819.0
2025-06-20 10:35:43.713461,419.35,906945.0,1108819.0
2025-06-20 10:35:43.763677,419.35,907993.0,1108964.0
2025-06-20 10:35:45.699970,419.2,907993.0,1108964.0
2025-06-20 10:35:47.714656,419.3,907993.0,1108964.0
2025-06-20 10:35:49.686686,419.3,907050.0,1108095.0
2025-06-20 10:35:49.756858,419.3,907050.0,1108095.0
2025-06-20 10:35:51.707951,419.3,907050.0,1108095.0
2025-06-20 10:35:53.711439,419.3,907050.0,1108095.0
2025-06-20 10:35:55.673117,419.3,905975.0,1109732.0
2025-06-20 10:35:55.721324,419.3,905975.0,1109732.0
2025-06-20 10:35:57.714045,419.3,905975.0,1109732.0
2025-06-20 10:35:59.710854,419.3,905975.0,1109732.0
2025-06-20 10:36:01.174948,419.2,905354.0,1111888.0
2025-06-20 10:36:01.715123,419.2,905354.0,1111888.0
2025-06-20 10:36:03.709935,419.15,905354.0,1111888.0
2025-06-20 10:36:05.702399,419.15,905354.0,1111888.0
2025-06-20 10:36:07.109714,419.0,901303.0,1118763.0
2025-06-20 10:36:08.732884,419.0,901303.0,1118763.0
2025-06-20 10:36:11.710386,419.0,901303.0,1118763.0
2025-06-20 10:36:13.176388,419.0,901726.0,1119856.0
2025-06-20 10:36:14.726307,419.15,901726.0,1119856.0
2025-06-20 10:36:17.713799,419.0,901726.0,1119856.0
2025-06-20 10:36:19.177800,419.0,900659.0,1122764.0
2025-06-20 10:36:20.706985,418.95,900659.0,1122764.0
2025-06-20 10:36:23.711823,419.2,900659.0,1122764.0
2025-06-20 10:36:25.020666,419.1,903094.0,1117283.0
2025-06-20 10:36:26.701839,419.05,903094.0,1117283.0
2025-06-20 10:36:29.699538,419.2,903094.0,1117283.0
2025-06-20 10:36:31.005859,419.1,899157.0,1118247.0
2025-06-20 10:36:32.704072,419.05,899157.0,1118247.0
2025-06-20 10:36:35.710948,419.15,899157.0,1118247.0
2025-06-20 10:36:37.192330,419.05,899713.0,1117969.0
2025-06-20 10:36:38.700346,419.1,899713.0,1117969.0
2025-06-20 10:36:41.715274,419.05,899713.0,1117969.0
2025-06-20 10:36:43.026966,419.05,902328.0,1116177.0
2025-06-20 10:36:44.136680,419.05,902328.0,1116177.0
2025-06-20 10:36:44.711602,419.05,902328.0,1116177.0
2025-06-20 10:36:44.840227,419.05,902328.0,1116177.0
2025-06-20 10:36:45.233887,419.05,902328.0,1116177.0
2025-06-20 10:36:46.274092,419.05,902328.0,1116177.0
2025-06-20 10:36:46.704669,419.05,902328.0,1116177.0
2025-06-20 10:36:46.935697,419.05,902328.0,1116177.0
2025-06-20 10:36:47.411008,419.05,902328.0,1116177.0
2025-06-20 10:36:48.387486,419.05,902328.0,1116177.0
2025-06-20 10:36:48.702802,419.05,902328.0,1116177.0
2025-06-20 10:36:48.708049,419.05,902279.0,1116442.0
2025-06-20 10:36:49.343340,419.05,902279.0,1116442.0
2025-06-20 10:36:50.686137,419.05,902279.0,1116442.0
2025-06-20 10:36:50.725515,419.05,902279.0,1116442.0
2025-06-20 10:36:51.655505,419.05,902279.0,1116442.0
2025-06-20 10:36:52.702946,419.1,902279.0,1116442.0
2025-06-20 10:36:53.222083,419.1,902279.0,1116442.0
2025-06-20 10:36:54.504294,419.05,900853.0,1117625.0
2025-06-20 10:36:54.506052,419.05,900853.0,1117625.0
2025-06-20 10:36:54.704736,419.05,900853.0,1117625.0
2025-06-20 10:36:55.743470,419.05,900853.0,1117625.0
2025-06-20 10:36:56.702317,419.15,900853.0,1117625.0
2025-06-20 10:36:57.385040,419.15,900853.0,1117625.0
2025-06-20 10:36:58.704951,419.1,900853.0,1117625.0
2025-06-20 10:37:00.016267,419.15,902210.0,1117229.0
2025-06-20 10:37:00.697617,419.05,902210.0,1117229.0
2025-06-20 10:37:02.703088,419.05,902210.0,1117229.0
2025-06-20 10:37:04.708186,419.05,902210.0,1117229.0
2025-06-20 10:37:05.916874,419.2,900514.0,1114392.0
2025-06-20 10:37:06.722318,419.2,900514.0,1114392.0
2025-06-20 10:37:08.704655,419.0,900514.0,1114392.0
2025-06-20 10:37:10.715396,419.1,900514.0,1114392.0
2025-06-20 10:37:12.025223,419.05,899836.0,1120235.0
2025-06-20 10:37:12.713937,419.05,899836.0,1120235.0
2025-06-20 10:37:14.705567,419.2,899836.0,1120235.0
2025-06-20 10:37:16.712745,419.15,899836.0,1120235.0
2025-06-20 10:37:17.614699,419.2,900932.0,1116468.0
2025-06-20 10:37:19.709412,419.2,900932.0,1116468.0
2025-06-20 10:37:22.713106,419.2,900932.0,1116468.0
2025-06-20 10:37:23.221882,419.2,900738.0,1116761.0
2025-06-20 10:37:25.705368,419.15,900738.0,1116761.0
2025-06-20 10:37:28.755697,419.15,900738.0,1116761.0
2025-06-20 10:37:28.939555,419.15,897429.0,1117596.0
2025-06-20 10:37:31.706957,419.15,897429.0,1117596.0
2025-06-20 10:37:34.438928,419.15,895434.0,1122135.0
2025-06-20 10:37:34.716313,419.15,895434.0,1122135.0
2025-06-20 10:37:37.721171,419.15,895434.0,1122135.0
2025-06-20 10:37:39.946791,419.15,896489.0,1121245.0
2025-06-20 10:37:40.714111,419.0,896489.0,1121245.0
2025-06-20 10:37:43.737861,419.0,896489.0,1121245.0
2025-06-20 10:37:45.738381,419.05,896609.0,1121019.0
2025-06-20 10:37:46.715768,418.95,896609.0,1121019.0
2025-06-20 10:37:49.746206,418.95,896609.0,1121019.0
2025-06-20 10:37:51.447111,419.1,896546.0,1121317.0
2025-06-20 10:37:52.756594,419.05,896546.0,1121317.0
2025-06-20 10:37:55.707702,418.95,896546.0,1121317.0
2025-06-20 10:37:57.175714,419.1,892724.0,1123721.0
2025-06-20 10:37:58.712346,419.1,892724.0,1123721.0
2025-06-20 10:38:01.710852,419.05,892724.0,1123721.0
2025-06-20 10:38:02.548150,419.1,892779.0,1124989.0
2025-06-20 10:38:04.707394,418.9,892779.0,1124989.0
2025-06-20 10:38:07.712177,418.95,892779.0,1124989.0
2025-06-20 10:38:08.252548,418.95,892887.0,1126743.0
2025-06-20 10:38:09.716224,418.9,892887.0,1126743.0
2025-06-20 10:38:11.761237,419.05,892887.0,1126743.0
2025-06-20 10:38:13.711495,418.95,892887.0,1126743.0
2025-06-20 10:38:13.857443,418.95,891651.0,1125771.0
2025-06-20 10:38:15.707763,418.9,891651.0,1125771.0
2025-06-20 10:38:17.707632,418.9,891651.0,1125771.0
2025-06-20 10:38:19.488693,418.9,887740.0,1129204.0
2025-06-20 10:38:19.714982,418.9,887740.0,1129204.0
2025-06-20 10:38:21.710361,418.95,887740.0,1129204.0
2025-06-20 10:38:23.717661,418.9,887740.0,1129204.0
2025-06-20 10:38:25.070945,418.8,889494.0,1130245.0
2025-06-20 10:38:25.711649,418.95,889494.0,1130245.0
2025-06-20 10:38:27.707581,418.9,889494.0,1130245.0
2025-06-20 10:38:29.712275,418.9,889494.0,1130245.0
2025-06-20 10:38:30.373983,418.8,888978.0,1132225.0
2025-06-20 10:38:31.761451,418.9,888978.0,1132225.0
2025-06-20 10:38:33.733469,418.85,888978.0,1132225.0
2025-06-20 10:38:35.718671,418.85,888978.0,1132225.0
2025-06-20 10:38:35.875180,418.85,893365.0,1132603.0
2025-06-20 10:38:37.718300,418.85,893365.0,1132603.0
2025-06-20 10:38:39.725499,418.85,893365.0,1132603.0
2025-06-20 10:38:41.681957,418.8,891438.0,1133839.0
2025-06-20 10:38:41.719834,418.8,891438.0,1133839.0
2025-06-20 10:38:43.710601,418.8,891438.0,1133839.0
2025-06-20 10:38:45.711278,418.75,891438.0,1133839.0
2025-06-20 10:38:47.506706,418.75,885476.0,1137394.0
2025-06-20 10:38:47.734166,418.7,885476.0,1137394.0
2025-06-20 10:38:49.714668,418.6,885476.0,1137394.0
2025-06-20 10:38:51.714628,418.7,885476.0,1137394.0
2025-06-20 10:38:52.891140,418.7,884218.0,1139248.0
2025-06-20 10:38:53.714248,418.6,884218.0,1139248.0
2025-06-20 10:38:55.711454,418.55,884218.0,1139248.0
2025-06-20 10:38:57.758957,418.55,884218.0,1139248.0
2025-06-20 10:38:58.431192,418.7,884098.0,1141602.0
2025-06-20 10:38:59.710742,418.6,884098.0,1141602.0
2025-06-20 10:39:01.751646,418.75,884098.0,1141602.0
2025-06-20 10:39:03.747153,418.6,884098.0,1141602.0
2025-06-20 10:39:03.903117,418.6,883899.0,1140951.0
2025-06-20 10:39:05.741346,418.5,883899.0,1140951.0
2025-06-20 10:39:07.716595,418.65,883899.0,1140951.0
2025-06-20 10:39:09.717691,418.7,883899.0,1140951.0
2025-06-20 10:39:09.799619,418.7,882847.0,1139381.0
2025-06-20 10:39:11.716080,418.7,882847.0,1139381.0
2025-06-20 10:39:13.730519,418.65,882847.0,1139381.0
2025-06-20 10:39:15.439975,418.55,883463.0,1141242.0
2025-06-20 10:39:15.711711,418.55,883463.0,1141242.0
2025-06-20 10:39:17.721027,418.65,883463.0,1141242.0
2025-06-20 10:39:19.714281,418.6,883463.0,1141242.0
2025-06-20 10:39:20.815237,418.55,881723.0,1142667.0
2025-06-20 10:39:21.716579,418.6,881723.0,1142667.0
2025-06-20 10:39:23.714452,418.55,881723.0,1142667.0
2025-06-20 10:39:25.718964,418.65,881723.0,1142667.0
2025-06-20 10:39:26.418247,418.65,881078.0,1146348.0
2025-06-20 10:39:27.715242,418.55,881078.0,1146348.0
2025-06-20 10:39:29.718341,418.45,881078.0,1146348.0
2025-06-20 10:39:31.729657,418.6,881078.0,1146348.0
2025-06-20 10:39:32.347041,418.6,882413.0,1150028.0
2025-06-20 10:39:33.720148,418.55,882413.0,1150028.0
2025-06-20 10:39:35.720860,418.7,882413.0,1150028.0
2025-06-20 10:39:37.717805,418.7,882413.0,1150028.0
2025-06-20 10:39:38.566852,418.6,889424.0,1138517.0
2025-06-20 10:39:39.727287,418.5,889424.0,1138517.0
2025-06-20 10:39:41.721486,418.6,889424.0,1138517.0
2025-06-20 10:39:43.721139,418.55,889424.0,1138517.0
2025-06-20 10:39:44.635739,418.55,889424.0,1138517.0
2025-06-20 10:39:44.673504,418.55,888729.0,1137837.0
2025-06-20 10:39:45.026121,418.55,888729.0,1137837.0
2025-06-20 10:39:45.722377,418.6,888729.0,1137837.0
2025-06-20 10:39:45.738158,418.6,888729.0,1137837.0
2025-06-20 10:39:46.046841,418.6,888729.0,1137837.0
2025-06-20 10:39:47.422916,418.6,888729.0,1137837.0
2025-06-20 10:39:47.720738,418.75,888729.0,1137837.0
2025-06-20 10:39:47.872336,418.75,888729.0,1137837.0
2025-06-20 10:39:48.444515,418.75,888729.0,1137837.0
2025-06-20 10:39:49.772742,418.8,888729.0,1137837.0
2025-06-20 10:39:49.819690,418.8,888729.0,1137837.0
2025-06-20 10:39:50.819972,418.65,899338.0,1142867.0
2025-06-20 10:39:51.240228,418.65,899338.0,1142867.0
2025-06-20 10:39:51.717692,418.8,899338.0,1142867.0
2025-06-20 10:39:52.141686,418.8,899338.0,1142867.0
2025-06-20 10:39:53.825528,418.8,899338.0,1142867.0
2025-06-20 10:39:53.843612,418.75,899338.0,1142867.0
2025-06-20 10:39:55.033633,418.75,899338.0,1142867.0
2025-06-20 10:39:55.729561,418.6,899338.0,1142867.0
2025-06-20 10:39:56.227309,418.6,899338.0,1142867.0
2025-06-20 10:39:56.545354,418.65,901652.0,1146362.0
2025-06-20 10:39:57.753892,418.7,901652.0,1146362.0
2025-06-20 10:39:57.877829,418.7,901652.0,1146362.0
2025-06-20 10:39:59.721662,418.6,901652.0,1146362.0
2025-06-20 10:40:01.244850,418.55,895581.0,1148878.0
2025-06-20 10:40:01.769291,418.55,895581.0,1148878.0
2025-06-20 10:40:02.243855,418.65,896456.0,1142507.0
2025-06-20 10:40:02.723927,418.65,896456.0,1142507.0
2025-06-20 10:40:03.150299,418.75,896186.0,1143805.0
2025-06-20 10:40:03.721943,418.65,896186.0,1143805.0
2025-06-20 10:40:04.146827,418.65,897801.0,1146250.0
2025-06-20 10:40:05.149189,418.65,897444.0,1144833.0
2025-06-20 10:40:05.715101,418.65,897444.0,1144833.0
2025-06-20 10:40:06.148705,418.75,898038.0,1144343.0
2025-06-20 10:40:06.726271,418.75,898038.0,1144343.0
2025-06-20 10:40:07.153361,418.75,896676.0,1145189.0
2025-06-20 10:40:07.726150,418.75,896676.0,1145189.0
2025-06-20 10:40:08.258831,418.7,896664.0,1145248.0
2025-06-20 10:40:08.722592,418.6,896664.0,1145248.0
2025-06-20 10:40:09.062129,418.7,896651.0,1145425.0
2025-06-20 10:40:09.721467,418.7,896651.0,1145425.0
2025-06-20 10:40:09.959563,418.7,896604.0,1145121.0
2025-06-20 10:40:10.714725,418.6,896604.0,1145121.0
2025-06-20 10:40:10.852784,418.6,896074.0,1147012.0
2025-06-20 10:40:11.717587,418.75,896074.0,1147012.0
2025-06-20 10:40:11.762065,418.75,896575.0,1145720.0
2025-06-20 10:40:12.727478,418.7,896575.0,1145720.0
2025-06-20 10:40:12.754976,418.7,897492.0,1146729.0
2025-06-20 10:40:13.728896,418.7,897492.0,1146729.0
2025-06-20 10:40:13.774433,418.7,897185.0,1147363.0
2025-06-20 10:40:14.653059,418.7,897798.0,1147002.0
2025-06-20 10:40:14.721833,418.7,897798.0,1147002.0
2025-06-20 10:40:15.658495,418.7,894822.0,1147406.0
2025-06-20 10:40:15.718835,418.7,894822.0,1147406.0
2025-06-20 10:40:16.559993,418.6,894498.0,1146751.0
2025-06-20 10:40:16.719840,418.6,894498.0,1146751.0
2025-06-20 10:40:17.563482,418.6,894149.0,1148505.0
2025-06-20 10:40:18.362281,418.6,894135.0,1147020.0
2025-06-20 10:40:18.720495,418.65,894135.0,1147020.0
2025-06-20 10:40:19.260301,418.65,894139.0,1147016.0
2025-06-20 10:40:20.262040,418.6,894122.0,1147575.0
2025-06-20 10:40:20.733538,418.65,894122.0,1147575.0
2025-06-20 10:40:21.164147,418.7,894219.0,1147830.0
2025-06-20 10:40:21.716461,418.7,894219.0,1147830.0
2025-06-20 10:40:22.164394,418.7,894431.0,1147850.0
2025-06-20 10:40:22.725782,418.7,894431.0,1147850.0
2025-06-20 10:40:23.164162,418.7,892658.0,1148329.0
2025-06-20 10:40:24.177792,418.65,892658.0,1148329.0
2025-06-20 10:40:24.189012,418.65,894006.0,1147142.0
2025-06-20 10:40:24.726363,418.6,894006.0,1147142.0
2025-06-20 10:40:25.210656,418.6,893913.0,1147923.0
2025-06-20 10:40:25.716239,418.65,893913.0,1147923.0
2025-06-20 10:40:26.165435,418.65,893660.0,1147103.0
2025-06-20 10:40:26.821443,418.65,893660.0,1147103.0
2025-06-20 10:40:27.166412,418.6,893217.0,1147945.0
2025-06-20 10:40:27.735214,418.6,893217.0,1147945.0
2025-06-20 10:40:28.166198,418.65,892696.0,1148132.0
2025-06-20 10:40:28.734029,418.45,892696.0,1148132.0
2025-06-20 10:40:29.250754,418.45,892667.0,1154366.0
2025-06-20 10:40:29.744120,418.6,892667.0,1154366.0
2025-06-20 10:40:30.166961,418.6,892030.0,1152215.0
2025-06-20 10:40:31.167018,418.6,892108.0,1152422.0
2025-06-20 10:40:31.725287,418.55,892108.0,1152422.0
2025-06-20 10:40:32.068697,418.6,893527.0,1152219.0
2025-06-20 10:40:32.721531,418.45,893527.0,1152219.0
2025-06-20 10:40:33.220778,418.45,893780.0,1154482.0
2025-06-20 10:40:33.717437,418.55,893780.0,1154482.0
2025-06-20 10:40:34.208903,418.45,895492.0,1154648.0
2025-06-20 10:40:34.737822,418.55,895492.0,1154648.0
2025-06-20 10:40:35.218332,418.55,895162.0,1154592.0
2025-06-20 10:40:35.756781,418.5,895162.0,1154592.0
2025-06-20 10:40:36.207479,418.6,892184.0,1155429.0
2025-06-20 10:40:36.797455,418.6,892184.0,1155429.0
2025-06-20 10:40:37.201060,418.6,893155.0,1154822.0
2025-06-20 10:40:37.718529,418.6,893155.0,1154822.0
2025-06-20 10:40:38.072136,418.6,893843.0,1154227.0
2025-06-20 10:40:38.718837,418.6,893843.0,1154227.0
2025-06-20 10:40:38.872915,418.6,894495.0,1153953.0
2025-06-20 10:40:39.874935,418.6,893973.0,1154544.0
2025-06-20 10:40:40.872595,418.6,894620.0,1154644.0
2025-06-20 10:40:41.722945,418.6,894620.0,1154644.0
2025-06-20 10:40:41.874810,418.6,894176.0,1154617.0
2025-06-20 10:40:42.720274,418.55,894176.0,1154617.0
2025-06-20 10:40:42.779910,418.55,893604.0,1154572.0
2025-06-20 10:40:43.724164,418.55,893604.0,1154572.0
2025-06-20 10:40:43.776098,418.55,892931.0,1155593.0
2025-06-20 10:40:44.675844,418.6,893000.0,1155169.0
2025-06-20 10:40:44.722543,418.6,893000.0,1155169.0
2025-06-20 10:40:45.587854,418.55,892986.0,1153587.0
2025-06-20 10:40:45.723911,418.55,892986.0,1153587.0
2025-06-20 10:40:46.494695,418.6,893158.0,1153370.0
2025-06-20 10:40:46.739344,418.6,893158.0,1153370.0
2025-06-20 10:40:47.583108,418.6,893295.0,1153679.0
2025-06-20 10:40:47.733788,418.6,893295.0,1153679.0
2025-06-20 10:40:48.583351,418.55,893398.0,1153518.0
2025-06-20 10:40:48.727842,418.6,893398.0,1153518.0
2025-06-20 10:40:49.579820,418.55,894632.0,1151851.0
2025-06-20 10:40:49.721080,418.55,894632.0,1151851.0
2025-06-20 10:40:50.420194,418.6,897176.0,1153119.0
2025-06-20 10:40:50.718837,418.6,897176.0,1153119.0
2025-06-20 10:40:51.381496,418.6,897479.0,1152684.0
2025-06-20 10:40:51.719624,418.6,897479.0,1152684.0
2025-06-20 10:40:52.390131,418.55,895898.0,1153008.0
2025-06-20 10:40:52.730922,418.55,895898.0,1153008.0
2025-06-20 10:40:53.284502,418.6,895663.0,1152825.0
2025-06-20 10:40:53.733916,418.6,895663.0,1152825.0
2025-06-20 10:40:54.186543,418.6,895663.0,1152883.0
2025-06-20 10:40:55.188555,418.6,895844.0,1152799.0
2025-06-20 10:40:55.718440,418.6,895844.0,1152799.0
2025-06-20 10:40:56.087192,418.65,900214.0,1144208.0
2025-06-20 10:40:56.721198,418.65,900214.0,1144208.0
2025-06-20 10:40:57.091816,418.65,899839.0,1146463.0
2025-06-20 10:40:57.723958,418.65,899839.0,1146463.0
2025-06-20 10:40:58.089234,418.6,899756.0,1147818.0
2025-06-20 10:40:58.736495,418.65,899756.0,1147818.0
2025-06-20 10:40:59.062881,418.65,899652.0,1147558.0
2025-06-20 10:40:59.731594,418.65,899652.0,1147558.0
2025-06-20 10:40:59.889330,418.65,899221.0,1147516.0
2025-06-20 10:41:02.746824,418.85,899221.0,1147516.0
2025-06-20 10:41:06.295126,418.75,902892.0,1138879.0
2025-06-20 10:41:06.729089,418.75,902892.0,1138879.0
2025-06-20 10:41:09.774460,418.8,902892.0,1138879.0
2025-06-20 10:41:12.541944,418.8,908550.0,1140566.0
2025-06-20 10:41:12.740633,418.8,908550.0,1140566.0
2025-06-20 10:41:15.738755,418.85,908550.0,1140566.0
2025-06-20 10:41:18.609183,418.75,909307.0,1142752.0
2025-06-20 10:41:18.743971,418.75,909307.0,1142752.0
2025-06-20 10:41:21.744704,418.8,909307.0,1142752.0
2025-06-20 10:41:24.206118,418.8,911336.0,1139147.0
2025-06-20 10:41:24.752788,418.7,911336.0,1139147.0
2025-06-20 10:41:27.749939,418.65,911336.0,1139147.0
2025-06-20 10:41:30.267476,418.75,908687.0,1143530.0
2025-06-20 10:41:30.732539,418.75,908687.0,1143530.0
2025-06-20 10:41:34.749756,418.85,908687.0,1143530.0
2025-06-20 10:41:36.530204,418.85,911403.0,1140468.0
2025-06-20 10:41:38.831136,418.85,911403.0,1140468.0
2025-06-20 10:41:41.747864,418.8,911403.0,1140468.0
2025-06-20 10:41:42.823022,418.6,908582.0,1146126.0
2025-06-20 10:41:44.739909,418.75,908582.0,1146126.0
2025-06-20 10:41:46.738616,418.6,908582.0,1146126.0
2025-06-20 10:41:48.774696,418.75,908582.0,1146126.0
2025-06-20 10:41:48.780587,418.75,911074.0,1147955.0
2025-06-20 10:41:50.764980,418.65,911074.0,1147955.0
2025-06-20 10:41:52.761146,418.8,911074.0,1147955.0
2025-06-20 10:41:54.068246,418.7,910529.0,1148046.0
2025-06-20 10:41:54.888754,418.65,910529.0,1148046.0
2025-06-20 10:41:56.744570,418.7,910529.0,1148046.0
2025-06-20 10:41:58.732145,418.65,910529.0,1148046.0
2025-06-20 10:41:59.193189,418.65,912067.0,1148383.0
2025-06-20 10:42:00.731689,418.75,912067.0,1148383.0
2025-06-20 10:42:01.440657,418.75,911229.0,1147227.0
2025-06-20 10:42:01.750255,418.75,911229.0,1147227.0
2025-06-20 10:42:02.444201,418.7,902632.0,1149081.0
2025-06-20 10:42:02.744833,418.7,902632.0,1149081.0
2025-06-20 10:42:03.558013,418.65,904345.0,1148010.0
2025-06-20 10:42:03.757322,418.65,904345.0,1148010.0
2025-06-20 10:42:05.043239,418.65,907675.0,1150021.0
2025-06-20 10:42:06.130901,418.6,906084.0,1149789.0
2025-06-20 10:42:06.727459,418.6,906084.0,1149789.0
2025-06-20 10:42:07.236854,418.8,907453.0,1148474.0
2025-06-20 10:42:07.737464,418.8,907453.0,1148474.0
2025-06-20 10:42:08.233896,418.75,907496.0,1148154.0
2025-06-20 10:42:08.729282,418.7,907496.0,1148154.0
2025-06-20 10:42:09.334889,418.7,901676.0,1154011.0
2025-06-20 10:42:10.474003,418.7,905824.0,1149860.0
2025-06-20 10:42:10.769748,418.7,905824.0,1149860.0
2025-06-20 10:42:11.549898,418.55,906556.0,1149961.0
2025-06-20 10:42:11.733628,418.55,906556.0,1149961.0
2025-06-20 10:42:12.663327,418.5,899007.0,1163952.0
2025-06-20 10:42:12.746057,418.5,899007.0,1163952.0
2025-06-20 10:42:13.735236,418.6,899007.0,1163952.0
2025-06-20 10:42:13.757254,418.6,902901.0,1156122.0
2025-06-20 10:42:14.741822,418.45,902901.0,1156122.0
2025-06-20 10:42:14.839828,418.45,898420.0,1160817.0
2025-06-20 10:42:15.734464,418.4,898420.0,1160817.0
2025-06-20 10:42:15.944547,418.4,897404.0,1154332.0
2025-06-20 10:42:16.739072,418.45,897404.0,1154332.0
2025-06-20 10:42:17.047775,418.45,896255.0,1163572.0
2025-06-20 10:42:17.731998,418.45,896255.0,1163572.0
2025-06-20 10:42:18.143477,418.4,894091.0,1163413.0
2025-06-20 10:42:18.734179,418.15,894091.0,1163413.0
2025-06-20 10:42:19.240826,418.15,886104.0,1167093.0
2025-06-20 10:42:19.737324,418.05,886104.0,1167093.0
2025-06-20 10:42:20.345464,417.65,853011.0,1198096.0
2025-06-20 10:42:20.728487,417.8,853011.0,1198096.0
2025-06-20 10:42:21.344776,417.8,863697.0,1180612.0
2025-06-20 10:42:21.729509,417.85,863697.0,1180612.0
2025-06-20 10:42:22.552353,417.85,860532.0,1188063.0
2025-06-20 10:42:22.733843,417.85,860532.0,1188063.0
2025-06-20 10:42:23.554034,417.9,868204.0,1182291.0
2025-06-20 10:42:23.727230,417.9,868204.0,1182291.0
2025-06-20 10:42:24.551043,417.9,867758.0,1183357.0
2025-06-20 10:42:25.645704,418.0,867586.0,1183140.0
2025-06-20 10:42:25.729373,418.05,867586.0,1183140.0
2025-06-20 10:42:26.647144,418.05,876336.0,1170899.0
2025-06-20 10:42:26.737107,418.05,876336.0,1170899.0
2025-06-20 10:42:27.743231,418.1,876336.0,1170899.0
2025-06-20 10:42:27.769101,418.1,877983.0,1171244.0
2025-06-20 10:42:28.732230,418.2,877983.0,1171244.0
2025-06-20 10:42:28.757773,418.2,877223.0,1170391.0
2025-06-20 10:42:29.741495,418.1,877223.0,1170391.0
2025-06-20 10:42:29.847623,418.2,876683.0,1170458.0
2025-06-20 10:42:30.994578,418.2,876683.0,1170458.0
2025-06-20 10:42:31.000078,418.2,877661.0,1170422.0
2025-06-20 10:42:31.780268,418.05,877661.0,1170422.0
2025-06-20 10:42:32.052278,418.05,875451.0,1171029.0
2025-06-20 10:42:32.948826,418.05,876823.0,1171037.0
2025-06-20 10:42:33.774513,418.15,876823.0,1171037.0
2025-06-20 10:42:34.049040,418.15,876447.0,1172684.0
2025-06-20 10:42:34.750232,418.15,876447.0,1172684.0
2025-06-20 10:42:35.157267,418.2,875972.0,1172211.0
2025-06-20 10:42:35.771149,418.1,875972.0,1172211.0
2025-06-20 10:42:36.152929,418.2,875693.0,1171821.0
2025-06-20 10:42:36.740863,418.2,875693.0,1171821.0
2025-06-20 10:42:37.154044,418.05,875852.0,1173337.0
2025-06-20 10:42:37.777166,418.15,875852.0,1173337.0
2025-06-20 10:42:38.155492,418.05,876842.0,1172832.0
2025-06-20 10:42:38.785625,418.15,876842.0,1172832.0
2025-06-20 10:42:39.252509,418.15,877832.0,1171471.0
2025-06-20 10:42:40.352214,418.15,876661.0,1171172.0
2025-06-20 10:42:40.773804,418.15,876661.0,1171172.0
2025-06-20 10:42:41.462557,418.25,878517.0,1151562.0
2025-06-20 10:42:41.980335,418.4,878517.0,1151562.0
2025-06-20 10:42:42.468494,418.2,878075.0,1164593.0
2025-06-20 10:42:42.783064,418.2,878075.0,1164593.0
2025-06-20 10:42:43.460545,418.2,878190.0,1162884.0
2025-06-20 10:42:43.770212,418.2,878190.0,1162884.0
2025-06-20 10:42:44.467709,418.2,878395.0,1163560.0
2025-06-20 10:42:44.803953,418.2,878395.0,1163560.0
2025-06-20 10:42:45.029193,418.2,878395.0,1163560.0
2025-06-20 10:42:45.479365,418.2,878253.0,1163442.0
2025-06-20 10:42:45.724540,418.2,878253.0,1163442.0
2025-06-20 10:42:45.756658,418.35,878253.0,1163442.0
2025-06-20 10:42:46.119937,418.35,878253.0,1163442.0
2025-06-20 10:42:46.696994,418.25,880248.0,1160935.0
2025-06-20 10:42:46.733336,418.25,880248.0,1160935.0
2025-06-20 10:42:46.801493,418.25,880248.0,1160935.0
2025-06-20 10:42:47.484340,418.25,880248.0,1160935.0
2025-06-20 10:42:47.657103,418.4,879702.0,1160720.0
2025-06-20 10:42:47.797897,418.4,879702.0,1160720.0
2025-06-20 10:42:48.059742,418.4,879702.0,1160720.0
2025-06-20 10:42:48.755062,418.35,879702.0,1160720.0
2025-06-20 10:42:48.770367,418.35,880748.0,1157579.0
2025-06-20 10:42:49.089354,418.35,880748.0,1157579.0
2025-06-20 10:42:49.858741,418.35,883003.0,1159931.0
2025-06-20 10:42:50.465759,418.35,883003.0,1159931.0
2025-06-20 10:42:50.806668,418.4,883003.0,1159931.0
2025-06-20 10:42:50.860175,418.4,881252.0,1160201.0
2025-06-20 10:42:51.752126,418.45,881252.0,1160201.0
2025-06-20 10:42:51.818350,418.45,881252.0,1160201.0
2025-06-20 10:42:51.972601,418.45,885622.0,1115633.0
2025-06-20 10:42:52.799097,418.4,885622.0,1115633.0
2025-06-20 10:42:52.888702,418.4,885622.0,1115633.0
2025-06-20 10:42:52.961578,418.45,885794.0,1115449.0
2025-06-20 10:42:53.777282,418.45,885794.0,1115449.0
2025-06-20 10:42:54.061263,418.45,886537.0,1123302.0
2025-06-20 10:42:54.358922,418.45,886537.0,1123302.0
2025-06-20 10:42:54.732914,418.45,886537.0,1123302.0
2025-06-20 10:42:55.162708,418.4,888736.0,1123247.0
2025-06-20 10:42:55.628708,418.4,888736.0,1123247.0
2025-06-20 10:42:55.737317,418.65,888736.0,1123247.0
2025-06-20 10:42:56.732064,418.65,888736.0,1123247.0
2025-06-20 10:42:56.789307,418.65,888915.0,1121337.0
2025-06-20 10:42:56.887106,418.65,888915.0,1121337.0
2025-06-20 10:42:57.743370,418.45,888915.0,1121337.0
2025-06-20 10:42:57.859463,418.45,889562.0,1123821.0
2025-06-20 10:42:58.577472,418.45,889562.0,1123821.0
2025-06-20 10:42:58.739163,418.45,889562.0,1123821.0
2025-06-20 10:42:58.964850,418.45,889494.0,1124103.0
2025-06-20 10:43:01.213246,418.6,889494.0,1124103.0
2025-06-20 10:43:01.220247,418.6,887777.0,1125133.0
2025-06-20 10:43:01.565852,418.5,889331.0,1125179.0
2025-06-20 10:43:01.731641,418.5,889331.0,1125179.0
2025-06-20 10:43:02.578309,418.5,888568.0,1125201.0
2025-06-20 10:43:03.664984,418.6,889405.0,1124934.0
2025-06-20 10:43:03.722806,418.6,889405.0,1124934.0
2025-06-20 10:43:04.776538,418.6,890114.0,1124617.0
2025-06-20 10:43:05.739972,418.5,890114.0,1124617.0
2025-06-20 10:43:05.861419,418.5,889787.0,1124960.0
2025-06-20 10:43:06.725914,418.6,889787.0,1124960.0
2025-06-20 10:43:06.864115,418.6,888983.0,1124240.0
2025-06-20 10:43:07.965286,418.6,888381.0,1124488.0
2025-06-20 10:43:08.729848,418.55,888381.0,1124488.0
2025-06-20 10:43:08.968445,418.55,888721.0,1124890.0
2025-06-20 10:43:09.727239,418.65,888721.0,1124890.0
2025-06-20 10:43:10.064054,418.65,888936.0,1124743.0
2025-06-20 10:43:10.726924,418.65,888936.0,1124743.0
2025-06-20 10:43:11.164691,418.45,887639.0,1125400.0
2025-06-20 10:43:11.724902,418.45,887639.0,1125400.0
2025-06-20 10:43:12.065457,418.45,887574.0,1123580.0
2025-06-20 10:43:12.725138,418.45,887574.0,1123580.0
2025-06-20 10:43:13.064950,418.45,886648.0,1123694.0
2025-06-20 10:43:13.726998,418.45,886648.0,1123694.0
2025-06-20 10:43:14.168960,418.45,886482.0,1124626.0
2025-06-20 10:43:14.725034,418.6,886482.0,1124626.0
2025-06-20 10:43:15.168279,418.6,886830.0,1124811.0
2025-06-20 10:43:15.727165,418.6,886830.0,1124811.0
2025-06-20 10:43:16.269703,418.5,886989.0,1125179.0
2025-06-20 10:43:16.728087,418.5,886989.0,1125179.0
2025-06-20 10:43:17.269797,418.5,886241.0,1125813.0
2025-06-20 10:43:18.170351,418.55,886217.0,1126379.0
2025-06-20 10:43:18.730968,418.55,886217.0,1126379.0
2025-06-20 10:43:19.272696,418.55,887259.0,1126832.0
2025-06-20 10:43:19.729305,418.55,887259.0,1126832.0
2025-06-20 10:43:20.372869,418.6,887425.0,1126674.0
2025-06-20 10:43:20.728876,418.6,887425.0,1126674.0
2025-06-20 10:43:21.481894,418.45,887051.0,1128064.0
2025-06-20 10:43:21.728737,418.45,887051.0,1128064.0
2025-06-20 10:43:22.582747,418.45,887096.0,1128655.0
2025-06-20 10:43:23.677573,418.55,886067.0,1128588.0
2025-06-20 10:43:23.727377,418.55,886067.0,1128588.0
2025-06-20 10:43:24.682728,418.6,886297.0,1131224.0
2025-06-20 10:43:24.729922,418.6,886297.0,1131224.0
2025-06-20 10:43:25.789757,418.6,886482.0,1132335.0
2025-06-20 10:43:26.728158,418.6,886482.0,1132335.0
2025-06-20 10:43:26.878219,418.6,886585.0,1132761.0
2025-06-20 10:43:27.986631,418.45,885234.0,1132669.0
2025-06-20 10:43:28.728436,418.45,885234.0,1132669.0
2025-06-20 10:43:28.886256,418.45,878408.0,1142571.0
2025-06-20 10:43:29.727756,418.45,878408.0,1142571.0
2025-06-20 10:43:29.988000,418.45,876609.0,1139224.0
2025-06-20 10:43:30.730107,418.45,876609.0,1139224.0
2025-06-20 10:43:31.082241,418.3,879210.0,1139612.0
2025-06-20 10:43:31.728445,418.3,879210.0,1139612.0
2025-06-20 10:43:32.190485,418.3,879060.0,1138591.0
2025-06-20 10:43:33.183407,418.3,878899.0,1139921.0
2025-06-20 10:43:33.727903,418.4,878899.0,1139921.0
2025-06-20 10:43:34.283158,418.4,881134.0,1139480.0
2025-06-20 10:43:34.730639,418.25,881134.0,1139480.0
2025-06-20 10:43:35.183530,418.25,880191.0,1139080.0
2025-06-20 10:43:35.731125,418.25,880191.0,1139080.0
2025-06-20 10:43:36.284097,418.25,880113.0,1139222.0
2025-06-20 10:43:36.728355,418.25,880113.0,1139222.0
2025-06-20 10:43:37.443328,418.25,880430.0,1140478.0
2025-06-20 10:43:37.728317,418.4,880430.0,1140478.0
2025-06-20 10:43:38.496245,418.25,881411.0,1142000.0
2025-06-20 10:43:38.733722,418.25,881411.0,1142000.0
2025-06-20 10:43:39.587103,418.35,881898.0,1141907.0
2025-06-20 10:43:39.731418,418.35,881898.0,1141907.0
2025-06-20 10:43:40.696436,418.35,881551.0,1141512.0
2025-06-20 10:43:40.728121,418.35,881551.0,1141512.0
2025-06-20 10:43:41.737012,418.35,881551.0,1141512.0
2025-06-20 10:43:41.792785,418.35,881169.0,1141803.0
2025-06-20 10:43:42.729149,418.4,881169.0,1141803.0
2025-06-20 10:43:42.896468,418.4,880997.0,1142084.0
2025-06-20 10:43:43.738045,418.4,880997.0,1142084.0
2025-06-20 10:43:43.998301,418.4,881591.0,1140708.0
2025-06-20 10:43:44.732044,418.4,881591.0,1140708.0
2025-06-20 10:43:45.091430,418.4,881557.0,1140573.0
2025-06-20 10:43:45.729292,418.4,881557.0,1140573.0
2025-06-20 10:43:46.193266,418.25,878734.0,1140998.0
2025-06-20 10:43:46.738121,418.25,878734.0,1140998.0
2025-06-20 10:43:47.289447,418.25,880876.0,1143369.0
2025-06-20 10:43:47.728837,418.25,880876.0,1143369.0
2025-06-20 10:43:48.394879,418.3,879933.0,1143648.0
2025-06-20 10:43:48.736006,418.25,879933.0,1143648.0
2025-06-20 10:43:49.722951,418.3,881398.0,1143678.0
2025-06-20 10:43:49.730319,418.3,881398.0,1143678.0
2025-06-20 10:43:50.591332,418.3,881476.0,1142833.0
2025-06-20 10:43:50.735947,418.3,881476.0,1142833.0
2025-06-20 10:43:51.724651,418.25,881256.0,1143202.0
2025-06-20 10:43:51.730766,418.25,881256.0,1143202.0
2025-06-20 10:43:52.716920,418.35,881509.0,1143404.0
2025-06-20 10:43:52.732201,418.35,881509.0,1143404.0
2025-06-20 10:43:53.694734,418.3,880297.0,1144116.0
2025-06-20 10:43:53.731764,418.3,880297.0,1144116.0
2025-06-20 10:43:54.797101,418.3,880776.0,1144392.0
2025-06-20 10:43:56.025640,418.3,880019.0,1144538.0
2025-06-20 10:43:56.735555,418.25,880019.0,1144538.0
2025-06-20 10:43:56.906518,418.25,880394.0,1147220.0
2025-06-20 10:43:58.013712,418.25,880367.0,1145932.0
2025-06-20 10:43:58.735600,418.25,880367.0,1145932.0
2025-06-20 10:43:59.105500,418.3,879103.0,1147485.0
2025-06-20 10:43:59.733579,418.3,879103.0,1147485.0
2025-06-20 10:44:00.230697,418.3,880371.0,1146793.0
2025-06-20 10:44:01.751588,418.3,880371.0,1146793.0
2025-06-20 10:44:02.428291,418.3,880241.0,1146001.0
2025-06-20 10:44:03.754989,418.3,880241.0,1146001.0
2025-06-20 10:44:05.770511,418.25,880241.0,1146001.0
2025-06-20 10:44:07.751911,418.25,880241.0,1146001.0
2025-06-20 10:44:07.923779,418.25,879043.0,1146375.0
2025-06-20 10:44:09.751451,418.3,879043.0,1146375.0
2025-06-20 10:44:11.757101,418.15,879043.0,1146375.0
2025-06-20 10:44:13.313105,418.05,873431.0,1152487.0
2025-06-20 10:44:13.777228,418.1,873431.0,1152487.0
2025-06-20 10:44:15.768952,418.1,873431.0,1152487.0
2025-06-20 10:44:17.789167,418.15,873431.0,1152487.0
2025-06-20 10:44:19.253908,418.15,872969.0,1153152.0
2025-06-20 10:44:19.792003,418.15,872969.0,1153152.0
2025-06-20 10:44:21.758713,418.1,872969.0,1153152.0
2025-06-20 10:44:23.771247,418.05,872969.0,1153152.0
2025-06-20 10:44:24.816194,418.1,873919.0,1151147.0
2025-06-20 10:44:25.760767,418.15,873919.0,1151147.0
2025-06-20 10:44:27.746927,418.3,873919.0,1151147.0
2025-06-20 10:44:29.747933,418.25,873919.0,1151147.0
2025-06-20 10:44:30.438712,418.15,875297.0,1148761.0
2025-06-20 10:44:31.754081,418.15,875297.0,1148761.0
2025-06-20 10:44:33.748475,418.15,875297.0,1148761.0
2025-06-20 10:44:35.762606,418.15,875297.0,1148761.0
2025-06-20 10:44:35.939642,418.15,876732.0,1148718.0
2025-06-20 10:44:37.767024,418.15,876732.0,1148718.0
2025-06-20 10:44:39.763324,418.25,876732.0,1148718.0
2025-06-20 10:44:41.442134,418.15,877184.0,1147878.0
2025-06-20 10:44:41.748174,418.15,877184.0,1147878.0
2025-06-20 10:44:43.774815,418.15,877184.0,1147878.0
2025-06-20 10:44:45.802353,418.35,877184.0,1147878.0
2025-06-20 10:44:46.742834,418.35,877791.0,1151078.0
2025-06-20 10:44:47.803366,418.35,877791.0,1151078.0
2025-06-20 10:44:49.748655,418.45,877791.0,1151078.0
2025-06-20 10:44:51.752574,418.25,877791.0,1151078.0
2025-06-20 10:44:52.134071,418.4,880777.0,1148483.0
2025-06-20 10:44:53.754128,418.25,880777.0,1148483.0
2025-06-20 10:44:55.760957,418.2,880777.0,1148483.0
2025-06-20 10:44:57.237762,418.2,880493.0,1153473.0
2025-06-20 10:44:57.764188,418.4,880493.0,1153473.0
2025-06-20 10:44:59.760419,418.4,880493.0,1153473.0
2025-06-20 10:45:01.767815,418.4,880493.0,1153473.0
2025-06-20 10:45:02.577762,418.4,880155.0,1153737.0
2025-06-20 10:45:04.745369,418.4,880155.0,1153737.0
2025-06-20 10:45:07.755224,418.4,880155.0,1153737.0
2025-06-20 10:45:08.147559,418.4,879336.0,1152429.0
2025-06-20 10:45:10.758902,418.35,879336.0,1152429.0
2025-06-20 10:45:13.450926,418.5,881358.0,1143726.0
2025-06-20 10:45:13.747248,418.5,881358.0,1143726.0
2025-06-20 10:45:16.782209,418.4,881358.0,1143726.0
2025-06-20 10:45:19.085701,418.4,881640.0,1144524.0
2025-06-20 10:45:19.766722,418.4,881640.0,1144524.0
2025-06-20 10:45:22.763414,418.5,881640.0,1144524.0
2025-06-20 10:45:24.774167,418.5,881983.0,1146587.0
2025-06-20 10:45:25.762293,418.35,881983.0,1146587.0
2025-06-20 10:45:27.794056,418.35,881983.0,1146587.0
2025-06-20 10:45:29.752707,418.45,881983.0,1146587.0
2025-06-20 10:45:29.967411,418.45,880991.0,1148336.0
2025-06-20 10:45:31.752382,418.5,880991.0,1148336.0
2025-06-20 10:45:33.755854,418.5,880991.0,1148336.0
2025-06-20 10:45:34.966579,418.5,881947.0,1148236.0
2025-06-20 10:45:35.765164,418.35,881947.0,1148236.0
2025-06-20 10:45:37.767997,418.45,881947.0,1148236.0
2025-06-20 10:45:39.758214,418.35,881947.0,1148236.0
2025-06-20 10:45:40.474224,418.35,882444.0,1150091.0
2025-06-20 10:45:41.759624,418.35,882444.0,1150091.0
2025-06-20 10:45:43.756659,418.45,882444.0,1150091.0
2025-06-20 10:45:45.446768,418.45,882444.0,1150091.0
2025-06-20 10:45:45.764819,418.5,882444.0,1150091.0
2025-06-20 10:45:45.822879,418.5,882444.0,1150091.0
2025-06-20 10:45:46.076159,418.5,880827.0,1148391.0
2025-06-20 10:45:46.163190,418.5,880827.0,1148391.0
2025-06-20 10:45:47.169357,418.5,880827.0,1148391.0
2025-06-20 10:45:47.754397,418.5,880827.0,1148391.0
2025-06-20 10:45:48.245471,418.5,880827.0,1148391.0
2025-06-20 10:45:49.296525,418.5,880827.0,1148391.0
2025-06-20 10:45:49.742454,418.45,880827.0,1148391.0
2025-06-20 10:45:50.682606,418.45,880827.0,1148391.0
2025-06-20 10:45:51.384941,418.3,878321.0,1157591.0
2025-06-20 10:45:51.757131,418.3,878321.0,1157591.0
2025-06-20 10:45:52.054130,418.3,878321.0,1157591.0
2025-06-20 10:45:53.043063,418.3,878321.0,1157591.0
2025-06-20 10:45:53.749036,418.25,878321.0,1157591.0
2025-06-20 10:45:54.625418,418.25,878321.0,1157591.0
2025-06-20 10:45:55.751149,418.3,878321.0,1157591.0
2025-06-20 10:45:55.872081,418.3,878321.0,1157591.0
