timestamp,ltp,bid_qty,ask_qty
2025-06-20 10:10:48.214574,998.2,161345.0,225175.0
2025-06-20 10:10:48.866746,998.2,161586.0,225361.0
2025-06-20 10:10:49.873288,998.2,161586.0,225343.0
2025-06-20 10:10:50.865789,998.2,161554.0,225345.0
2025-06-20 10:10:51.593644,998.05,161554.0,225345.0
2025-06-20 10:10:51.767055,998.5,163371.0,224398.0
2025-06-20 10:10:52.588918,998.5,163371.0,224398.0
2025-06-20 10:10:52.863103,998.5,163259.0,224390.0
2025-06-20 10:10:53.866531,998.5,163094.0,224148.0
2025-06-20 10:10:54.864934,998.5,164052.0,222741.0
2025-06-20 10:10:55.586277,998.5,164052.0,222741.0
2025-06-20 10:10:55.866829,998.5,165735.0,223049.0
2025-06-20 10:10:56.592183,998.45,165735.0,223049.0
2025-06-20 10:10:56.874557,998.45,165632.0,223229.0
2025-06-20 10:10:57.587306,998.45,165632.0,223229.0
2025-06-20 10:10:57.876625,998.45,165591.0,223225.0
2025-06-20 10:10:58.608492,998.9,165591.0,223225.0
2025-06-20 10:10:59.065696,998.9,165708.0,222734.0
2025-06-20 10:11:00.165880,998.9,165594.0,222773.0
2025-06-20 10:11:01.267917,998.95,165398.0,220937.0
2025-06-20 10:11:01.599830,998.95,165398.0,220937.0
2025-06-20 10:11:02.370091,999.05,166654.0,218568.0
2025-06-20 10:11:02.589019,999.05,166654.0,218568.0
2025-06-20 10:11:03.472345,999.05,166770.0,218936.0
2025-06-20 10:11:04.571009,999.5,168144.0,217857.0
2025-06-20 10:11:04.590413,999.5,168144.0,217857.0
2025-06-20 10:11:05.590307,999.55,168144.0,217857.0
2025-06-20 10:11:05.670692,999.55,168492.0,219281.0
2025-06-20 10:11:06.596863,999.55,168492.0,219281.0
2025-06-20 10:11:06.771974,999.55,168359.0,219209.0
2025-06-20 10:11:07.600134,999.8,168359.0,219209.0
2025-06-20 10:11:07.876693,999.8,168175.0,219207.0
2025-06-20 10:11:08.886127,999.8,168232.0,219508.0
2025-06-20 10:11:09.972636,999.8,168170.0,219445.0
2025-06-20 10:11:10.641335,999.25,168170.0,219445.0
2025-06-20 10:11:10.976831,999.25,168273.0,219596.0
2025-06-20 10:11:11.597416,999.4,168273.0,219596.0
2025-06-20 10:11:12.107714,999.4,168470.0,219637.0
2025-06-20 10:11:13.640736,999.4,168470.0,219637.0
2025-06-20 10:11:13.710530,999.4,168000.0,219639.0
2025-06-20 10:11:14.594452,999.8,168000.0,219639.0
2025-06-20 10:11:14.684783,999.8,170350.0,213887.0
2025-06-20 10:11:15.607231,999.5,170350.0,213887.0
2025-06-20 10:11:15.779101,999.5,168044.0,217621.0
2025-06-20 10:11:16.778578,999.5,168398.0,217802.0
2025-06-20 10:11:17.778679,999.5,169264.0,217501.0
2025-06-20 10:11:19.311738,999.5,169238.0,217610.0
2025-06-20 10:11:19.885324,999.5,169233.0,217657.0
2025-06-20 10:11:20.778390,999.5,169154.0,217725.0
2025-06-20 10:11:21.644642,999.8,169154.0,217725.0
2025-06-20 10:11:21.908542,999.8,169334.0,217589.0
2025-06-20 10:11:22.649303,1000.0,169334.0,217589.0
2025-06-20 10:11:22.904836,1000.0,169202.0,215630.0
2025-06-20 10:11:23.981843,999.8,169715.0,214435.0
2025-06-20 10:11:24.640010,999.8,169715.0,214435.0
2025-06-20 10:11:25.107345,999.8,170230.0,214613.0
2025-06-20 10:11:26.251211,999.8,170230.0,214613.0
2025-06-20 10:11:26.286119,999.75,169742.0,214877.0
2025-06-20 10:11:26.848539,999.6,169742.0,214877.0
2025-06-20 10:11:27.284985,999.6,169431.0,215818.0
2025-06-20 10:11:28.396702,999.6,169374.0,215737.0
2025-06-20 10:11:28.870875,999.8,169374.0,215737.0
2025-06-20 10:11:29.497943,999.8,169378.0,215734.0
2025-06-20 10:11:30.867808,999.8,169344.0,215630.0
2025-06-20 10:11:31.589252,999.5,169344.0,215630.0
2025-06-20 10:11:31.689549,999.5,169665.0,215431.0
2025-06-20 10:11:32.595743,998.9,169665.0,215431.0
2025-06-20 10:11:32.795741,998.9,153626.0,221209.0
2025-06-20 10:11:33.591011,998.25,153626.0,221209.0
2025-06-20 10:11:33.924045,998.25,157564.0,223832.0
2025-06-20 10:11:34.596468,998.05,157564.0,223832.0
2025-06-20 10:11:34.991059,998.05,155266.0,225918.0
2025-06-20 10:11:35.588733,997.85,155266.0,225918.0
2025-06-20 10:11:36.095296,998.3,156444.0,225675.0
2025-06-20 10:11:36.590911,998.3,156444.0,225675.0
2025-06-20 10:11:37.093376,998.2,157030.0,225592.0
2025-06-20 10:11:37.595841,998.2,157030.0,225592.0
2025-06-20 10:11:38.212565,998.25,157563.0,225636.0
2025-06-20 10:11:38.587371,998.25,157563.0,225636.0
2025-06-20 10:11:39.309376,998.25,157981.0,225696.0
2025-06-20 10:11:40.415971,998.25,158014.0,225696.0
2025-06-20 10:11:40.591524,997.9,158014.0,225696.0
2025-06-20 10:11:41.497616,998.25,157563.0,225997.0
2025-06-20 10:11:41.587332,998.25,157563.0,225997.0
2025-06-20 10:11:42.506746,997.5,157896.0,225618.0
2025-06-20 10:11:42.592979,997.5,157896.0,225618.0
2025-06-20 10:11:43.600952,997.65,157896.0,225618.0
2025-06-20 10:11:43.616889,997.65,160716.0,226037.0
2025-06-20 10:11:44.698369,997.65,160973.0,226196.0
2025-06-20 10:11:45.594675,997.85,160973.0,226196.0
2025-06-20 10:11:45.813644,997.85,160768.0,226051.0
2025-06-20 10:11:46.915275,997.85,160897.0,226396.0
2025-06-20 10:11:47.999712,997.85,160868.0,226374.0
2025-06-20 10:11:48.590848,997.85,160868.0,226374.0
2025-06-20 10:11:49.100762,997.85,157505.0,227241.0
2025-06-20 10:11:49.593611,998.1,157505.0,227241.0
2025-06-20 10:11:50.200462,998.1,161345.0,228130.0
2025-06-20 10:11:51.363252,998.1,161359.0,227996.0
2025-06-20 10:11:52.432468,998.1,161810.0,227673.0
2025-06-20 10:11:53.532953,998.1,161985.0,226723.0
2025-06-20 10:11:54.505536,998.1,161952.0,226091.0
2025-06-20 10:11:55.598180,997.85,161952.0,226091.0
2025-06-20 10:11:55.617952,997.85,161560.0,227093.0
2025-06-20 10:11:56.714835,997.85,161882.0,227601.0
2025-06-20 10:11:57.835124,997.85,161900.0,225597.0
2025-06-20 10:11:59.004789,998.95,164625.0,220250.0
2025-06-20 10:11:59.595579,998.6,164625.0,220250.0
2025-06-20 10:12:00.005210,999.25,164844.0,218444.0
2025-06-20 10:12:01.106000,999.25,165094.0,218804.0
2025-06-20 10:12:01.600850,999.25,165094.0,218804.0
2025-06-20 10:12:02.207388,999.25,164830.0,219346.0
2025-06-20 10:12:02.595013,998.8,164830.0,219346.0
2025-06-20 10:12:03.210992,998.8,165073.0,219327.0
2025-06-20 10:12:04.420985,998.8,165487.0,218425.0
2025-06-20 10:12:05.433625,998.8,166097.0,218602.0
2025-06-20 10:12:06.522838,999.0,166654.0,218285.0
2025-06-20 10:12:06.596481,999.0,166654.0,218285.0
2025-06-20 10:12:07.526617,999.0,166289.0,217949.0
2025-06-20 10:12:08.597073,999.35,166289.0,217949.0
2025-06-20 10:12:08.632474,999.35,168880.0,214907.0
2025-06-20 10:12:09.636875,999.35,169440.0,214900.0
2025-06-20 10:12:10.598760,999.45,169440.0,214900.0
2025-06-20 10:12:10.625821,999.45,169736.0,215284.0
2025-06-20 10:12:11.640993,999.45,169874.0,215411.0
2025-06-20 10:12:12.626532,999.45,170072.0,215388.0
2025-06-20 10:12:13.593108,999.45,170072.0,215388.0
2025-06-20 10:12:13.857285,999.45,168422.0,215832.0
2025-06-20 10:12:14.622593,999.45,168422.0,215832.0
2025-06-20 10:12:14.865041,999.45,168539.0,215847.0
2025-06-20 10:12:15.591948,999.6,168539.0,215847.0
2025-06-20 10:12:15.949991,999.6,169045.0,214233.0
2025-06-20 10:12:17.016773,999.6,168894.0,214009.0
2025-06-20 10:12:18.039981,999.6,168894.0,213716.0
2025-06-20 10:12:18.601796,1000.75,168894.0,213716.0
2025-06-20 10:12:19.119049,1000.75,173165.0,207640.0
2025-06-20 10:12:19.590770,1000.1,173165.0,207640.0
2025-06-20 10:12:20.217074,1000.5,173439.0,208162.0
2025-06-20 10:12:20.594233,1000.1,173439.0,208162.0
2025-06-20 10:12:21.220447,1000.5,173091.0,207727.0
2025-06-20 10:12:21.594329,1000.5,173091.0,207727.0
2025-06-20 10:12:22.240733,1000.5,174774.0,205321.0
2025-06-20 10:12:23.220933,1000.5,174556.0,205967.0
2025-06-20 10:12:24.221058,1000.65,174485.0,206020.0
2025-06-20 10:12:24.598425,1000.65,174485.0,206020.0
2025-06-20 10:12:25.336139,1000.65,174661.0,205954.0
2025-06-20 10:12:26.406133,1000.5,174519.0,204796.0
2025-06-20 10:12:26.606003,1000.5,174519.0,204796.0
2025-06-20 10:12:27.430554,1000.5,174219.0,205509.0
2025-06-20 10:12:27.594897,1000.5,174219.0,205509.0
2025-06-20 10:12:28.372489,1000.5,174209.0,205535.0
2025-06-20 10:12:29.442799,1000.65,173423.0,206498.0
2025-06-20 10:12:29.592609,1000.65,173423.0,206498.0
2025-06-20 10:12:30.533871,1000.35,173412.0,206562.0
2025-06-20 10:12:30.598808,1000.35,173412.0,206562.0
2025-06-20 10:12:31.651821,1000.35,171845.0,207398.0
2025-06-20 10:12:32.605977,1001.4,171845.0,207398.0
2025-06-20 10:12:32.643363,1001.4,176693.0,202587.0
2025-06-20 10:12:33.594349,1001.3,176693.0,202587.0
2025-06-20 10:12:33.743043,1001.3,176104.0,203835.0
2025-06-20 10:12:34.596616,1001.25,176104.0,203835.0
2025-06-20 10:12:34.869073,1001.25,175596.0,205563.0
2025-06-20 10:12:35.597128,1001.65,175596.0,205563.0
2025-06-20 10:12:35.937790,1001.65,175509.0,204882.0
2025-06-20 10:12:37.029199,1001.15,175118.0,206206.0
2025-06-20 10:12:37.602168,1001.6,175118.0,206206.0
2025-06-20 10:12:38.131154,1001.6,175440.0,205335.0
2025-06-20 10:12:39.131520,1001.6,175756.0,205553.0
2025-06-20 10:12:40.233969,1001.25,175544.0,205588.0
2025-06-20 10:12:40.521663,1001.25,175544.0,205588.0
2025-06-20 10:12:40.596186,1001.3,175544.0,205588.0
2025-06-20 10:12:40.918985,1001.3,175544.0,205588.0
2025-06-20 10:12:41.140043,1001.3,175544.0,205588.0
2025-06-20 10:12:41.363925,1001.3,176785.0,205299.0
2025-06-20 10:12:41.437659,1001.3,176785.0,205299.0
2025-06-20 10:12:42.291574,1001.3,176785.0,205299.0
2025-06-20 10:12:42.442755,1001.3,176245.0,205435.0
2025-06-20 10:12:42.594675,1001.3,176245.0,205435.0
2025-06-20 10:12:42.954746,1001.3,176245.0,205435.0
2025-06-20 10:12:43.437462,1001.3,176245.0,205435.0
2025-06-20 10:12:43.536840,1001.6,176762.0,205867.0
2025-06-20 10:12:43.595324,1001.6,176762.0,205867.0
2025-06-20 10:12:43.942260,1001.6,176762.0,205867.0
2025-06-20 10:12:44.619508,1001.6,176762.0,205867.0
2025-06-20 10:12:44.665691,1001.35,176618.0,205720.0
2025-06-20 10:12:44.667624,1001.35,176618.0,205720.0
2025-06-20 10:12:45.417578,1001.35,176618.0,205720.0
2025-06-20 10:12:45.536293,1001.35,176717.0,205529.0
2025-06-20 10:12:46.609139,1001.3,176717.0,205529.0
2025-06-20 10:12:46.680780,1001.3,176717.0,205529.0
2025-06-20 10:12:46.698381,1001.3,176761.0,205700.0
2025-06-20 10:12:47.602545,1001.25,176761.0,205700.0
2025-06-20 10:12:47.649134,1001.25,176761.0,205700.0
2025-06-20 10:12:47.735805,1001.25,172753.0,206250.0
2025-06-20 10:12:48.600678,1001.2,172753.0,206250.0
2025-06-20 10:12:48.866262,1001.2,176632.0,204101.0
2025-06-20 10:12:49.161987,1001.2,176632.0,204101.0
2025-06-20 10:12:49.600330,1001.2,176632.0,204101.0
2025-06-20 10:12:49.937590,1001.2,176356.0,205771.0
2025-06-20 10:12:50.474426,1001.2,176356.0,205771.0
2025-06-20 10:12:51.040253,1001.2,176279.0,206853.0
2025-06-20 10:12:51.605573,1001.2,176279.0,206853.0
2025-06-20 10:12:51.711688,1001.2,176279.0,206853.0
2025-06-20 10:12:52.141144,1001.2,176074.0,207198.0
2025-06-20 10:12:53.241748,1001.2,176321.0,207255.0
2025-06-20 10:12:53.264263,1001.2,176321.0,207255.0
2025-06-20 10:12:53.612612,1001.2,176321.0,207255.0
2025-06-20 10:12:54.355476,1001.55,176813.0,205309.0
2025-06-20 10:12:54.605358,1001.55,176813.0,205309.0
2025-06-20 10:12:55.459964,1001.6,176720.0,205083.0
2025-06-20 10:12:55.597566,1001.6,176720.0,205083.0
2025-06-20 10:12:56.454931,1001.6,177297.0,204476.0
2025-06-20 10:12:57.551644,1001.6,176938.0,204144.0
2025-06-20 10:12:57.635081,1001.6,176938.0,204144.0
2025-06-20 10:12:58.654052,1001.2,175677.0,206191.0
2025-06-20 10:12:59.597036,1001.0,175677.0,206191.0
2025-06-20 10:12:59.751840,1001.0,175683.0,207435.0
2025-06-20 10:13:00.633866,1000.85,175683.0,207435.0
2025-06-20 10:13:00.945489,1000.85,175835.0,207873.0
2025-06-20 10:13:01.595006,1000.9,175835.0,207873.0
2025-06-20 10:13:01.949140,1000.9,175840.0,207826.0
2025-06-20 10:13:02.598255,1000.9,175840.0,207826.0
2025-06-20 10:13:03.049880,1000.9,175792.0,207888.0
2025-06-20 10:13:04.150854,1000.9,175819.0,207917.0
2025-06-20 10:13:05.252890,1001.55,176322.0,207672.0
2025-06-20 10:13:05.604416,1001.55,176322.0,207672.0
2025-06-20 10:13:06.365017,1001.0,175871.0,208129.0
2025-06-20 10:13:06.601356,1001.0,175871.0,208129.0
2025-06-20 10:13:07.460204,1000.95,176250.0,208167.0
2025-06-20 10:13:07.596260,1000.95,176250.0,208167.0
2025-06-20 10:13:08.552561,1000.95,176490.0,208248.0
2025-06-20 10:13:09.655515,1000.95,175899.0,208372.0
2025-06-20 10:13:10.599265,1001.05,175899.0,208372.0
2025-06-20 10:13:10.756789,1001.05,176624.0,208059.0
2025-06-20 10:13:11.756112,1001.05,176611.0,208312.0
2025-06-20 10:13:12.600511,1001.0,176611.0,208312.0
2025-06-20 10:13:12.869668,1001.0,176290.0,208367.0
2025-06-20 10:13:13.959020,1001.0,176444.0,208283.0
2025-06-20 10:13:14.602124,1001.0,176444.0,208283.0
2025-06-20 10:13:15.058425,1001.0,173705.0,210962.0
2025-06-20 10:13:15.601151,1001.0,173705.0,210962.0
2025-06-20 10:13:16.159422,1000.85,174834.0,209791.0
2025-06-20 10:13:16.602497,1000.85,174834.0,209791.0
2025-06-20 10:13:17.262293,1001.0,172948.0,211033.0
2025-06-20 10:13:17.599541,1000.75,172948.0,211033.0
2025-06-20 10:13:18.371999,1000.75,173448.0,211509.0
2025-06-20 10:13:19.369030,1000.45,173454.0,212481.0
2025-06-20 10:13:19.603345,1000.45,173454.0,212481.0
2025-06-20 10:13:20.376530,1000.45,171451.0,213582.0
2025-06-20 10:13:20.602773,1000.2,171451.0,213582.0
2025-06-20 10:13:21.372231,1000.6,171807.0,214199.0
2025-06-20 10:13:21.602147,1000.6,171807.0,214199.0
2025-06-20 10:13:22.468693,1000.6,172811.0,213454.0
2025-06-20 10:13:23.470185,1000.15,170370.0,214569.0
2025-06-20 10:13:23.603351,1000.15,170370.0,214569.0
2025-06-20 10:13:24.568064,1000.15,171332.0,214724.0
2025-06-20 10:13:25.471401,1000.15,171485.0,214687.0
2025-06-20 10:13:26.465743,1000.15,171116.0,214175.0
2025-06-20 10:13:27.465250,1000.5,172435.0,213439.0
2025-06-20 10:13:27.598607,1000.5,172435.0,213439.0
2025-06-20 10:13:28.517275,1000.5,166811.0,214252.0
2025-06-20 10:13:28.596459,1000.5,166811.0,214252.0
2025-06-20 10:13:29.567769,999.9,168126.0,216125.0
2025-06-20 10:13:29.600066,999.9,168126.0,216125.0
2025-06-20 10:13:30.571775,999.9,169080.0,216808.0
2025-06-20 10:13:31.598561,1000.1,169080.0,216808.0
2025-06-20 10:13:31.678662,1000.1,168932.0,216057.0
2025-06-20 10:13:32.609023,1000.1,168932.0,216057.0
2025-06-20 10:13:32.773255,1000.1,168790.0,215229.0
2025-06-20 10:13:33.885644,1000.1,169704.0,216188.0
2025-06-20 10:13:34.970398,1000.1,169791.0,216012.0
2025-06-20 10:13:36.075255,1000.1,169664.0,215633.0
2025-06-20 10:13:37.571259,1000.35,171180.0,212986.0
2025-06-20 10:13:37.601256,1000.35,171180.0,212986.0
2025-06-20 10:13:38.594960,1000.75,171180.0,212986.0
2025-06-20 10:13:38.675773,1000.75,172230.0,212935.0
2025-06-20 10:13:39.596672,1000.25,172230.0,212935.0
2025-06-20 10:13:39.773615,1000.25,171773.0,212727.0
2025-06-20 10:13:40.603659,1000.15,171773.0,212727.0
2025-06-20 10:13:40.891027,1000.15,171455.0,212926.0
2025-06-20 10:13:41.976599,1000.15,171429.0,212526.0
2025-06-20 10:13:43.078411,1000.15,171145.0,213007.0
2025-06-20 10:13:43.981732,1000.15,171145.0,213524.0
2025-06-20 10:13:45.078249,1000.15,171351.0,213576.0
2025-06-20 10:13:46.179937,1000.15,171482.0,213645.0
2025-06-20 10:13:47.280675,1000.15,171906.0,213621.0
2025-06-20 10:13:48.480784,1000.15,171906.0,213630.0
2025-06-20 10:13:49.482525,1000.15,171987.0,213625.0
2025-06-20 10:13:50.584009,1000.85,174015.0,211206.0
2025-06-20 10:13:50.603913,1000.85,174015.0,211206.0
2025-06-20 10:13:51.683206,1000.85,172876.0,212892.0
2025-06-20 10:13:52.603568,1000.7,172876.0,212892.0
2025-06-20 10:13:52.897371,1000.7,172961.0,212237.0
2025-06-20 10:13:53.985219,1000.7,172972.0,212890.0
2025-06-20 10:13:54.985002,1000.7,172987.0,213050.0
2025-06-20 10:13:56.087102,1000.7,172987.0,213045.0
2025-06-20 10:13:57.183766,1000.7,172859.0,213211.0
2025-06-20 10:13:58.284604,1000.7,172754.0,213089.0
2025-06-20 10:13:59.398607,1000.7,172796.0,213056.0
2025-06-20 10:14:00.422301,1000.85,173943.0,210845.0
2025-06-20 10:14:00.612587,1000.85,173943.0,210845.0
2025-06-20 10:14:01.787253,1001.0,172803.0,211126.0
2025-06-20 10:14:02.652347,1001.0,172803.0,211126.0
2025-06-20 10:14:02.789124,1001.0,173377.0,211432.0
2025-06-20 10:14:03.600604,1000.95,173377.0,211432.0
2025-06-20 10:14:03.790097,1000.95,173339.0,211710.0
2025-06-20 10:14:04.607565,1000.45,173339.0,211710.0
2025-06-20 10:14:04.904222,1000.45,173281.0,211675.0
2025-06-20 10:14:05.906525,1000.45,173400.0,211830.0
2025-06-20 10:14:06.993074,1000.45,173306.0,211711.0
2025-06-20 10:14:08.093619,1000.45,173339.0,212188.0
2025-06-20 10:14:08.608082,1000.45,173339.0,212188.0
2025-06-20 10:14:09.092511,1000.45,173338.0,212084.0
2025-06-20 10:14:10.192929,1000.45,173338.0,211982.0
2025-06-20 10:14:10.601120,1000.35,173338.0,211982.0
2025-06-20 10:14:11.419901,1000.35,173335.0,211325.0
2025-06-20 10:14:11.609849,999.45,173335.0,211325.0
2025-06-20 10:14:12.302447,999.45,171151.0,213436.0
2025-06-20 10:14:13.298153,1000.45,171257.0,213278.0
2025-06-20 10:14:13.608651,1000.45,171257.0,213278.0
2025-06-20 10:14:14.301682,1000.45,170955.0,214385.0
2025-06-20 10:14:15.305343,1000.6,171102.0,214532.0
2025-06-20 10:14:15.601766,1000.6,171102.0,214532.0
2025-06-20 10:14:16.428855,1000.6,171087.0,214203.0
2025-06-20 10:14:17.300672,1000.6,171173.0,213978.0
2025-06-20 10:14:18.410925,1000.6,171640.0,214085.0
2025-06-20 10:14:19.499690,1000.65,171696.0,214128.0
2025-06-20 10:14:19.647072,1000.65,171696.0,214128.0
2025-06-20 10:14:20.614099,1000.65,173189.0,214026.0
2025-06-20 10:14:21.701179,1000.65,173161.0,214011.0
2025-06-20 10:14:22.609681,1000.7,173161.0,214011.0
2025-06-20 10:14:22.701934,1000.7,173504.0,212804.0
2025-06-20 10:14:24.203112,1000.7,173533.0,213671.0
2025-06-20 10:14:24.601717,1000.05,173533.0,213671.0
2025-06-20 10:14:25.202899,1000.05,170811.0,214193.0
2025-06-20 10:14:26.203949,1000.05,170910.0,214523.0
2025-06-20 10:14:27.309344,1000.05,170885.0,214365.0
2025-06-20 10:14:28.309233,1000.05,170997.0,214375.0
2025-06-20 10:14:29.414855,1000.05,170983.0,214198.0
2025-06-20 10:14:30.318491,1000.05,171003.0,214250.0
2025-06-20 10:14:31.339699,1000.05,171085.0,214533.0
2025-06-20 10:14:32.319939,1000.05,171085.0,214564.0
2025-06-20 10:14:33.419820,1000.05,171226.0,214264.0
2025-06-20 10:14:34.321684,1000.1,171267.0,214417.0
2025-06-20 10:14:34.643735,1000.1,171267.0,214417.0
2025-06-20 10:14:35.322532,1000.1,171331.0,214448.0
2025-06-20 10:14:36.611477,1000.45,171052.0,214195.0
2025-06-20 10:14:36.614514,1000.45,171052.0,214195.0
2025-06-20 10:14:37.507959,1000.45,170939.0,214746.0
2025-06-20 10:14:38.624049,1000.45,170841.0,215256.0
2025-06-20 10:14:39.712876,1000.45,170841.0,215256.0
2025-06-20 10:14:40.602520,1000.1,170841.0,215256.0
2025-06-20 10:14:40.614331,1000.1,170807.0,215208.0
2025-06-20 10:14:41.711766,1000.1,170784.0,216051.0
2025-06-20 10:14:43.034788,999.7,166288.0,218695.0
2025-06-20 10:14:43.603491,999.7,166288.0,218695.0
2025-06-20 10:14:43.934290,999.6,167341.0,218185.0
2025-06-20 10:14:44.610529,1000.05,167341.0,218185.0
2025-06-20 10:14:45.251189,1000.05,167920.0,218149.0
2025-06-20 10:14:45.615391,1000.05,167920.0,218149.0
2025-06-20 10:14:46.072473,1000.05,167591.0,218040.0
2025-06-20 10:14:46.603816,1000.7,167591.0,218040.0
2025-06-20 10:14:47.117758,1000.7,174178.0,213659.0
2025-06-20 10:14:48.028697,1000.6,174667.0,213560.0
2025-06-20 10:14:48.602745,1000.6,174667.0,213560.0
2025-06-20 10:14:49.117333,1000.6,174669.0,213489.0
2025-06-20 10:14:50.217447,1000.6,175232.0,213348.0
2025-06-20 10:14:51.218335,1000.6,174972.0,213702.0
2025-06-20 10:14:52.218924,1000.6,174972.0,213694.0
2025-06-20 10:14:53.218219,1000.6,174824.0,213686.0
2025-06-20 10:14:54.250442,1000.3,172944.0,215859.0
2025-06-20 10:14:54.605629,1000.3,172944.0,215859.0
2025-06-20 10:14:55.219748,1000.4,174792.0,214432.0
2025-06-20 10:14:55.632616,1000.4,174792.0,214432.0
2025-06-20 10:14:56.221279,1000.4,174992.0,211968.0
2025-06-20 10:14:57.222292,1000.4,175136.0,212351.0
2025-06-20 10:14:58.545892,1000.4,175088.0,212516.0
2025-06-20 10:14:59.522999,1000.4,174129.0,213020.0
2025-06-20 10:15:00.350176,1000.4,174191.0,213360.0
2025-06-20 10:15:01.725789,1000.4,175106.0,213250.0
2025-06-20 10:15:02.857364,1000.4,174983.0,213254.0
2025-06-20 10:15:03.930265,1000.4,175809.0,213041.0
2025-06-20 10:15:04.606028,1000.4,175809.0,213041.0
2025-06-20 10:15:04.936372,1000.4,175799.0,213103.0
2025-06-20 10:15:05.929330,1000.5,176540.0,211334.0
2025-06-20 10:15:06.609446,1000.9,176540.0,211334.0
2025-06-20 10:15:06.929970,1000.9,175628.0,211721.0
2025-06-20 10:15:07.608589,1000.4,175628.0,211721.0
2025-06-20 10:15:07.931419,1000.4,176811.0,212295.0
2025-06-20 10:15:08.930484,1000.4,176237.0,212402.0
2025-06-20 10:15:10.030873,1000.4,176493.0,212485.0
2025-06-20 10:15:10.608120,1000.45,176493.0,212485.0
2025-06-20 10:15:11.132214,1000.9,176930.0,212338.0
2025-06-20 10:15:11.606447,1000.9,176930.0,212338.0
2025-06-20 10:15:12.233285,1000.9,176713.0,212249.0
2025-06-20 10:15:13.366408,1000.9,176713.0,212464.0
2025-06-20 10:15:14.437621,1000.5,176388.0,211592.0
2025-06-20 10:15:14.603221,1000.5,176388.0,211592.0
2025-06-20 10:15:15.536179,1000.9,177188.0,210445.0
2025-06-20 10:15:15.605112,1000.9,177188.0,210445.0
2025-06-20 10:15:16.650436,1000.9,177263.0,211338.0
2025-06-20 10:15:17.537080,1000.55,177062.0,210785.0
2025-06-20 10:15:17.607252,1000.55,177062.0,210785.0
2025-06-20 10:15:18.539092,1000.55,176388.0,211633.0
2025-06-20 10:15:18.607407,1000.55,176388.0,211633.0
2025-06-20 10:15:19.539851,1000.55,176389.0,211429.0
2025-06-20 10:15:20.651557,1000.55,176459.0,211677.0
2025-06-20 10:15:21.739766,1000.55,176342.0,211708.0
2025-06-20 10:15:22.914673,1000.55,176461.0,211522.0
2025-06-20 10:15:23.605196,1001.3,176461.0,211522.0
2025-06-20 10:15:23.741895,1001.3,181967.0,207979.0
2025-06-20 10:15:24.854898,1001.3,181818.0,208133.0
2025-06-20 10:15:25.945801,1001.95,182425.0,206684.0
2025-06-20 10:15:26.608069,1001.95,182425.0,206684.0
2025-06-20 10:15:27.043533,1001.95,180902.0,208618.0
2025-06-20 10:15:28.144233,1001.95,181361.0,208538.0
2025-06-20 10:15:29.245106,1001.8,180984.0,208363.0
2025-06-20 10:15:29.614915,1001.8,180984.0,208363.0
2025-06-20 10:15:30.276530,1001.8,181874.0,207672.0
2025-06-20 10:15:30.610114,1001.8,181874.0,207672.0
2025-06-20 10:15:31.244963,1001.8,182306.0,207231.0
2025-06-20 10:15:32.360427,1001.8,182493.0,207461.0
2025-06-20 10:15:32.607918,1001.45,182493.0,207461.0
2025-06-20 10:15:33.359677,1001.45,182491.0,207526.0
2025-06-20 10:15:34.448549,1001.45,182266.0,207527.0
2025-06-20 10:15:35.461491,1001.45,182243.0,207406.0
2025-06-20 10:15:36.361397,1001.45,182025.0,207508.0
2025-06-20 10:15:36.610639,1001.45,182025.0,207508.0
2025-06-20 10:15:37.451228,1001.45,181657.0,207666.0
2025-06-20 10:15:37.613559,1001.45,181657.0,207666.0
2025-06-20 10:15:38.455604,1001.8,182414.0,207667.0
2025-06-20 10:15:38.608393,1001.8,182414.0,207667.0
2025-06-20 10:15:39.468194,1001.95,182540.0,206275.0
2025-06-20 10:15:39.615389,1002.0,182540.0,206275.0
2025-06-20 10:15:40.455059,1002.2,183942.0,201774.0
2025-06-20 10:15:40.615343,1002.75,183942.0,201774.0
2025-06-20 10:15:40.967665,1002.75,183942.0,201774.0
2025-06-20 10:15:41.362167,1002.75,183942.0,201774.0
2025-06-20 10:15:41.554235,1002.75,184438.0,203413.0
2025-06-20 10:15:41.576369,1002.75,184438.0,203413.0
2025-06-20 10:15:41.610305,1002.75,184438.0,203413.0
2025-06-20 10:15:41.914517,1002.75,184438.0,203413.0
2025-06-20 10:15:42.172618,1002.75,184438.0,203413.0
2025-06-20 10:15:42.555537,1002.75,183925.0,203747.0
2025-06-20 10:15:42.772393,1002.75,183925.0,203747.0
2025-06-20 10:15:43.460696,1002.75,183925.0,203747.0
2025-06-20 10:15:43.555323,1002.85,183782.0,203921.0
2025-06-20 10:15:43.612162,1002.85,183782.0,203921.0
2025-06-20 10:15:43.858167,1002.85,183782.0,203921.0
2025-06-20 10:15:44.459415,1002.85,183782.0,203921.0
2025-06-20 10:15:44.610477,1002.3,183782.0,203921.0
2025-06-20 10:15:44.661420,1002.3,184837.0,204237.0
2025-06-20 10:15:44.820884,1002.3,184837.0,204237.0
2025-06-20 10:15:45.608634,1002.75,184837.0,204237.0
2025-06-20 10:15:45.775710,1002.75,184837.0,204237.0
2025-06-20 10:15:45.783155,1002.2,185035.0,203921.0
2025-06-20 10:15:46.609395,1002.2,185035.0,203921.0
2025-06-20 10:15:46.757100,1002.2,185035.0,204354.0
2025-06-20 10:15:47.114901,1002.2,185035.0,204354.0
2025-06-20 10:15:47.658040,1002.2,185270.0,203297.0
2025-06-20 10:15:48.078666,1002.2,185270.0,203297.0
2025-06-20 10:15:48.757850,1002.2,185342.0,203595.0
2025-06-20 10:15:49.659206,1002.2,185342.0,203595.0
2025-06-20 10:15:49.757750,1002.7,184905.0,203066.0
2025-06-20 10:15:50.611110,1002.25,184905.0,203066.0
2025-06-20 10:15:50.758653,1002.25,184612.0,203303.0
2025-06-20 10:15:50.881957,1002.25,184612.0,203303.0
2025-06-20 10:15:51.862709,1002.7,185073.0,203228.0
2025-06-20 10:15:52.123097,1002.7,185073.0,203228.0
2025-06-20 10:15:52.611108,1002.7,185073.0,203228.0
2025-06-20 10:15:52.869897,1002.7,185201.0,203144.0
2025-06-20 10:15:53.608572,1002.7,185201.0,203144.0
2025-06-20 10:15:53.696907,1002.7,185201.0,203144.0
2025-06-20 10:15:53.860973,1002.7,185290.0,202264.0
2025-06-20 10:15:54.761317,1002.7,185526.0,202328.0
2025-06-20 10:15:55.798943,1002.75,185526.0,202328.0
2025-06-20 10:15:55.849195,1002.7,186149.0,201646.0
2025-06-20 10:15:56.610057,1002.7,186149.0,201646.0
2025-06-20 10:15:56.868031,1002.7,184551.0,202660.0
2025-06-20 10:15:57.965865,1002.8,185825.0,202051.0
2025-06-20 10:15:58.608376,1002.8,185825.0,202051.0
2025-06-20 10:15:59.069040,1002.8,185096.0,202014.0
2025-06-20 10:15:59.611231,1002.8,185096.0,202014.0
2025-06-20 10:16:00.066831,1002.8,185245.0,202938.0
2025-06-20 10:16:01.071526,1002.8,185977.0,201966.0
2025-06-20 10:16:01.615622,1002.85,185977.0,201966.0
2025-06-20 10:16:02.232767,1002.85,186333.0,202413.0
2025-06-20 10:16:02.611516,1002.6,186333.0,202413.0
2025-06-20 10:16:03.269822,1002.6,186313.0,202515.0
2025-06-20 10:16:04.373824,1002.6,186106.0,202740.0
2025-06-20 10:16:05.473193,1002.35,184539.0,205694.0
2025-06-20 10:16:05.664082,1002.35,184539.0,205694.0
2025-06-20 10:16:06.379194,1002.3,183897.0,205190.0
2025-06-20 10:16:06.615597,1002.3,183897.0,205190.0
2025-06-20 10:16:07.498280,1002.2,183952.0,205489.0
2025-06-20 10:16:07.615643,1002.2,183952.0,205489.0
2025-06-20 10:16:08.471639,1002.7,184039.0,206231.0
2025-06-20 10:16:08.608829,1002.7,184039.0,206231.0
2025-06-20 10:16:09.572890,1002.7,184049.0,205949.0
2025-06-20 10:16:10.574630,1002.25,184796.0,206022.0
2025-06-20 10:16:10.616535,1002.25,184796.0,206022.0
2025-06-20 10:16:11.676097,1002.25,184277.0,206932.0
2025-06-20 10:16:12.614944,1002.15,184277.0,206932.0
2025-06-20 10:16:12.775050,1002.15,180466.0,209139.0
2025-06-20 10:16:13.612685,1002.15,180466.0,209139.0
2025-06-20 10:16:13.882505,1002.15,182237.0,209416.0
2025-06-20 10:16:14.614126,1001.65,182237.0,209416.0
2025-06-20 10:16:14.888963,1001.65,181823.0,210061.0
2025-06-20 10:16:15.886774,1001.65,181699.0,210071.0
2025-06-20 10:16:16.879129,1001.55,181561.0,209797.0
2025-06-20 10:16:17.617839,1001.55,181561.0,209797.0
2025-06-20 10:16:17.979263,1001.55,181306.0,209779.0
2025-06-20 10:16:19.127429,1001.55,181427.0,209551.0
2025-06-20 10:16:19.612048,1002.1,181427.0,209551.0
2025-06-20 10:16:20.178948,1001.7,181485.0,209281.0
2025-06-20 10:16:20.616850,1001.7,181485.0,209281.0
2025-06-20 10:16:21.276395,1001.4,180650.0,210558.0
2025-06-20 10:16:21.613480,1001.4,180650.0,210558.0
2025-06-20 10:16:22.388624,1001.4,180916.0,210784.0
2025-06-20 10:16:22.617146,1001.5,180916.0,210784.0
2025-06-20 10:16:23.494412,1001.5,181159.0,210791.0
2025-06-20 10:16:25.081501,1001.85,181339.0,210621.0
2025-06-20 10:16:25.616167,1001.1,181339.0,210621.0
2025-06-20 10:16:26.083491,1001.1,175426.0,214270.0
2025-06-20 10:16:27.183552,1001.1,176166.0,215336.0
2025-06-20 10:16:27.623607,1001.05,176166.0,215336.0
2025-06-20 10:16:28.186307,1001.05,177062.0,214785.0
2025-06-20 10:16:29.295332,1001.2,176323.0,215390.0
2025-06-20 10:16:29.613389,1001.35,176323.0,215390.0
2025-06-20 10:16:30.294116,1001.15,176248.0,215204.0
2025-06-20 10:16:30.613371,1001.15,176248.0,215204.0
2025-06-20 10:16:31.297435,1001.15,176850.0,215761.0
2025-06-20 10:16:31.643875,1001.0,176850.0,215761.0
2025-06-20 10:16:32.184624,1001.0,174902.0,217571.0
2025-06-20 10:16:33.185991,1001.0,175540.0,217575.0
2025-06-20 10:16:34.292940,1000.4,174200.0,218371.0
2025-06-20 10:16:34.662459,1000.85,174200.0,218371.0
2025-06-20 10:16:35.401463,1000.85,175143.0,218058.0
2025-06-20 10:16:36.490195,1000.85,174963.0,218092.0
2025-06-20 10:16:37.594756,1000.4,175066.0,218021.0
2025-06-20 10:16:37.619213,1000.4,175066.0,218021.0
2025-06-20 10:16:38.593456,1000.75,175162.0,218022.0
2025-06-20 10:16:38.624574,1000.75,175162.0,218022.0
2025-06-20 10:16:39.690048,1000.75,175984.0,217865.0
2025-06-20 10:16:40.614367,1000.45,175984.0,217865.0
2025-06-20 10:16:40.692862,1000.45,175743.0,217857.0
2025-06-20 10:16:41.617656,1000.95,175743.0,217857.0
2025-06-20 10:16:41.699371,1000.95,176538.0,215006.0
2025-06-20 10:16:42.693174,1000.95,176371.0,215010.0
2025-06-20 10:16:43.693075,1000.95,176378.0,215051.0
2025-06-20 10:16:44.694042,1000.95,176374.0,215078.0
2025-06-20 10:16:45.619069,1001.2,176374.0,215078.0
2025-06-20 10:16:45.695975,1001.2,177653.0,212386.0
2025-06-20 10:16:46.616795,1001.3,177653.0,212386.0
2025-06-20 10:16:46.793150,1001.3,176818.0,212845.0
2025-06-20 10:16:47.697488,1001.3,176661.0,213100.0
2025-06-20 10:16:48.618118,1001.6,176661.0,213100.0
2025-06-20 10:16:48.698754,1001.6,177736.0,212148.0
2025-06-20 10:16:49.795601,1001.6,178070.0,212260.0
2025-06-20 10:16:50.613867,1001.9,178070.0,212260.0
2025-06-20 10:16:50.798146,1001.9,176993.0,212205.0
2025-06-20 10:16:51.926200,1001.9,177102.0,212864.0
2025-06-20 10:16:52.921497,1001.75,177273.0,212964.0
2025-06-20 10:16:53.613468,1001.75,177273.0,212964.0
2025-06-20 10:16:53.802429,1001.75,176782.0,212189.0
2025-06-20 10:16:54.673506,1001.75,176782.0,212189.0
2025-06-20 10:16:54.914516,1001.75,177315.0,212262.0
2025-06-20 10:16:56.002511,1001.75,178305.0,212586.0
2025-06-20 10:16:56.617229,1002.1,178305.0,212586.0
2025-06-20 10:16:57.005435,1002.1,178927.0,211212.0
2025-06-20 10:16:58.005417,1002.1,178897.0,212880.0
2025-06-20 10:16:59.106806,1002.1,178734.0,212802.0
2025-06-20 10:17:00.106840,1002.1,178812.0,212716.0
2025-06-20 10:17:01.404482,1002.1,178748.0,212766.0
2025-06-20 10:17:02.316622,1002.1,178632.0,212794.0
2025-06-20 10:17:03.317214,1001.8,178632.0,212473.0
2025-06-20 10:17:03.614334,1001.8,178632.0,212473.0
2025-06-20 10:17:04.316398,1002.05,180162.0,211394.0
2025-06-20 10:17:04.618095,1001.6,180162.0,211394.0
2025-06-20 10:17:05.318021,1001.6,180671.0,211462.0
2025-06-20 10:17:06.319648,1001.6,179705.0,209952.0
2025-06-20 10:17:07.321448,1001.55,178993.0,212923.0
2025-06-20 10:17:07.618424,1001.55,178993.0,212923.0
2025-06-20 10:17:08.319667,1001.55,179080.0,212946.0
2025-06-20 10:17:09.319703,1001.55,179130.0,213025.0
2025-06-20 10:17:10.322657,1001.55,179199.0,213361.0
2025-06-20 10:17:10.622888,1001.5,179199.0,213361.0
2025-06-20 10:17:11.218394,1001.5,179262.0,213329.0
2025-06-20 10:17:12.214414,1001.5,179194.0,213258.0
2025-06-20 10:17:12.627257,1001.5,179194.0,213258.0
2025-06-20 10:17:13.214910,1001.5,179354.0,213280.0
2025-06-20 10:17:14.214681,1001.5,179398.0,213045.0
2025-06-20 10:17:15.115141,1001.5,179738.0,213244.0
2025-06-20 10:17:15.616500,1001.95,179738.0,213244.0
2025-06-20 10:17:16.116634,1001.95,179374.0,213079.0
2025-06-20 10:17:17.215874,1001.95,179749.0,213046.0
2025-06-20 10:17:17.630623,1002.2,179749.0,213046.0
2025-06-20 10:17:18.116358,1002.2,179973.0,212401.0
2025-06-20 10:17:19.018338,1002.2,180310.0,212537.0
2025-06-20 10:17:20.021224,1002.2,180113.0,212843.0
2025-06-20 10:17:20.621901,1001.5,180113.0,212843.0
2025-06-20 10:17:21.019672,1001.5,180205.0,214116.0
2025-06-20 10:17:21.924411,1001.35,180277.0,217087.0
2025-06-20 10:17:22.619003,1001.35,180277.0,217087.0
2025-06-20 10:17:22.839166,1001.35,180383.0,214753.0
2025-06-20 10:17:23.834425,1001.75,179582.0,214321.0
2025-06-20 10:17:24.619823,1001.75,179582.0,214321.0
2025-06-20 10:17:24.932805,1001.75,180423.0,214208.0
2025-06-20 10:17:25.627887,1001.55,180423.0,214208.0
2025-06-20 10:17:25.849456,1001.55,180504.0,214160.0
2025-06-20 10:17:26.945963,1001.55,180061.0,214192.0
2025-06-20 10:17:27.623368,1001.25,180061.0,214192.0
2025-06-20 10:17:27.725730,1001.25,179871.0,214661.0
2025-06-20 10:17:28.615768,1001.35,179871.0,214661.0
2025-06-20 10:17:28.722905,1001.35,180283.0,214820.0
2025-06-20 10:17:29.619454,1002.1,180283.0,214820.0
2025-06-20 10:17:30.727935,1002.1,181172.0,212987.0
2025-06-20 10:17:31.627028,1001.4,181172.0,212987.0
2025-06-20 10:17:32.726964,1001.4,180716.0,214608.0
2025-06-20 10:17:34.648737,1001.4,181355.0,213258.0
2025-06-20 10:17:36.636099,1001.4,181977.0,213005.0
2025-06-20 10:17:37.618338,1001.6,181977.0,213005.0
2025-06-20 10:17:37.639583,1001.6,181001.0,213173.0
2025-06-20 10:17:38.528395,1001.6,181448.0,212505.0
2025-06-20 10:17:39.531316,1001.6,181664.0,212417.0
2025-06-20 10:17:40.531849,1002.1,182155.0,210686.0
2025-06-20 10:17:40.626600,1002.1,182155.0,210686.0
2025-06-20 10:17:41.453791,1002.1,182031.0,211389.0
2025-06-20 10:17:42.451612,1002.1,181960.0,211576.0
2025-06-20 10:17:43.348932,1001.75,182339.0,212122.0
2025-06-20 10:17:43.692748,1002.3,182339.0,212122.0
2025-06-20 10:17:44.364146,1002.3,186190.0,208770.0
2025-06-20 10:17:44.617157,1002.25,186190.0,208770.0
2025-06-20 10:17:45.459466,1002.25,185284.0,209584.0
2025-06-20 10:17:45.620509,1002.25,185284.0,209584.0
2025-06-20 10:17:46.358941,1002.3,185005.0,209506.0
2025-06-20 10:17:46.619206,1002.3,185005.0,209506.0
2025-06-20 10:17:47.385178,1002.3,184912.0,209580.0
2025-06-20 10:17:48.370411,1002.3,184715.0,208956.0
2025-06-20 10:17:48.621155,1002.35,184715.0,208956.0
2025-06-20 10:17:49.367356,1002.5,184586.0,207668.0
2025-06-20 10:17:49.622530,1002.5,184586.0,207668.0
2025-06-20 10:17:50.370137,1002.25,182985.0,210362.0
2025-06-20 10:17:50.622284,1002.25,182985.0,210362.0
2025-06-20 10:17:51.355959,1002.25,183244.0,210905.0
2025-06-20 10:17:51.623981,1002.5,183244.0,210905.0
2025-06-20 10:17:52.355508,1002.5,183940.0,209678.0
2025-06-20 10:17:53.353632,1002.5,184524.0,210038.0
2025-06-20 10:17:53.623907,1002.5,184524.0,210038.0
2025-06-20 10:17:54.621265,1002.1,184524.0,210038.0
2025-06-20 10:17:56.361813,1002.1,183561.0,209938.0
2025-06-20 10:17:57.239541,1002.1,183549.0,210651.0
2025-06-20 10:17:58.239821,1002.1,184256.0,209846.0
2025-06-20 10:17:58.622576,1002.35,184256.0,209846.0
2025-06-20 10:17:59.147157,1002.35,184201.0,210034.0
2025-06-20 10:18:00.142234,1002.35,184296.0,210392.0
2025-06-20 10:18:01.371630,1002.35,180995.0,210354.0
2025-06-20 10:18:02.244200,1002.35,184697.0,210114.0
2025-06-20 10:18:02.626377,1003.0,184697.0,210114.0
2025-06-20 10:18:03.243627,1003.0,186500.0,205853.0
2025-06-20 10:18:04.144874,1003.0,185369.0,205769.0
2025-06-20 10:18:05.144075,1003.0,185555.0,205952.0
2025-06-20 10:18:06.145031,1003.0,185600.0,206106.0
2025-06-20 10:18:07.146607,1003.0,185976.0,206074.0
2025-06-20 10:18:08.046822,1003.0,186064.0,206125.0
2025-06-20 10:18:08.622894,1002.65,186064.0,206125.0
2025-06-20 10:18:09.049473,1003.0,185575.0,204758.0
2025-06-20 10:18:09.621483,1003.0,185575.0,204758.0
2025-06-20 10:18:09.949142,1003.0,184704.0,204144.0
2025-06-20 10:18:10.623313,1002.85,184704.0,204144.0
2025-06-20 10:18:10.949704,1002.85,185638.0,204894.0
2025-06-20 10:18:11.949836,1002.85,184892.0,204892.0
2025-06-20 10:18:12.620869,1002.85,184892.0,204892.0
2025-06-20 10:18:12.951365,1002.85,185450.0,204897.0
2025-06-20 10:18:13.624757,1003.3,185450.0,204897.0
2025-06-20 10:18:13.951163,1003.3,186286.0,204079.0
2025-06-20 10:18:14.954967,1003.3,185949.0,203900.0
2025-06-20 10:18:15.620445,1003.5,185949.0,203900.0
2025-06-20 10:18:15.962596,1003.5,185672.0,202409.0
2025-06-20 10:18:16.954476,1003.3,186113.0,203090.0
2025-06-20 10:18:17.624168,1003.3,186113.0,203090.0
2025-06-20 10:18:17.954252,1003.65,178486.0,202533.0
2025-06-20 10:18:18.627100,1003.65,178486.0,202533.0
2025-06-20 10:18:18.957253,1003.65,185573.0,202894.0
2025-06-20 10:18:19.955858,1003.65,185236.0,202824.0
2025-06-20 10:18:20.958058,1003.65,185277.0,203095.0
2025-06-20 10:18:21.867572,1003.65,185133.0,203431.0
2025-06-20 10:18:22.868088,1003.65,185232.0,203334.0
2025-06-20 10:18:23.916178,1003.65,185441.0,203341.0
2025-06-20 10:18:24.624256,1003.55,185441.0,203341.0
2025-06-20 10:18:24.871184,1003.55,185534.0,201605.0
2025-06-20 10:18:25.629918,1003.3,185534.0,201605.0
2025-06-20 10:18:25.866288,1003.3,185847.0,201744.0
2025-06-20 10:18:26.655251,1003.65,185847.0,201744.0
2025-06-20 10:18:26.872686,1003.65,186100.0,202607.0
2025-06-20 10:18:27.625058,1003.3,186100.0,202607.0
2025-06-20 10:18:27.871781,1003.3,185806.0,202885.0
2025-06-20 10:18:28.757620,1003.3,185666.0,204061.0
2025-06-20 10:18:29.623846,1003.05,185666.0,204061.0
2025-06-20 10:18:29.759724,1003.05,185268.0,204960.0
2025-06-20 10:18:30.762106,1003.05,185755.0,204808.0
2025-06-20 10:18:31.630637,1003.3,185755.0,204808.0
2025-06-20 10:18:31.759786,1003.3,185471.0,205951.0
2025-06-20 10:18:32.627196,1003.45,185471.0,205951.0
2025-06-20 10:18:32.762149,1003.45,185776.0,206197.0
2025-06-20 10:18:33.760477,1003.45,186062.0,205731.0
2025-06-20 10:18:34.669514,1003.45,186085.0,207613.0
2025-06-20 10:18:35.625960,1003.5,186085.0,207613.0
2025-06-20 10:18:35.663425,1003.45,186763.0,207077.0
2025-06-20 10:18:36.626125,1003.3,186763.0,207077.0
2025-06-20 10:18:36.667376,1003.3,186340.0,207410.0
2025-06-20 10:18:37.624798,1003.05,186340.0,207410.0
2025-06-20 10:18:37.665591,1003.05,186226.0,207163.0
2025-06-20 10:18:38.627605,1002.9,186226.0,207163.0
2025-06-20 10:18:38.663054,1002.9,186685.0,210720.0
2025-06-20 10:18:39.626792,1003.0,186685.0,210720.0
2025-06-20 10:18:39.666764,1003.0,186001.0,209764.0
2025-06-20 10:18:40.631142,1002.85,186001.0,209764.0
2025-06-20 10:18:40.764453,1002.85,184910.0,212362.0
2025-06-20 10:18:41.582080,1002.85,184910.0,212362.0
2025-06-20 10:18:41.625749,1001.75,184910.0,212362.0
2025-06-20 10:18:41.666234,1001.75,181879.0,217150.0
2025-06-20 10:18:41.675030,1001.75,181879.0,217150.0
2025-06-20 10:18:42.127841,1001.75,181879.0,217150.0
2025-06-20 10:18:42.679506,1001.85,181879.0,217150.0
2025-06-20 10:18:42.719160,1001.85,183293.0,217191.0
2025-06-20 10:18:42.734179,1001.85,183293.0,217191.0
2025-06-20 10:18:43.303276,1001.85,183293.0,217191.0
2025-06-20 10:18:43.625805,1002.35,183293.0,217191.0
2025-06-20 10:18:43.665456,1002.35,182618.0,217245.0
2025-06-20 10:18:43.949769,1002.35,182618.0,217245.0
2025-06-20 10:18:44.439130,1002.35,182618.0,217245.0
2025-06-20 10:18:44.695548,1001.45,182618.0,217245.0
2025-06-20 10:18:44.739968,1001.45,180921.0,218782.0
2025-06-20 10:18:45.016214,1001.45,180921.0,218782.0
2025-06-20 10:18:45.436182,1001.45,180921.0,218782.0
2025-06-20 10:18:45.575011,1001.45,181941.0,218989.0
2025-06-20 10:18:46.351291,1001.45,181941.0,218989.0
2025-06-20 10:18:46.568078,1001.45,182667.0,218708.0
2025-06-20 10:18:47.580980,1001.45,182753.0,218326.0
2025-06-20 10:18:47.689677,1001.45,182753.0,218326.0
2025-06-20 10:18:48.584668,1002.1,181579.0,217540.0
2025-06-20 10:18:48.628022,1002.1,181579.0,217540.0
2025-06-20 10:18:48.692284,1002.1,181579.0,217540.0
2025-06-20 10:18:49.584020,1002.1,181563.0,218404.0
2025-06-20 10:18:50.231194,1002.1,181563.0,218404.0
2025-06-20 10:18:50.581102,1002.1,181491.0,218605.0
2025-06-20 10:18:51.462675,1002.1,181491.0,218605.0
2025-06-20 10:18:51.576044,1002.1,181368.0,219700.0
2025-06-20 10:18:52.472392,1001.95,181610.0,219589.0
2025-06-20 10:18:52.624667,1001.95,181610.0,219589.0
2025-06-20 10:18:52.758652,1001.95,181610.0,219589.0
2025-06-20 10:18:53.473871,1001.95,181198.0,219820.0
2025-06-20 10:18:54.409599,1001.95,181198.0,219820.0
2025-06-20 10:18:54.473249,1001.95,180328.0,219944.0
2025-06-20 10:18:54.640997,1001.95,180328.0,219944.0
2025-06-20 10:18:55.473436,1001.95,181247.0,218891.0
2025-06-20 10:18:56.474029,1001.95,180697.0,219272.0
2025-06-20 10:18:57.473294,1001.95,180139.0,219472.0
2025-06-20 10:18:57.635507,1001.95,180139.0,219472.0
2025-06-20 10:18:58.387786,1001.95,180547.0,219793.0
2025-06-20 10:18:58.633460,1001.75,180547.0,219793.0
2025-06-20 10:18:59.433056,1001.7,181374.0,219555.0
2025-06-20 10:18:59.642284,1001.7,181374.0,219555.0
2025-06-20 10:19:00.397155,1001.9,183181.0,215927.0
2025-06-20 10:19:00.632474,1001.9,183181.0,215927.0
2025-06-20 10:19:01.631273,1002.25,183181.0,215927.0
2025-06-20 10:19:01.675292,1002.25,181727.0,216526.0
2025-06-20 10:19:02.636699,1001.6,181727.0,216526.0
2025-06-20 10:19:02.788177,1001.6,179567.0,219289.0
2025-06-20 10:19:03.636584,1001.35,179567.0,219289.0
2025-06-20 10:19:03.883588,1001.35,180812.0,219734.0
2025-06-20 10:19:04.887301,1001.35,180560.0,219782.0
2025-06-20 10:19:05.638820,1001.35,180560.0,219782.0
2025-06-20 10:19:05.977405,1001.2,179776.0,222080.0
2025-06-20 10:19:06.630577,1001.2,179776.0,222080.0
2025-06-20 10:19:07.077355,1001.55,180191.0,221831.0
2025-06-20 10:19:07.631516,1001.65,180191.0,221831.0
2025-06-20 10:19:08.178750,1001.65,181610.0,220506.0
2025-06-20 10:19:08.625805,1001.95,181610.0,220506.0
2025-06-20 10:19:09.178130,1001.95,181781.0,221123.0
2025-06-20 10:19:10.178181,1001.95,180688.0,221380.0
2025-06-20 10:19:10.666452,1001.25,180688.0,221380.0
2025-06-20 10:19:11.179952,1001.25,179959.0,222739.0
2025-06-20 10:19:12.280911,1001.25,180669.0,222829.0
2025-06-20 10:19:13.393366,1001.25,180530.0,223053.0
2025-06-20 10:19:13.643083,1001.55,180530.0,223053.0
2025-06-20 10:19:14.481085,1001.8,182108.0,221276.0
2025-06-20 10:19:14.637440,1001.8,182108.0,221276.0
2025-06-20 10:19:15.586820,1001.8,181421.0,221781.0
2025-06-20 10:19:15.648761,1001.8,181421.0,221781.0
2025-06-20 10:19:16.683297,1001.8,181357.0,221939.0
2025-06-20 10:19:17.784705,1001.8,181834.0,221941.0
2025-06-20 10:19:18.894232,1001.8,181981.0,221768.0
2025-06-20 10:19:19.627387,1002.4,181981.0,221768.0
2025-06-20 10:19:19.985202,1002.4,183887.0,216466.0
2025-06-20 10:19:20.660630,1002.0,183887.0,216466.0
2025-06-20 10:19:21.088009,1002.0,183594.0,213297.0
2025-06-20 10:19:22.187153,1002.0,183311.0,214069.0
2025-06-20 10:19:23.289667,1002.0,183270.0,213983.0
2025-06-20 10:19:24.405287,1002.0,183149.0,213952.0
2025-06-20 10:19:25.491900,1001.8,183117.0,214196.0
2025-06-20 10:19:25.688398,1001.8,183117.0,214196.0
2025-06-20 10:19:26.591665,1001.8,183373.0,214318.0
2025-06-20 10:19:27.689628,1002.5,183373.0,214318.0
2025-06-20 10:19:27.701041,1002.5,183460.0,213488.0
2025-06-20 10:19:28.792991,1002.5,183743.0,213128.0
2025-06-20 10:19:29.875887,1002.7,183743.0,213128.0
2025-06-20 10:19:29.907308,1002.7,184726.0,213140.0
2025-06-20 10:19:31.015329,1002.7,184610.0,213135.0
2025-06-20 10:19:32.096971,1002.5,184529.0,213270.0
2025-06-20 10:19:32.648971,1002.5,184529.0,213270.0
2025-06-20 10:19:33.198017,1002.5,183989.0,213628.0
2025-06-20 10:19:34.299155,1002.5,184065.0,213641.0
2025-06-20 10:19:35.207472,1002.5,184434.0,213879.0
2025-06-20 10:19:36.448487,1002.5,185277.0,213924.0
2025-06-20 10:19:37.571457,1002.5,185462.0,213510.0
2025-06-20 10:19:38.602071,1002.85,185875.0,212032.0
2025-06-20 10:19:38.632258,1002.85,185875.0,212032.0
2025-06-20 10:19:39.633450,1001.9,185875.0,212032.0
2025-06-20 10:19:39.704692,1001.95,181265.0,217514.0
2025-06-20 10:19:40.906583,1001.55,181265.0,217514.0
2025-06-20 10:19:40.909695,1001.55,181599.0,217641.0
2025-06-20 10:19:41.672277,1002.1,181599.0,217641.0
2025-06-20 10:19:41.710293,1002.1,183796.0,214921.0
2025-06-20 10:19:42.806416,1002.1,183401.0,214920.0
2025-06-20 10:19:43.918416,1002.1,182969.0,214864.0
2025-06-20 10:19:44.630920,1002.1,182969.0,214864.0
2025-06-20 10:19:45.007554,1002.25,182869.0,215347.0
2025-06-20 10:19:45.634542,1002.25,182869.0,215347.0
2025-06-20 10:19:46.109966,1002.25,183024.0,215327.0
2025-06-20 10:19:47.114653,1002.25,183096.0,215233.0
2025-06-20 10:19:48.214086,1002.1,182439.0,215642.0
2025-06-20 10:19:48.635868,1002.1,182439.0,215642.0
2025-06-20 10:19:49.314658,1002.0,182071.0,216233.0
2025-06-20 10:19:49.633729,1002.0,182071.0,216233.0
2025-06-20 10:19:50.430817,1002.0,182225.0,215921.0
2025-06-20 10:19:51.517101,1002.0,182658.0,215777.0
2025-06-20 10:19:52.690339,1002.0,182215.0,216362.0
2025-06-20 10:19:53.619742,1002.0,182288.0,215894.0
2025-06-20 10:19:54.720242,1002.0,182243.0,216200.0
2025-06-20 10:19:55.820662,1002.0,183059.0,216101.0
2025-06-20 10:19:56.930306,1002.0,182827.0,216058.0
2025-06-20 10:19:58.025646,1002.0,182595.0,215994.0
2025-06-20 10:19:59.026454,1002.0,182530.0,216031.0
2025-06-20 10:20:00.125662,1002.0,182387.0,216278.0
2025-06-20 10:20:01.162418,1002.0,183353.0,216726.0
2025-06-20 10:20:01.638447,1002.4,183353.0,216726.0
2025-06-20 10:20:02.028787,1002.4,186791.0,211571.0
2025-06-20 10:20:02.636069,1002.4,186791.0,211571.0
2025-06-20 10:20:03.029361,1003.0,186800.0,211935.0
2025-06-20 10:20:03.636259,1003.0,186800.0,211935.0
2025-06-20 10:20:04.034785,1003.0,186155.0,212017.0
2025-06-20 10:20:05.030171,1003.0,186159.0,212027.0
2025-06-20 10:20:05.935105,1003.0,186168.0,211731.0
2025-06-20 10:20:06.840519,1003.0,186085.0,211734.0
2025-06-20 10:20:07.843171,1002.85,185740.0,211510.0
2025-06-20 10:20:08.638327,1003.0,185740.0,211510.0
2025-06-20 10:20:08.746043,1003.0,185634.0,210727.0
2025-06-20 10:20:09.642455,1003.0,185492.0,210734.0
2025-06-20 10:20:10.636096,1002.9,185492.0,210734.0
2025-06-20 10:20:10.677852,1002.9,183509.0,211936.0
2025-06-20 10:20:11.584539,1002.25,181845.0,215350.0
2025-06-20 10:20:11.635316,1002.25,181845.0,215350.0
2025-06-20 10:20:12.539273,1002.1,184268.0,215339.0
2025-06-20 10:20:12.635315,1002.1,184268.0,215339.0
2025-06-20 10:20:13.684920,1002.1,184104.0,215169.0
2025-06-20 10:20:14.537718,1002.6,185310.0,213007.0
2025-06-20 10:20:14.642505,1002.6,185310.0,213007.0
2025-06-20 10:20:15.538985,1002.6,184841.0,213059.0
2025-06-20 10:20:15.636198,1002.6,184841.0,213059.0
2025-06-20 10:20:16.448187,1002.6,184527.0,213446.0
2025-06-20 10:20:16.637702,1002.6,184527.0,213446.0
2025-06-20 10:20:17.441359,1002.6,183275.0,215620.0
2025-06-20 10:20:17.646166,1002.6,183275.0,215620.0
2025-06-20 10:20:18.347163,1002.5,185465.0,212603.0
2025-06-20 10:20:18.638271,1002.5,185465.0,212603.0
2025-06-20 10:20:19.242508,1002.4,183908.0,214049.0
2025-06-20 10:20:19.637472,1002.4,183908.0,214049.0
2025-06-20 10:20:20.244225,1002.4,184093.0,213787.0
2025-06-20 10:20:21.243426,1002.4,184684.0,213609.0
2025-06-20 10:20:21.638555,1002.65,184684.0,213609.0
2025-06-20 10:20:22.144261,1002.2,184677.0,213970.0
2025-06-20 10:20:22.636209,1002.2,184677.0,213970.0
2025-06-20 10:20:23.144648,1002.2,184687.0,214088.0
2025-06-20 10:20:24.457984,1002.2,184593.0,214015.0
2025-06-20 10:20:25.465981,1002.65,184446.0,213857.0
2025-06-20 10:20:25.640096,1002.3,184446.0,213857.0
2025-06-20 10:20:26.446332,1002.3,185203.0,213104.0
2025-06-20 10:20:27.456512,1002.3,184793.0,213394.0
2025-06-20 10:20:28.532077,1002.3,185676.0,212585.0
2025-06-20 10:20:28.643765,1002.3,185676.0,212585.0
2025-06-20 10:20:29.461917,1002.45,184782.0,213057.0
2025-06-20 10:20:29.636799,1002.45,184782.0,213057.0
2025-06-20 10:20:30.364623,1002.45,184944.0,213352.0
2025-06-20 10:20:31.363657,1002.45,185148.0,213018.0
2025-06-20 10:20:32.454692,1002.45,185497.0,213043.0
2025-06-20 10:20:33.390522,1002.45,185452.0,213157.0
2025-06-20 10:20:34.577697,1002.95,185346.0,213161.0
2025-06-20 10:20:34.637144,1002.95,185346.0,213161.0
2025-06-20 10:20:35.390794,1002.95,185399.0,213085.0
2025-06-20 10:20:36.464173,1002.95,184478.0,212951.0
2025-06-20 10:20:36.662698,1002.95,184478.0,212951.0
2025-06-20 10:20:37.371458,1002.95,184529.0,213043.0
2025-06-20 10:20:38.390073,1002.95,181321.0,213013.0
2025-06-20 10:20:38.639373,1002.45,181321.0,213013.0
2025-06-20 10:20:39.385040,1002.45,184054.0,213396.0
2025-06-20 10:20:40.386440,1002.35,184006.0,213960.0
2025-06-20 10:20:40.641820,1002.4,184006.0,213960.0
2025-06-20 10:20:41.464767,1002.4,185342.0,213993.0
2025-06-20 10:20:41.638213,1002.4,185342.0,213993.0
2025-06-20 10:20:42.472720,1002.8,184592.0,213802.0
2025-06-20 10:20:42.640339,1002.8,184592.0,213802.0
2025-06-20 10:20:43.464093,1002.8,184667.0,214132.0
2025-06-20 10:20:43.641231,1002.45,184667.0,214132.0
2025-06-20 10:20:44.464717,1002.45,185691.0,213832.0
2025-06-20 10:20:44.641550,1002.45,185691.0,213832.0
2025-06-20 10:20:45.465647,1002.45,185102.0,214741.0
2025-06-20 10:20:46.464947,1002.45,184533.0,214699.0
2025-06-20 10:20:47.471250,1002.45,184431.0,214866.0
2025-06-20 10:20:47.641185,1002.9,184431.0,214866.0
2025-06-20 10:20:48.466960,1002.95,185369.0,213234.0
2025-06-20 10:20:48.640207,1002.95,185369.0,213234.0
2025-06-20 10:20:49.520078,1003.0,185333.0,212770.0
2025-06-20 10:20:49.694331,1003.0,185333.0,212770.0
2025-06-20 10:20:50.502099,1003.0,185186.0,212345.0
2025-06-20 10:20:50.674219,1003.0,185186.0,212345.0
2025-06-20 10:20:51.466795,1002.95,184679.0,211865.0
2025-06-20 10:20:51.639736,1002.95,184679.0,211865.0
2025-06-20 10:20:52.570486,1003.0,184118.0,212692.0
2025-06-20 10:20:52.640953,1003.0,184118.0,212692.0
2025-06-20 10:20:53.612570,1003.0,184206.0,212819.0
2025-06-20 10:20:54.484531,1003.0,184160.0,213476.0
2025-06-20 10:20:55.642821,1002.9,184160.0,213476.0
2025-06-20 10:20:55.677193,1002.9,184316.0,213567.0
2025-06-20 10:20:56.639180,1002.45,184316.0,213567.0
2025-06-20 10:20:56.770918,1002.45,183971.0,213717.0
2025-06-20 10:20:57.642927,1002.85,183971.0,213717.0
2025-06-20 10:20:57.971158,1002.85,184777.0,214162.0
2025-06-20 10:20:58.639829,1002.85,184777.0,214162.0
2025-06-20 10:20:58.973723,1002.85,185489.0,213359.0
2025-06-20 10:20:59.647183,1002.9,185489.0,213359.0
2025-06-20 10:20:59.973109,1002.9,185455.0,213440.0
2025-06-20 10:21:01.177961,1002.9,185504.0,215474.0
2025-06-20 10:21:02.175009,1002.85,185412.0,215358.0
2025-06-20 10:21:02.650008,1002.85,185412.0,215358.0
2025-06-20 10:21:03.171011,1002.85,185412.0,215247.0
2025-06-20 10:21:04.070465,1002.85,185412.0,215521.0
2025-06-20 10:21:05.071929,1002.85,185384.0,215471.0
2025-06-20 10:21:06.074616,1002.85,184536.0,215477.0
2025-06-20 10:21:06.975034,1002.9,185281.0,215462.0
2025-06-20 10:21:07.670025,1002.9,185281.0,215462.0
2025-06-20 10:21:08.075717,1002.9,185349.0,215651.0
2025-06-20 10:21:08.642388,1002.85,185349.0,215651.0
2025-06-20 10:21:09.074459,1002.85,184912.0,215818.0
2025-06-20 10:21:09.642739,1002.95,184912.0,215818.0
2025-06-20 10:21:10.112162,1002.95,184456.0,216150.0
2025-06-20 10:21:10.643853,1002.5,184456.0,216150.0
2025-06-20 10:21:10.981425,1002.5,184878.0,216157.0
2025-06-20 10:21:11.892530,1002.5,184883.0,216447.0
2025-06-20 10:21:12.891295,1002.5,184976.0,216965.0
2025-06-20 10:21:13.779801,1002.5,184905.0,217055.0
2025-06-20 10:21:14.649880,1002.85,184905.0,217055.0
2025-06-20 10:21:14.792993,1002.95,181248.0,216330.0
2025-06-20 10:21:15.700622,1002.95,181248.0,216330.0
2025-06-20 10:21:15.705586,1002.95,184272.0,216519.0
2025-06-20 10:21:16.685733,1002.95,184874.0,216554.0
2025-06-20 10:21:17.582627,1002.95,184243.0,216680.0
2025-06-20 10:21:18.582853,1002.95,184086.0,216829.0
2025-06-20 10:21:18.643499,1002.95,184086.0,216829.0
2025-06-20 10:21:19.485225,1002.95,184089.0,216709.0
2025-06-20 10:21:20.482975,1002.95,183953.0,216623.0
2025-06-20 10:21:20.654452,1003.0,183953.0,216623.0
2025-06-20 10:21:21.614711,1003.0,184859.0,216007.0
2025-06-20 10:21:22.486106,1003.0,184877.0,216239.0
2025-06-20 10:21:22.646456,1003.0,184877.0,216239.0
2025-06-20 10:21:23.620426,1003.0,185054.0,215477.0
2025-06-20 10:21:24.397745,1002.95,186040.0,214640.0
2025-06-20 10:21:24.643885,1002.95,186040.0,214640.0
2025-06-20 10:21:25.292995,1002.95,186173.0,215305.0
2025-06-20 10:21:26.290803,1003.25,188492.0,210027.0
2025-06-20 10:21:26.644215,1003.25,188492.0,210027.0
2025-06-20 10:21:27.291446,1003.25,187293.0,212097.0
2025-06-20 10:21:28.291766,1003.45,187539.0,212271.0
2025-06-20 10:21:28.649255,1003.45,187539.0,212271.0
2025-06-20 10:21:29.648748,1003.45,187539.0,212271.0
2025-06-20 10:21:30.191521,1003.45,187639.0,211708.0
2025-06-20 10:21:30.649451,1003.45,187639.0,211708.0
2025-06-20 10:21:31.192943,1003.45,187641.0,211659.0
2025-06-20 10:21:32.159330,1003.55,187641.0,211659.0
2025-06-20 10:21:32.233628,1003.55,187095.0,211952.0
2025-06-20 10:21:32.668918,1003.7,187095.0,211952.0
2025-06-20 10:21:33.192491,1003.8,186129.0,210998.0
2025-06-20 10:21:33.648343,1003.9,186129.0,210998.0
2025-06-20 10:21:34.194515,1003.95,185212.0,211806.0
2025-06-20 10:21:34.640587,1003.95,185212.0,211806.0
2025-06-20 10:21:35.093592,1003.95,185045.0,211512.0
2025-06-20 10:21:36.091147,1003.95,185164.0,212042.0
2025-06-20 10:21:37.115432,1003.95,185248.0,212339.0
2025-06-20 10:21:37.904131,1004.0,184530.0,212009.0
2025-06-20 10:21:38.641621,1003.5,184530.0,212009.0
2025-06-20 10:21:38.792838,1003.5,184488.0,212937.0
2025-06-20 10:21:39.642960,1003.95,184488.0,212937.0
2025-06-20 10:21:39.693676,1003.95,184673.0,212731.0
2025-06-20 10:21:40.643831,1003.4,184673.0,212731.0
2025-06-20 10:21:40.693488,1003.4,184701.0,212920.0
2025-06-20 10:21:41.596489,1003.95,184684.0,212953.0
2025-06-20 10:21:41.642220,1003.95,184684.0,212953.0
2025-06-20 10:21:41.849353,1003.95,184684.0,212953.0
2025-06-20 10:21:42.177951,1003.95,184684.0,212953.0
2025-06-20 10:21:42.597099,1003.95,184764.0,212687.0
2025-06-20 10:21:42.658264,1003.95,184764.0,212687.0
2025-06-20 10:21:42.799247,1003.95,184764.0,212687.0
2025-06-20 10:21:43.096385,1003.95,184764.0,212687.0
2025-06-20 10:21:43.501022,1003.95,184847.0,213009.0
2025-06-20 10:21:43.650472,1003.95,184847.0,213009.0
2025-06-20 10:21:43.726692,1003.95,184847.0,213009.0
2025-06-20 10:21:44.450292,1003.95,184847.0,213009.0
2025-06-20 10:21:44.498617,1003.95,185210.0,212194.0
2025-06-20 10:21:44.838927,1003.95,185210.0,212194.0
2025-06-20 10:21:45.475594,1003.95,185210.0,212194.0
2025-06-20 10:21:45.481971,1003.95,185170.0,212529.0
2025-06-20 10:21:45.825664,1003.95,185170.0,212529.0
2025-06-20 10:21:46.646841,1003.95,185235.0,212488.0
2025-06-20 10:21:46.833588,1003.95,185235.0,212488.0
2025-06-20 10:21:47.700240,1003.95,184828.0,212373.0
2025-06-20 10:21:48.164387,1003.95,184828.0,212373.0
2025-06-20 10:21:48.806376,1003.95,184462.0,211690.0
2025-06-20 10:21:49.143921,1003.95,184462.0,211690.0
2025-06-20 10:21:49.690702,1003.55,184462.0,211690.0
2025-06-20 10:21:49.702618,1003.55,185445.0,212879.0
2025-06-20 10:21:50.720547,1003.55,185445.0,212879.0
2025-06-20 10:21:50.720958,1003.55,184750.0,212873.0
2025-06-20 10:21:51.693493,1003.6,184750.0,212873.0
2025-06-20 10:21:51.705127,1003.6,184925.0,213088.0
2025-06-20 10:21:51.953829,1003.6,184925.0,213088.0
2025-06-20 10:21:52.805004,1003.6,185552.0,212922.0
2025-06-20 10:21:53.216187,1003.6,185552.0,212922.0
2025-06-20 10:21:53.642169,1003.95,185552.0,212922.0
2025-06-20 10:21:53.936294,1003.95,186648.0,212438.0
2025-06-20 10:21:54.663828,1003.95,186648.0,212438.0
2025-06-20 10:21:54.815143,1003.95,186648.0,212438.0
2025-06-20 10:21:54.941002,1003.95,186521.0,212486.0
2025-06-20 10:21:55.662506,1003.95,186521.0,212486.0
2025-06-20 10:21:56.009581,1003.95,186111.0,212563.0
2025-06-20 10:21:57.106827,1003.95,185914.0,212498.0
2025-06-20 10:21:57.649275,1003.95,185914.0,212498.0
2025-06-20 10:21:58.107620,1004.0,185384.0,212615.0
2025-06-20 10:21:58.645585,1004.0,185384.0,212615.0
2025-06-20 10:21:59.210132,1004.0,181280.0,212635.0
2025-06-20 10:22:00.209137,1004.0,185040.0,213520.0
2025-06-20 10:22:04.216092,1003.95,185147.0,213064.0
2025-06-20 10:22:05.718478,1004.4,185147.0,213064.0
2025-06-20 10:22:10.123536,1004.3,185420.0,213358.0
2025-06-20 10:22:11.728600,1004.0,185420.0,213358.0
2025-06-20 10:22:14.712250,1003.9,185420.0,213358.0
2025-06-20 10:22:16.318017,1003.9,183786.0,215854.0
2025-06-20 10:22:17.661532,1003.9,183786.0,215854.0
2025-06-20 10:22:20.657512,1003.6,183786.0,215854.0
2025-06-20 10:22:22.431876,1003.6,184800.0,215759.0
2025-06-20 10:22:26.655073,1003.85,184800.0,215759.0
2025-06-20 10:22:28.726980,1003.85,184746.0,216105.0
2025-06-20 10:22:29.691366,1003.85,184746.0,216105.0
2025-06-20 10:22:34.641025,1003.85,184698.0,215924.0
2025-06-20 10:22:38.662932,1003.85,184698.0,215924.0
2025-06-20 10:22:40.241166,1003.85,183946.0,216738.0
2025-06-20 10:22:40.737157,1003.55,183946.0,216738.0
2025-06-20 10:22:45.947070,1003.55,184109.0,216362.0
2025-06-20 10:22:48.662764,1003.85,184109.0,216362.0
2025-06-20 10:22:50.654306,1003.55,184109.0,216362.0
2025-06-20 10:22:51.640576,1003.55,183542.0,217521.0
2025-06-20 10:22:54.660779,1003.55,183542.0,217521.0
2025-06-20 10:22:57.782322,1003.55,182654.0,218003.0
2025-06-20 10:22:58.679889,1003.55,182654.0,218003.0
2025-06-20 10:23:00.648949,1003.8,182654.0,218003.0
2025-06-20 10:23:01.155416,1003.8,184103.0,217320.0
2025-06-20 10:23:02.144878,1003.8,184733.0,217086.0
2025-06-20 10:23:02.650676,1003.8,184733.0,217086.0
2025-06-20 10:23:03.045555,1003.8,184089.0,217521.0
2025-06-20 10:23:04.045668,1003.85,183291.0,216886.0
2025-06-20 10:23:04.657248,1003.85,183291.0,216886.0
2025-06-20 10:23:05.045782,1003.85,183565.0,216911.0
2025-06-20 10:23:05.654261,1003.85,183565.0,216911.0
2025-06-20 10:23:05.959579,1003.85,183302.0,217221.0
2025-06-20 10:23:06.957675,1003.8,183479.0,217191.0
2025-06-20 10:23:07.652428,1003.85,183479.0,217191.0
2025-06-20 10:23:07.846639,1003.85,183501.0,217079.0
2025-06-20 10:23:08.846942,1003.85,183379.0,217223.0
2025-06-20 10:23:09.747478,1003.85,182369.0,218322.0
2025-06-20 10:23:10.652245,1003.8,182369.0,218322.0
2025-06-20 10:23:10.655374,1003.8,183448.0,217350.0
2025-06-20 10:23:11.738269,1003.8,183594.0,217338.0
2025-06-20 10:23:12.663615,1003.8,183525.0,217443.0
2025-06-20 10:23:13.652434,1003.8,183525.0,217443.0
2025-06-20 10:23:13.660847,1003.8,183519.0,217409.0
2025-06-20 10:23:14.661633,1003.8,183565.0,217143.0
2025-06-20 10:23:15.662030,1003.95,183565.0,217143.0
2025-06-20 10:23:15.670071,1003.95,183072.0,217510.0
2025-06-20 10:23:16.653117,1003.65,183072.0,217510.0
2025-06-20 10:23:16.666211,1003.65,184042.0,216023.0
2025-06-20 10:23:17.555464,1003.65,183600.0,215932.0
2025-06-20 10:23:18.614971,1003.65,183601.0,215967.0
2025-06-20 10:23:19.569344,1003.7,182702.0,216611.0
2025-06-20 10:23:19.666531,1003.7,182702.0,216611.0
2025-06-20 10:23:20.555390,1003.7,182843.0,216614.0
2025-06-20 10:23:21.456810,1003.7,183516.0,216597.0
2025-06-20 10:23:21.657477,1003.9,183516.0,216597.0
2025-06-20 10:23:22.457331,1003.9,184205.0,214584.0
2025-06-20 10:23:23.457026,1003.9,183578.0,214456.0
2025-06-20 10:23:24.457725,1003.9,183553.0,214424.0
2025-06-20 10:23:25.459031,1003.9,183703.0,214751.0
2025-06-20 10:23:26.366385,1003.9,184242.0,214758.0
2025-06-20 10:23:27.373385,1003.9,184287.0,214758.0
2025-06-20 10:23:28.415148,1003.9,184223.0,214715.0
2025-06-20 10:23:29.259995,1004.25,183939.0,213326.0
2025-06-20 10:23:29.654800,1004.25,183939.0,213326.0
2025-06-20 10:23:30.262031,1004.25,183947.0,213534.0
2025-06-20 10:23:31.263608,1004.25,183822.0,213584.0
2025-06-20 10:23:32.267072,1004.25,183341.0,213738.0
2025-06-20 10:23:32.655761,1004.35,183341.0,213738.0
2025-06-20 10:23:33.266868,1004.35,183879.0,211327.0
2025-06-20 10:23:34.266180,1004.35,183748.0,211232.0
2025-06-20 10:23:34.660480,1004.5,183748.0,211232.0
2025-06-20 10:23:35.169875,1004.5,183981.0,210987.0
2025-06-20 10:23:36.467580,1004.5,183133.0,211285.0
2025-06-20 10:23:38.169576,1004.5,183012.0,211082.0
2025-06-20 10:23:38.656852,1004.45,183012.0,211082.0
2025-06-20 10:23:39.170905,1004.45,182819.0,212787.0
2025-06-20 10:23:40.171513,1004.45,182855.0,212648.0
2025-06-20 10:23:40.726666,1003.95,182855.0,212648.0
2025-06-20 10:23:41.170359,1003.95,183031.0,213844.0
2025-06-20 10:23:42.073385,1003.95,183031.0,213812.0
2025-06-20 10:23:43.132447,1003.95,183031.0,213853.0
2025-06-20 10:23:43.657995,1004.55,183031.0,213853.0
2025-06-20 10:23:44.073192,1004.55,184091.0,212155.0
2025-06-20 10:23:44.661537,1004.55,184091.0,212155.0
2025-06-20 10:23:44.977413,1004.55,184167.0,212171.0
2025-06-20 10:23:45.670461,1004.6,184167.0,212171.0
2025-06-20 10:23:46.090649,1004.6,183936.0,212127.0
2025-06-20 10:23:46.887190,1004.6,183776.0,212376.0
2025-06-20 10:23:47.774786,1004.75,183320.0,212543.0
2025-06-20 10:23:48.666171,1004.75,183320.0,212543.0
2025-06-20 10:23:48.691144,1004.75,182781.0,212842.0
2025-06-20 10:23:49.682990,1004.75,182781.0,212842.0
2025-06-20 10:23:50.688901,1004.75,182544.0,213214.0
2025-06-20 10:23:51.705079,1004.75,182541.0,213153.0
2025-06-20 10:23:52.701323,1004.75,183600.0,213246.0
2025-06-20 10:23:53.690958,1004.75,183584.0,213530.0
2025-06-20 10:23:54.659104,1004.55,183584.0,213530.0
2025-06-20 10:23:54.688540,1004.55,183607.0,213440.0
2025-06-20 10:23:56.658660,1004.6,183607.0,213440.0
2025-06-20 10:23:56.706421,1004.6,183698.0,212941.0
2025-06-20 10:23:57.580164,1004.6,183537.0,212719.0
2025-06-20 10:23:58.580333,1004.45,182504.0,215146.0
2025-06-20 10:23:58.657253,1004.45,182504.0,215146.0
2025-06-20 10:23:59.624795,1004.45,182232.0,215633.0
2025-06-20 10:24:00.402627,1004.45,182616.0,216135.0
2025-06-20 10:24:01.485014,1004.45,182666.0,215579.0
2025-06-20 10:24:02.631551,1004.45,182686.0,215553.0
2025-06-20 10:24:03.625202,1004.45,182783.0,215590.0
2025-06-20 10:24:04.695689,1004.45,182751.0,215788.0
2025-06-20 10:24:05.787428,1004.45,182506.0,216043.0
2025-06-20 10:24:06.983567,1004.45,182655.0,215893.0
2025-06-20 10:24:07.721608,1004.35,182655.0,215893.0
2025-06-20 10:24:07.992104,1004.35,182325.0,216161.0
2025-06-20 10:24:08.660582,1003.9,182325.0,216161.0
2025-06-20 10:24:09.127092,1003.9,182422.0,216309.0
2025-06-20 10:24:09.766615,1004.35,182422.0,216309.0
2025-06-20 10:24:10.089887,1004.35,182365.0,216137.0
2025-06-20 10:24:10.928374,1003.9,182365.0,216137.0
2025-06-20 10:24:11.195245,1003.9,182440.0,215747.0
2025-06-20 10:24:12.275889,1003.9,182707.0,215633.0
2025-06-20 10:24:13.305735,1003.9,183091.0,215093.0
2025-06-20 10:24:14.098090,1004.35,183091.0,215093.0
2025-06-20 10:24:14.629975,1004.35,183530.0,215037.0
2025-06-20 10:24:15.422604,1004.35,182663.0,215475.0
2025-06-20 10:24:16.493693,1004.6,182202.0,214224.0
2025-06-20 10:24:16.746689,1004.6,182202.0,214224.0
2025-06-20 10:24:17.495249,1004.6,182253.0,215491.0
2025-06-20 10:24:18.597605,1004.6,182900.0,215690.0
2025-06-20 10:24:19.796000,1004.6,182861.0,215857.0
2025-06-20 10:24:20.796734,1004.6,182860.0,215751.0
2025-06-20 10:24:21.662192,1004.35,182860.0,215751.0
2025-06-20 10:24:21.910865,1004.35,182967.0,215565.0
2025-06-20 10:24:22.998172,1004.35,183092.0,215480.0
2025-06-20 10:24:23.666552,1003.95,183092.0,215480.0
2025-06-20 10:24:24.102140,1003.95,181445.0,217398.0
2025-06-20 10:24:25.198268,1003.95,182324.0,217510.0
2025-06-20 10:24:26.101461,1003.95,182326.0,217271.0
2025-06-20 10:24:27.198941,1003.95,182401.0,217026.0
2025-06-20 10:24:28.375288,1003.95,183704.0,217136.0
2025-06-20 10:24:28.660379,1004.05,183704.0,217136.0
2025-06-20 10:24:29.440660,1004.05,183503.0,217175.0
2025-06-20 10:24:30.505014,1004.05,183609.0,217027.0
2025-06-20 10:24:31.602693,1004.05,183618.0,217085.0
2025-06-20 10:24:32.510068,1003.9,183154.0,216234.0
2025-06-20 10:24:32.659167,1003.9,183154.0,216234.0
2025-06-20 10:24:33.606855,1003.9,182410.0,216322.0
2025-06-20 10:24:33.659327,1003.9,182410.0,216322.0
2025-06-20 10:24:34.665164,1003.85,182410.0,216322.0
2025-06-20 10:24:34.709757,1003.85,183021.0,216464.0
2025-06-20 10:24:35.918672,1003.8,181094.0,217428.0
2025-06-20 10:24:36.664928,1003.8,181094.0,217428.0
2025-06-20 10:24:36.921351,1003.8,181069.0,216830.0
2025-06-20 10:24:38.006204,1003.8,181934.0,216990.0
2025-06-20 10:24:38.662738,1004.15,181934.0,216990.0
2025-06-20 10:24:39.106648,1004.15,181786.0,217036.0
2025-06-20 10:24:40.207611,1004.15,199379.0,217072.0
2025-06-20 10:24:40.667775,1003.75,199379.0,217072.0
2025-06-20 10:24:41.312247,1003.55,199362.0,217977.0
2025-06-20 10:24:41.663758,1003.55,199362.0,217977.0
2025-06-20 10:24:42.296430,1003.55,199362.0,217977.0
2025-06-20 10:24:42.509459,1004.05,199880.0,217138.0
2025-06-20 10:24:42.651144,1004.05,199880.0,217138.0
2025-06-20 10:24:42.659115,1004.05,199880.0,217138.0
2025-06-20 10:24:42.961487,1004.05,199880.0,217138.0
2025-06-20 10:24:43.447864,1003.7,199363.0,217033.0
2025-06-20 10:24:43.502373,1003.7,199363.0,217033.0
2025-06-20 10:24:43.662317,1003.7,199363.0,217033.0
2025-06-20 10:24:43.785260,1003.7,199363.0,217033.0
2025-06-20 10:24:44.050064,1003.7,199363.0,217033.0
2025-06-20 10:24:44.509042,1003.7,200900.0,216298.0
2025-06-20 10:24:45.060196,1003.7,200900.0,216298.0
2025-06-20 10:24:45.512409,1003.75,200244.0,216887.0
2025-06-20 10:24:45.660855,1003.75,200244.0,216887.0
2025-06-20 10:24:46.100891,1003.75,200244.0,216887.0
2025-06-20 10:24:46.611214,1003.75,199569.0,217587.0
2025-06-20 10:24:47.691212,1003.75,199569.0,217587.0
2025-06-20 10:24:47.716736,1003.75,199638.0,218797.0
2025-06-20 10:24:48.816496,1003.75,199638.0,218797.0
2025-06-20 10:24:48.821448,1004.3,199950.0,218437.0
2025-06-20 10:24:49.667379,1004.35,199950.0,218437.0
2025-06-20 10:24:49.717625,1004.35,200098.0,218085.0
2025-06-20 10:24:49.789535,1004.35,200098.0,218085.0
2025-06-20 10:24:50.660566,1003.75,200098.0,218085.0
2025-06-20 10:24:50.935631,1003.75,199964.0,218645.0
2025-06-20 10:24:51.324880,1003.75,199964.0,218645.0
2025-06-20 10:24:52.576290,1003.75,199964.0,218645.0
2025-06-20 10:24:53.011787,1003.75,200076.0,218516.0
2025-06-20 10:24:53.833903,1003.75,200076.0,218516.0
2025-06-20 10:24:54.212728,1003.75,200632.0,218395.0
2025-06-20 10:24:55.220314,1003.75,200882.0,218373.0
2025-06-20 10:24:55.455283,1003.75,200882.0,218373.0
2025-06-20 10:24:56.320965,1003.75,200883.0,218369.0
2025-06-20 10:24:57.516074,1003.75,201167.0,218364.0
2025-06-20 10:24:58.616121,1003.75,201167.0,218364.0
2025-06-20 10:24:59.619480,1003.75,201167.0,218320.0
2025-06-20 10:25:00.652330,1004.1,201167.0,218320.0
2025-06-20 10:25:01.517705,1004.1,201601.0,216590.0
2025-06-20 10:25:02.440351,1004.1,201846.0,216906.0
2025-06-20 10:25:03.518508,1004.1,201842.0,217326.0
2025-06-20 10:25:04.620283,1004.1,201844.0,217557.0
2025-06-20 10:25:05.522128,1004.1,201822.0,217649.0
2025-06-20 10:25:06.623699,1004.1,201821.0,217913.0
2025-06-20 10:25:07.624092,1004.1,201843.0,218081.0
2025-06-20 10:25:08.730861,1004.1,202442.0,218210.0
2025-06-20 10:25:09.727148,1004.1,201778.0,218469.0
2025-06-20 10:25:10.679435,1004.1,201778.0,218469.0
2025-06-20 10:25:10.732016,1004.1,200109.0,218893.0
2025-06-20 10:25:11.725882,1004.1,200072.0,218483.0
2025-06-20 10:25:12.668427,1004.3,200072.0,218483.0
2025-06-20 10:25:12.826374,1004.3,200174.0,217645.0
2025-06-20 10:25:13.826896,1004.3,200287.0,217604.0
2025-06-20 10:25:14.826760,1004.3,201200.0,217720.0
2025-06-20 10:25:15.827210,1004.3,200373.0,217938.0
2025-06-20 10:25:16.671815,1004.2,200373.0,217938.0
2025-06-20 10:25:16.827108,1004.2,200360.0,218160.0
2025-06-20 10:25:17.829895,1004.2,200350.0,218255.0
2025-06-20 10:25:18.957335,1004.2,200357.0,218381.0
2025-06-20 10:25:20.361364,1004.2,200404.0,218465.0
2025-06-20 10:25:20.703956,1004.1,200404.0,218465.0
2025-06-20 10:25:21.136218,1004.1,200388.0,218527.0
2025-06-20 10:25:21.657401,1004.1,200388.0,218527.0
2025-06-20 10:25:22.232229,1004.1,200599.0,217710.0
2025-06-20 10:25:23.344854,1004.6,202274.0,216900.0
2025-06-20 10:25:23.665557,1004.6,202274.0,216900.0
2025-06-20 10:25:24.470050,1004.6,202286.0,217134.0
2025-06-20 10:25:25.486145,1004.1,200988.0,217104.0
2025-06-20 10:25:25.669551,1004.1,200988.0,217104.0
2025-06-20 10:25:26.461161,1004.1,200991.0,217182.0
2025-06-20 10:25:27.556457,1004.1,201087.0,216736.0
2025-06-20 10:25:28.643234,1004.1,201031.0,216453.0
2025-06-20 10:25:29.737547,1004.1,201033.0,216268.0
2025-06-20 10:25:30.836464,1004.1,200550.0,215824.0
2025-06-20 10:25:31.671019,1005.1,200550.0,215824.0
2025-06-20 10:25:31.837843,1004.9,203131.0,210659.0
2025-06-20 10:25:32.664049,1004.9,203131.0,210659.0
2025-06-20 10:25:32.953433,1004.9,202137.0,212048.0
2025-06-20 10:25:33.948355,1005.1,202793.0,211770.0
2025-06-20 10:25:34.661910,1005.25,202793.0,211770.0
2025-06-20 10:25:35.042217,1005.25,202111.0,209513.0
2025-06-20 10:25:35.664819,1005.4,202111.0,209513.0
2025-06-20 10:25:36.047507,1005.4,202105.0,211173.0
2025-06-20 10:25:37.171222,1005.4,201960.0,211315.0
2025-06-20 10:25:37.661081,1005.25,201960.0,211315.0
2025-06-20 10:25:38.646931,1005.25,202000.0,211356.0
2025-06-20 10:25:39.666637,1005.3,202000.0,211356.0
2025-06-20 10:25:39.743407,1005.3,202047.0,211258.0
2025-06-20 10:25:40.671182,1005.25,202047.0,211258.0
2025-06-20 10:25:40.893967,1005.25,199080.0,214475.0
2025-06-20 10:25:41.958279,1005.25,199192.0,213697.0
2025-06-20 10:25:43.211814,1005.25,199165.0,213647.0
2025-06-20 10:25:44.046252,1005.25,199165.0,213720.0
2025-06-20 10:25:44.669972,1004.7,199165.0,213720.0
2025-06-20 10:25:45.247809,1004.7,199277.0,213487.0
2025-06-20 10:25:45.663054,1004.7,199277.0,213487.0
2025-06-20 10:25:46.252556,1004.7,199084.0,213813.0
2025-06-20 10:25:47.352583,1004.7,199133.0,213749.0
2025-06-20 10:25:48.550031,1005.0,198940.0,214681.0
2025-06-20 10:25:48.668185,1005.0,198940.0,214681.0
2025-06-20 10:25:49.651616,1004.4,198676.0,215886.0
2025-06-20 10:25:49.664777,1004.4,198676.0,215886.0
2025-06-20 10:25:50.651942,1004.3,198753.0,215664.0
2025-06-20 10:25:50.668256,1004.3,198753.0,215664.0
2025-06-20 10:25:51.651913,1004.9,200314.0,214160.0
2025-06-20 10:25:51.674475,1004.9,200314.0,214160.0
2025-06-20 10:25:52.665859,1004.9,200314.0,214160.0
2025-06-20 10:25:52.750146,1004.9,200268.0,213773.0
2025-06-20 10:25:53.755535,1004.9,199625.0,213978.0
2025-06-20 10:25:54.858458,1004.9,199822.0,213477.0
2025-06-20 10:25:55.956415,1004.9,199885.0,213813.0
2025-06-20 10:25:56.664415,1005.25,199885.0,213813.0
2025-06-20 10:25:56.958140,1005.25,199686.0,213174.0
2025-06-20 10:25:58.058011,1004.9,199444.0,213534.0
2025-06-20 10:25:58.667885,1004.9,199444.0,213534.0
2025-06-20 10:25:59.162750,1004.9,198683.0,212792.0
2025-06-20 10:25:59.668566,1004.9,198683.0,212792.0
2025-06-20 10:26:00.260294,1004.9,199276.0,213064.0
2025-06-20 10:26:01.361970,1005.0,199436.0,213815.0
2025-06-20 10:26:01.664241,1005.0,199436.0,213815.0
2025-06-20 10:26:02.372132,1005.0,199235.0,214412.0
2025-06-20 10:26:03.363322,1005.0,199208.0,214233.0
2025-06-20 10:26:04.363683,1005.0,199603.0,213244.0
2025-06-20 10:26:05.466704,1005.0,199974.0,213209.0
2025-06-20 10:26:06.567041,1005.0,200585.0,213698.0
2025-06-20 10:26:07.669644,1005.2,200585.0,213698.0
2025-06-20 10:26:07.675996,1005.2,201153.0,212034.0
2025-06-20 10:26:08.664708,1005.2,201153.0,212034.0
2025-06-20 10:26:08.670645,1005.2,200437.0,212243.0
2025-06-20 10:26:09.668995,1005.3,200437.0,212243.0
2025-06-20 10:26:09.767202,1005.3,201750.0,211131.0
2025-06-20 10:26:10.668787,1005.3,201750.0,211131.0
2025-06-20 10:26:10.769853,1005.3,201350.0,211565.0
2025-06-20 10:26:11.661381,1005.45,201350.0,211565.0
2025-06-20 10:26:11.772080,1005.45,201259.0,211256.0
2025-06-20 10:26:12.870674,1005.45,200636.0,211485.0
2025-06-20 10:26:13.987381,1005.5,200758.0,211222.0
2025-06-20 10:26:14.668660,1005.85,200758.0,211222.0
2025-06-20 10:26:14.872874,1005.85,202234.0,204806.0
2025-06-20 10:26:16.498795,1006.3,199748.0,202857.0
2025-06-20 10:26:16.666067,1006.25,199748.0,202857.0
2025-06-20 10:26:17.583614,1006.25,199589.0,203256.0
2025-06-20 10:26:17.674240,1006.25,199589.0,203256.0
2025-06-20 10:26:18.668568,1006.25,199589.0,203256.0
2025-06-20 10:26:18.703482,1006.25,199623.0,203417.0
2025-06-20 10:26:19.666971,1006.25,199623.0,203417.0
2025-06-20 10:26:19.773205,1006.25,199820.0,203650.0
2025-06-20 10:26:20.697993,1006.25,199820.0,203650.0
2025-06-20 10:26:20.773953,1006.25,200148.0,203812.0
2025-06-20 10:26:21.666020,1006.25,200148.0,203812.0
2025-06-20 10:26:21.884288,1006.25,200075.0,203838.0
2025-06-20 10:26:22.665084,1006.25,200075.0,203838.0
2025-06-20 10:26:22.977426,1006.25,200052.0,203773.0
2025-06-20 10:26:23.977324,1006.25,200033.0,203962.0
2025-06-20 10:26:24.978178,1006.25,200023.0,204023.0
2025-06-20 10:26:25.662990,1006.25,200023.0,204023.0
2025-06-20 10:26:25.979125,1006.25,199643.0,204343.0
2025-06-20 10:26:26.977297,1006.25,199640.0,204343.0
2025-06-20 10:26:27.990493,1006.25,199679.0,204397.0
2025-06-20 10:26:28.671307,1005.8,199679.0,204397.0
2025-06-20 10:26:28.980303,1005.8,199308.0,204621.0
2025-06-20 10:26:29.667320,1006.25,199308.0,204621.0
2025-06-20 10:26:29.981208,1006.25,199446.0,204279.0
2025-06-20 10:26:30.677303,1006.2,199446.0,204279.0
2025-06-20 10:26:30.983746,1006.2,199365.0,204199.0
2025-06-20 10:26:32.081403,1006.2,199413.0,204202.0
2025-06-20 10:26:32.671273,1005.75,199413.0,204202.0
2025-06-20 10:26:33.082268,1005.75,199303.0,204327.0
2025-06-20 10:26:34.099177,1006.2,199342.0,204398.0
2025-06-20 10:26:34.671528,1006.2,199342.0,204398.0
2025-06-20 10:26:35.187559,1006.2,199527.0,204033.0
2025-06-20 10:26:36.189180,1006.2,199478.0,204378.0
2025-06-20 10:26:37.186639,1006.2,198563.0,205022.0
2025-06-20 10:26:38.187030,1006.2,199515.0,205175.0
2025-06-20 10:26:39.085869,1006.2,199568.0,205050.0
2025-06-20 10:26:40.086478,1006.2,198708.0,205680.0
2025-06-20 10:26:40.666624,1005.55,198708.0,205680.0
2025-06-20 10:26:41.090552,1005.55,198334.0,205807.0
2025-06-20 10:26:42.088031,1005.55,198098.0,206017.0
2025-06-20 10:26:42.708583,1006.05,198098.0,206017.0
2025-06-20 10:26:43.194543,1006.05,197956.0,207631.0
2025-06-20 10:26:44.290720,1006.05,198204.0,207874.0
2025-06-20 10:26:45.398141,1006.05,195410.0,208202.0
2025-06-20 10:26:46.408650,1006.05,198878.0,207596.0
2025-06-20 10:26:47.652833,1006.05,198218.0,207841.0
2025-06-20 10:26:48.598908,1005.85,198846.0,208281.0
2025-06-20 10:26:48.667161,1005.85,198846.0,208281.0
2025-06-20 10:26:49.708707,1005.45,198846.0,208281.0
2025-06-20 10:26:49.719063,1005.45,198908.0,207656.0
2025-06-20 10:26:50.798433,1005.45,198886.0,208240.0
2025-06-20 10:26:51.742027,1005.9,198886.0,208240.0
2025-06-20 10:26:51.800070,1005.9,198998.0,207437.0
2025-06-20 10:26:52.913277,1005.95,198998.0,207437.0
2025-06-20 10:26:52.924495,1005.95,199579.0,205272.0
2025-06-20 10:26:54.001404,1005.95,199406.0,205562.0
2025-06-20 10:26:55.104351,1005.95,199406.0,205704.0
2025-06-20 10:26:56.078171,1006.2,199406.0,205704.0
2025-06-20 10:26:56.210983,1006.2,198562.0,205280.0
2025-06-20 10:26:57.306171,1006.2,198607.0,205829.0
2025-06-20 10:26:58.305104,1006.2,199120.0,205862.0
2025-06-20 10:26:59.421570,1006.2,199120.0,205894.0
2025-06-20 10:27:01.698996,1006.2,199120.0,205894.0
2025-06-20 10:27:02.014737,1006.2,199021.0,205318.0
2025-06-20 10:27:04.725501,1006.0,199021.0,205318.0
2025-06-20 10:27:08.612679,1006.3,199439.0,204185.0
2025-06-20 10:27:10.704284,1006.15,199439.0,204185.0
2025-06-20 10:27:13.715708,1006.9,199439.0,204185.0
2025-06-20 10:27:15.227076,1006.95,199979.0,201837.0
2025-06-20 10:27:16.671013,1007.0,199979.0,201837.0
2025-06-20 10:27:19.705789,1006.45,199979.0,201837.0
2025-06-20 10:27:21.731177,1007.0,195552.0,202736.0
2025-06-20 10:27:22.690327,1007.05,195552.0,202736.0
2025-06-20 10:27:25.716303,1007.05,195552.0,202736.0
2025-06-20 10:27:28.327790,1006.65,193930.0,206257.0
2025-06-20 10:27:29.807987,1006.8,193930.0,206257.0
2025-06-20 10:27:35.134782,1007.2,194417.0,204992.0
2025-06-20 10:27:35.675985,1007.2,194417.0,204992.0
2025-06-20 10:27:41.640542,1006.95,194405.0,205996.0
2025-06-20 10:27:42.697232,1006.95,194405.0,205996.0
2025-06-20 10:27:42.739128,1006.95,194405.0,205996.0
2025-06-20 10:27:43.031040,1006.95,194405.0,205996.0
2025-06-20 10:27:44.244275,1006.95,194405.0,205996.0
2025-06-20 10:27:45.276330,1006.95,194405.0,205996.0
2025-06-20 10:27:46.296839,1006.95,194405.0,205996.0
2025-06-20 10:27:46.676790,1007.0,194405.0,205996.0
2025-06-20 10:27:46.740187,1007.0,194405.0,205996.0
2025-06-20 10:27:47.709711,1007.0,194405.0,205996.0
2025-06-20 10:27:48.046217,1007.0,194226.0,205679.0
2025-06-20 10:27:49.007755,1007.0,194226.0,205679.0
2025-06-20 10:27:50.681159,1006.85,194226.0,205679.0
2025-06-20 10:27:51.518567,1006.85,194226.0,205679.0
2025-06-20 10:27:52.680497,1007.0,194226.0,205679.0
2025-06-20 10:27:52.823370,1007.0,194226.0,205679.0
2025-06-20 10:27:54.032429,1007.0,194226.0,205679.0
2025-06-20 10:27:54.460144,1007.0,195036.0,207548.0
2025-06-20 10:27:55.624249,1007.0,195036.0,207548.0
2025-06-20 10:27:58.674970,1006.55,195036.0,207548.0
2025-06-20 10:28:01.709661,1007.0,194867.0,206725.0
2025-06-20 10:28:01.717019,1007.0,194867.0,206725.0
2025-06-20 10:28:02.663764,1007.0,194913.0,207167.0
2025-06-20 10:28:03.676395,1007.0,194594.0,208111.0
2025-06-20 10:28:04.670778,1006.45,194594.0,208111.0
2025-06-20 10:28:04.761801,1006.45,194605.0,207805.0
2025-06-20 10:28:05.870236,1006.45,194504.0,207686.0
2025-06-20 10:28:06.672074,1006.4,194504.0,207686.0
2025-06-20 10:28:06.969618,1006.2,194647.0,209280.0
2025-06-20 10:28:07.675148,1006.2,194647.0,209280.0
2025-06-20 10:28:08.060355,1006.95,195050.0,208718.0
2025-06-20 10:28:08.671355,1006.95,195050.0,208718.0
2025-06-20 10:28:09.060789,1006.95,194931.0,208645.0
2025-06-20 10:28:09.671789,1006.9,194931.0,208645.0
2025-06-20 10:28:10.260762,1006.9,194603.0,209442.0
2025-06-20 10:28:10.673004,1006.85,194603.0,209442.0
2025-06-20 10:28:11.264843,1006.3,194877.0,209201.0
2025-06-20 10:28:11.668726,1006.3,194877.0,209201.0
2025-06-20 10:28:12.364906,1006.3,194956.0,209458.0
2025-06-20 10:28:13.476288,1006.3,193928.0,211133.0
2025-06-20 10:28:13.673905,1006.3,193928.0,211133.0
2025-06-20 10:28:14.568942,1006.3,194061.0,211270.0
2025-06-20 10:28:15.681046,1006.3,194623.0,211301.0
2025-06-20 10:28:16.768765,1006.3,194544.0,211232.0
2025-06-20 10:28:17.875250,1006.3,194632.0,211244.0
2025-06-20 10:28:18.975139,1006.3,194623.0,211000.0
2025-06-20 10:28:19.737602,1006.6,194623.0,211000.0
2025-06-20 10:28:20.071001,1006.6,195045.0,210707.0
2025-06-20 10:28:21.135077,1006.1,194568.0,211384.0
2025-06-20 10:28:21.671086,1005.9,194568.0,211384.0
2025-06-20 10:28:22.179094,1006.3,193990.0,212975.0
2025-06-20 10:28:22.716195,1006.3,193990.0,212975.0
2025-06-20 10:28:23.370543,1005.85,194176.0,212650.0
2025-06-20 10:28:23.690824,1005.85,194176.0,212650.0
2025-06-20 10:28:24.480799,1005.85,194130.0,213252.0
2025-06-20 10:28:25.592293,1005.8,194317.0,214181.0
2025-06-20 10:28:25.671702,1005.8,194317.0,214181.0
2025-06-20 10:28:26.681802,1005.8,193756.0,213064.0
2025-06-20 10:28:27.776832,1005.8,194348.0,213452.0
2025-06-20 10:28:28.706478,1006.0,194348.0,213452.0
2025-06-20 10:28:28.893116,1006.0,194459.0,213280.0
2025-06-20 10:28:29.979480,1006.0,194551.0,213401.0
2025-06-20 10:28:31.078680,1006.0,194676.0,213470.0
2025-06-20 10:28:32.182521,1005.65,194374.0,213392.0
2025-06-20 10:28:32.672796,1005.65,194374.0,213392.0
2025-06-20 10:28:33.080557,1005.65,193589.0,213937.0
2025-06-20 10:28:33.749636,1006.0,193589.0,213937.0
2025-06-20 10:28:34.181149,1006.0,194512.0,213311.0
2025-06-20 10:28:34.671018,1006.0,194512.0,213311.0
2025-06-20 10:28:35.183003,1006.0,194474.0,211845.0
2025-06-20 10:28:36.285033,1006.0,194519.0,212669.0
2025-06-20 10:28:36.683456,1005.75,194519.0,212669.0
2025-06-20 10:28:37.386866,1005.75,193782.0,212864.0
2025-06-20 10:28:37.671878,1005.75,193782.0,212864.0
2025-06-20 10:28:38.483641,1006.25,194197.0,212533.0
2025-06-20 10:28:38.676720,1006.25,194197.0,212533.0
2025-06-20 10:28:39.491145,1006.25,193780.0,212615.0
2025-06-20 10:28:40.584261,1005.8,193890.0,212598.0
2025-06-20 10:28:40.673950,1005.8,193890.0,212598.0
2025-06-20 10:28:41.585923,1006.4,194028.0,212296.0
2025-06-20 10:28:41.674275,1006.4,194028.0,212296.0
2025-06-20 10:28:42.696595,1006.4,194045.0,212309.0
2025-06-20 10:28:43.717049,1006.4,193789.0,213628.0
2025-06-20 10:28:44.672800,1006.0,193789.0,213628.0
2025-06-20 10:28:44.803536,1006.0,194597.0,213351.0
2025-06-20 10:28:45.679904,1006.2,194597.0,213351.0
2025-06-20 10:28:45.717197,1006.2,193954.0,213160.0
2025-06-20 10:28:46.676415,1005.8,193954.0,213160.0
2025-06-20 10:28:46.784937,1005.8,193795.0,212945.0
2025-06-20 10:28:47.896188,1005.8,194030.0,213062.0
2025-06-20 10:28:48.993507,1006.4,194605.0,211152.0
2025-06-20 10:28:49.684675,1006.0,194605.0,211152.0
2025-06-20 10:28:50.089241,1006.0,193767.0,212176.0
2025-06-20 10:28:51.189110,1006.0,194032.0,212146.0
2025-06-20 10:28:52.214085,1006.35,194197.0,212247.0
2025-06-20 10:28:52.671834,1006.35,194197.0,212247.0
2025-06-20 10:28:53.288060,1006.35,194334.0,212238.0
2025-06-20 10:28:54.390938,1006.35,194012.0,211043.0
2025-06-20 10:28:54.677439,1006.35,194012.0,211043.0
2025-06-20 10:28:55.492374,1006.35,194145.0,211858.0
2025-06-20 10:28:56.593597,1006.35,193996.0,211621.0
2025-06-20 10:28:57.597309,1006.1,194061.0,211384.0
2025-06-20 10:28:57.685843,1006.1,194061.0,211384.0
2025-06-20 10:28:58.677320,1006.1,194061.0,211384.0
2025-06-20 10:28:58.794076,1006.1,194072.0,211762.0
2025-06-20 10:28:59.899427,1006.1,194057.0,211755.0
2025-06-20 10:29:01.097450,1006.1,193972.0,212150.0
2025-06-20 10:29:01.673993,1006.3,193972.0,212150.0
2025-06-20 10:29:02.093919,1006.3,195705.0,210227.0
2025-06-20 10:29:02.678952,1006.35,195705.0,210227.0
2025-06-20 10:29:03.195253,1006.35,194910.0,211296.0
2025-06-20 10:29:04.295734,1006.35,194824.0,211263.0
2025-06-20 10:29:05.296758,1006.5,194931.0,207975.0
2025-06-20 10:29:05.674663,1006.5,194931.0,207975.0
2025-06-20 10:29:06.297290,1006.45,195355.0,209348.0
2025-06-20 10:29:06.674701,1006.4,195355.0,209348.0
2025-06-20 10:29:07.301914,1006.4,195342.0,210926.0
2025-06-20 10:29:07.674021,1006.3,195342.0,210926.0
2025-06-20 10:29:08.299130,1006.3,195362.0,210774.0
2025-06-20 10:29:09.301160,1006.7,193742.0,210325.0
2025-06-20 10:29:09.678277,1006.7,193742.0,210325.0
2025-06-20 10:29:10.200944,1006.7,194399.0,210589.0
2025-06-20 10:29:10.678692,1006.2,194399.0,210589.0
2025-06-20 10:29:11.202022,1006.2,194244.0,210761.0
2025-06-20 10:29:11.684817,1006.7,194244.0,210761.0
2025-06-20 10:29:12.204406,1006.7,194917.0,210492.0
2025-06-20 10:29:13.203823,1006.7,194606.0,210504.0
2025-06-20 10:29:13.674475,1006.7,194606.0,210504.0
2025-06-20 10:29:14.207752,1006.85,194528.0,209542.0
2025-06-20 10:29:14.677614,1006.85,194528.0,209542.0
2025-06-20 10:29:15.205617,1006.85,194426.0,210868.0
2025-06-20 10:29:16.206086,1006.85,195119.0,210664.0
2025-06-20 10:29:17.205305,1006.85,194439.0,210869.0
2025-06-20 10:29:17.685141,1006.65,194439.0,210869.0
2025-06-20 10:29:18.372627,1006.7,195600.0,209864.0
2025-06-20 10:29:18.967532,1006.7,195600.0,209864.0
2025-06-20 10:29:19.318245,1006.45,195609.0,210337.0
2025-06-20 10:29:19.696095,1006.45,195609.0,210337.0
2025-06-20 10:29:20.310841,1006.45,193424.0,210814.0
2025-06-20 10:29:21.310042,1006.45,190958.0,211092.0
2025-06-20 10:29:22.312925,1006.45,194945.0,211167.0
2025-06-20 10:29:23.312047,1006.45,194911.0,211138.0
2025-06-20 10:29:24.317058,1006.45,194911.0,211154.0
2025-06-20 10:29:25.429458,1006.8,194085.0,210524.0
2025-06-20 10:29:25.677064,1006.8,194085.0,210524.0
2025-06-20 10:29:26.516224,1006.8,194015.0,210865.0
2025-06-20 10:29:27.613029,1006.7,194218.0,211030.0
2025-06-20 10:29:27.681255,1006.7,194218.0,211030.0
2025-06-20 10:29:28.640572,1006.25,194050.0,211070.0
2025-06-20 10:29:28.673690,1006.25,194050.0,211070.0
2025-06-20 10:29:29.617350,1006.25,194332.0,211766.0
2025-06-20 10:29:30.792341,1006.25,194079.0,211894.0
2025-06-20 10:29:31.730895,1006.25,193120.0,213107.0
2025-06-20 10:29:32.820286,1006.25,194095.0,212862.0
2025-06-20 10:29:34.043585,1006.25,194092.0,213011.0
2025-06-20 10:29:35.027689,1006.25,193866.0,213972.0
2025-06-20 10:29:35.677988,1006.55,193866.0,213972.0
2025-06-20 10:29:36.150503,1006.65,193971.0,212927.0
2025-06-20 10:29:36.674287,1006.65,193971.0,212927.0
2025-06-20 10:29:37.224416,1006.65,194780.0,211265.0
2025-06-20 10:29:38.324695,1006.65,194807.0,212006.0
2025-06-20 10:29:39.325954,1007.0,193426.0,206324.0
2025-06-20 10:29:39.681185,1007.2,193426.0,206324.0
2025-06-20 10:29:40.437055,1007.2,196518.0,206586.0
2025-06-20 10:29:40.678268,1007.05,196518.0,206586.0
2025-06-20 10:29:41.664606,1006.9,195032.0,208254.0
2025-06-20 10:29:41.710311,1006.9,195032.0,208254.0
2025-06-20 10:29:42.629214,1006.9,194447.0,210041.0
2025-06-20 10:29:42.678449,1006.9,194447.0,210041.0
2025-06-20 10:29:43.734044,1006.9,194884.0,209830.0
2025-06-20 10:29:44.831965,1006.9,194884.0,209775.0
2025-06-20 10:29:45.639425,1006.9,194699.0,210030.0
2025-06-20 10:29:46.710636,1007.0,194699.0,210030.0
2025-06-20 10:29:46.728233,1007.0,195008.0,210249.0
2025-06-20 10:29:47.680903,1007.0,195008.0,210249.0
2025-06-20 10:29:47.829620,1007.0,195107.0,209360.0
2025-06-20 10:29:48.677685,1007.25,195107.0,209360.0
2025-06-20 10:29:48.943607,1007.25,196217.0,207471.0
2025-06-20 10:29:49.695289,1007.25,196217.0,207471.0
2025-06-20 10:29:49.960389,1007.25,195915.0,207356.0
2025-06-20 10:29:50.941985,1007.25,195702.0,207427.0
2025-06-20 10:29:51.710488,1007.5,195702.0,207427.0
2025-06-20 10:29:52.053395,1007.5,195615.0,207057.0
2025-06-20 10:29:52.679817,1007.5,195615.0,207057.0
2025-06-20 10:29:53.008308,1007.5,195694.0,207159.0
2025-06-20 10:29:53.945019,1007.5,195771.0,207226.0
2025-06-20 10:29:55.174967,1007.1,195770.0,207328.0
2025-06-20 10:29:55.709245,1007.5,195770.0,207328.0
2025-06-20 10:29:56.132532,1007.5,195743.0,207267.0
2025-06-20 10:29:57.042495,1007.5,195927.0,207267.0
2025-06-20 10:29:58.133183,1007.5,196097.0,208165.0
2025-06-20 10:29:59.234831,1007.7,195762.0,207763.0
2025-06-20 10:29:59.683683,1007.7,195762.0,207763.0
2025-06-20 10:30:00.340065,1007.7,195158.0,207209.0
2025-06-20 10:30:00.684545,1007.7,195158.0,207209.0
2025-06-20 10:30:01.239311,1007.5,194949.0,207752.0
2025-06-20 10:30:01.677354,1007.65,194949.0,207752.0
2025-06-20 10:30:02.240682,1007.65,194941.0,208544.0
2025-06-20 10:30:02.676939,1007.7,194941.0,208544.0
2025-06-20 10:30:03.257812,1007.7,195124.0,208520.0
2025-06-20 10:30:03.675263,1007.15,195124.0,208520.0
2025-06-20 10:30:04.244710,1007.15,195064.0,208680.0
2025-06-20 10:30:05.342184,1007.15,196498.0,206149.0
2025-06-20 10:30:06.479761,1007.15,195709.0,206130.0
2025-06-20 10:30:07.542348,1007.15,195594.0,207449.0
2025-06-20 10:30:08.545195,1007.8,195773.0,207498.0
2025-06-20 10:30:08.673233,1007.8,195773.0,207498.0
2025-06-20 10:30:09.624031,1007.55,196095.0,207056.0
2025-06-20 10:30:09.742958,1007.55,196095.0,207056.0
2025-06-20 10:30:10.546751,1007.55,195568.0,207119.0
2025-06-20 10:30:10.701635,1007.55,195568.0,207119.0
2025-06-20 10:30:11.548298,1007.55,195305.0,207654.0
2025-06-20 10:30:12.546179,1007.55,195779.0,207926.0
2025-06-20 10:30:13.547799,1007.85,196007.0,207662.0
2025-06-20 10:30:13.722356,1007.85,196007.0,207662.0
2025-06-20 10:30:14.476516,1007.85,195309.0,207462.0
2025-06-20 10:30:15.547954,1007.85,195186.0,207461.0
2025-06-20 10:30:16.727239,1007.95,195265.0,207198.0
2025-06-20 10:30:16.958287,1007.95,195265.0,207198.0
2025-06-20 10:30:17.689817,1008.0,195265.0,207198.0
2025-06-20 10:30:17.749203,1008.0,195239.0,207094.0
2025-06-20 10:30:18.789305,1007.65,195239.0,207094.0
2025-06-20 10:30:18.795361,1007.65,195180.0,206906.0
2025-06-20 10:30:19.695797,1007.65,195180.0,206906.0
2025-06-20 10:30:19.751408,1007.65,195466.0,207146.0
2025-06-20 10:30:20.751819,1007.65,195447.0,207094.0
2025-06-20 10:30:21.681252,1008.0,195447.0,207094.0
2025-06-20 10:30:21.852723,1008.0,195895.0,206241.0
2025-06-20 10:30:22.980331,1008.0,195919.0,206419.0
2025-06-20 10:30:24.053025,1008.0,196099.0,206274.0
2025-06-20 10:30:24.700430,1008.0,196099.0,206274.0
2025-06-20 10:30:25.155254,1008.3,197017.0,205519.0
2025-06-20 10:30:25.710666,1008.3,197017.0,205519.0
2025-06-20 10:30:26.162157,1008.3,194911.0,206107.0
2025-06-20 10:30:26.689757,1008.5,194911.0,206107.0
2025-06-20 10:30:27.256437,1008.15,195261.0,206326.0
2025-06-20 10:30:27.679674,1008.15,195261.0,206326.0
2025-06-20 10:30:28.359145,1008.15,196101.0,206018.0
2025-06-20 10:30:28.689382,1007.8,196101.0,206018.0
2025-06-20 10:30:29.473037,1007.8,193302.0,209562.0
2025-06-20 10:30:29.716536,1008.25,193302.0,209562.0
2025-06-20 10:30:30.491794,1008.25,194045.0,209299.0
2025-06-20 10:30:31.474481,1008.25,194155.0,208927.0
2025-06-20 10:30:32.668126,1008.0,195339.0,208579.0
2025-06-20 10:30:32.678970,1008.0,195339.0,208579.0
2025-06-20 10:30:33.766811,1008.0,195702.0,207743.0
2025-06-20 10:30:34.692755,1008.3,195702.0,207743.0
2025-06-20 10:30:34.865077,1008.3,196430.0,207664.0
2025-06-20 10:30:35.683930,1008.05,196430.0,207664.0
2025-06-20 10:30:35.975276,1008.05,196055.0,207697.0
2025-06-20 10:30:36.676508,1008.3,196055.0,207697.0
2025-06-20 10:30:36.976122,1008.3,196823.0,207392.0
2025-06-20 10:30:37.680338,1008.05,196823.0,207392.0
2025-06-20 10:30:38.066698,1008.05,195791.0,208238.0
2025-06-20 10:30:39.177012,1008.05,196607.0,207299.0
2025-06-20 10:30:39.685766,1008.6,196607.0,207299.0
2025-06-20 10:30:40.267622,1008.55,198108.0,206262.0
2025-06-20 10:30:40.688623,1008.55,198108.0,206262.0
2025-06-20 10:30:41.369252,1008.5,195102.0,206587.0
2025-06-20 10:30:41.680381,1008.5,195102.0,206587.0
2025-06-20 10:30:42.479189,1008.5,194801.0,206577.0
2025-06-20 10:30:42.677318,1008.5,194801.0,206577.0
2025-06-20 10:30:43.215426,1008.5,194801.0,206577.0
2025-06-20 10:30:43.480611,1008.5,194764.0,206653.0
2025-06-20 10:30:43.532374,1008.5,194764.0,206653.0
2025-06-20 10:30:44.222010,1008.5,194764.0,206653.0
2025-06-20 10:30:44.481398,1008.7,194868.0,207009.0
2025-06-20 10:30:44.632097,1008.7,194868.0,207009.0
2025-06-20 10:30:44.678690,1008.7,194868.0,207009.0
2025-06-20 10:30:44.998312,1008.7,194868.0,207009.0
2025-06-20 10:30:45.315544,1008.7,194868.0,207009.0
2025-06-20 10:30:45.572694,1008.7,195404.0,206927.0
2025-06-20 10:30:46.012951,1008.7,195404.0,206927.0
2025-06-20 10:30:46.494062,1008.7,195404.0,206927.0
2025-06-20 10:30:46.777980,1008.7,194854.0,206597.0
2025-06-20 10:30:47.029240,1008.7,194854.0,206597.0
2025-06-20 10:30:47.669648,1008.7,194854.0,206597.0
2025-06-20 10:30:47.871119,1008.7,195607.0,206746.0
2025-06-20 10:30:48.417925,1008.7,195607.0,206746.0
2025-06-20 10:30:48.978232,1008.7,194862.0,207073.0
2025-06-20 10:30:49.681598,1008.8,194862.0,207073.0
2025-06-20 10:30:49.732632,1008.8,194862.0,207073.0
2025-06-20 10:30:50.074045,1008.8,193202.0,207259.0
2025-06-20 10:30:50.763540,1008.8,193202.0,207259.0
2025-06-20 10:30:51.186782,1008.8,192566.0,207221.0
2025-06-20 10:30:52.262761,1008.8,192566.0,207221.0
2025-06-20 10:30:52.283720,1009.0,191954.0,206132.0
2025-06-20 10:30:52.693515,1009.0,191954.0,206132.0
2025-06-20 10:30:53.374438,1009.0,192121.0,206385.0
2025-06-20 10:30:53.532886,1009.0,192121.0,206385.0
2025-06-20 10:30:53.731065,1009.25,192121.0,206385.0
2025-06-20 10:30:54.681026,1009.7,192121.0,206385.0
2025-06-20 10:30:54.805887,1009.7,192121.0,206385.0
2025-06-20 10:30:54.988040,1009.7,194803.0,203943.0
2025-06-20 10:30:55.689173,1009.25,194803.0,203943.0
2025-06-20 10:30:56.077350,1009.7,194257.0,204340.0
2025-06-20 10:30:56.501435,1009.7,194257.0,204340.0
2025-06-20 10:30:56.690487,1009.7,194257.0,204340.0
2025-06-20 10:30:57.191254,1009.7,194718.0,204471.0
2025-06-20 10:30:57.705669,1009.65,194718.0,204471.0
2025-06-20 10:30:58.276575,1009.5,193145.0,204529.0
2025-06-20 10:30:58.685227,1009.5,193145.0,204529.0
2025-06-20 10:30:59.375848,1009.5,192938.0,204869.0
2025-06-20 10:30:59.685762,1009.5,192938.0,204869.0
2025-06-20 10:31:01.277879,1009.65,192977.0,204884.0
2025-06-20 10:31:01.688439,1009.65,192977.0,204884.0
2025-06-20 10:31:02.300901,1009.65,193748.0,204150.0
2025-06-20 10:31:03.442033,1009.9,193267.0,203852.0
2025-06-20 10:31:03.685725,1009.6,193267.0,203852.0
2025-06-20 10:31:04.488985,1009.6,193805.0,204107.0
2025-06-20 10:31:04.690418,1009.6,193805.0,204107.0
2025-06-20 10:31:05.577277,1009.9,193224.0,203254.0
2025-06-20 10:31:05.689945,1009.9,193224.0,203254.0
2025-06-20 10:31:06.488153,1010.0,192083.0,203949.0
2025-06-20 10:31:06.690315,1009.5,192083.0,203949.0
2025-06-20 10:31:07.495712,1009.7,191223.0,205020.0
2025-06-20 10:31:07.690025,1009.7,191223.0,205020.0
2025-06-20 10:31:08.589166,1009.75,191425.0,205103.0
2025-06-20 10:31:08.686390,1009.75,191425.0,205103.0
2025-06-20 10:31:09.946678,1009.25,191425.0,205103.0
2025-06-20 10:31:09.953772,1009.25,190822.0,208398.0
2025-06-20 10:31:10.693354,1008.95,190822.0,208398.0
2025-06-20 10:31:11.184716,1008.95,191677.0,208948.0
2025-06-20 10:31:12.187564,1008.95,191311.0,208324.0
2025-06-20 10:31:13.088717,1009.45,192159.0,207254.0
2025-06-20 10:31:13.755957,1009.45,192159.0,207254.0
2025-06-20 10:31:14.298120,1009.45,192530.0,206175.0
2025-06-20 10:31:15.397524,1009.7,192328.0,206055.0
2025-06-20 10:31:15.690747,1009.7,192328.0,206055.0
2025-06-20 10:31:16.498777,1010.0,194004.0,199367.0
2025-06-20 10:31:16.695692,1010.0,194004.0,199367.0
2025-06-20 10:31:17.593002,1010.0,193007.0,200208.0
2025-06-20 10:31:17.690402,1010.0,193007.0,200208.0
2025-06-20 10:31:18.593496,1009.95,192890.0,204943.0
2025-06-20 10:31:18.721276,1009.95,192890.0,204943.0
2025-06-20 10:31:19.495965,1010.2,195289.0,196636.0
2025-06-20 10:31:19.692758,1010.2,195289.0,196636.0
2025-06-20 10:31:20.695324,1010.25,195289.0,196636.0
2025-06-20 10:31:20.707669,1010.25,194516.0,197139.0
2025-06-20 10:31:21.703262,1010.0,194516.0,197139.0
2025-06-20 10:31:21.796924,1010.0,191618.0,198314.0
2025-06-20 10:31:22.693324,1010.0,191618.0,198314.0
2025-06-20 10:31:22.894107,1010.0,192415.0,198740.0
2025-06-20 10:31:23.700377,1010.2,192415.0,198740.0
2025-06-20 10:31:24.001878,1010.2,192202.0,190650.0
2025-06-20 10:31:24.699741,1010.05,192202.0,190650.0
2025-06-20 10:31:25.597425,1010.45,192980.0,189977.0
2025-06-20 10:31:25.682796,1010.45,192980.0,189977.0
2025-06-20 10:31:26.597755,1010.15,192174.0,190407.0
2025-06-20 10:31:26.687509,1010.15,192174.0,190407.0
2025-06-20 10:31:27.727851,1010.45,192174.0,190407.0
2025-06-20 10:31:27.737067,1010.0,191716.0,191249.0
2025-06-20 10:31:28.726313,1010.0,191716.0,191249.0
2025-06-20 10:31:28.803443,1010.0,192776.0,191118.0
2025-06-20 10:31:29.738559,1010.45,192776.0,191118.0
2025-06-20 10:31:29.925592,1010.45,192191.0,190990.0
2025-06-20 10:31:30.709192,1010.0,192191.0,190990.0
2025-06-20 10:31:31.011554,1010.05,193867.0,191041.0
2025-06-20 10:31:31.755926,1010.05,193867.0,191041.0
2025-06-20 10:31:32.101781,1010.25,193340.0,190858.0
2025-06-20 10:31:32.717144,1010.45,193340.0,190858.0
2025-06-20 10:31:33.203018,1010.45,193500.0,190926.0
2025-06-20 10:31:33.733191,1010.5,193500.0,190926.0
2025-06-20 10:31:34.301515,1010.55,196176.0,195930.0
2025-06-20 10:31:34.736457,1010.55,196176.0,195930.0
2025-06-20 10:31:35.416643,1010.55,194548.0,197156.0
2025-06-20 10:31:36.420795,1010.8,194139.0,198108.0
2025-06-20 10:31:36.706067,1010.55,194139.0,198108.0
2025-06-20 10:31:37.419747,1010.8,195288.0,197264.0
2025-06-20 10:31:37.699017,1010.8,195288.0,197264.0
2025-06-20 10:31:38.651604,1010.8,195871.0,197098.0
2025-06-20 10:31:38.705841,1010.8,195871.0,197098.0
2025-06-20 10:31:39.656806,1010.75,194828.0,197135.0
2025-06-20 10:31:39.747879,1010.8,194828.0,197135.0
2025-06-20 10:31:40.775174,1010.9,194828.0,197135.0
2025-06-20 10:31:41.047565,1010.9,192634.0,199064.0
2025-06-20 10:31:41.811393,1010.9,193158.0,198907.0
2025-06-20 10:31:42.831739,1010.9,193252.0,199000.0
2025-06-20 10:31:44.175989,1011.55,197166.0,192067.0
2025-06-20 10:31:44.689879,1011.15,197166.0,192067.0
2025-06-20 10:31:45.020899,1011.2,196280.0,194349.0
2025-06-20 10:31:45.725907,1011.2,196280.0,194349.0
2025-06-20 10:31:46.111344,1011.2,195576.0,194834.0
2025-06-20 10:31:46.698491,1011.65,195576.0,194834.0
2025-06-20 10:31:47.213689,1011.65,196665.0,195561.0
2025-06-20 10:31:47.706073,1011.85,196665.0,195561.0
2025-06-20 10:31:48.216297,1011.85,195895.0,195656.0
2025-06-20 10:31:49.323720,1011.85,196266.0,195256.0
2025-06-20 10:31:50.454138,1011.65,195056.0,196615.0
2025-06-20 10:31:50.705896,1011.65,195056.0,196615.0
2025-06-20 10:31:51.517252,1011.65,195424.0,196879.0
2025-06-20 10:31:51.692707,1011.65,195424.0,196879.0
2025-06-20 10:31:52.622859,1011.1,194475.0,197134.0
2025-06-20 10:31:52.700023,1011.1,194475.0,197134.0
2025-06-20 10:31:53.686054,1011.45,194475.0,197134.0
2025-06-20 10:31:53.720777,1011.45,195028.0,197453.0
2025-06-20 10:31:54.704243,1010.9,195028.0,197453.0
2025-06-20 10:31:54.738688,1010.9,192911.0,197810.0
2025-06-20 10:31:55.818507,1010.9,195315.0,198034.0
2025-06-20 10:31:56.685591,1011.0,195315.0,198034.0
2025-06-20 10:31:57.519822,1011.4,195239.0,198708.0
2025-06-20 10:31:57.706579,1010.95,195239.0,198708.0
2025-06-20 10:31:58.519946,1010.95,195240.0,199339.0
2025-06-20 10:31:59.619832,1011.3,193874.0,200329.0
2025-06-20 10:31:59.684902,1011.25,193874.0,200329.0
2025-06-20 10:32:01.121556,1011.4,195376.0,199412.0
2025-06-20 10:32:01.702741,1011.4,195376.0,199412.0
2025-06-20 10:32:02.122085,1011.4,195702.0,199880.0
2025-06-20 10:32:02.698932,1010.8,195702.0,199880.0
2025-06-20 10:32:03.135308,1010.8,195210.0,200747.0
2025-06-20 10:32:03.698340,1011.65,195210.0,200747.0
2025-06-20 10:32:04.122314,1011.15,195136.0,199158.0
2025-06-20 10:32:04.698770,1011.15,195136.0,199158.0
2025-06-20 10:32:05.123802,1011.15,195656.0,199719.0
2025-06-20 10:32:05.693495,1011.15,195656.0,199719.0
2025-06-20 10:32:06.225189,1011.15,197966.0,200181.0
2025-06-20 10:32:07.124761,1011.15,198269.0,199756.0
2025-06-20 10:32:07.699273,1011.15,198269.0,199756.0
2025-06-20 10:32:08.126402,1011.1,196180.0,200543.0
2025-06-20 10:32:08.691982,1011.1,196180.0,200543.0
2025-06-20 10:32:09.125947,1011.1,197506.0,200816.0
2025-06-20 10:32:09.692002,1011.15,197506.0,200816.0
2025-06-20 10:32:10.167360,1011.15,199168.0,199852.0
2025-06-20 10:32:10.695049,1011.15,199168.0,199852.0
2025-06-20 10:32:11.127701,1011.15,197009.0,201100.0
2025-06-20 10:32:11.699920,1011.15,197009.0,201100.0
2025-06-20 10:32:12.131105,1011.35,197040.0,201767.0
2025-06-20 10:32:12.685173,1011.35,197040.0,201767.0
2025-06-20 10:32:13.153879,1010.8,196802.0,202852.0
2025-06-20 10:32:13.686082,1010.8,196802.0,202852.0
2025-06-20 10:32:13.964060,1010.8,197900.0,202535.0
2025-06-20 10:32:15.042903,1010.8,197663.0,202553.0
2025-06-20 10:32:15.706622,1010.95,197663.0,202553.0
2025-06-20 10:32:16.033662,1011.15,197712.0,201791.0
2025-06-20 10:32:16.684430,1011.15,197712.0,201791.0
2025-06-20 10:32:16.968970,1011.15,198141.0,202010.0
2025-06-20 10:32:17.969592,1011.15,196527.0,202147.0
2025-06-20 10:32:18.947165,1011.15,196776.0,203327.0
2025-06-20 10:32:19.839852,1011.15,196754.0,202782.0
2025-06-20 10:32:20.710652,1010.8,196754.0,202782.0
2025-06-20 10:32:20.843139,1010.8,195888.0,204680.0
2025-06-20 10:32:21.685961,1011.15,195888.0,204680.0
2025-06-20 10:32:21.839123,1011.15,192195.0,204431.0
2025-06-20 10:32:22.699676,1011.15,192195.0,204431.0
2025-06-20 10:32:22.838527,1011.15,193597.0,202405.0
2025-06-20 10:32:23.689372,1011.15,193597.0,202405.0
