timestamp,ltp,bid_qty,ask_qty
2025-06-20 10:10:48.254616,2143.8,165663.0,145211.0
2025-06-20 10:10:48.369969,2143.8,165238.0,145479.0
2025-06-20 10:10:48.594524,2143.8,165238.0,145479.0
2025-06-20 10:10:50.591765,2143.8,165238.0,145479.0
2025-06-20 10:10:52.590961,2143.8,165238.0,145479.0
2025-06-20 10:10:54.065258,2143.8,165676.0,145605.0
2025-06-20 10:10:54.595517,2143.8,165676.0,145605.0
2025-06-20 10:10:56.596040,2143.8,165676.0,145605.0
2025-06-20 10:10:58.611658,2143.8,165676.0,145605.0
2025-06-20 10:10:59.576103,2143.8,164453.0,144958.0
2025-06-20 10:11:00.644534,2143.8,164453.0,144958.0
2025-06-20 10:11:02.600262,2143.7,164453.0,144958.0
2025-06-20 10:11:04.598944,2143.8,164453.0,144958.0
2025-06-20 10:11:05.174942,2143.8,165006.0,145297.0
2025-06-20 10:11:06.635620,2143.8,165006.0,145297.0
2025-06-20 10:11:08.858134,2143.8,165006.0,145297.0
2025-06-20 10:11:11.378489,2143.8,165613.0,145658.0
2025-06-20 10:11:12.904220,2143.6,165613.0,145658.0
2025-06-20 10:11:16.660271,2143.9,165613.0,145658.0
2025-06-20 10:11:16.982977,2143.9,167051.0,144722.0
2025-06-20 10:11:19.262632,2144.5,167051.0,144722.0
2025-06-20 10:11:20.630754,2144.5,167051.0,144722.0
2025-06-20 10:11:22.184099,2144.5,166101.0,144699.0
2025-06-20 10:11:22.666353,2144.3,166101.0,144699.0
2025-06-20 10:11:24.661767,2144.3,166101.0,144699.0
2025-06-20 10:11:26.886559,2144.5,166101.0,144699.0
2025-06-20 10:11:27.492350,2144.5,165362.0,144216.0
2025-06-20 10:11:30.865702,2144.4,165362.0,144216.0
2025-06-20 10:11:32.604061,2144.4,165362.0,144216.0
2025-06-20 10:11:33.133609,2144.2,165392.0,145103.0
2025-06-20 10:11:34.624115,2143.9,165392.0,145103.0
2025-06-20 10:11:36.868865,2143.3,165392.0,145103.0
2025-06-20 10:11:38.600180,2143.2,165392.0,145103.0
2025-06-20 10:11:38.824897,2143.2,161655.0,148069.0
2025-06-20 10:11:40.608254,2144.2,161655.0,148069.0
2025-06-20 10:11:42.596093,2143.6,161655.0,148069.0
2025-06-20 10:11:44.600029,2144.5,161655.0,148069.0
2025-06-20 10:11:45.026058,2144.5,162048.0,147191.0
2025-06-20 10:11:46.596883,2144.4,162048.0,147191.0
2025-06-20 10:11:48.602736,2144.2,162048.0,147191.0
2025-06-20 10:11:50.713653,2144.2,166172.0,146465.0
2025-06-20 10:11:52.613588,2144.4,166172.0,146465.0
2025-06-20 10:11:56.507222,2144.5,168714.0,144803.0
2025-06-20 10:11:56.595795,2144.5,168714.0,144803.0
2025-06-20 10:11:58.607700,2144.5,168714.0,144803.0
2025-06-20 10:12:01.335127,2145.3,167425.0,142408.0
2025-06-20 10:12:01.610878,2145.3,167425.0,142408.0
2025-06-20 10:12:02.438737,2145.4,167045.0,142794.0
2025-06-20 10:12:02.602483,2145.4,167045.0,142794.0
2025-06-20 10:12:03.513479,2145.4,166963.0,143425.0
2025-06-20 10:12:03.599836,2145.4,166963.0,143425.0
2025-06-20 10:12:04.605792,2145.4,166963.0,143425.0
2025-06-20 10:12:04.623799,2145.4,164807.0,144146.0
2025-06-20 10:12:05.602176,2145.4,164807.0,144146.0
2025-06-20 10:12:05.623906,2145.4,164561.0,144240.0
2025-06-20 10:12:06.600287,2145.4,164561.0,144240.0
2025-06-20 10:12:06.739254,2145.4,165223.0,144670.0
2025-06-20 10:12:07.596387,2145.2,165223.0,144670.0
2025-06-20 10:12:07.724877,2145.2,165719.0,144325.0
2025-06-20 10:12:08.837862,2145.2,167118.0,143255.0
2025-06-20 10:12:10.011766,2145.2,167282.0,143670.0
2025-06-20 10:12:10.602422,2145.8,167282.0,143670.0
2025-06-20 10:12:10.823289,2145.8,167448.0,144215.0
2025-06-20 10:12:11.599655,2145.3,167448.0,144215.0
2025-06-20 10:12:11.825544,2145.3,167956.0,142305.0
2025-06-20 10:12:12.603200,2145.3,167956.0,142305.0
2025-06-20 10:12:12.826917,2145.3,168550.0,143013.0
2025-06-20 10:12:13.925503,2145.3,168171.0,143196.0
2025-06-20 10:12:14.640163,2145.3,168171.0,143196.0
2025-06-20 10:12:15.013071,2145.3,168084.0,143319.0
2025-06-20 10:12:15.598275,2145.3,168084.0,143319.0
2025-06-20 10:12:16.114861,2145.3,168537.0,143150.0
2025-06-20 10:12:16.601541,2145.3,168537.0,143150.0
2025-06-20 10:12:17.214767,2145.3,169306.0,142649.0
2025-06-20 10:12:18.215357,2145.8,171661.0,142836.0
2025-06-20 10:12:18.603261,2145.8,171661.0,142836.0
2025-06-20 10:12:19.331956,2145.8,166789.0,144528.0
2025-06-20 10:12:19.595395,2145.3,166789.0,144528.0
2025-06-20 10:12:20.335055,2145.3,167465.0,144883.0
2025-06-20 10:12:21.525546,2145.3,168399.0,144016.0
2025-06-20 10:12:21.600737,2145.3,168399.0,144016.0
2025-06-20 10:12:22.521111,2145.3,169196.0,144350.0
2025-06-20 10:12:22.598083,2145.3,169196.0,144350.0
2025-06-20 10:12:23.335204,2145.3,169834.0,144375.0
2025-06-20 10:12:24.347897,2145.3,169266.0,144393.0
2025-06-20 10:12:24.602499,2145.3,169266.0,144393.0
2025-06-20 10:12:25.436128,2145.3,169309.0,144389.0
2025-06-20 10:12:25.613202,2145.3,169309.0,144389.0
2025-06-20 10:12:26.455006,2145.3,166985.0,144183.0
2025-06-20 10:12:26.617193,2145.3,166985.0,144183.0
2025-06-20 10:12:27.523532,2145.3,167503.0,144976.0
2025-06-20 10:12:27.598212,2145.6,167503.0,144976.0
2025-06-20 10:12:28.528307,2145.6,167582.0,144980.0
2025-06-20 10:12:28.596566,2145.6,167582.0,144980.0
2025-06-20 10:12:29.593783,2145.0,167582.0,144980.0
2025-06-20 10:12:29.636819,2145.0,168220.0,145545.0
2025-06-20 10:12:30.600286,2145.8,168220.0,145545.0
2025-06-20 10:12:30.948787,2145.8,169595.0,145042.0
2025-06-20 10:12:31.599773,2145.2,169595.0,145042.0
2025-06-20 10:12:31.842465,2145.2,169594.0,145115.0
2025-06-20 10:12:32.837330,2145.2,169594.0,145022.0
2025-06-20 10:12:33.598865,2145.2,169594.0,145022.0
2025-06-20 10:12:33.931485,2145.2,169852.0,145069.0
2025-06-20 10:12:34.602055,2145.2,169852.0,145069.0
2025-06-20 10:12:35.027330,2145.2,165324.0,146303.0
2025-06-20 10:12:35.602155,2145.2,165324.0,146303.0
2025-06-20 10:12:36.126810,2145.7,164957.0,146344.0
2025-06-20 10:12:36.608823,2145.7,164957.0,146344.0
2025-06-20 10:12:37.132907,2145.7,165422.0,146121.0
2025-06-20 10:12:37.606830,2145.2,165422.0,146121.0
2025-06-20 10:12:38.230826,2145.2,165930.0,146065.0
2025-06-20 10:12:38.603660,2145.4,165930.0,146065.0
2025-06-20 10:12:39.234862,2145.4,165348.0,146227.0
2025-06-20 10:12:39.600652,2145.8,165348.0,146227.0
2025-06-20 10:12:40.363445,2145.8,165818.0,146181.0
2025-06-20 10:12:40.521264,2145.8,165818.0,146181.0
2025-06-20 10:12:41.139153,2145.8,165818.0,146181.0
2025-06-20 10:12:41.442490,2145.8,165851.0,146205.0
2025-06-20 10:12:41.603188,2145.8,165851.0,146205.0
2025-06-20 10:12:41.698667,2145.8,165851.0,146205.0
2025-06-20 10:12:42.290276,2145.8,165851.0,146205.0
2025-06-20 10:12:42.646019,2145.8,165822.0,146247.0
2025-06-20 10:12:42.951707,2145.8,165822.0,146247.0
2025-06-20 10:12:43.430347,2145.8,165822.0,146247.0
2025-06-20 10:12:43.733998,2145.8,165826.0,146213.0
2025-06-20 10:12:43.940985,2145.8,165826.0,146213.0
2025-06-20 10:12:44.618370,2145.8,165826.0,146213.0
2025-06-20 10:12:44.676816,2145.4,165826.0,146213.0
2025-06-20 10:12:44.686942,2145.4,165864.0,146275.0
2025-06-20 10:12:45.416337,2145.4,165864.0,146275.0
2025-06-20 10:12:45.638306,2145.8,165864.0,146275.0
2025-06-20 10:12:45.733365,2145.4,165829.0,146209.0
2025-06-20 10:12:46.610586,2145.8,165829.0,146209.0
2025-06-20 10:12:46.677367,2145.8,165829.0,146209.0
2025-06-20 10:12:46.850838,2145.9,161865.0,146437.0
2025-06-20 10:12:47.605377,2145.9,161865.0,146437.0
2025-06-20 10:12:47.648590,2145.9,161865.0,146437.0
2025-06-20 10:12:47.939238,2145.2,165741.0,146622.0
2025-06-20 10:12:48.602928,2145.8,165741.0,146622.0
2025-06-20 10:12:49.035872,2145.8,165850.0,146736.0
2025-06-20 10:12:49.161614,2145.8,165850.0,146736.0
2025-06-20 10:12:49.602107,2145.2,165850.0,146736.0
2025-06-20 10:12:50.038175,2145.2,165445.0,146290.0
2025-06-20 10:12:50.474011,2145.2,165445.0,146290.0
2025-06-20 10:12:50.598069,2145.1,165445.0,146290.0
2025-06-20 10:12:51.238689,2145.2,166191.0,146698.0
2025-06-20 10:12:51.611532,2145.9,166191.0,146698.0
2025-06-20 10:12:51.711097,2145.9,166191.0,146698.0
2025-06-20 10:12:52.352220,2145.9,166138.0,146780.0
2025-06-20 10:12:53.263933,2145.9,166138.0,146780.0
2025-06-20 10:12:53.444463,2145.9,166162.0,146782.0
2025-06-20 10:12:54.545620,2145.2,166212.0,147066.0
2025-06-20 10:12:54.610021,2145.2,166212.0,147066.0
2025-06-20 10:12:55.546057,2145.3,166035.0,147082.0
2025-06-20 10:12:55.601721,2145.3,166035.0,147082.0
2025-06-20 10:12:56.606586,2145.3,166035.0,147082.0
2025-06-20 10:12:56.656225,2145.3,165854.0,146877.0
2025-06-20 10:12:57.639133,2145.3,165854.0,146877.0
2025-06-20 10:12:57.742442,2145.3,166409.0,146891.0
2025-06-20 10:12:58.601817,2145.3,166409.0,146891.0
2025-06-20 10:12:58.745875,2145.3,166046.0,146892.0
2025-06-20 10:12:59.602760,2145.3,166046.0,146892.0
2025-06-20 10:12:59.858881,2145.3,166438.0,146854.0
2025-06-20 10:13:00.622119,2145.8,166438.0,146854.0
2025-06-20 10:13:02.607069,2145.8,166438.0,146854.0
2025-06-20 10:13:03.364250,2145.8,166577.0,146346.0
2025-06-20 10:13:04.609908,2145.3,166577.0,146346.0
2025-06-20 10:13:06.609291,2145.8,166577.0,146346.0
2025-06-20 10:13:08.610234,2145.8,166577.0,146346.0
2025-06-20 10:13:09.155230,2145.8,166659.0,146782.0
2025-06-20 10:13:10.613317,2145.8,166659.0,146782.0
2025-06-20 10:13:12.608138,2145.8,166659.0,146782.0
2025-06-20 10:13:14.618351,2145.5,166659.0,146782.0
2025-06-20 10:13:14.907642,2145.5,167428.0,146981.0
2025-06-20 10:13:16.618014,2145.8,167428.0,146981.0
2025-06-20 10:13:18.607169,2145.5,167428.0,146981.0
2025-06-20 10:13:20.609530,2145.5,167428.0,146981.0
2025-06-20 10:13:20.887014,2145.8,166206.0,148115.0
2025-06-20 10:13:22.618464,2145.8,166206.0,148115.0
2025-06-20 10:13:24.613349,2145.5,166206.0,148115.0
2025-06-20 10:13:26.613638,2145.5,166206.0,148115.0
2025-06-20 10:13:27.071714,2145.5,166462.0,148307.0
2025-06-20 10:13:28.601801,2145.5,166462.0,148307.0
2025-06-20 10:13:30.608435,2145.8,166462.0,148307.0
2025-06-20 10:13:32.621458,2145.8,166462.0,148307.0
2025-06-20 10:13:33.272715,2145.8,166773.0,147705.0
2025-06-20 10:13:34.604369,2145.4,166773.0,147705.0
2025-06-20 10:13:36.612943,2145.3,166773.0,147705.0
2025-06-20 10:13:38.600997,2145.3,166773.0,147705.0
2025-06-20 10:13:39.493834,2145.3,167179.0,148835.0
2025-06-20 10:13:40.609828,2145.3,167179.0,148835.0
2025-06-20 10:13:42.609486,2145.8,167179.0,148835.0
2025-06-20 10:13:44.638197,2145.8,167179.0,148835.0
2025-06-20 10:13:45.486162,2145.3,167726.0,148840.0
2025-06-20 10:13:46.619107,2145.8,167726.0,148840.0
2025-06-20 10:13:50.626950,2145.7,167726.0,148840.0
2025-06-20 10:13:50.986510,2145.8,168232.0,148331.0
2025-06-20 10:13:52.618779,2145.8,168232.0,148331.0
2025-06-20 10:13:54.604908,2145.7,168232.0,148331.0
2025-06-20 10:13:56.590904,2145.8,164710.0,148299.0
2025-06-20 10:13:56.613922,2145.8,164710.0,148299.0
2025-06-20 10:13:58.622472,2145.7,164710.0,148299.0
2025-06-20 10:14:00.609889,2145.7,164710.0,148299.0
2025-06-20 10:14:02.204601,2145.8,167197.0,148713.0
2025-06-20 10:14:02.661930,2145.8,167197.0,148713.0
2025-06-20 10:14:04.635039,2145.6,167197.0,148713.0
2025-06-20 10:14:06.625370,2145.7,167197.0,148713.0
2025-06-20 10:14:07.792302,2145.6,167271.0,149129.0
2025-06-20 10:14:08.619058,2145.6,167271.0,149129.0
2025-06-20 10:14:10.613981,2145.6,167271.0,149129.0
2025-06-20 10:14:12.631924,2145.7,167271.0,149129.0
2025-06-20 10:14:13.801219,2145.6,167520.0,147406.0
2025-06-20 10:14:14.617899,2145.6,167520.0,147406.0
2025-06-20 10:14:16.618678,2145.6,167520.0,147406.0
2025-06-20 10:14:19.502829,2145.3,168789.0,146872.0
2025-06-20 10:14:20.613472,2145.6,168789.0,146872.0
2025-06-20 10:14:22.615220,2146.0,168789.0,146872.0
2025-06-20 10:14:24.633878,2145.8,168789.0,146872.0
2025-06-20 10:14:25.505875,2145.8,167390.0,146829.0
2025-06-20 10:14:26.610671,2145.8,167390.0,146829.0
2025-06-20 10:14:28.607449,2146.0,167390.0,146829.0
2025-06-20 10:14:30.614882,2146.0,167390.0,146829.0
2025-06-20 10:14:31.420911,2145.9,169648.0,146611.0
2025-06-20 10:14:32.612831,2145.9,169648.0,146611.0
2025-06-20 10:14:34.663574,2145.5,169648.0,146611.0
2025-06-20 10:14:37.010003,2145.9,169005.0,146941.0
2025-06-20 10:14:38.615590,2145.9,169005.0,146941.0
2025-06-20 10:14:40.612463,2145.5,169005.0,146941.0
2025-06-20 10:14:42.647315,2145.5,169005.0,146941.0
2025-06-20 10:14:42.648408,2145.5,168957.0,148742.0
2025-06-20 10:14:44.625054,2145.8,168957.0,148742.0
2025-06-20 10:14:46.609502,2145.6,168957.0,148742.0
2025-06-20 10:14:48.379679,2145.6,169489.0,148586.0
2025-06-20 10:14:48.615912,2145.6,169489.0,148586.0
2025-06-20 10:14:50.611929,2145.2,169489.0,148586.0
2025-06-20 10:14:52.648337,2145.6,169489.0,148586.0
2025-06-20 10:14:54.251644,2145.7,170190.0,146901.0
2025-06-20 10:14:54.622832,2145.7,170190.0,146901.0
2025-06-20 10:14:56.611782,2146.7,170190.0,146901.0
2025-06-20 10:15:00.524883,2146.7,167480.0,145766.0
2025-06-20 10:15:00.615438,2146.7,167480.0,145766.0
2025-06-20 10:15:02.613140,2146.7,167480.0,145766.0
2025-06-20 10:15:04.612859,2146.7,167480.0,145766.0
2025-06-20 10:15:06.619329,2147.0,167480.0,145766.0
2025-06-20 10:15:06.732554,2147.0,168834.0,150293.0
2025-06-20 10:15:08.613209,2146.8,168834.0,150293.0
2025-06-20 10:15:10.614079,2146.8,168834.0,150293.0
2025-06-20 10:15:12.611698,2146.8,168834.0,150293.0
2025-06-20 10:15:13.238459,2146.8,168315.0,151162.0
2025-06-20 10:15:14.608646,2146.8,168315.0,151162.0
2025-06-20 10:15:16.649889,2146.4,168315.0,151162.0
2025-06-20 10:15:18.619652,2146.9,168315.0,151162.0
2025-06-20 10:15:19.542764,2146.9,169405.0,150990.0
2025-06-20 10:15:20.618826,2146.9,169405.0,150990.0
2025-06-20 10:15:22.631435,2147.0,169405.0,150990.0
2025-06-20 10:15:24.617753,2147.1,169405.0,150990.0
2025-06-20 10:15:25.948189,2147.1,170960.0,149951.0
2025-06-20 10:15:26.614046,2147.3,170960.0,149951.0
2025-06-20 10:15:30.614151,2148.8,170960.0,149951.0
2025-06-20 10:15:32.154213,2147.7,166836.0,148336.0
2025-06-20 10:15:32.616364,2148.1,166836.0,148336.0
2025-06-20 10:15:34.615214,2147.7,166836.0,148336.0
2025-06-20 10:15:36.624811,2148.3,166836.0,148336.0
2025-06-20 10:15:38.164565,2148.3,167155.0,149502.0
2025-06-20 10:15:38.612424,2148.5,167155.0,149502.0
2025-06-20 10:15:40.639461,2148.4,167155.0,149502.0
2025-06-20 10:15:40.967208,2148.4,167155.0,149502.0
2025-06-20 10:15:41.361551,2148.4,167155.0,149502.0
2025-06-20 10:15:42.171882,2148.4,167155.0,149502.0
2025-06-20 10:15:42.627379,2148.6,167155.0,149502.0
2025-06-20 10:15:42.771829,2148.6,167155.0,149502.0
2025-06-20 10:15:43.440762,2148.6,167155.0,149502.0
2025-06-20 10:15:44.168970,2148.9,169475.0,147225.0
2025-06-20 10:15:44.458328,2148.9,169475.0,147225.0
2025-06-20 10:15:44.616582,2148.1,169475.0,147225.0
2025-06-20 10:15:44.819917,2148.1,169475.0,147225.0
2025-06-20 10:15:45.774606,2148.1,169475.0,147225.0
2025-06-20 10:15:46.618361,2148.8,169475.0,147225.0
2025-06-20 10:15:47.114384,2148.8,169475.0,147225.0
2025-06-20 10:15:48.078090,2148.8,169475.0,147225.0
2025-06-20 10:15:48.613258,2149.0,169475.0,147225.0
2025-06-20 10:15:49.658539,2149.0,169475.0,147225.0
2025-06-20 10:15:50.062378,2148.5,168175.0,146515.0
2025-06-20 10:15:50.881632,2148.5,168175.0,146515.0
2025-06-20 10:15:52.122730,2148.5,168175.0,146515.0
2025-06-20 10:15:52.616973,2148.9,168175.0,146515.0
2025-06-20 10:15:53.696371,2148.9,168175.0,146515.0
2025-06-20 10:15:54.616546,2148.6,168175.0,146515.0
2025-06-20 10:15:56.567000,2149.2,168823.0,146807.0
2025-06-20 10:15:57.685069,2149.3,168823.0,146807.0
2025-06-20 10:16:00.622074,2149.8,168823.0,146807.0
2025-06-20 10:16:01.067465,2149.8,169505.0,145080.0
2025-06-20 10:16:01.614127,2149.8,169505.0,145080.0
2025-06-20 10:16:02.072523,2149.8,165718.0,145624.0
2025-06-20 10:16:02.610459,2149.8,165718.0,145624.0
2025-06-20 10:16:03.179290,2149.8,170775.0,144716.0
2025-06-20 10:16:04.272396,2149.4,167483.0,147772.0
2025-06-20 10:16:04.616009,2149.7,167483.0,147772.0
2025-06-20 10:16:05.374142,2149.4,167130.0,147919.0
2025-06-20 10:16:05.662827,2149.7,167130.0,147919.0
2025-06-20 10:16:06.373601,2149.8,168355.0,146920.0
2025-06-20 10:16:06.614901,2149.8,168355.0,146920.0
2025-06-20 10:16:07.371932,2149.8,167918.0,147033.0
2025-06-20 10:16:07.612688,2149.8,167918.0,147033.0
2025-06-20 10:16:08.384738,2149.8,168376.0,147128.0
2025-06-20 10:16:09.473535,2149.4,169429.0,148100.0
2025-06-20 10:16:09.611924,2149.4,169429.0,148100.0
2025-06-20 10:16:10.473312,2149.4,169461.0,148192.0
2025-06-20 10:16:10.615524,2149.4,169461.0,148192.0
2025-06-20 10:16:11.574188,2149.4,165434.0,148151.0
2025-06-20 10:16:11.609329,2149.4,165434.0,148151.0
2025-06-20 10:16:12.613809,2149.3,165434.0,148151.0
2025-06-20 10:16:12.673780,2149.3,169825.0,147966.0
2025-06-20 10:16:13.607822,2149.2,169825.0,147966.0
2025-06-20 10:16:13.774047,2149.0,164794.0,150219.0
2025-06-20 10:16:14.613356,2149.2,164794.0,150219.0
2025-06-20 10:16:14.777134,2149.2,168411.0,150241.0
2025-06-20 10:16:15.612558,2149.2,168411.0,150241.0
2025-06-20 10:16:15.776098,2149.2,167120.0,150320.0
2025-06-20 10:16:16.613746,2149.3,167120.0,150320.0
2025-06-20 10:16:16.778831,2149.3,166713.0,150097.0
2025-06-20 10:16:17.614231,2148.8,166713.0,150097.0
2025-06-20 10:16:17.882392,2148.8,168913.0,149226.0
2025-06-20 10:16:18.613712,2149.4,168913.0,149226.0
2025-06-20 10:16:18.978889,2149.4,168672.0,148601.0
2025-06-20 10:16:19.611122,2148.8,168672.0,148601.0
2025-06-20 10:16:20.079177,2148.8,168669.0,148326.0
2025-06-20 10:16:20.614796,2148.8,168669.0,148326.0
2025-06-20 10:16:21.178010,2149.4,167166.0,149525.0
2025-06-20 10:16:21.612008,2149.4,167166.0,149525.0
2025-06-20 10:16:22.280836,2149.4,166494.0,149464.0
2025-06-20 10:16:22.615721,2149.4,166494.0,149464.0
2025-06-20 10:16:23.391078,2149.4,164914.0,150490.0
2025-06-20 10:16:24.480814,2148.8,165740.0,150393.0
2025-06-20 10:16:24.486309,2148.8,165740.0,150393.0
2025-06-20 10:16:24.623426,2149.2,165740.0,150393.0
2025-06-20 10:16:25.482587,2148.9,166380.0,151850.0
2025-06-20 10:16:25.611628,2148.9,166380.0,151850.0
2025-06-20 10:16:26.584655,2149.1,166001.0,151341.0
2025-06-20 10:16:26.645546,2149.1,166001.0,151341.0
2025-06-20 10:16:27.621987,2148.6,166001.0,151341.0
2025-06-20 10:16:27.683490,2148.6,165602.0,152209.0
2025-06-20 10:16:28.610127,2148.6,165602.0,152209.0
2025-06-20 10:16:28.689118,2148.6,165586.0,150651.0
2025-06-20 10:16:29.612492,2148.4,165586.0,150651.0
2025-06-20 10:16:29.783335,2149.0,166205.0,151156.0
2025-06-20 10:16:30.613104,2148.4,166205.0,151156.0
2025-06-20 10:16:30.785196,2148.9,165940.0,152115.0
2025-06-20 10:16:31.643694,2149.0,165940.0,152115.0
2025-06-20 10:16:31.688614,2149.0,164996.0,151117.0
2025-06-20 10:16:32.611778,2148.8,164996.0,151117.0
2025-06-20 10:16:32.687582,2148.8,167248.0,151732.0
2025-06-20 10:16:33.614442,2148.9,167248.0,151732.0
2025-06-20 10:16:33.686067,2148.9,166757.0,151477.0
2025-06-20 10:16:34.788151,2148.9,166332.0,151682.0
2025-06-20 10:16:35.903176,2148.9,165896.0,151933.0
2025-06-20 10:16:36.624446,2148.3,165896.0,151933.0
2025-06-20 10:16:36.991983,2148.3,165296.0,152764.0
2025-06-20 10:16:37.618255,2148.8,165296.0,152764.0
2025-06-20 10:16:37.992544,2148.9,165309.0,152368.0
2025-06-20 10:16:38.624489,2148.9,165309.0,152368.0
2025-06-20 10:16:39.091015,2148.9,165309.0,152438.0
2025-06-20 10:16:39.649560,2148.3,165309.0,152438.0
2025-06-20 10:16:40.192008,2148.3,165312.0,152484.0
2025-06-20 10:16:40.612235,2148.8,165312.0,152484.0
2025-06-20 10:16:41.192892,2148.9,165283.0,152625.0
2025-06-20 10:16:41.616454,2148.8,165283.0,152625.0
2025-06-20 10:16:42.192867,2148.8,165456.0,152903.0
2025-06-20 10:16:43.196232,2148.8,164976.0,152735.0
2025-06-20 10:16:44.194565,2148.8,164575.0,152807.0
2025-06-20 10:16:44.665611,2148.7,164575.0,152807.0
2025-06-20 10:16:45.196057,2148.7,161350.0,152964.0
2025-06-20 10:16:45.617430,2148.3,161350.0,152964.0
2025-06-20 10:16:46.195898,2148.5,161068.0,153884.0
2025-06-20 10:16:46.615923,2148.5,161068.0,153884.0
2025-06-20 10:16:47.196555,2148.1,164106.0,154509.0
2025-06-20 10:16:47.618805,2148.1,164106.0,154509.0
2025-06-20 10:16:48.196386,2148.0,163223.0,154666.0
2025-06-20 10:16:48.618050,2148.3,163223.0,154666.0
2025-06-20 10:16:49.202970,2147.6,161324.0,156850.0
2025-06-20 10:16:49.615306,2147.6,161324.0,156850.0
2025-06-20 10:16:50.199887,2147.4,162102.0,155157.0
2025-06-20 10:16:50.612997,2147.8,162102.0,155157.0
2025-06-20 10:16:51.305168,2147.9,161837.0,155485.0
2025-06-20 10:16:51.615688,2147.9,161837.0,155485.0
2025-06-20 10:16:52.307452,2147.8,163205.0,155358.0
2025-06-20 10:16:52.616159,2147.8,163205.0,155358.0
2025-06-20 10:16:53.306843,2147.8,163005.0,156373.0
2025-06-20 10:16:53.613208,2147.8,163005.0,156373.0
2025-06-20 10:16:54.311770,2147.0,162797.0,156351.0
2025-06-20 10:16:54.673196,2147.6,162797.0,156351.0
2025-06-20 10:16:55.330826,2147.0,162843.0,156146.0
2025-06-20 10:16:55.616014,2147.0,162843.0,156146.0
2025-06-20 10:16:56.452222,2147.6,162805.0,156219.0
2025-06-20 10:16:56.613757,2147.6,162805.0,156219.0
2025-06-20 10:16:57.507370,2147.1,162794.0,156502.0
2025-06-20 10:16:57.660828,2147.1,162794.0,156502.0
2025-06-20 10:16:58.507497,2147.6,162838.0,156450.0
2025-06-20 10:16:58.617475,2147.6,162838.0,156450.0
2025-06-20 10:16:59.606487,2147.6,162692.0,156362.0
2025-06-20 10:16:59.619545,2147.6,162692.0,156362.0
2025-06-20 10:17:00.661444,2147.6,162692.0,156362.0
2025-06-20 10:17:01.106890,2147.6,162012.0,156488.0
2025-06-20 10:17:01.614262,2147.6,162012.0,156488.0
2025-06-20 10:17:02.107653,2147.6,162589.0,155741.0
2025-06-20 10:17:02.615846,2147.6,162589.0,155741.0
2025-06-20 10:17:03.106078,2147.6,162984.0,153588.0
2025-06-20 10:17:03.613835,2147.6,162984.0,153588.0
2025-06-20 10:17:04.107615,2148.4,162970.0,153161.0
2025-06-20 10:17:04.615940,2147.5,162970.0,153161.0
2025-06-20 10:17:05.108150,2148.1,162343.0,153426.0
2025-06-20 10:17:05.614269,2148.1,162343.0,153426.0
2025-06-20 10:17:06.112276,2148.1,161573.0,155169.0
2025-06-20 10:17:06.614216,2147.1,161573.0,155169.0
2025-06-20 10:17:07.112309,2147.4,162362.0,154990.0
2025-06-20 10:17:07.616218,2147.4,162362.0,154990.0
2025-06-20 10:17:08.111233,2147.4,162468.0,155016.0
2025-06-20 10:17:09.111746,2147.0,161638.0,154461.0
2025-06-20 10:17:09.621974,2147.9,161638.0,154461.0
2025-06-20 10:17:10.110636,2147.9,161706.0,155210.0
2025-06-20 10:17:10.614584,2147.0,161706.0,155210.0
2025-06-20 10:17:11.012406,2147.9,161718.0,155774.0
2025-06-20 10:17:11.614318,2147.9,161718.0,155774.0
2025-06-20 10:17:12.012240,2147.9,162302.0,154990.0
2025-06-20 10:17:13.022255,2147.9,162265.0,154942.0
2025-06-20 10:17:14.011970,2147.9,162285.0,154956.0
2025-06-20 10:17:14.634763,2147.8,162285.0,154956.0
2025-06-20 10:17:14.924319,2147.8,162286.0,154932.0
2025-06-20 10:17:15.615048,2147.8,162286.0,154932.0
2025-06-20 10:17:15.824219,2147.8,162192.0,154802.0
2025-06-20 10:17:16.612673,2147.8,162192.0,154802.0
2025-06-20 10:17:16.871564,2147.8,162399.0,154846.0
2025-06-20 10:17:17.923366,2147.8,162655.0,155235.0
2025-06-20 10:17:18.937577,2147.8,162614.0,155247.0
2025-06-20 10:17:19.616380,2147.8,162614.0,155247.0
2025-06-20 10:17:19.899545,2147.8,162611.0,155242.0
2025-06-20 10:17:20.723707,2147.8,162573.0,155228.0
2025-06-20 10:17:21.612659,2147.9,162573.0,155228.0
2025-06-20 10:17:21.631861,2147.9,162276.0,154748.0
2025-06-20 10:17:22.613742,2147.3,162276.0,154748.0
2025-06-20 10:17:22.624815,2147.3,162210.0,155126.0
2025-06-20 10:17:23.621256,2147.1,162210.0,155126.0
2025-06-20 10:17:23.633046,2147.1,162118.0,155240.0
2025-06-20 10:17:24.618103,2147.3,162118.0,155240.0
2025-06-20 10:17:24.624968,2147.3,162079.0,154513.0
2025-06-20 10:17:25.626668,2148.0,162079.0,154513.0
2025-06-20 10:17:25.652259,2148.0,162851.0,154833.0
2025-06-20 10:17:26.522499,2148.0,162610.0,154877.0
2025-06-20 10:17:26.621798,2148.0,162610.0,154877.0
2025-06-20 10:17:27.523513,2147.8,162766.0,154942.0
2025-06-20 10:17:27.616189,2147.8,162766.0,154942.0
2025-06-20 10:17:28.524092,2147.8,162983.0,154906.0
2025-06-20 10:17:29.524670,2147.3,163069.0,154941.0
2025-06-20 10:17:29.617581,2147.3,163069.0,154941.0
2025-06-20 10:17:30.526388,2147.4,162750.0,155022.0
2025-06-20 10:17:30.617827,2147.4,162750.0,155022.0
2025-06-20 10:17:31.527552,2147.3,162856.0,155350.0
2025-06-20 10:17:31.619425,2147.3,162856.0,155350.0
2025-06-20 10:17:32.526175,2147.3,162873.0,155286.0
2025-06-20 10:17:32.615450,2147.3,162873.0,155286.0
2025-06-20 10:17:33.436155,2147.3,162873.0,155282.0
2025-06-20 10:17:34.438192,2147.4,163010.0,155069.0
2025-06-20 10:17:34.626702,2147.4,163010.0,155069.0
2025-06-20 10:17:35.440538,2147.3,162676.0,154433.0
2025-06-20 10:17:35.617721,2147.8,162676.0,154433.0
2025-06-20 10:17:36.440786,2147.8,162558.0,154908.0
2025-06-20 10:17:36.617910,2147.8,162558.0,154908.0
2025-06-20 10:17:37.440050,2147.8,162680.0,154874.0
2025-06-20 10:17:37.616215,2147.8,162680.0,154874.0
2025-06-20 10:17:38.340740,2147.8,162769.0,154828.0
2025-06-20 10:17:39.453658,2147.3,162842.0,155214.0
2025-06-20 10:17:39.621592,2147.3,162842.0,155214.0
2025-06-20 10:17:40.354331,2147.3,162332.0,155467.0
2025-06-20 10:17:40.624264,2147.3,162332.0,155467.0
2025-06-20 10:17:41.232675,2147.7,162378.0,155526.0
2025-06-20 10:17:41.621201,2147.7,162378.0,155526.0
2025-06-20 10:17:42.233299,2147.3,162023.0,155831.0
2025-06-20 10:17:42.619100,2147.3,162023.0,155831.0
2025-06-20 10:17:43.131104,2147.3,161528.0,155753.0
2025-06-20 10:17:44.131563,2147.3,161602.0,156441.0
2025-06-20 10:17:44.614818,2147.7,161602.0,156441.0
2025-06-20 10:17:45.134515,2147.7,161498.0,155423.0
2025-06-20 10:17:45.617505,2147.7,161498.0,155423.0
2025-06-20 10:17:46.132556,2147.7,161910.0,155571.0
2025-06-20 10:17:46.615725,2147.3,161910.0,155571.0
2025-06-20 10:17:47.134967,2147.3,162357.0,155213.0
2025-06-20 10:17:48.134443,2147.3,161792.0,156440.0
2025-06-20 10:17:48.619049,2147.0,161792.0,156440.0
2025-06-20 10:17:49.136378,2147.6,161690.0,157092.0
2025-06-20 10:17:49.617373,2147.0,161690.0,157092.0
2025-06-20 10:17:50.135253,2147.6,161885.0,156948.0
2025-06-20 10:17:50.618737,2147.0,161885.0,156948.0
2025-06-20 10:17:51.135688,2147.6,161804.0,157136.0
2025-06-20 10:17:51.618299,2147.0,161804.0,157136.0
2025-06-20 10:17:52.135675,2147.6,161870.0,156516.0
2025-06-20 10:17:52.619403,2147.6,161870.0,156516.0
2025-06-20 10:17:53.139558,2147.0,161913.0,155540.0
2025-06-20 10:17:53.621893,2147.7,161913.0,155540.0
2025-06-20 10:17:54.138344,2147.0,161453.0,156135.0
2025-06-20 10:17:54.619332,2147.6,161453.0,156135.0
2025-06-20 10:17:55.138613,2147.6,161741.0,155698.0
2025-06-20 10:17:55.619074,2147.7,161741.0,155698.0
2025-06-20 10:17:56.139115,2147.7,161465.0,156121.0
2025-06-20 10:17:56.620526,2147.0,161465.0,156121.0
2025-06-20 10:17:57.041117,2147.0,161455.0,156171.0
2025-06-20 10:17:57.621599,2147.0,161455.0,156171.0
2025-06-20 10:17:58.041417,2147.5,161528.0,157249.0
2025-06-20 10:17:58.619290,2147.5,161528.0,157249.0
2025-06-20 10:17:58.950033,2147.0,160774.0,158178.0
2025-06-20 10:17:59.619854,2146.6,160774.0,158178.0
2025-06-20 10:17:59.939412,2147.6,161374.0,156411.0
2025-06-20 10:18:01.451808,2147.6,163524.0,154793.0
2025-06-20 10:18:01.622851,2147.6,163524.0,154793.0
2025-06-20 10:18:02.470801,2147.4,163893.0,153521.0
2025-06-20 10:18:02.627608,2147.4,163893.0,153521.0
2025-06-20 10:18:03.354308,2147.3,163795.0,153949.0
2025-06-20 10:18:03.624522,2147.3,163795.0,153949.0
2025-06-20 10:18:04.350467,2147.6,163670.0,153908.0
2025-06-20 10:18:04.622823,2147.6,163670.0,153908.0
2025-06-20 10:18:05.544931,2147.6,163580.0,153908.0
2025-06-20 10:18:06.355660,2147.6,163562.0,154001.0
2025-06-20 10:18:06.623830,2147.6,163562.0,154001.0
2025-06-20 10:18:08.244430,2147.6,163593.0,154028.0
2025-06-20 10:18:09.247345,2147.4,164932.0,153147.0
2025-06-20 10:18:09.623380,2147.4,164932.0,153147.0
2025-06-20 10:18:10.148933,2147.6,165822.0,153246.0
2025-06-20 10:18:10.624099,2147.6,165822.0,153246.0
2025-06-20 10:18:11.148054,2147.6,165811.0,153253.0
2025-06-20 10:18:11.625338,2147.6,165811.0,153253.0
2025-06-20 10:18:12.149499,2147.6,165402.0,153301.0
2025-06-20 10:18:12.622557,2147.6,165402.0,153301.0
2025-06-20 10:18:13.148467,2147.6,164656.0,153286.0
2025-06-20 10:18:14.149641,2147.6,165559.0,153223.0
2025-06-20 10:18:14.676104,2147.4,165559.0,153223.0
2025-06-20 10:18:15.154212,2147.4,165559.0,153071.0
2025-06-20 10:18:15.621036,2147.6,165559.0,153071.0
2025-06-20 10:18:16.151899,2147.4,165558.0,153124.0
2025-06-20 10:18:16.623044,2147.4,165558.0,153124.0
2025-06-20 10:18:17.152110,2148.0,167054.0,151167.0
2025-06-20 10:18:17.625016,2148.0,167054.0,151167.0
2025-06-20 10:18:18.151679,2147.8,166185.0,151313.0
2025-06-20 10:18:18.628282,2147.8,166185.0,151313.0
2025-06-20 10:18:19.154671,2147.6,166547.0,151383.0
2025-06-20 10:18:19.626552,2148.1,166547.0,151383.0
2025-06-20 10:18:20.154464,2147.7,164016.0,152334.0
2025-06-20 10:18:20.625860,2148.1,164016.0,152334.0
2025-06-20 10:18:21.156054,2147.7,162268.0,152867.0
2025-06-20 10:18:21.624347,2148.1,162268.0,152867.0
2025-06-20 10:18:22.055135,2148.1,162906.0,153005.0
2025-06-20 10:18:23.056287,2148.1,163356.0,152857.0
2025-06-20 10:18:24.055773,2148.1,163090.0,154305.0
2025-06-20 10:18:24.625132,2147.5,163090.0,154305.0
2025-06-20 10:18:25.055139,2148.0,163124.0,153830.0
2025-06-20 10:18:25.631169,2148.0,163124.0,153830.0
2025-06-20 10:18:26.056585,2148.1,164681.0,152887.0
2025-06-20 10:18:26.655889,2148.1,164681.0,152887.0
2025-06-20 10:18:27.056572,2148.1,165626.0,153227.0
2025-06-20 10:18:28.055817,2148.1,163849.0,153655.0
2025-06-20 10:18:28.956646,2148.1,163865.0,153757.0
2025-06-20 10:18:29.958197,2148.1,163877.0,153803.0
2025-06-20 10:18:30.958144,2148.0,164746.0,153522.0
2025-06-20 10:18:31.631598,2147.5,164746.0,153522.0
2025-06-20 10:18:31.960310,2147.5,164618.0,153771.0
2025-06-20 10:18:32.628099,2147.6,164618.0,153771.0
2025-06-20 10:18:32.957955,2147.6,164355.0,153617.0
2025-06-20 10:18:33.625690,2148.0,164355.0,153617.0
2025-06-20 10:18:33.959953,2148.0,164587.0,153519.0
2025-06-20 10:18:34.633847,2147.6,164587.0,153519.0
2025-06-20 10:18:34.872750,2147.6,165975.0,153003.0
2025-06-20 10:18:35.627130,2147.6,165975.0,153003.0
2025-06-20 10:18:35.860858,2147.6,166117.0,153292.0
2025-06-20 10:18:36.626946,2148.1,166117.0,153292.0
2025-06-20 10:18:36.871687,2148.1,165008.0,151885.0
2025-06-20 10:18:37.625591,2148.3,165008.0,151885.0
2025-06-20 10:18:37.875934,2148.3,163467.0,151399.0
2025-06-20 10:18:38.866081,2148.3,163271.0,151386.0
2025-06-20 10:18:39.627558,2148.1,163271.0,151386.0
2025-06-20 10:18:39.871751,2148.1,162579.0,151470.0
2025-06-20 10:18:40.870650,2148.5,164501.0,150963.0
2025-06-20 10:18:41.580859,2148.5,164501.0,150963.0
2025-06-20 10:18:41.626202,2148.5,164501.0,150963.0
2025-06-20 10:18:41.674260,2148.5,164501.0,150963.0
2025-06-20 10:18:41.868506,2148.5,165389.0,150469.0
2025-06-20 10:18:42.127436,2148.5,165389.0,150469.0
2025-06-20 10:18:42.926369,2148.5,165126.0,151060.0
2025-06-20 10:18:42.973719,2148.5,165126.0,151060.0
2025-06-20 10:18:43.302834,2148.5,165126.0,151060.0
2025-06-20 10:18:43.627180,2148.5,165126.0,151060.0
2025-06-20 10:18:43.870616,2148.5,165415.0,150580.0
2025-06-20 10:18:43.948850,2148.5,165415.0,150580.0
2025-06-20 10:18:44.438708,2148.5,165415.0,150580.0
2025-06-20 10:18:44.696278,2148.1,165415.0,150580.0
2025-06-20 10:18:44.936178,2148.5,165357.0,151083.0
2025-06-20 10:18:45.015364,2148.5,165357.0,151083.0
2025-06-20 10:18:45.435510,2148.5,165357.0,151083.0
2025-06-20 10:18:45.644531,2148.0,165357.0,151083.0
2025-06-20 10:18:45.772857,2148.5,164613.0,151687.0
2025-06-20 10:18:46.350478,2148.5,164613.0,151687.0
2025-06-20 10:18:46.631125,2148.5,164613.0,151687.0
2025-06-20 10:18:46.766266,2148.5,164738.0,151769.0
2025-06-20 10:18:47.688387,2148.5,164738.0,151769.0
2025-06-20 10:18:47.767053,2148.5,164737.0,151769.0
2025-06-20 10:18:48.628386,2148.5,164737.0,151769.0
2025-06-20 10:18:48.692126,2148.5,164737.0,151769.0
2025-06-20 10:18:48.784232,2148.5,165610.0,151400.0
2025-06-20 10:18:49.654153,2147.9,165610.0,151400.0
2025-06-20 10:18:49.769411,2147.9,165516.0,151494.0
2025-06-20 10:18:50.230777,2147.9,165516.0,151494.0
2025-06-20 10:18:50.631009,2148.5,165516.0,151494.0
2025-06-20 10:18:50.769613,2148.5,165540.0,151444.0
2025-06-20 10:18:51.462165,2148.5,165540.0,151444.0
2025-06-20 10:18:51.630086,2148.0,165540.0,151444.0
2025-06-20 10:18:51.772913,2148.5,166812.0,149300.0
2025-06-20 10:18:52.625393,2148.6,166812.0,149300.0
2025-06-20 10:18:52.671343,2148.6,167481.0,148310.0
2025-06-20 10:18:52.758121,2148.6,167481.0,148310.0
2025-06-20 10:18:53.638941,2149.0,167481.0,148310.0
2025-06-20 10:18:53.671164,2149.0,166246.0,147524.0
2025-06-20 10:18:54.409071,2149.0,166246.0,147524.0
2025-06-20 10:18:54.641372,2148.9,166246.0,147524.0
2025-06-20 10:18:54.683224,2148.9,165351.0,148400.0
2025-06-20 10:18:55.644022,2149.0,165351.0,148400.0
2025-06-20 10:18:55.670828,2149.0,167453.0,147750.0
2025-06-20 10:18:56.627193,2149.0,167453.0,147750.0
2025-06-20 10:18:56.670725,2149.0,167331.0,147682.0
2025-06-20 10:18:57.635745,2149.0,167331.0,147682.0
2025-06-20 10:18:57.671670,2149.0,166938.0,147798.0
2025-06-20 10:18:58.586974,2149.0,165833.0,148427.0
2025-06-20 10:18:58.641233,2149.0,165833.0,148427.0
2025-06-20 10:18:59.587386,2148.3,163816.0,151788.0
2025-06-20 10:18:59.642650,2148.3,163816.0,151788.0
2025-06-20 10:19:00.682632,2148.1,164708.0,151702.0
2025-06-20 10:19:01.639933,2148.0,164708.0,151702.0
2025-06-20 10:19:01.678148,2148.0,163953.0,151947.0
2025-06-20 10:19:02.637626,2148.0,163953.0,151947.0
2025-06-20 10:19:02.789385,2148.0,163625.0,152207.0
2025-06-20 10:19:03.637354,2148.0,163625.0,152207.0
2025-06-20 10:19:03.886038,2148.0,163324.0,152127.0
2025-06-20 10:19:04.638241,2148.5,163324.0,152127.0
2025-06-20 10:19:04.890471,2148.5,165705.0,151442.0
2025-06-20 10:19:05.649447,2148.0,165705.0,151442.0
2025-06-20 10:19:05.980938,2148.5,165546.0,151851.0
2025-06-20 10:19:06.632671,2148.5,165546.0,151851.0
2025-06-20 10:19:07.079823,2148.0,166569.0,151680.0
2025-06-20 10:19:07.632309,2148.0,166569.0,151680.0
2025-06-20 10:19:08.181910,2148.0,166526.0,151713.0
2025-06-20 10:19:09.181083,2148.0,166577.0,151712.0
2025-06-20 10:19:09.629057,2148.0,166577.0,151712.0
2025-06-20 10:19:10.180894,2148.0,166571.0,151737.0
2025-06-20 10:19:10.669126,2148.5,166571.0,151737.0
2025-06-20 10:19:11.182593,2148.8,166868.0,150226.0
2025-06-20 10:19:11.639092,2148.8,166868.0,150226.0
2025-06-20 10:19:12.283490,2148.8,165720.0,150793.0
2025-06-20 10:19:13.394837,2148.8,164949.0,151403.0
2025-06-20 10:19:14.483858,2148.5,165481.0,150122.0
2025-06-20 10:19:14.644561,2148.5,165481.0,150122.0
2025-06-20 10:19:15.590034,2148.8,166304.0,150279.0
2025-06-20 10:19:15.652522,2148.8,166304.0,150279.0
2025-06-20 10:19:16.685206,2148.8,166224.0,150988.0
2025-06-20 10:19:17.657407,2148.8,166224.0,150988.0
2025-06-20 10:19:17.786965,2148.8,166224.0,150987.0
2025-06-20 10:19:18.738802,2148.8,166224.0,150987.0
2025-06-20 10:19:18.906542,2148.8,167446.0,150945.0
2025-06-20 10:19:19.631814,2148.8,167446.0,150945.0
2025-06-20 10:19:19.986993,2148.9,167383.0,150966.0
2025-06-20 10:19:20.669753,2148.9,167383.0,150966.0
2025-06-20 10:19:21.091498,2148.9,167291.0,150926.0
2025-06-20 10:19:21.683387,2148.9,167291.0,150926.0
2025-06-20 10:19:22.188964,2148.9,167249.0,151215.0
2025-06-20 10:19:22.680724,2148.9,167249.0,151215.0
2025-06-20 10:19:23.291835,2148.9,166422.0,151382.0
2025-06-20 10:19:24.407625,2148.9,166381.0,151410.0
2025-06-20 10:19:24.885656,2148.1,166381.0,151410.0
2025-06-20 10:19:25.592215,2148.8,166082.0,152342.0
2025-06-20 10:19:25.692163,2148.8,166082.0,152342.0
2025-06-20 10:19:26.669591,2148.8,166082.0,152342.0
2025-06-20 10:19:26.695365,2148.8,167272.0,151332.0
2025-06-20 10:19:27.690956,2148.9,167272.0,151332.0
2025-06-20 10:19:27.793565,2148.9,167123.0,151969.0
2025-06-20 10:19:28.908375,2148.1,166277.0,152183.0
2025-06-20 10:19:29.876561,2148.1,166277.0,152183.0
2025-06-20 10:19:29.994380,2148.1,166287.0,152186.0
2025-06-20 10:19:30.638659,2148.0,166287.0,152186.0
2025-06-20 10:19:31.095348,2148.9,166426.0,152130.0
2025-06-20 10:19:31.643140,2148.0,166426.0,152130.0
2025-06-20 10:19:32.196990,2148.9,166234.0,151822.0
2025-06-20 10:19:32.651387,2148.9,166234.0,151822.0
2025-06-20 10:19:33.299151,2148.0,166149.0,152185.0
2025-06-20 10:19:33.694937,2148.7,166149.0,152185.0
2025-06-20 10:19:34.411584,2148.7,165671.0,152470.0
2025-06-20 10:19:34.638185,2148.7,165671.0,152470.0
2025-06-20 10:19:35.300877,2148.7,165457.0,152909.0
2025-06-20 10:19:36.499135,2148.0,166386.0,151891.0
2025-06-20 10:19:36.637199,2148.0,166386.0,151891.0
2025-06-20 10:19:37.670754,2148.6,166475.0,152274.0
2025-06-20 10:19:37.702325,2148.6,166475.0,152274.0
2025-06-20 10:19:38.604546,2148.6,166450.0,152335.0
2025-06-20 10:19:38.633905,2148.6,166450.0,152335.0
2025-06-20 10:19:39.636573,2148.4,166450.0,152335.0
2025-06-20 10:19:39.805669,2148.4,166718.0,153394.0
2025-06-20 10:19:40.907119,2147.7,166718.0,153394.0
2025-06-20 10:19:41.007986,2148.5,165755.0,152872.0
2025-06-20 10:19:41.676561,2148.6,165755.0,152872.0
2025-06-20 10:19:41.805590,2148.5,165661.0,152876.0
2025-06-20 10:19:42.642679,2148.5,165661.0,152876.0
2025-06-20 10:19:42.904971,2148.5,165478.0,152876.0
2025-06-20 10:19:43.629792,2148.3,165478.0,152876.0
2025-06-20 10:19:44.005566,2148.3,167010.0,152774.0
2025-06-20 10:19:44.632781,2148.2,167010.0,152774.0
2025-06-20 10:19:45.107857,2148.2,165417.0,152658.0
2025-06-20 10:19:45.635150,2148.3,165417.0,152658.0
2025-06-20 10:19:46.231416,2148.3,167038.0,153037.0
2025-06-20 10:19:46.641668,2148.3,167038.0,153037.0
2025-06-20 10:19:47.116483,2148.3,166213.0,153040.0
2025-06-20 10:19:47.638429,2148.2,166213.0,153040.0
2025-06-20 10:19:48.641420,2148.6,166213.0,153040.0
2025-06-20 10:19:48.828660,2148.6,164593.0,153028.0
2025-06-20 10:19:49.636518,2148.2,164593.0,153028.0
2025-06-20 10:19:49.926616,2148.6,165515.0,152740.0
2025-06-20 10:19:50.638728,2148.6,165515.0,152740.0
2025-06-20 10:19:51.016705,2148.6,165764.0,152690.0
2025-06-20 10:19:51.640670,2148.6,165764.0,152690.0
2025-06-20 10:19:52.117322,2148.6,165809.0,152745.0
2025-06-20 10:19:53.119261,2148.6,165442.0,152897.0
2025-06-20 10:19:54.220349,2148.6,164182.0,152943.0
2025-06-20 10:19:54.645109,2148.5,164182.0,152943.0
2025-06-20 10:19:55.321851,2148.5,164192.0,152923.0
2025-06-20 10:19:55.639048,2148.0,164192.0,152923.0
2025-06-20 10:19:56.432312,2148.5,165681.0,152811.0
2025-06-20 10:19:56.634457,2148.5,165681.0,152811.0
2025-06-20 10:19:57.523326,2148.5,165810.0,152767.0
2025-06-20 10:19:58.624788,2148.5,165812.0,152801.0
2025-06-20 10:19:59.625667,2148.5,165754.0,152431.0
2025-06-20 10:19:59.636611,2148.5,165754.0,152431.0
2025-06-20 10:20:01.161353,2148.4,166278.0,152153.0
2025-06-20 10:20:01.686652,2148.6,166278.0,152153.0
2025-06-20 10:20:04.679465,2148.4,166278.0,152153.0
2025-06-20 10:20:07.684889,2148.5,165166.0,149638.0
2025-06-20 10:20:07.686755,2148.5,165166.0,149638.0
2025-06-20 10:20:10.676590,2148.8,165166.0,149638.0
2025-06-20 10:20:13.683469,2148.9,165166.0,149638.0
2025-06-20 10:20:14.143058,2148.6,168482.0,150657.0
2025-06-20 10:20:17.651265,2148.8,168482.0,150657.0
2025-06-20 10:20:19.651476,2148.8,168482.0,150657.0
2025-06-20 10:20:20.543080,2148.6,168182.0,151418.0
2025-06-20 10:20:22.675864,2148.8,168182.0,151418.0
2025-06-20 10:20:26.372462,2148.8,167467.0,152158.0
2025-06-20 10:20:26.644295,2148.7,167467.0,152158.0
2025-06-20 10:20:28.685753,2148.7,167467.0,152158.0
2025-06-20 10:20:31.654550,2149.0,167467.0,152158.0
2025-06-20 10:20:32.553369,2149.0,165801.0,150615.0
2025-06-20 10:20:34.672866,2148.8,165801.0,150615.0
2025-06-20 10:20:37.657859,2149.0,165801.0,150615.0
2025-06-20 10:20:38.681336,2149.1,165583.0,150248.0
2025-06-20 10:20:40.654385,2149.1,165583.0,150248.0
2025-06-20 10:20:43.679749,2149.1,165583.0,150248.0
2025-06-20 10:20:44.767354,2149.0,166554.0,150267.0
2025-06-20 10:20:47.650420,2149.2,166554.0,150267.0
2025-06-20 10:20:50.685840,2149.2,166554.0,150267.0
2025-06-20 10:20:50.763450,2149.2,165646.0,149988.0
2025-06-20 10:20:52.651636,2149.2,165646.0,149988.0
2025-06-20 10:20:55.661548,2149.2,165646.0,149988.0
2025-06-20 10:20:56.918142,2149.2,167619.0,150207.0
2025-06-20 10:20:58.683596,2149.2,167619.0,150207.0
2025-06-20 10:21:02.663946,2149.5,167619.0,150207.0
2025-06-20 10:21:03.175180,2149.5,169571.0,148441.0
2025-06-20 10:21:04.711910,2149.4,169571.0,148441.0
2025-06-20 10:21:08.649940,2149.4,169571.0,148441.0
2025-06-20 10:21:09.578226,2149.1,166550.0,151217.0
2025-06-20 10:21:11.650095,2149.4,166550.0,151217.0
2025-06-20 10:21:13.667671,2149.4,166550.0,151217.0
2025-06-20 10:21:15.789345,2149.2,168190.0,150268.0
2025-06-20 10:21:17.649391,2149.4,168190.0,150268.0
2025-06-20 10:21:19.675231,2149.2,168190.0,150268.0
2025-06-20 10:21:21.786952,2149.4,168607.0,150219.0
2025-06-20 10:21:22.656242,2149.4,168607.0,150219.0
2025-06-20 10:21:25.661701,2148.8,168607.0,150219.0
2025-06-20 10:21:27.691245,2149.0,167304.0,150833.0
2025-06-20 10:21:28.658702,2149.4,167304.0,150833.0
2025-06-20 10:21:32.201670,2149.5,167304.0,150833.0
2025-06-20 10:21:33.794559,2149.5,168901.0,150329.0
2025-06-20 10:21:34.652927,2149.1,168901.0,150329.0
2025-06-20 10:21:37.702804,2149.5,168901.0,150329.0
2025-06-20 10:21:39.797843,2149.1,168195.0,150952.0
2025-06-20 10:21:41.649811,2148.9,168195.0,150952.0
2025-06-20 10:21:41.848890,2148.9,168195.0,150952.0
2025-06-20 10:21:42.176991,2148.9,168195.0,150952.0
2025-06-20 10:21:43.095994,2148.9,168195.0,150952.0
2025-06-20 10:21:43.659111,2148.9,168195.0,150952.0
2025-06-20 10:21:43.726365,2148.9,168195.0,150952.0
2025-06-20 10:21:44.449777,2148.9,168195.0,150952.0
2025-06-20 10:21:45.468613,2148.9,168195.0,150952.0
2025-06-20 10:21:45.711877,2148.5,166217.0,154403.0
2025-06-20 10:21:45.825358,2148.5,166217.0,154403.0
2025-06-20 10:21:46.832912,2148.5,166217.0,154403.0
2025-06-20 10:21:47.660819,2148.9,166217.0,154403.0
2025-06-20 10:21:48.164002,2148.9,166217.0,154403.0
2025-06-20 10:21:49.143561,2148.9,166217.0,154403.0
2025-06-20 10:21:49.701671,2148.9,166217.0,154403.0
2025-06-20 10:21:50.720265,2148.9,166217.0,154403.0
2025-06-20 10:21:51.308775,2148.9,166422.0,153798.0
2025-06-20 10:21:51.952971,2148.9,166422.0,153798.0
2025-06-20 10:21:52.716070,2149.1,166422.0,153798.0
2025-06-20 10:21:53.195676,2149.1,166422.0,153798.0
2025-06-20 10:21:54.814486,2149.1,166422.0,153798.0
2025-06-20 10:21:55.683918,2149.0,166422.0,153798.0
2025-06-20 10:21:56.810040,2149.1,168442.0,151755.0
2025-06-20 10:21:58.651115,2149.5,168442.0,151755.0
2025-06-20 10:22:02.615623,2149.2,167276.0,151751.0
2025-06-20 10:22:02.694684,2149.2,167276.0,151751.0
2025-06-20 10:22:04.655645,2149.2,167276.0,151751.0
2025-06-20 10:22:08.001317,2149.2,167276.0,151751.0
2025-06-20 10:22:08.581209,2149.2,166489.0,151133.0
2025-06-20 10:22:11.727501,2149.4,166489.0,151133.0
2025-06-20 10:22:14.522045,2149.0,165727.0,153565.0
2025-06-20 10:22:14.711355,2149.0,165727.0,153565.0
2025-06-20 10:22:16.669333,2149.3,165727.0,153565.0
2025-06-20 10:22:19.659742,2148.5,165727.0,153565.0
2025-06-20 10:22:20.725368,2148.5,166241.0,153514.0
2025-06-20 10:22:22.686531,2149.0,166241.0,153514.0
2025-06-20 10:22:25.660316,2149.0,166241.0,153514.0
2025-06-20 10:22:26.940920,2149.0,167951.0,151679.0
2025-06-20 10:22:28.683949,2149.1,167951.0,151679.0
2025-06-20 10:22:31.699623,2149.1,167951.0,151679.0
2025-06-20 10:22:33.036614,2149.2,165626.0,153090.0
2025-06-20 10:22:34.727134,2149.1,165626.0,153090.0
2025-06-20 10:22:37.663072,2149.2,165626.0,153090.0
2025-06-20 10:22:38.637671,2149.2,165971.0,153209.0
2025-06-20 10:22:39.661813,2149.1,165971.0,153209.0
2025-06-20 10:22:41.705483,2149.2,165971.0,153209.0
2025-06-20 10:22:43.714404,2149.2,165971.0,153209.0
2025-06-20 10:22:44.343909,2148.6,165680.0,153194.0
2025-06-20 10:22:45.658423,2149.1,165680.0,153194.0
2025-06-20 10:22:47.662193,2149.2,165680.0,153194.0
2025-06-20 10:22:49.684955,2149.0,165680.0,153194.0
2025-06-20 10:22:49.840671,2149.2,165520.0,153306.0
2025-06-20 10:22:51.690851,2149.2,165520.0,153306.0
2025-06-20 10:22:53.662043,2149.2,165520.0,153306.0
2025-06-20 10:22:55.664944,2149.1,165520.0,153306.0
2025-06-20 10:22:56.040708,2149.1,165533.0,154173.0
2025-06-20 10:22:57.660483,2149.1,165533.0,154173.0
2025-06-20 10:22:59.659277,2148.2,165533.0,154173.0
2025-06-20 10:23:01.662240,2148.9,165533.0,154173.0
2025-06-20 10:23:02.147736,2148.9,165483.0,154526.0
2025-06-20 10:23:03.729234,2148.9,165483.0,154526.0
2025-06-20 10:23:05.660514,2148.9,165483.0,154526.0
2025-06-20 10:23:07.664400,2149.0,165483.0,154526.0
2025-06-20 10:23:08.058831,2149.0,165638.0,154206.0
2025-06-20 10:23:09.712788,2148.2,165638.0,154206.0
2025-06-20 10:23:11.739577,2149.1,165638.0,154206.0
2025-06-20 10:23:13.661766,2149.1,165519.0,154926.0
2025-06-20 10:23:15.669181,2148.9,165519.0,154926.0
2025-06-20 10:23:17.658357,2148.9,165519.0,154926.0
2025-06-20 10:23:19.385478,2148.1,165230.0,155732.0
2025-06-20 10:23:19.669733,2148.1,165230.0,155732.0
2025-06-20 10:23:21.667739,2148.8,165230.0,155732.0
2025-06-20 10:23:23.661819,2148.7,165230.0,155732.0
2025-06-20 10:23:25.372899,2148.6,163824.0,157354.0
2025-06-20 10:23:25.666068,2148.6,163824.0,157354.0
2025-06-20 10:23:27.660527,2148.4,163824.0,157354.0
2025-06-20 10:23:29.661427,2148.1,163824.0,157354.0
2025-06-20 10:23:31.104918,2148.5,163982.0,156543.0
2025-06-20 10:23:31.702211,2148.5,163982.0,156543.0
2025-06-20 10:23:33.664875,2148.5,163982.0,156543.0
2025-06-20 10:23:35.667783,2148.1,163982.0,156543.0
2025-06-20 10:23:36.771920,2148.3,163806.0,158052.0
2025-06-20 10:23:37.663624,2148.1,163806.0,158052.0
2025-06-20 10:23:39.664220,2146.9,163806.0,158052.0
2025-06-20 10:23:41.664069,2147.8,163806.0,158052.0
2025-06-20 10:23:42.775485,2147.8,161306.0,159336.0
2025-06-20 10:23:45.687777,2146.6,161306.0,159336.0
2025-06-20 10:23:47.667342,2146.8,161306.0,159336.0
2025-06-20 10:23:48.926576,2147.4,160884.0,160999.0
2025-06-20 10:23:49.665090,2146.2,160884.0,160999.0
2025-06-20 10:23:51.703991,2147.0,160884.0,160999.0
2025-06-20 10:23:53.666312,2147.0,160884.0,160999.0
2025-06-20 10:23:54.486997,2146.3,160224.0,161345.0
2025-06-20 10:23:55.671857,2146.2,160224.0,161345.0
2025-06-20 10:23:57.664048,2147.1,160224.0,161345.0
2025-06-20 10:23:59.665866,2147.1,160224.0,161345.0
2025-06-20 10:24:00.186892,2147.1,161189.0,160780.0
2025-06-20 10:24:01.186923,2146.4,160394.0,160616.0
2025-06-20 10:24:01.661514,2147.3,160394.0,160616.0
2025-06-20 10:24:02.302633,2147.3,160785.0,160755.0
2025-06-20 10:24:02.657471,2147.3,160785.0,160755.0
2025-06-20 10:24:03.622571,2146.8,161109.0,159889.0
2025-06-20 10:24:03.657787,2146.8,161109.0,159889.0
2025-06-20 10:24:04.488077,2146.7,161472.0,159949.0
2025-06-20 10:24:04.661838,2146.7,161472.0,159949.0
2025-06-20 10:24:05.587491,2146.7,161224.0,159979.0
2025-06-20 10:24:05.662567,2146.7,161224.0,159979.0
2025-06-20 10:24:06.663501,2147.6,161224.0,159979.0
2025-06-20 10:24:06.703994,2147.6,162370.0,158442.0
2025-06-20 10:24:07.719464,2147.0,162370.0,158442.0
2025-06-20 10:24:07.808233,2147.6,161429.0,158672.0
2025-06-20 10:24:08.658973,2147.6,161429.0,158672.0
2025-06-20 10:24:08.994727,2147.6,161453.0,158928.0
2025-06-20 10:24:09.764423,2147.0,161453.0,158928.0
2025-06-20 10:24:09.903973,2147.8,161464.0,158768.0
2025-06-20 10:24:10.926039,2147.8,161464.0,158768.0
2025-06-20 10:24:11.046088,2147.7,161470.0,158988.0
2025-06-20 10:24:11.702536,2147.7,161470.0,158988.0
2025-06-20 10:24:11.992694,2147.8,161793.0,158626.0
2025-06-20 10:24:12.839630,2147.8,161793.0,158626.0
2025-06-20 10:24:13.093543,2147.8,162402.0,158109.0
2025-06-20 10:24:14.198553,2147.8,162369.0,158053.0
2025-06-20 10:24:14.713406,2147.7,162369.0,158053.0
2025-06-20 10:24:15.192718,2147.7,162146.0,158055.0
2025-06-20 10:24:16.324156,2147.8,162169.0,158045.0
2025-06-20 10:24:16.745595,2147.8,162169.0,158045.0
2025-06-20 10:24:17.410356,2147.9,161860.0,157960.0
2025-06-20 10:24:17.662637,2147.9,161860.0,157960.0
2025-06-20 10:24:18.496512,2147.9,161662.0,158041.0
2025-06-20 10:24:18.698940,2147.9,161662.0,158041.0
2025-06-20 10:24:19.595696,2147.8,161514.0,158476.0
2025-06-20 10:24:19.656181,2147.8,161514.0,158476.0
2025-06-20 10:24:20.603446,2147.9,161589.0,158463.0
2025-06-20 10:24:20.669168,2147.9,161589.0,158463.0
2025-06-20 10:24:21.661143,2147.9,161589.0,158463.0
2025-06-20 10:24:21.711856,2147.9,161799.0,158118.0
2025-06-20 10:24:22.657991,2148.0,161799.0,158118.0
2025-06-20 10:24:22.801346,2148.0,162050.0,156911.0
2025-06-20 10:24:23.665434,2147.9,162050.0,156911.0
2025-06-20 10:24:23.912931,2147.9,161486.0,158029.0
2025-06-20 10:24:25.003778,2147.1,161146.0,158380.0
2025-06-20 10:24:25.668631,2147.7,161146.0,158380.0
2025-06-20 10:24:25.918091,2147.7,161091.0,158668.0
2025-06-20 10:24:26.657105,2147.8,161091.0,158668.0
2025-06-20 10:24:27.002470,2147.8,161222.0,158564.0
2025-06-20 10:24:28.108568,2147.8,161416.0,157936.0
2025-06-20 10:24:28.659827,2147.8,161416.0,157936.0
2025-06-20 10:24:29.205432,2147.8,162073.0,157358.0
2025-06-20 10:24:29.665175,2147.8,162073.0,157358.0
2025-06-20 10:24:30.310410,2147.8,160210.0,157894.0
2025-06-20 10:24:31.417207,2147.8,161234.0,158192.0
2025-06-20 10:24:31.659038,2147.8,161234.0,158192.0
2025-06-20 10:24:32.421804,2147.8,161343.0,158254.0
2025-06-20 10:24:33.505415,2147.8,160467.0,159186.0
2025-06-20 10:24:34.605500,2147.1,160833.0,159508.0
2025-06-20 10:24:34.664253,2147.1,160833.0,159508.0
2025-06-20 10:24:35.657791,2147.6,160833.0,159508.0
2025-06-20 10:24:35.717457,2147.6,160802.0,159289.0
2025-06-20 10:24:36.660877,2147.6,160802.0,159289.0
2025-06-20 10:24:36.807469,2147.6,161249.0,158262.0
2025-06-20 10:24:37.658386,2147.8,161249.0,158262.0
2025-06-20 10:24:37.940717,2147.8,161195.0,158259.0
2025-06-20 10:24:38.660829,2147.7,161195.0,158259.0
2025-06-20 10:24:39.009326,2147.7,161050.0,158718.0
2025-06-20 10:24:39.658453,2147.6,161050.0,158718.0
2025-06-20 10:24:40.107282,2147.6,160968.0,159065.0
2025-06-20 10:24:40.666302,2147.6,160968.0,159065.0
2025-06-20 10:24:41.209045,2147.8,161442.0,158900.0
2025-06-20 10:24:41.660909,2147.8,161442.0,158900.0
2025-06-20 10:24:42.296064,2147.8,161442.0,158900.0
2025-06-20 10:24:42.329556,2147.8,161622.0,158914.0
2025-06-20 10:24:42.650654,2147.8,161622.0,158914.0
2025-06-20 10:24:43.447045,2147.7,161436.0,159202.0
2025-06-20 10:24:43.501612,2147.7,161436.0,159202.0
2025-06-20 10:24:43.657912,2147.7,161436.0,159202.0
2025-06-20 10:24:43.784048,2147.7,161436.0,159202.0
2025-06-20 10:24:44.049496,2147.7,161436.0,159202.0
2025-06-20 10:24:44.314062,2147.0,161067.0,159276.0
2025-06-20 10:24:44.437576,2147.0,161067.0,159276.0
2025-06-20 10:24:44.702732,2147.6,161067.0,159276.0
2025-06-20 10:24:45.059733,2147.6,161067.0,159276.0
2025-06-20 10:24:45.444960,2147.6,160888.0,159005.0
2025-06-20 10:24:45.509824,2147.6,160888.0,159005.0
2025-06-20 10:24:46.099817,2147.6,160888.0,159005.0
2025-06-20 10:24:46.511088,2147.5,160941.0,159845.0
2025-06-20 10:24:46.658055,2147.5,160941.0,159845.0
2025-06-20 10:24:47.690504,2147.5,160941.0,159845.0
2025-06-20 10:24:47.699295,2147.5,160804.0,160188.0
2025-06-20 10:24:48.659628,2147.5,160804.0,160188.0
2025-06-20 10:24:48.711436,2147.5,160781.0,160346.0
2025-06-20 10:24:48.790161,2147.5,160781.0,160346.0
2025-06-20 10:24:49.611725,2147.5,160919.0,159844.0
2025-06-20 10:24:49.789078,2147.5,160919.0,159844.0
2025-06-20 10:24:50.713564,2147.5,160907.0,159830.0
2025-06-20 10:24:51.324281,2147.5,160907.0,159830.0
2025-06-20 10:24:51.657945,2147.6,160907.0,159830.0
2025-06-20 10:24:51.812205,2147.6,161482.0,158480.0
2025-06-20 10:24:52.575477,2147.6,161482.0,158480.0
2025-06-20 10:24:52.947578,2147.6,161446.0,158829.0
2025-06-20 10:24:53.666188,2147.5,161446.0,158829.0
2025-06-20 10:24:53.833545,2147.5,161446.0,158829.0
2025-06-20 10:24:54.015464,2147.6,161367.0,159075.0
2025-06-20 10:24:54.662699,2147.5,161367.0,159075.0
2025-06-20 10:24:55.113975,2147.5,161086.0,159188.0
2025-06-20 10:24:55.454280,2147.5,161086.0,159188.0
2025-06-20 10:24:56.216459,2147.6,161043.0,158908.0
2025-06-20 10:24:56.657340,2147.6,161043.0,158908.0
2025-06-20 10:24:57.318716,2147.6,160934.0,159515.0
2025-06-20 10:24:57.663605,2147.6,160934.0,159515.0
2025-06-20 10:24:58.427175,2147.7,160914.0,159408.0
2025-06-20 10:24:58.662121,2147.7,160914.0,159408.0
2025-06-20 10:24:59.515891,2147.7,160925.0,159488.0
2025-06-20 10:25:01.664232,2147.7,160925.0,159488.0
2025-06-20 10:25:01.720497,2147.7,160998.0,158671.0
2025-06-20 10:25:02.661192,2147.7,160998.0,158671.0
2025-06-20 10:25:02.721091,2147.7,161054.0,159098.0
2025-06-20 10:25:04.022759,2147.7,161119.0,159104.0
2025-06-20 10:25:04.667276,2147.7,161119.0,159104.0
2025-06-20 10:25:04.932753,2147.7,161021.0,159104.0
2025-06-20 10:25:05.938996,2147.7,160944.0,159346.0
2025-06-20 10:25:06.658358,2147.6,160944.0,159346.0
2025-06-20 10:25:06.935596,2147.6,160778.0,159738.0
2025-06-20 10:25:07.661681,2147.6,160778.0,159738.0
2025-06-20 10:25:08.023912,2147.6,160799.0,159728.0
2025-06-20 10:25:08.666064,2146.6,160799.0,159728.0
2025-06-20 10:25:09.199500,2147.6,160361.0,159889.0
2025-06-20 10:25:09.697465,2147.6,160361.0,159889.0
2025-06-20 10:25:10.127056,2147.4,160609.0,160490.0
2025-06-20 10:25:10.678654,2146.4,160609.0,160490.0
2025-06-20 10:25:11.130926,2147.2,160426.0,161767.0
2025-06-20 10:25:11.662442,2146.4,160426.0,161767.0
2025-06-20 10:25:12.127396,2147.2,160497.0,161182.0
2025-06-20 10:25:12.663615,2147.2,160497.0,161182.0
2025-06-20 10:25:13.126526,2147.2,160661.0,160541.0
2025-06-20 10:25:13.657525,2146.4,160661.0,160541.0
2025-06-20 10:25:14.131994,2146.4,160656.0,161242.0
2025-06-20 10:25:14.662260,2147.2,160656.0,161242.0
2025-06-20 10:25:15.227199,2147.2,160715.0,161351.0
2025-06-20 10:25:15.664197,2146.3,160715.0,161351.0
2025-06-20 10:25:16.227357,2147.2,160591.0,161929.0
2025-06-20 10:25:16.670831,2146.3,160591.0,161929.0
2025-06-20 10:25:17.228921,2147.0,159654.0,162679.0
2025-06-20 10:25:17.660885,2146.0,159654.0,162679.0
2025-06-20 10:25:18.328281,2146.0,159578.0,162669.0
2025-06-20 10:25:18.662988,2146.0,159578.0,162669.0
2025-06-20 10:25:19.515734,2146.0,159542.0,162216.0
2025-06-20 10:25:20.350903,2146.0,159542.0,162216.0
2025-06-20 10:25:20.535001,2146.8,159570.0,162503.0
2025-06-20 10:25:20.703473,2146.8,159570.0,162503.0
2025-06-20 10:25:21.632654,2146.9,159957.0,162011.0
2025-06-20 10:25:21.656666,2146.9,159957.0,162011.0
2025-06-20 10:25:22.659824,2146.9,159957.0,162011.0
2025-06-20 10:25:22.732942,2146.9,160078.0,161522.0
2025-06-20 10:25:23.664718,2146.9,160078.0,161522.0
2025-06-20 10:25:23.859162,2146.9,159950.0,161322.0
2025-06-20 10:25:24.668635,2146.8,159950.0,161322.0
2025-06-20 10:25:24.950271,2146.8,159875.0,161903.0
2025-06-20 10:25:25.668527,2146.8,159875.0,161903.0
2025-06-20 10:25:25.835779,2146.8,159908.0,161855.0
2025-06-20 10:25:26.784833,2146.9,159908.0,161855.0
2025-06-20 10:25:27.016438,2146.9,160047.0,161565.0
2025-06-20 10:25:27.709598,2146.9,160047.0,161565.0
2025-06-20 10:25:28.037497,2147.0,159968.0,161259.0
2025-06-20 10:25:28.659714,2146.9,159968.0,161259.0
2025-06-20 10:25:29.136703,2146.9,160052.0,160272.0
2025-06-20 10:25:29.658822,2146.9,160052.0,160272.0
2025-06-20 10:25:30.265725,2147.0,160003.0,160669.0
2025-06-20 10:25:30.664511,2147.0,160003.0,160669.0
2025-06-20 10:25:31.240746,2146.9,159637.0,160046.0
2025-06-20 10:25:31.669312,2147.0,159637.0,160046.0
2025-06-20 10:25:32.341012,2147.0,159969.0,159675.0
2025-06-20 10:25:32.662442,2147.1,159969.0,159675.0
2025-06-20 10:25:33.341701,2147.1,160043.0,159721.0
2025-06-20 10:25:33.663447,2147.1,160043.0,159721.0
2025-06-20 10:25:34.448835,2147.0,160058.0,160097.0
2025-06-20 10:25:34.661005,2147.0,160058.0,160097.0
2025-06-20 10:25:35.454840,2147.1,160141.0,160484.0
2025-06-20 10:25:35.664280,2147.0,160141.0,160484.0
2025-06-20 10:25:36.546285,2147.0,160139.0,159890.0
2025-06-20 10:25:36.663412,2147.0,160139.0,159890.0
2025-06-20 10:25:37.543989,2147.1,160367.0,160069.0
2025-06-20 10:25:37.660215,2147.1,160367.0,160069.0
2025-06-20 10:25:38.645963,2147.1,160247.0,160081.0
2025-06-20 10:25:39.666281,2147.0,160247.0,160081.0
2025-06-20 10:25:39.742814,2147.0,160579.0,160033.0
2025-06-20 10:25:40.670135,2147.1,160579.0,160033.0
2025-06-20 10:25:40.893616,2147.1,160621.0,160081.0
2025-06-20 10:25:41.660067,2147.1,160621.0,160081.0
2025-06-20 10:25:41.957848,2147.1,160463.0,160096.0
2025-06-20 10:25:42.690212,2147.0,160463.0,160096.0
2025-06-20 10:25:43.049628,2146.5,160531.0,159839.0
2025-06-20 10:25:43.738940,2147.1,160531.0,159839.0
2025-06-20 10:25:43.978634,2147.1,160565.0,160310.0
2025-06-20 10:25:44.668728,2146.5,160565.0,160310.0
2025-06-20 10:25:45.153260,2147.1,160093.0,161142.0
2025-06-20 10:25:45.662198,2147.1,160093.0,161142.0
2025-06-20 10:25:46.251962,2147.1,147669.0,158096.0
2025-06-20 10:25:46.663888,2147.1,147669.0,158096.0
2025-06-20 10:25:47.351960,2147.1,159912.0,161493.0
2025-06-20 10:25:48.464854,2147.1,159938.0,161493.0
2025-06-20 10:25:49.552528,2147.1,159162.0,161936.0
2025-06-20 10:25:50.555660,2147.0,160180.0,161527.0
2025-06-20 10:25:50.666712,2147.0,160180.0,161527.0
2025-06-20 10:25:51.554102,2147.0,159314.0,160669.0
2025-06-20 10:25:51.673811,2147.0,159314.0,160669.0
2025-06-20 10:25:52.657212,2147.0,160578.0,160376.0
2025-06-20 10:25:52.664642,2147.0,160578.0,160376.0
2025-06-20 10:25:53.662397,2147.0,160578.0,160376.0
2025-06-20 10:25:53.754701,2147.0,160595.0,160349.0
2025-06-20 10:25:54.669590,2147.0,160595.0,160349.0
2025-06-20 10:25:54.857830,2147.0,160620.0,160358.0
2025-06-20 10:25:55.665894,2147.1,160620.0,160358.0
2025-06-20 10:25:55.857562,2147.1,160651.0,160308.0
2025-06-20 10:25:56.663343,2147.1,160651.0,160308.0
2025-06-20 10:25:56.957352,2147.1,160695.0,160301.0
2025-06-20 10:25:57.672034,2147.1,160695.0,160301.0
2025-06-20 10:25:58.057227,2147.5,160556.0,158503.0
2025-06-20 10:25:58.666969,2147.7,160556.0,158503.0
2025-06-20 10:25:59.162104,2147.0,160733.0,157875.0
2025-06-20 10:25:59.668061,2147.8,160733.0,157875.0
2025-06-20 10:26:00.259515,2147.8,161043.0,158541.0
2025-06-20 10:26:00.664239,2147.5,161043.0,158541.0
2025-06-20 10:26:01.359294,2147.8,160797.0,158524.0
2025-06-20 10:26:01.663361,2147.8,160797.0,158524.0
2025-06-20 10:26:02.369697,2147.8,161296.0,157197.0
2025-06-20 10:26:02.671027,2147.8,161296.0,157197.0
2025-06-20 10:26:03.360751,2147.5,161096.0,157693.0
2025-06-20 10:26:03.670250,2147.4,161096.0,157693.0
2025-06-20 10:26:04.360590,2147.8,160702.0,158530.0
2025-06-20 10:26:04.664947,2147.8,160702.0,158530.0
2025-06-20 10:26:05.367902,2147.8,160684.0,158516.0
2025-06-20 10:26:06.507564,2147.2,160682.0,158514.0
2025-06-20 10:26:06.665718,2147.8,160682.0,158514.0
2025-06-20 10:26:07.565056,2147.8,161799.0,158464.0
2025-06-20 10:26:08.572391,2147.8,159468.0,158010.0
2025-06-20 10:26:08.664048,2147.8,159468.0,158010.0
2025-06-20 10:26:09.667913,2147.4,159468.0,158010.0
2025-06-20 10:26:09.692149,2147.4,161357.0,157977.0
2025-06-20 10:26:10.667987,2147.8,161357.0,157977.0
2025-06-20 10:26:10.768359,2147.8,161384.0,157917.0
2025-06-20 10:26:11.660734,2147.8,161384.0,157917.0
2025-06-20 10:26:11.770818,2147.8,161347.0,157699.0
2025-06-20 10:26:12.662729,2147.8,161347.0,157699.0
2025-06-20 10:26:12.869684,2147.8,161403.0,157500.0
2025-06-20 10:26:13.663934,2147.8,161403.0,157500.0
2025-06-20 10:26:13.987064,2147.8,161380.0,157350.0
2025-06-20 10:26:14.668147,2147.7,161380.0,157350.0
2025-06-20 10:26:14.871854,2147.8,162707.0,156625.0
2025-06-20 10:26:15.665804,2147.8,162707.0,156625.0
2025-06-20 10:26:15.970958,2147.8,162173.0,157086.0
2025-06-20 10:26:16.664237,2147.8,162173.0,157086.0
2025-06-20 10:26:17.071480,2147.8,161923.0,157401.0
2025-06-20 10:26:17.673027,2147.8,161923.0,157401.0
2025-06-20 10:26:18.176905,2147.8,161616.0,157414.0
2025-06-20 10:26:19.276094,2148.1,162699.0,154517.0
2025-06-20 10:26:19.666360,2148.1,162699.0,154517.0
2025-06-20 10:26:20.376223,2148.4,161776.0,155081.0
2025-06-20 10:26:20.697468,2148.4,161776.0,155081.0
2025-06-20 10:26:21.504603,2148.5,161781.0,155178.0
2025-06-20 10:26:21.665343,2148.5,161781.0,155178.0
2025-06-20 10:26:22.486278,2148.5,161636.0,154929.0
2025-06-20 10:26:22.664568,2148.5,161636.0,154929.0
2025-06-20 10:26:23.592232,2148.6,161630.0,155282.0
2025-06-20 10:26:23.682053,2148.6,161630.0,155282.0
2025-06-20 10:26:24.592331,2148.5,161620.0,155385.0
2025-06-20 10:26:24.666606,2148.6,161620.0,155385.0
2025-06-20 10:26:25.586312,2148.5,162053.0,155020.0
2025-06-20 10:26:25.662452,2148.5,162053.0,155020.0
2025-06-20 10:26:26.603817,2148.6,162333.0,154512.0
2025-06-20 10:26:26.669324,2148.6,162333.0,154512.0
2025-06-20 10:26:27.616651,2148.6,162331.0,154916.0
2025-06-20 10:26:27.682311,2148.6,162331.0,154916.0
2025-06-20 10:26:28.582907,2148.5,162103.0,154933.0
2025-06-20 10:26:28.670315,2148.5,162103.0,154933.0
2025-06-20 10:26:29.594218,2148.5,160706.0,155146.0
2025-06-20 10:26:29.666494,2148.5,160706.0,155146.0
2025-06-20 10:26:30.590599,2148.5,162368.0,155147.0
2025-06-20 10:26:30.672796,2148.5,162368.0,155147.0
2025-06-20 10:26:31.598412,2148.3,162254.0,154709.0
2025-06-20 10:26:31.673956,2148.3,162254.0,154709.0
2025-06-20 10:26:32.670878,2148.3,162254.0,154709.0
2025-06-20 10:26:32.696435,2148.3,162236.0,154727.0
2025-06-20 10:26:33.664926,2148.6,162236.0,154727.0
2025-06-20 10:26:33.695451,2148.6,162200.0,154765.0
2025-06-20 10:26:34.670842,2148.6,162200.0,154765.0
2025-06-20 10:26:34.786396,2148.6,162630.0,154680.0
2025-06-20 10:26:35.680766,2148.9,162630.0,154680.0
2025-06-20 10:26:35.784978,2148.9,162896.0,153624.0
2025-06-20 10:26:36.671784,2148.9,162896.0,153624.0
2025-06-20 10:26:36.785192,2148.9,162709.0,153161.0
2025-06-20 10:26:37.679720,2148.9,162709.0,153161.0
2025-06-20 10:26:37.788423,2148.9,162760.0,153089.0
2025-06-20 10:26:38.718474,2149.0,162760.0,153089.0
2025-06-20 10:26:38.785719,2149.0,162694.0,153061.0
2025-06-20 10:26:39.676470,2149.0,162694.0,153061.0
2025-06-20 10:26:39.698122,2149.0,162713.0,153201.0
2025-06-20 10:26:40.665346,2149.2,162713.0,153201.0
2025-06-20 10:26:40.690435,2149.2,162896.0,153586.0
2025-06-20 10:26:41.661751,2149.2,162896.0,153586.0
2025-06-20 10:26:41.690132,2149.2,162545.0,153256.0
2025-06-20 10:26:42.707579,2149.4,162545.0,153256.0
2025-06-20 10:26:42.786522,2149.4,162587.0,153309.0
2025-06-20 10:26:43.704564,2149.2,162587.0,153309.0
2025-06-20 10:26:43.901135,2149.2,162557.0,153508.0
2025-06-20 10:26:44.926356,2149.2,162557.0,153508.0
2025-06-20 10:26:44.930617,2149.2,162572.0,153950.0
2025-06-20 10:26:45.669717,2149.3,162572.0,153950.0
2025-06-20 10:26:45.797943,2149.0,162640.0,154302.0
2025-06-20 10:26:46.712870,2149.3,162640.0,154302.0
2025-06-20 10:26:47.134072,2149.3,162404.0,154083.0
2025-06-20 10:26:47.690776,2149.3,162404.0,154083.0
2025-06-20 10:26:48.006543,2149.0,162442.0,154040.0
2025-06-20 10:26:48.666420,2149.3,162442.0,154040.0
2025-06-20 10:26:49.101817,2149.0,162429.0,153889.0
2025-06-20 10:26:49.707878,2149.0,162429.0,153889.0
2025-06-20 10:26:50.298887,2148.8,160926.0,152857.0
2025-06-20 10:26:50.700935,2148.8,160926.0,152857.0
2025-06-20 10:26:51.413537,2149.3,162538.0,152985.0
2025-06-20 10:26:51.705700,2149.0,162538.0,152985.0
2025-06-20 10:26:52.302355,2149.0,162573.0,152082.0
2025-06-20 10:26:52.912758,2149.3,162573.0,152082.0
2025-06-20 10:26:53.416041,2149.0,162437.0,152474.0
2025-06-20 10:26:53.690402,2149.0,162437.0,152474.0
2025-06-20 10:26:54.526260,2149.3,162266.0,152530.0
2025-06-20 10:26:54.702007,2149.3,162266.0,152530.0
2025-06-20 10:26:56.068758,2149.3,162427.0,152607.0
2025-06-20 10:26:56.077756,2149.3,162427.0,152607.0
2025-06-20 10:26:57.014776,2148.8,162427.0,152607.0
2025-06-20 10:26:57.017210,2148.8,162138.0,152553.0
2025-06-20 10:26:57.697524,2149.3,162138.0,152553.0
2025-06-20 10:26:57.808685,2149.3,162060.0,153025.0
2025-06-20 10:26:58.697457,2149.3,162060.0,153025.0
2025-06-20 10:26:58.809868,2148.7,162157.0,153044.0
2025-06-20 10:26:59.713666,2148.7,162157.0,153044.0
2025-06-20 10:26:59.952835,2149.3,162195.0,152962.0
2025-06-20 10:27:00.681621,2149.3,162195.0,152962.0
2025-06-20 10:27:03.698060,2149.3,162195.0,152962.0
2025-06-20 10:27:06.744112,2149.3,162195.0,152962.0
2025-06-20 10:27:06.745360,2149.8,162998.0,150213.0
2025-06-20 10:27:09.704343,2149.6,162998.0,150213.0
2025-06-20 10:27:12.711239,2150.1,162998.0,150213.0
2025-06-20 10:27:13.451628,2150.1,162638.0,146912.0
2025-06-20 10:27:15.672753,2150.1,162638.0,146912.0
2025-06-20 10:27:18.681163,2150.5,162638.0,146912.0
2025-06-20 10:27:20.026438,2150.5,161955.0,147488.0
2025-06-20 10:27:21.709842,2150.7,161955.0,147488.0
2025-06-20 10:27:25.353545,2150.6,161955.0,147488.0
2025-06-20 10:27:26.531982,2151.0,161844.0,147075.0
2025-06-20 10:27:28.749940,2151.0,161844.0,147075.0
2025-06-20 10:27:32.728473,2151.2,161844.0,147075.0
2025-06-20 10:27:33.334176,2151.2,163119.0,146085.0
2025-06-20 10:27:35.672877,2151.5,163119.0,146085.0
2025-06-20 10:27:38.722311,2151.5,163119.0,146085.0
2025-06-20 10:27:39.844363,2151.5,161795.0,146739.0
2025-06-20 10:27:41.672073,2151.6,161795.0,146739.0
2025-06-20 10:27:42.696904,2151.6,161795.0,146739.0
2025-06-20 10:27:43.029826,2151.6,161795.0,146739.0
2025-06-20 10:27:44.242870,2151.6,161795.0,146739.0
2025-06-20 10:27:45.275948,2151.6,161795.0,146739.0
2025-06-20 10:27:45.683631,2151.6,161795.0,146739.0
2025-06-20 10:27:45.741336,2151.6,161795.0,146739.0
2025-06-20 10:27:46.246766,2151.6,162155.0,146418.0
2025-06-20 10:27:46.296366,2151.6,162155.0,146418.0
2025-06-20 10:27:47.709288,2151.6,162155.0,146418.0
2025-06-20 10:27:49.007614,2151.6,162155.0,146418.0
2025-06-20 10:27:49.683984,2151.1,162155.0,146418.0
2025-06-20 10:27:50.002595,2151.1,162155.0,146418.0
2025-06-20 10:27:51.518229,2151.1,162155.0,146418.0
2025-06-20 10:27:51.685717,2151.1,162155.0,146418.0
2025-06-20 10:27:52.649055,2151.1,161706.0,146899.0
2025-06-20 10:27:52.820658,2151.1,161706.0,146899.0
2025-06-20 10:27:54.032260,2151.1,161706.0,146899.0
2025-06-20 10:27:55.623284,2151.1,161706.0,146899.0
2025-06-20 10:27:55.719527,2151.6,161706.0,146899.0
2025-06-20 10:27:57.693408,2151.6,161706.0,146899.0
2025-06-20 10:27:59.055105,2151.6,161745.0,147847.0
2025-06-20 10:28:00.672449,2151.6,161745.0,147847.0
2025-06-20 10:28:02.705474,2151.1,161745.0,147847.0
2025-06-20 10:28:05.163696,2151.1,161461.0,148470.0
2025-06-20 10:28:06.679742,2151.1,161461.0,148470.0
2025-06-20 10:28:08.677483,2150.5,161461.0,148470.0
2025-06-20 10:28:10.679353,2150.5,161461.0,148470.0
2025-06-20 10:28:11.265942,2151.1,161474.0,149319.0
2025-06-20 10:28:12.681153,2151.1,161474.0,149319.0
2025-06-20 10:28:14.677659,2150.5,161474.0,149319.0
2025-06-20 10:28:17.298114,2150.5,160277.0,152096.0
2025-06-20 10:28:18.677896,2150.0,160277.0,152096.0
2025-06-20 10:28:20.680700,2150.0,160277.0,152096.0
2025-06-20 10:28:23.371948,2150.0,160611.0,152367.0
2025-06-20 10:28:24.680448,2150.0,160611.0,152367.0
2025-06-20 10:28:26.681151,2150.5,160611.0,152367.0
2025-06-20 10:28:29.279610,2150.0,160845.0,152576.0
2025-06-20 10:28:30.677206,2150.5,160845.0,152576.0
2025-06-20 10:28:33.754886,2149.2,160845.0,152576.0
2025-06-20 10:28:35.588392,2150.0,160998.0,153798.0
2025-06-20 10:28:35.682965,2150.0,160998.0,153798.0
2025-06-20 10:28:39.696605,2150.0,160998.0,153798.0
2025-06-20 10:28:41.588331,2150.3,161114.0,153545.0
2025-06-20 10:28:41.689666,2150.3,161114.0,153545.0
2025-06-20 10:28:44.683054,2149.8,161114.0,153545.0
2025-06-20 10:28:47.788835,2150.3,162282.0,150964.0
2025-06-20 10:28:48.676195,2150.3,162282.0,150964.0
2025-06-20 10:28:50.741156,2150.0,162282.0,150964.0
2025-06-20 10:28:53.678165,2150.5,162282.0,150964.0
2025-06-20 10:28:54.089723,2150.5,163318.0,150777.0
2025-06-20 10:28:56.712120,2150.5,163318.0,150777.0
2025-06-20 10:28:59.680559,2150.0,163318.0,150777.0
2025-06-20 10:29:00.094647,2150.0,161763.0,151515.0
2025-06-20 10:29:01.684302,2150.5,161763.0,151515.0
2025-06-20 10:29:03.676869,2150.5,161763.0,151515.0
2025-06-20 10:29:05.685676,2150.5,161763.0,151515.0
2025-06-20 10:29:05.907741,2150.5,161386.0,151703.0
2025-06-20 10:29:07.681071,2150.0,161386.0,151703.0
2025-06-20 10:29:09.685785,2150.5,161386.0,151703.0
2025-06-20 10:29:11.697168,2150.5,161386.0,151703.0
2025-06-20 10:29:12.105848,2150.5,161670.0,150916.0
2025-06-20 10:29:13.682127,2150.5,161670.0,150916.0
2025-06-20 10:29:15.687347,2150.6,161670.0,150916.0
2025-06-20 10:29:17.738284,2150.6,161670.0,150916.0
2025-06-20 10:29:18.374494,2150.6,161362.0,151940.0
2025-06-20 10:29:19.699179,2150.0,161362.0,151940.0
2025-06-20 10:29:21.685514,2150.6,161362.0,151940.0
2025-06-20 10:29:24.110819,2150.6,161147.0,151835.0
2025-06-20 10:29:25.682592,2150.0,161147.0,151835.0
2025-06-20 10:29:27.691112,2150.6,161147.0,151835.0
2025-06-20 10:29:29.683656,2150.0,161147.0,151835.0
2025-06-20 10:29:29.730225,2150.0,160977.0,152802.0
2025-06-20 10:29:31.696777,2150.0,160977.0,152802.0
2025-06-20 10:29:33.688552,2150.5,160977.0,152802.0
2025-06-20 10:29:35.322721,2150.1,160704.0,152311.0
2025-06-20 10:29:35.686912,2150.1,160704.0,152311.0
2025-06-20 10:29:38.686073,2150.5,160704.0,152311.0
2025-06-20 10:29:41.227930,2150.1,161690.0,151458.0
2025-06-20 10:29:42.683112,2150.7,161690.0,151458.0
2025-06-20 10:29:44.830067,2150.1,161690.0,151458.0
2025-06-20 10:29:47.330485,2150.1,161814.0,151787.0
2025-06-20 10:29:47.717296,2150.1,161814.0,151787.0
2025-06-20 10:29:50.721467,2150.1,161814.0,151787.0
2025-06-20 10:29:53.232457,2150.1,161617.0,151991.0
2025-06-20 10:29:53.719825,2150.1,161617.0,151991.0
2025-06-20 10:29:56.712081,2150.7,161617.0,151991.0
2025-06-20 10:29:58.751514,2150.7,161284.0,151644.0
2025-06-20 10:29:59.692775,2150.7,161284.0,151644.0
2025-06-20 10:30:01.712728,2150.7,161284.0,151644.0
2025-06-20 10:30:04.247098,2150.7,161159.0,152613.0
2025-06-20 10:30:05.726806,2150.0,161159.0,152613.0
2025-06-20 10:30:07.697668,2150.0,161159.0,152613.0
2025-06-20 10:30:09.786748,2150.7,161159.0,152613.0
2025-06-20 10:30:10.350297,2150.7,161132.0,151833.0
2025-06-20 10:30:11.708127,2150.7,161132.0,151833.0
2025-06-20 10:30:13.737835,2150.7,161132.0,151833.0
2025-06-20 10:30:15.730964,2150.0,161132.0,151833.0
2025-06-20 10:30:16.351615,2150.0,162271.0,152325.0
2025-06-20 10:30:17.697863,2150.0,162271.0,152325.0
2025-06-20 10:30:19.727869,2149.9,162271.0,152325.0
2025-06-20 10:30:22.256177,2150.5,161332.0,151697.0
2025-06-20 10:30:23.728243,2150.5,161332.0,151697.0
2025-06-20 10:30:25.719499,2150.0,161332.0,151697.0
2025-06-20 10:30:27.718824,2150.2,161332.0,151697.0
2025-06-20 10:30:27.995637,2150.2,162071.0,151888.0
2025-06-20 10:30:31.337651,2149.3,162071.0,151888.0
2025-06-20 10:30:33.567077,2150.5,162425.0,150125.0
2025-06-20 10:30:34.697103,2150.4,162425.0,150125.0
2025-06-20 10:30:36.687665,2150.6,162425.0,150125.0
2025-06-20 10:30:39.482429,2150.0,160889.0,153037.0
2025-06-20 10:30:39.698851,2150.0,160889.0,153037.0
2025-06-20 10:30:42.691219,2150.6,160889.0,153037.0
2025-06-20 10:30:43.187421,2150.6,160889.0,153037.0
2025-06-20 10:30:44.221375,2150.6,160889.0,153037.0
2025-06-20 10:30:45.187649,2150.6,162386.0,151505.0
2025-06-20 10:30:45.314664,2150.6,162386.0,151505.0
2025-06-20 10:30:45.705768,2150.6,162386.0,151505.0
2025-06-20 10:30:46.011759,2150.6,162386.0,151505.0
2025-06-20 10:30:46.493065,2150.6,162386.0,151505.0
2025-06-20 10:30:47.669005,2150.6,162386.0,151505.0
2025-06-20 10:30:48.417556,2150.6,162386.0,151505.0
2025-06-20 10:30:48.685346,2150.6,162386.0,151505.0
2025-06-20 10:30:49.726787,2150.6,162386.0,151505.0
2025-06-20 10:30:50.763170,2150.6,162386.0,151505.0
2025-06-20 10:30:50.777783,2150.6,164503.0,151082.0
2025-06-20 10:30:51.691413,2150.6,164503.0,151082.0
2025-06-20 10:30:52.262413,2150.6,164503.0,151082.0
2025-06-20 10:30:53.532686,2150.6,164503.0,151082.0
2025-06-20 10:30:54.691880,2150.1,164503.0,151082.0
2025-06-20 10:30:54.805700,2150.1,164503.0,151082.0
2025-06-20 10:30:56.378501,2150.6,164590.0,149174.0
2025-06-20 10:30:56.499782,2150.6,164590.0,149174.0
2025-06-20 10:30:57.731745,2150.5,164590.0,149174.0
2025-06-20 10:31:00.692947,2150.5,164590.0,149174.0
2025-06-20 10:31:01.278790,2150.5,165029.0,148283.0
2025-06-20 10:31:02.302180,2150.4,165363.0,147505.0
2025-06-20 10:31:02.689567,2150.4,165363.0,147505.0
2025-06-20 10:31:03.443660,2150.4,166248.0,147698.0
2025-06-20 10:31:04.490317,2150.8,166246.0,148154.0
2025-06-20 10:31:04.690943,2150.8,166246.0,148154.0
2025-06-20 10:31:05.578699,2151.0,166293.0,147937.0
2025-06-20 10:31:05.690968,2151.0,166293.0,147937.0
2025-06-20 10:31:06.489074,2151.2,166272.0,147987.0
2025-06-20 10:31:06.696332,2151.0,166272.0,147987.0
2025-06-20 10:31:07.582719,2151.0,166033.0,148271.0
2025-06-20 10:31:07.690821,2151.0,166033.0,148271.0
2025-06-20 10:31:08.694058,2151.0,166033.0,148271.0
2025-06-20 10:31:08.720436,2151.0,166800.0,148096.0
2025-06-20 10:31:09.954153,2151.0,166383.0,148443.0
2025-06-20 10:31:10.798887,2151.0,166277.0,148119.0
2025-06-20 10:31:11.708449,2151.0,166277.0,148119.0
2025-06-20 10:31:11.789101,2151.0,166164.0,148528.0
2025-06-20 10:31:12.697314,2151.8,166164.0,148528.0
2025-06-20 10:31:12.718924,2151.8,165399.0,146726.0
2025-06-20 10:31:13.758341,2151.4,165399.0,146726.0
2025-06-20 10:31:13.788568,2151.4,165966.0,146645.0
2025-06-20 10:31:14.701558,2151.8,165966.0,146645.0
2025-06-20 10:31:14.796242,2151.8,166034.0,146399.0
2025-06-20 10:31:15.691711,2152.1,166034.0,146399.0
2025-06-20 10:31:15.997078,2151.8,166162.0,146163.0
2025-06-20 10:31:16.696271,2152.1,166162.0,146163.0
2025-06-20 10:31:17.002378,2152.1,165753.0,146222.0
2025-06-20 10:31:17.691953,2151.8,165753.0,146222.0
2025-06-20 10:31:18.191475,2151.8,165691.0,146184.0
2025-06-20 10:31:19.092997,2152.4,164194.0,146276.0
2025-06-20 10:31:19.693989,2153.0,164194.0,146276.0
2025-06-20 10:31:20.695659,2152.0,164194.0,146276.0
2025-06-20 10:31:20.708543,2152.0,166892.0,145820.0
2025-06-20 10:31:21.703804,2152.0,166892.0,145820.0
2025-06-20 10:31:21.797231,2152.0,163894.0,145504.0
2025-06-20 10:31:22.694307,2152.3,163894.0,145504.0
2025-06-20 10:31:22.895280,2152.3,164381.0,145519.0
2025-06-20 10:31:23.700802,2152.9,164381.0,145519.0
2025-06-20 10:31:24.003420,2152.9,164586.0,145168.0
2025-06-20 10:31:24.700265,2152.3,164586.0,145168.0
2025-06-20 10:31:25.001533,2152.3,164431.0,145750.0
2025-06-20 10:31:25.683927,2152.9,164431.0,145750.0
2025-06-20 10:31:26.094216,2152.9,165267.0,145754.0
2025-06-20 10:31:26.688496,2152.9,165267.0,145754.0
2025-06-20 10:31:27.198168,2152.9,165667.0,145147.0
2025-06-20 10:31:27.729174,2152.9,165667.0,145147.0
2025-06-20 10:31:28.300928,2152.9,165021.0,145172.0
2025-06-20 10:31:28.727041,2152.9,165021.0,145172.0
2025-06-20 10:31:29.413469,2152.5,163797.0,145376.0
2025-06-20 10:31:29.739251,2152.5,163797.0,145376.0
2025-06-20 10:31:30.710144,2152.9,163797.0,145376.0
2025-06-20 10:31:31.012818,2152.9,164641.0,146349.0
2025-06-20 10:31:31.756755,2152.3,164641.0,146349.0
2025-06-20 10:31:32.102866,2152.3,162689.0,147522.0
2025-06-20 10:31:32.717851,2152.3,162689.0,147522.0
2025-06-20 10:31:33.204403,2152.2,163249.0,149131.0
2025-06-20 10:31:33.734153,2152.2,163249.0,149131.0
2025-06-20 10:31:34.302251,2152.2,162414.0,148821.0
2025-06-20 10:31:35.418306,2152.2,163245.0,148605.0
2025-06-20 10:31:36.421758,2152.2,162840.0,148331.0
2025-06-20 10:31:36.706884,2152.2,162840.0,148331.0
2025-06-20 10:31:37.420697,2152.2,163127.0,148397.0
2025-06-20 10:31:37.701073,2152.9,163127.0,148397.0
2025-06-20 10:31:38.652327,2152.9,162470.0,148022.0
2025-06-20 10:31:38.706164,2152.9,162470.0,148022.0
2025-06-20 10:31:39.657501,2152.9,162646.0,147783.0
2025-06-20 10:31:41.040057,2152.2,162646.0,147783.0
2025-06-20 10:31:41.048161,2152.2,161841.0,148506.0
2025-06-20 10:31:41.731268,2152.2,161841.0,148506.0
2025-06-20 10:31:41.811807,2152.2,162039.0,148294.0
2025-06-20 10:31:42.692290,2152.0,162039.0,148294.0
2025-06-20 10:31:42.918978,2152.0,160867.0,148363.0
2025-06-20 10:31:43.731196,2151.8,160867.0,148363.0
2025-06-20 10:31:44.176321,2151.8,160503.0,148564.0
2025-06-20 10:31:45.021648,2151.9,161031.0,148498.0
2025-06-20 10:31:45.726821,2151.9,161031.0,148498.0
2025-06-20 10:31:46.111798,2152.2,162236.0,147644.0
2025-06-20 10:31:46.698896,2152.2,162236.0,147644.0
2025-06-20 10:31:47.214605,2152.7,162719.0,148307.0
2025-06-20 10:31:47.715496,2152.7,162719.0,148307.0
2025-06-20 10:31:48.312798,2152.7,162555.0,148316.0
2025-06-20 10:31:49.324715,2152.7,163483.0,149517.0
2025-06-20 10:31:49.699320,2152.7,163483.0,149517.0
2025-06-20 10:31:50.454337,2152.7,163756.0,150270.0
2025-06-20 10:31:51.517908,2152.3,162157.0,151364.0
2025-06-20 10:31:51.693877,2152.3,162157.0,151364.0
2025-06-20 10:31:52.623800,2152.3,162171.0,151610.0
2025-06-20 10:31:53.686601,2152.7,162171.0,151610.0
2025-06-20 10:31:53.722047,2152.7,161966.0,151489.0
2025-06-20 10:31:55.330190,2152.7,163101.0,152086.0
2025-06-20 10:31:55.708195,2152.3,163101.0,152086.0
2025-06-20 10:31:56.686046,2152.3,163101.0,152086.0
2025-06-20 10:31:57.021244,2152.0,161793.0,153332.0
2025-06-20 10:31:57.717872,2152.0,161793.0,153332.0
2025-06-20 10:31:58.024629,2152.0,160545.0,153699.0
2025-06-20 10:31:59.120986,2152.0,160455.0,154213.0
2025-06-20 10:31:59.686043,2152.0,160455.0,154213.0
2025-06-20 10:32:00.121573,2152.3,159695.0,155167.0
2025-06-20 10:32:00.743812,2152.3,159695.0,155167.0
2025-06-20 10:32:01.542939,2152.3,160717.0,154288.0
2025-06-20 10:32:01.704651,2152.3,160717.0,154288.0
2025-06-20 10:32:02.363992,2152.3,161214.0,154049.0
2025-06-20 10:32:03.649015,2152.3,157173.0,154655.0
2025-06-20 10:32:03.699332,2151.6,157173.0,154655.0
2025-06-20 10:32:04.350235,2151.6,160524.0,155695.0
2025-06-20 10:32:05.551264,2151.6,160676.0,156260.0
2025-06-20 10:32:05.697663,2151.6,160676.0,156260.0
2025-06-20 10:32:06.556523,2151.7,160199.0,156099.0
2025-06-20 10:32:06.940592,2151.7,160199.0,156099.0
2025-06-20 10:32:07.371617,2151.7,161611.0,154656.0
2025-06-20 10:32:07.710969,2151.7,161611.0,154656.0
2025-06-20 10:32:08.336965,2151.7,162001.0,154598.0
2025-06-20 10:32:08.694077,2151.7,162001.0,154598.0
2025-06-20 10:32:09.448403,2151.7,161044.0,156187.0
2025-06-20 10:32:09.695192,2151.7,161044.0,156187.0
2025-06-20 10:32:10.409235,2151.2,161039.0,156214.0
2025-06-20 10:32:10.702559,2151.2,161039.0,156214.0
2025-06-20 10:32:11.340385,2151.2,161404.0,156100.0
2025-06-20 10:32:11.702717,2151.2,161404.0,156100.0
2025-06-20 10:32:12.347490,2151.2,161367.0,156332.0
2025-06-20 10:32:12.689299,2151.2,161367.0,156332.0
2025-06-20 10:32:13.232806,2151.2,161452.0,156098.0
2025-06-20 10:32:14.133184,2151.2,161325.0,155645.0
2025-06-20 10:32:15.134746,2151.2,161421.0,155078.0
2025-06-20 10:32:16.136843,2151.2,161332.0,155629.0
2025-06-20 10:32:16.687954,2151.2,161332.0,155629.0
2025-06-20 10:32:17.135884,2151.2,161331.0,155728.0
2025-06-20 10:32:17.691171,2151.8,161331.0,155728.0
2025-06-20 10:32:18.136678,2151.8,161343.0,155720.0
2025-06-20 10:32:18.686660,2151.2,161343.0,155720.0
2025-06-20 10:32:19.136643,2151.2,160409.0,155645.0
2025-06-20 10:32:19.691469,2151.2,160409.0,155645.0
2025-06-20 10:32:20.040809,2151.2,159910.0,155641.0
2025-06-20 10:32:21.046918,2151.1,162019.0,156460.0
2025-06-20 10:32:21.692059,2151.1,162019.0,156460.0
2025-06-20 10:32:22.707680,2151.1,162019.0,156460.0
2025-06-20 10:32:23.040532,2151.1,161930.0,154082.0
2025-06-20 10:32:23.690181,2151.0,161930.0,154082.0
2025-06-20 10:32:24.041056,2151.0,161970.0,154387.0
2025-06-20 10:32:24.694050,2151.0,161970.0,154387.0
2025-06-20 10:32:25.039855,2151.0,162603.0,154391.0
2025-06-20 10:32:25.736380,2151.1,162603.0,154391.0
2025-06-20 10:32:25.971523,2151.1,162416.0,154586.0
2025-06-20 10:32:26.690913,2150.8,162416.0,154586.0
2025-06-20 10:32:26.981649,2150.8,161857.0,154523.0
2025-06-20 10:32:27.689838,2150.8,161857.0,154523.0
2025-06-20 10:32:28.170697,2150.8,162324.0,154423.0
2025-06-20 10:32:29.167173,2150.8,162688.0,153965.0
2025-06-20 10:32:29.979645,2150.8,162760.0,153962.0
2025-06-20 10:32:30.710017,2151.9,162760.0,153962.0
2025-06-20 10:32:30.966781,2151.9,161184.0,152691.0
2025-06-20 10:32:31.696973,2151.4,161184.0,152691.0
2025-06-20 10:32:31.851193,2151.4,161765.0,152559.0
2025-06-20 10:32:32.929532,2151.4,161801.0,153005.0
2025-06-20 10:32:33.852349,2151.4,161718.0,153333.0
2025-06-20 10:32:34.689023,2152.0,161718.0,153333.0
2025-06-20 10:32:34.754979,2152.0,161634.0,152642.0
2025-06-20 10:32:35.648737,2152.0,161659.0,152797.0
2025-06-20 10:32:35.730499,2152.0,161659.0,152797.0
2025-06-20 10:32:36.548066,2152.0,161791.0,152940.0
2025-06-20 10:32:36.727986,2152.0,161791.0,152940.0
2025-06-20 10:32:37.548150,2152.0,161706.0,152913.0
2025-06-20 10:32:38.467825,2152.0,161323.0,152989.0
2025-06-20 10:32:39.461483,2152.0,163241.0,152569.0
2025-06-20 10:32:40.549798,2151.6,163194.0,152326.0
2025-06-20 10:32:40.731231,2151.6,163194.0,152326.0
2025-06-20 10:32:41.464440,2151.6,163248.0,152103.0
2025-06-20 10:32:41.726783,2151.6,163248.0,152103.0
2025-06-20 10:32:42.348859,2151.6,162807.0,151881.0
2025-06-20 10:32:43.348701,2151.3,162520.0,152646.0
2025-06-20 10:32:43.692623,2151.3,162520.0,152646.0
2025-06-20 10:32:44.250036,2151.3,161394.0,152975.0
2025-06-20 10:32:45.151247,2151.3,161684.0,152737.0
2025-06-20 10:32:46.052692,2151.4,162243.0,152437.0
2025-06-20 10:32:46.701445,2151.4,162243.0,152437.0
2025-06-20 10:32:46.986078,2151.4,163274.0,151530.0
2025-06-20 10:32:47.727488,2151.5,163274.0,151530.0
2025-06-20 10:32:47.993626,2152.0,165460.0,149566.0
2025-06-20 10:32:48.710467,2151.7,165460.0,149566.0
2025-06-20 10:32:48.978045,2151.7,165166.0,149180.0
2025-06-20 10:32:49.854910,2151.7,165378.0,149815.0
2025-06-20 10:32:50.853378,2151.7,164384.0,149961.0
2025-06-20 10:32:51.870998,2151.7,164384.0,149961.0
2025-06-20 10:32:51.939742,2151.7,164903.0,149447.0
2025-06-20 10:32:52.694692,2152.3,164903.0,149447.0
2025-06-20 10:32:52.754185,2152.3,163290.0,149262.0
2025-06-20 10:32:53.658348,2152.3,164744.0,149613.0
2025-06-20 10:32:54.556054,2152.3,164661.0,149634.0
2025-06-20 10:32:55.481484,2152.3,164694.0,149728.0
2025-06-20 10:32:56.487785,2151.8,162394.0,149398.0
2025-06-20 10:32:56.750826,2152.3,162394.0,149398.0
2025-06-20 10:32:57.490219,2152.3,162852.0,149431.0
2025-06-20 10:32:57.689731,2152.3,162852.0,149431.0
2025-06-20 10:32:58.483778,2152.3,162511.0,149591.0
2025-06-20 10:32:59.481179,2152.3,162198.0,149395.0
2025-06-20 10:32:59.703522,2152.3,162198.0,149395.0
2025-06-20 10:33:00.361427,2152.3,162199.0,149473.0
2025-06-20 10:33:00.705528,2152.3,162199.0,149473.0
2025-06-20 10:33:03.789123,2152.7,162199.0,149473.0
2025-06-20 10:33:03.893204,2152.7,161137.0,148815.0
2025-06-20 10:33:06.754972,2152.7,161137.0,148815.0
2025-06-20 10:33:09.152254,2152.8,161137.0,148815.0
2025-06-20 10:33:09.491611,2152.8,160745.0,148170.0
2025-06-20 10:33:10.845092,2152.9,160745.0,148170.0
2025-06-20 10:33:12.700904,2153.0,160745.0,148170.0
2025-06-20 10:33:15.366768,2153.0,160444.0,148689.0
2025-06-20 10:33:16.696143,2152.3,160444.0,148689.0
2025-06-20 10:33:18.707901,2152.9,160444.0,148689.0
2025-06-20 10:33:21.277065,2152.3,160318.0,149985.0
2025-06-20 10:33:22.751637,2152.7,160318.0,149985.0
2025-06-20 10:33:24.693994,2152.7,160318.0,149985.0
2025-06-20 10:33:26.701850,2152.5,160318.0,149985.0
2025-06-20 10:33:27.283690,2152.5,160247.0,150598.0
2025-06-20 10:33:30.699067,2152.3,160247.0,150598.0
2025-06-20 10:33:32.836171,2151.5,160247.0,150598.0
2025-06-20 10:33:33.391960,2151.5,157697.0,152242.0
2025-06-20 10:33:34.706784,2151.6,157697.0,152242.0
2025-06-20 10:33:36.707970,2152.2,157697.0,152242.0
2025-06-20 10:33:39.511906,2152.0,166837.0,153360.0
2025-06-20 10:33:39.704943,2152.0,166837.0,153360.0
2025-06-20 10:33:43.654373,2152.0,166837.0,153360.0
2025-06-20 10:33:43.720912,2152.0,166837.0,153360.0
2025-06-20 10:33:44.041197,2152.0,166837.0,153360.0
2025-06-20 10:33:45.034465,2152.0,166837.0,153360.0
2025-06-20 10:33:45.286061,2152.0,168228.0,150678.0
2025-06-20 10:33:45.304271,2152.0,168228.0,150678.0
2025-06-20 10:33:46.415254,2152.0,168228.0,150678.0
2025-06-20 10:33:46.698040,2152.0,168228.0,150678.0
2025-06-20 10:33:46.843818,2152.0,168228.0,150678.0
2025-06-20 10:33:47.514961,2152.0,168228.0,150678.0
2025-06-20 10:33:48.710148,2151.9,168228.0,150678.0
2025-06-20 10:33:48.801448,2151.9,168228.0,150678.0
2025-06-20 10:33:50.145212,2151.9,168228.0,150678.0
2025-06-20 10:33:51.078241,2152.5,167605.0,151811.0
2025-06-20 10:33:51.356740,2152.5,167605.0,151811.0
2025-06-20 10:33:51.699038,2152.5,167605.0,151811.0
2025-06-20 10:33:52.707208,2152.5,167605.0,151811.0
2025-06-20 10:33:53.998739,2152.5,167605.0,151811.0
2025-06-20 10:33:54.742612,2152.0,167605.0,151811.0
2025-06-20 10:33:55.203277,2152.0,167605.0,151811.0
2025-06-20 10:33:56.841715,2152.0,167605.0,151811.0
2025-06-20 10:33:57.003201,2152.0,166972.0,151900.0
2025-06-20 10:33:57.698640,2152.0,166972.0,151900.0
2025-06-20 10:34:02.728024,2152.0,166599.0,152927.0
2025-06-20 10:34:04.693878,2152.0,166599.0,152927.0
2025-06-20 10:34:07.700311,2152.4,166599.0,152927.0
2025-06-20 10:34:08.510298,2152.4,168039.0,151268.0
2025-06-20 10:34:10.748476,2152.5,168039.0,151268.0
2025-06-20 10:34:13.694400,2152.4,168039.0,151268.0
2025-06-20 10:34:14.512592,2152.4,165189.0,152044.0
2025-06-20 10:34:15.730306,2152.4,165189.0,152044.0
2025-06-20 10:34:18.697203,2152.0,165189.0,152044.0
2025-06-20 10:34:20.233143,2152.0,163950.0,153573.0
2025-06-20 10:34:22.711237,2152.0,163950.0,153573.0
2025-06-20 10:34:24.740138,2152.0,163950.0,153573.0
2025-06-20 10:34:25.729918,2152.0,163978.0,153830.0
2025-06-20 10:34:27.750178,2152.4,163978.0,153830.0
2025-06-20 10:34:31.428518,2152.0,163640.0,155448.0
2025-06-20 10:34:31.702652,2152.0,163640.0,155448.0
2025-06-20 10:34:33.734471,2151.7,163640.0,155448.0
2025-06-20 10:34:37.226587,2151.1,164234.0,155284.0
2025-06-20 10:34:37.695728,2151.1,164234.0,155284.0
2025-06-20 10:34:39.734198,2151.7,164234.0,155284.0
2025-06-20 10:34:42.747428,2151.1,164234.0,155284.0
2025-06-20 10:34:42.821371,2151.1,162749.0,156106.0
2025-06-20 10:34:45.754609,2151.1,162749.0,156106.0
2025-06-20 10:34:48.528787,2151.1,163029.0,162082.0
2025-06-20 10:34:48.728448,2151.1,163029.0,162082.0
2025-06-20 10:34:52.759235,2151.4,163029.0,162082.0
2025-06-20 10:34:54.040300,2151.4,162777.0,161741.0
2025-06-20 10:34:56.765842,2150.8,162777.0,161741.0
2025-06-20 10:34:58.703435,2150.6,162777.0,161741.0
2025-06-20 10:34:59.462482,2150.6,163950.0,162516.0
2025-06-20 10:35:00.770617,2150.6,163950.0,162516.0
2025-06-20 10:35:02.712548,2150.6,163950.0,162516.0
2025-06-20 10:35:04.700195,2150.6,163950.0,162516.0
2025-06-20 10:35:04.748654,2150.6,163060.0,162734.0
2025-06-20 10:35:06.702782,2150.6,163060.0,162734.0
2025-06-20 10:35:09.703507,2150.6,163060.0,162734.0
2025-06-20 10:35:10.483954,2150.6,164637.0,164725.0
2025-06-20 10:35:13.705653,2150.9,164637.0,164725.0
2025-06-20 10:35:15.703618,2151.0,164637.0,164725.0
2025-06-20 10:35:16.248898,2151.0,163907.0,164638.0
2025-06-20 10:35:19.695046,2151.0,163907.0,164638.0
2025-06-20 10:35:21.700927,2150.6,163907.0,164638.0
2025-06-20 10:35:22.152662,2150.6,165013.0,164644.0
2025-06-20 10:35:23.728365,2150.6,165013.0,164644.0
2025-06-20 10:35:27.706562,2150.6,165013.0,164644.0
2025-06-20 10:35:27.995624,2150.6,163836.0,167806.0
2025-06-20 10:35:29.705613,2150.6,163836.0,167806.0
2025-06-20 10:35:31.718073,2150.6,163836.0,167806.0
2025-06-20 10:35:33.705555,2150.7,163836.0,167806.0
2025-06-20 10:35:33.971497,2150.7,165765.0,168692.0
2025-06-20 10:35:37.703524,2150.7,165765.0,168692.0
2025-06-20 10:35:39.760959,2150.7,164228.0,169110.0
2025-06-20 10:35:41.699639,2150.7,164228.0,169110.0
2025-06-20 10:35:43.737498,2150.6,164228.0,169110.0
2025-06-20 10:35:45.575916,2150.6,165801.0,168298.0
2025-06-20 10:35:47.717253,2150.6,165801.0,168298.0
2025-06-20 10:35:49.761551,2150.5,165801.0,168298.0
2025-06-20 10:35:51.500079,2150.6,163235.0,167594.0
2025-06-20 10:35:51.710946,2150.6,163235.0,167594.0
2025-06-20 10:35:53.718618,2150.5,163235.0,167594.0
2025-06-20 10:35:55.724697,2150.6,163235.0,167594.0
2025-06-20 10:35:57.272591,2150.4,162028.0,167338.0
2025-06-20 10:35:57.715570,2150.4,162028.0,167338.0
2025-06-20 10:35:59.719308,2150.4,162028.0,167338.0
2025-06-20 10:36:01.726488,2150.0,162028.0,167338.0
2025-06-20 10:36:03.000241,2150.0,159813.0,170906.0
2025-06-20 10:36:03.713389,2149.1,159813.0,170906.0
2025-06-20 10:36:05.703907,2149.9,159813.0,170906.0
2025-06-20 10:36:08.736513,2149.9,159813.0,170906.0
2025-06-20 10:36:08.900872,2149.9,160253.0,168868.0
2025-06-20 10:36:12.697759,2150.0,160253.0,168868.0
2025-06-20 10:36:14.987207,2150.0,160202.0,168629.0
2025-06-20 10:36:17.751003,2150.0,160202.0,168629.0
2025-06-20 10:36:20.724684,2149.9,160202.0,168629.0
2025-06-20 10:36:20.882365,2149.9,159447.0,169725.0
2025-06-20 10:36:23.714962,2149.9,159447.0,169725.0
2025-06-20 10:36:26.727261,2149.9,159447.0,169725.0
2025-06-20 10:36:26.788338,2149.9,159777.0,169899.0
2025-06-20 10:36:29.728535,2149.9,159777.0,169899.0
2025-06-20 10:36:32.891418,2149.9,161739.0,168731.0
2025-06-20 10:36:33.707581,2149.9,161739.0,168731.0
2025-06-20 10:36:35.719173,2149.9,161739.0,168731.0
2025-06-20 10:36:38.704536,2149.9,161739.0,168731.0
2025-06-20 10:36:39.094566,2149.9,161254.0,167886.0
2025-06-20 10:36:41.718074,2149.9,161254.0,167886.0
2025-06-20 10:36:44.142197,2149.9,161254.0,167886.0
2025-06-20 10:36:44.709191,2149.8,161901.0,167649.0
2025-06-20 10:36:44.735072,2149.8,161901.0,167649.0
2025-06-20 10:36:44.846104,2149.8,161901.0,167649.0
2025-06-20 10:36:45.237004,2149.8,161901.0,167649.0
2025-06-20 10:36:46.308982,2149.8,161901.0,167649.0
2025-06-20 10:36:46.710814,2149.8,161901.0,167649.0
2025-06-20 10:36:46.949276,2149.8,161901.0,167649.0
2025-06-20 10:36:47.416092,2149.8,161901.0,167649.0
2025-06-20 10:36:48.396934,2149.8,161901.0,167649.0
2025-06-20 10:36:49.350704,2149.8,161901.0,167649.0
2025-06-20 10:36:50.416753,2149.3,160663.0,168081.0
2025-06-20 10:36:50.696439,2149.3,160663.0,168081.0
2025-06-20 10:36:50.727108,2149.3,160663.0,168081.0
2025-06-20 10:36:51.673344,2149.3,160663.0,168081.0
2025-06-20 10:36:52.706780,2149.8,160663.0,168081.0
2025-06-20 10:36:53.238661,2149.8,160663.0,168081.0
2025-06-20 10:36:54.520848,2149.8,160663.0,168081.0
2025-06-20 10:36:55.753991,2149.8,160663.0,168081.0
2025-06-20 10:36:56.102852,2149.3,160481.0,167873.0
2025-06-20 10:36:56.706513,2149.8,160481.0,167873.0
2025-06-20 10:36:57.379893,2149.8,160481.0,167873.0
2025-06-20 10:36:58.710670,2149.1,160481.0,167873.0
2025-06-20 10:37:00.705856,2149.8,160481.0,167873.0
2025-06-20 10:37:01.705823,2149.1,160481.0,167873.0
2025-06-20 10:37:01.711072,2149.1,159439.0,168991.0
2025-06-20 10:37:02.701942,2149.8,159439.0,168991.0
2025-06-20 10:37:02.806325,2149.8,159014.0,169075.0
2025-06-20 10:37:03.704268,2149.7,159014.0,169075.0
2025-06-20 10:37:03.925842,2149.7,159041.0,168734.0
2025-06-20 10:37:05.105656,2149.7,161252.0,168183.0
2025-06-20 10:37:05.701647,2149.7,161252.0,168183.0
2025-06-20 10:37:06.039756,2149.6,162408.0,167523.0
2025-06-20 10:37:06.712014,2149.6,162408.0,167523.0
2025-06-20 10:37:07.021864,2149.6,161319.0,167453.0
2025-06-20 10:37:07.708329,2149.6,161319.0,167453.0
2025-06-20 10:37:08.041422,2149.6,161306.0,167486.0
2025-06-20 10:37:08.700881,2149.7,161306.0,167486.0
2025-06-20 10:37:09.022312,2149.7,161535.0,167220.0
2025-06-20 10:37:10.049536,2149.7,161403.0,167187.0
2025-06-20 10:37:10.712675,2149.8,161403.0,167187.0
2025-06-20 10:37:11.112261,2149.6,161476.0,167251.0
2025-06-20 10:37:11.714163,2149.8,161476.0,167251.0
2025-06-20 10:37:12.112085,2149.8,161370.0,167181.0
2025-06-20 10:37:12.710695,2149.8,161370.0,167181.0
2025-06-20 10:37:13.213383,2149.8,161398.0,167412.0
2025-06-20 10:37:13.701430,2149.8,161398.0,167412.0
2025-06-20 10:37:14.314245,2149.8,161386.0,167403.0
2025-06-20 10:37:15.424521,2149.8,161371.0,167452.0
2025-06-20 10:37:15.706427,2149.8,161371.0,167452.0
2025-06-20 10:37:16.515958,2149.6,161899.0,167084.0
2025-06-20 10:37:16.709874,2149.6,161899.0,167084.0
2025-06-20 10:37:17.518232,2149.8,161266.0,167214.0
2025-06-20 10:37:17.702285,2149.8,161266.0,167214.0
2025-06-20 10:37:18.616457,2149.8,161228.0,167254.0
2025-06-20 10:37:18.725893,2149.8,161228.0,167254.0
2025-06-20 10:37:19.705577,2149.8,161228.0,167254.0
2025-06-20 10:37:19.726425,2149.8,161581.0,167342.0
2025-06-20 10:37:20.815497,2149.8,161200.0,167420.0
2025-06-20 10:37:21.704240,2149.8,161200.0,167420.0
2025-06-20 10:37:21.950297,2149.8,161079.0,166913.0
2025-06-20 10:37:22.706253,2149.8,161079.0,166913.0
2025-06-20 10:37:23.028299,2149.8,161044.0,167260.0
2025-06-20 10:37:23.706720,2149.8,161044.0,167260.0
2025-06-20 10:37:24.121264,2149.8,160938.0,167265.0
2025-06-20 10:37:24.718984,2149.8,160938.0,167265.0
2025-06-20 10:37:25.223770,2149.8,159577.0,168087.0
2025-06-20 10:37:26.320943,2149.6,159962.0,168006.0
2025-06-20 10:37:26.704013,2149.8,159962.0,168006.0
2025-06-20 10:37:27.430841,2149.8,160081.0,167941.0
2025-06-20 10:37:27.702367,2149.8,160081.0,167941.0
2025-06-20 10:37:28.448901,2149.8,156853.0,168307.0
2025-06-20 10:37:29.524678,2149.8,160054.0,168336.0
2025-06-20 10:37:30.625456,2149.8,158628.0,169044.0
2025-06-20 10:37:31.704712,2149.7,158628.0,169044.0
2025-06-20 10:37:31.737459,2149.7,158942.0,168753.0
2025-06-20 10:37:32.705296,2149.1,158942.0,168753.0
2025-06-20 10:37:32.825893,2149.1,157877.0,168719.0
2025-06-20 10:37:33.702446,2149.0,157877.0,168719.0
2025-06-20 10:37:33.959530,2149.3,159405.0,169418.0
2025-06-20 10:37:34.712629,2149.3,159405.0,169418.0
2025-06-20 10:37:35.026723,2149.0,159399.0,169321.0
2025-06-20 10:37:35.707558,2149.3,159399.0,169321.0
2025-06-20 10:37:36.126416,2149.0,159422.0,169358.0
2025-06-20 10:37:36.705274,2149.3,159422.0,169358.0
2025-06-20 10:37:37.227717,2149.3,159383.0,169504.0
2025-06-20 10:37:37.716566,2149.0,159383.0,169504.0
2025-06-20 10:37:38.332166,2149.0,159348.0,169617.0
2025-06-20 10:37:38.703779,2149.3,159348.0,169617.0
2025-06-20 10:37:39.437796,2149.3,159348.0,169697.0
2025-06-20 10:37:40.545639,2149.3,159337.0,169723.0
2025-06-20 10:37:41.633221,2149.3,159336.0,169734.0
2025-06-20 10:37:41.705847,2149.3,159336.0,169734.0
2025-06-20 10:37:42.710759,2149.0,159336.0,169734.0
2025-06-20 10:37:42.745800,2149.0,159308.0,169847.0
2025-06-20 10:37:43.735067,2149.3,159308.0,169847.0
2025-06-20 10:37:43.852238,2149.3,160052.0,169950.0
2025-06-20 10:37:44.939709,2149.3,159680.0,170242.0
2025-06-20 10:37:45.835824,2149.3,158346.0,170339.0
2025-06-20 10:37:46.709205,2149.3,158346.0,170339.0
2025-06-20 10:37:46.836697,2149.3,158382.0,169849.0
2025-06-20 10:37:47.703871,2149.3,158382.0,169849.0
2025-06-20 10:37:47.943971,2148.7,158080.0,169761.0
2025-06-20 10:37:48.706383,2149.5,158080.0,169761.0
2025-06-20 10:37:49.050367,2149.5,156875.0,169675.0
2025-06-20 10:37:49.742788,2148.6,156875.0,169675.0
2025-06-20 10:37:50.176482,2148.6,156815.0,169899.0
2025-06-20 10:37:50.703726,2149.5,156815.0,169899.0
2025-06-20 10:37:51.290776,2148.5,157393.0,170155.0
2025-06-20 10:37:51.706258,2148.5,157393.0,170155.0
2025-06-20 10:37:52.344162,2148.5,157203.0,170535.0
2025-06-20 10:37:52.749360,2148.5,157203.0,170535.0
2025-06-20 10:37:53.452818,2149.3,157211.0,170513.0
2025-06-20 10:37:53.706937,2149.3,157211.0,170513.0
2025-06-20 10:37:54.542079,2148.8,159254.0,168134.0
2025-06-20 10:37:54.705239,2148.8,159254.0,168134.0
2025-06-20 10:37:55.643722,2149.4,159589.0,168892.0
2025-06-20 10:37:55.705617,2149.4,159589.0,168892.0
2025-06-20 10:37:56.707416,2149.4,159589.0,168892.0
2025-06-20 10:37:56.748841,2149.4,159446.0,168940.0
2025-06-20 10:37:57.843336,2149.4,159300.0,169314.0
2025-06-20 10:37:58.708047,2149.4,159300.0,169314.0
2025-06-20 10:37:59.159795,2149.4,159311.0,169313.0
2025-06-20 10:38:00.061028,2149.4,159311.0,169313.0
2025-06-20 10:38:02.711966,2149.4,159311.0,169313.0
2025-06-20 10:38:04.350804,2149.4,158925.0,169151.0
2025-06-20 10:38:07.717733,2149.4,158925.0,169151.0
2025-06-20 10:38:10.073683,2149.4,158902.0,168972.0
2025-06-20 10:38:11.763479,2148.9,158902.0,168972.0
2025-06-20 10:38:13.715630,2149.4,158902.0,168972.0
2025-06-20 10:38:15.687036,2149.4,158868.0,168631.0
2025-06-20 10:38:17.713638,2149.4,158868.0,168631.0
2025-06-20 10:38:19.718813,2149.4,158868.0,168631.0
2025-06-20 10:38:21.185302,2149.0,159285.0,169195.0
2025-06-20 10:38:21.714184,2149.4,159285.0,169195.0
2025-06-20 10:38:25.714270,2149.4,159285.0,169195.0
2025-06-20 10:38:26.670098,2149.4,158962.0,169082.0
2025-06-20 10:38:27.713254,2149.4,158962.0,169082.0
2025-06-20 10:38:29.716351,2149.4,158962.0,169082.0
2025-06-20 10:38:31.777844,2149.4,158962.0,169082.0
2025-06-20 10:38:32.193523,2149.4,158933.0,168240.0
2025-06-20 10:38:33.737309,2149.4,158933.0,168240.0
2025-06-20 10:38:35.721212,2149.3,158933.0,168240.0
2025-06-20 10:38:37.679922,2149.3,158768.0,170450.0
2025-06-20 10:38:37.730040,2149.3,158768.0,170450.0
2025-06-20 10:38:39.729936,2149.3,158768.0,170450.0
2025-06-20 10:38:41.722356,2149.3,158768.0,170450.0
2025-06-20 10:38:43.584437,2149.3,159394.0,170542.0
2025-06-20 10:38:43.718734,2149.3,159394.0,170542.0
2025-06-20 10:38:45.718602,2149.0,159394.0,170542.0
2025-06-20 10:38:47.735662,2149.3,159394.0,170542.0
2025-06-20 10:38:49.185493,2149.0,157945.0,171208.0
2025-06-20 10:38:49.719031,2149.3,157945.0,171208.0
2025-06-20 10:38:51.716160,2149.2,157945.0,171208.0
2025-06-20 10:38:53.718811,2149.2,157945.0,171208.0
2025-06-20 10:38:54.742824,2149.2,158393.0,171748.0
2025-06-20 10:38:57.763024,2149.2,158393.0,171748.0
2025-06-20 10:39:00.018113,2149.2,157409.0,172573.0
2025-06-20 10:39:01.755258,2149.0,157409.0,172573.0
2025-06-20 10:39:03.749887,2149.3,157409.0,172573.0
2025-06-20 10:39:05.744132,2149.2,157409.0,172573.0
2025-06-20 10:39:05.806137,2149.2,154854.0,171355.0
2025-06-20 10:39:07.748223,2149.3,154854.0,171355.0
2025-06-20 10:39:09.719590,2149.3,154854.0,171355.0
2025-06-20 10:39:11.603088,2149.3,157720.0,171190.0
2025-06-20 10:39:11.728038,2149.3,157720.0,171190.0
2025-06-20 10:39:13.745014,2149.3,157720.0,171190.0
2025-06-20 10:39:15.716496,2149.2,157720.0,171190.0
2025-06-20 10:39:17.020933,2149.2,157765.0,172177.0
2025-06-20 10:39:17.723714,2149.2,157765.0,172177.0
2025-06-20 10:39:19.717780,2149.2,157765.0,172177.0
2025-06-20 10:39:21.720654,2148.4,157765.0,172177.0
2025-06-20 10:39:22.520422,2148.4,156709.0,172344.0
2025-06-20 10:39:23.718180,2149.2,156709.0,172344.0
2025-06-20 10:39:25.721790,2149.2,156709.0,172344.0
2025-06-20 10:39:27.719954,2148.8,156709.0,172344.0
2025-06-20 10:39:28.119236,2148.8,155891.0,175345.0
2025-06-20 10:39:31.760324,2148.0,155891.0,175345.0
2025-06-20 10:39:33.722558,2148.7,155891.0,175345.0
2025-06-20 10:39:34.359757,2148.7,150888.0,175523.0
2025-06-20 10:39:35.725081,2148.0,150888.0,175523.0
2025-06-20 10:39:37.722875,2148.4,150888.0,175523.0
2025-06-20 10:39:39.729966,2148.0,150888.0,175523.0
2025-06-20 10:39:40.469994,2148.4,153840.0,175624.0
