timestamp,ltp,bid_qty,ask_qty
2025-06-20 10:10:48.212132,3633.4,74627.0,146811.0
2025-06-20 10:10:48.369290,3634.2,74579.0,147387.0
2025-06-20 10:10:48.594252,3634.2,74579.0,147387.0
2025-06-20 10:10:50.591288,3633.5,74579.0,147387.0
2025-06-20 10:10:52.590795,3633.5,74579.0,147387.0
2025-06-20 10:10:53.981993,3633.5,74589.0,146921.0
2025-06-20 10:10:54.595200,3634.2,74589.0,146921.0
2025-06-20 10:10:58.611318,3634.2,74589.0,146921.0
2025-06-20 10:10:59.574552,3634.2,74816.0,147030.0
2025-06-20 10:11:05.173427,3634.2,75324.0,146448.0
2025-06-20 10:11:06.635173,3633.0,75324.0,146448.0
2025-06-20 10:11:08.857895,3632.8,75324.0,146448.0
2025-06-20 10:11:10.649944,3632.8,75324.0,146448.0
2025-06-20 10:11:11.276610,3632.1,73969.0,149297.0
2025-06-20 10:11:12.903712,3632.1,73969.0,149297.0
2025-06-20 10:11:14.682590,3632.8,73969.0,149297.0
2025-06-20 10:11:16.660066,3632.1,73969.0,149297.0
2025-06-20 10:11:16.981177,3632.1,73314.0,149977.0
2025-06-20 10:11:20.629450,3632.1,73314.0,149977.0
2025-06-20 10:11:22.114745,3632.1,72912.0,150249.0
2025-06-20 10:11:24.661553,3632.7,72912.0,150249.0
2025-06-20 10:11:26.885752,3632.7,72912.0,150249.0
2025-06-20 10:11:27.490430,3632.7,72788.0,148709.0
2025-06-20 10:11:28.874828,3632.6,72788.0,148709.0
2025-06-20 10:11:30.865342,3631.2,72788.0,148709.0
2025-06-20 10:11:33.132249,3631.9,72346.0,150540.0
2025-06-20 10:11:34.618675,3631.9,72346.0,150540.0
2025-06-20 10:11:36.862097,3631.2,72346.0,150540.0
2025-06-20 10:11:38.599472,3631.2,72346.0,150540.0
2025-06-20 10:11:38.823882,3631.2,72089.0,150870.0
2025-06-20 10:11:40.606720,3631.8,72089.0,150870.0
2025-06-20 10:11:42.595791,3631.7,72089.0,150870.0
2025-06-20 10:11:44.598427,3631.8,72089.0,150870.0
2025-06-20 10:11:45.025587,3631.8,71870.0,151551.0
2025-06-20 10:11:48.601628,3631.2,71870.0,151551.0
2025-06-20 10:11:50.712400,3631.2,71769.0,152083.0
2025-06-20 10:11:54.596514,3631.8,71769.0,152083.0
2025-06-20 10:11:56.505923,3631.9,72020.0,150608.0
2025-06-20 10:11:56.595353,3631.9,72020.0,150608.0
2025-06-20 10:11:58.606840,3634.0,72020.0,150608.0
2025-06-20 10:12:01.209101,3635.0,76675.0,143366.0
2025-06-20 10:12:01.603183,3635.0,76675.0,143366.0
2025-06-20 10:12:02.437910,3635.0,76457.0,143911.0
2025-06-20 10:12:03.437078,3634.5,76909.0,144146.0
2025-06-20 10:12:03.599102,3634.5,76909.0,144146.0
2025-06-20 10:12:04.514200,3634.5,77010.0,144199.0
2025-06-20 10:12:05.623428,3634.5,76872.0,144388.0
2025-06-20 10:12:06.599482,3635.0,76872.0,144388.0
2025-06-20 10:12:06.738714,3635.0,76122.0,142752.0
2025-06-20 10:12:07.595595,3634.4,76122.0,142752.0
2025-06-20 10:12:07.723376,3634.4,76836.0,142829.0
2025-06-20 10:12:08.598824,3635.1,76836.0,142829.0
2025-06-20 10:12:08.837678,3635.1,78248.0,141842.0
2025-06-20 10:12:09.824149,3635.1,78096.0,141877.0
2025-06-20 10:12:10.821514,3635.1,78001.0,141768.0
2025-06-20 10:12:11.599141,3636.1,78001.0,141768.0
2025-06-20 10:12:11.722546,3636.1,77988.0,141176.0
2025-06-20 10:12:12.729720,3636.1,78182.0,141371.0
2025-06-20 10:12:13.598829,3637.5,78182.0,141371.0
2025-06-20 10:12:13.860188,3637.5,77853.0,141743.0
2025-06-20 10:12:14.624730,3637.4,77853.0,141743.0
2025-06-20 10:12:14.941666,3637.4,77653.0,143199.0
2025-06-20 10:12:16.015641,3637.4,77745.0,142886.0
2025-06-20 10:12:17.119197,3637.4,77583.0,143024.0
2025-06-20 10:12:18.124258,3637.4,77905.0,142604.0
2025-06-20 10:12:19.219930,3637.4,77667.0,143463.0
2025-06-20 10:12:20.332605,3637.4,77701.0,143226.0
2025-06-20 10:12:21.336243,3637.3,77910.0,142172.0
2025-06-20 10:12:21.599933,3637.3,77910.0,142172.0
2025-06-20 10:12:22.242632,3637.3,78277.0,141824.0
2025-06-20 10:12:23.224845,3637.1,77913.0,143132.0
2025-06-20 10:12:23.594474,3637.1,77913.0,143132.0
2025-06-20 10:12:24.335088,3637.1,78062.0,143283.0
2025-06-20 10:12:24.601860,3637.1,78062.0,143283.0
2025-06-20 10:12:25.434769,3637.1,77908.0,143580.0
2025-06-20 10:12:25.611313,3636.0,77908.0,143580.0
2025-06-20 10:12:26.436272,3637.1,77558.0,143437.0
2025-06-20 10:12:26.609333,3636.8,77558.0,143437.0
2025-06-20 10:12:27.438667,3636.8,77564.0,144231.0
2025-06-20 10:12:28.440987,3636.8,77661.0,144694.0
2025-06-20 10:12:29.530058,3636.8,77669.0,144683.0
2025-06-20 10:12:30.600025,3636.8,77669.0,144683.0
2025-06-20 10:12:30.667848,3636.8,77648.0,144674.0
2025-06-20 10:12:31.756339,3636.8,77478.0,144418.0
2025-06-20 10:12:32.742674,3636.8,76627.0,144434.0
2025-06-20 10:12:33.874868,3636.8,77695.0,144452.0
2025-06-20 10:12:34.944860,3636.8,77688.0,144484.0
2025-06-20 10:12:35.601301,3636.7,77688.0,144484.0
2025-06-20 10:12:36.032387,3636.7,77796.0,143924.0
2025-06-20 10:12:37.132362,3636.7,77774.0,144052.0
2025-06-20 10:12:37.605185,3636.7,77774.0,144052.0
2025-06-20 10:12:38.229959,3636.7,77822.0,143961.0
2025-06-20 10:12:39.234147,3635.5,78360.0,143953.0
2025-06-20 10:12:39.598865,3636.7,78360.0,143953.0
2025-06-20 10:12:40.347935,3636.7,78379.0,144080.0
2025-06-20 10:12:40.518867,3636.7,78379.0,144080.0
2025-06-20 10:12:41.170612,3636.7,78379.0,144080.0
2025-06-20 10:12:41.441955,3635.4,78240.0,144312.0
2025-06-20 10:12:41.602880,3635.4,78240.0,144312.0
2025-06-20 10:12:41.693729,3635.4,78240.0,144312.0
2025-06-20 10:12:42.294350,3635.4,78240.0,144312.0
2025-06-20 10:12:42.535506,3635.4,78231.0,144045.0
2025-06-20 10:12:42.960623,3635.4,78231.0,144045.0
2025-06-20 10:12:43.438732,3635.4,78231.0,144045.0
2025-06-20 10:12:43.645884,3635.4,78266.0,144046.0
2025-06-20 10:12:43.939579,3635.4,78266.0,144046.0
2025-06-20 10:12:44.652638,3635.4,78266.0,144046.0
2025-06-20 10:12:44.686707,3635.4,78284.0,143924.0
2025-06-20 10:12:45.429115,3635.4,78284.0,143924.0
2025-06-20 10:12:45.679382,3635.4,78446.0,143993.0
2025-06-20 10:12:46.676080,3635.4,78446.0,143993.0
2025-06-20 10:12:46.736678,3635.4,78446.0,143590.0
2025-06-20 10:12:47.646530,3635.4,78446.0,143590.0
2025-06-20 10:12:47.870925,3635.4,78552.0,143861.0
2025-06-20 10:12:48.602504,3635.7,78552.0,143861.0
2025-06-20 10:12:48.939054,3635.7,78842.0,143675.0
2025-06-20 10:12:49.156817,3635.7,78842.0,143675.0
2025-06-20 10:12:50.037311,3635.7,78357.0,142085.0
2025-06-20 10:12:50.468351,3635.7,78357.0,142085.0
2025-06-20 10:12:51.140667,3635.7,78809.0,142783.0
2025-06-20 10:12:51.702920,3635.7,78809.0,142783.0
2025-06-20 10:12:52.240551,3635.7,78584.0,143294.0
2025-06-20 10:12:53.262891,3635.7,78584.0,143294.0
2025-06-20 10:12:53.373635,3636.0,77479.0,143399.0
2025-06-20 10:12:53.615604,3636.5,77479.0,143399.0
2025-06-20 10:12:54.446527,3636.5,78609.0,143513.0
2025-06-20 10:12:55.544709,3636.5,78501.0,143488.0
2025-06-20 10:12:56.543060,3636.5,78752.0,143505.0
2025-06-20 10:12:57.637944,3636.0,78752.0,143505.0
2025-06-20 10:12:57.650577,3636.0,78769.0,143367.0
2025-06-20 10:12:58.744231,3636.0,78707.0,143353.0
2025-06-20 10:12:59.857472,3636.0,77817.0,143120.0
2025-06-20 10:13:02.606710,3636.1,77817.0,143120.0
2025-06-20 10:13:03.363414,3636.1,78765.0,143064.0
2025-06-20 10:13:04.609468,3636.5,78765.0,143064.0
2025-06-20 10:13:06.608274,3636.1,78765.0,143064.0
2025-06-20 10:13:08.609989,3636.1,78765.0,143064.0
2025-06-20 10:13:09.154130,3636.1,78135.0,143588.0
2025-06-20 10:13:10.612488,3636.1,78135.0,143588.0
2025-06-20 10:13:12.605407,3636.0,78135.0,143588.0
2025-06-20 10:13:14.617877,3636.0,78135.0,143588.0
2025-06-20 10:13:14.906771,3636.0,78092.0,144050.0
2025-06-20 10:13:18.606852,3637.3,78092.0,144050.0
2025-06-20 10:13:20.877448,3637.3,79011.0,141954.0
2025-06-20 10:13:22.614654,3638.2,79011.0,141954.0
2025-06-20 10:13:26.613305,3638.4,79011.0,141954.0
2025-06-20 10:13:27.070687,3638.4,79289.0,142273.0
2025-06-20 10:13:30.606962,3637.2,79289.0,142273.0
2025-06-20 10:13:32.621120,3637.3,79289.0,142273.0
2025-06-20 10:13:33.271676,3637.7,78446.0,143227.0
2025-06-20 10:13:34.603917,3637.9,78446.0,143227.0
2025-06-20 10:13:38.600787,3637.0,78446.0,143227.0
2025-06-20 10:13:39.493033,3637.0,78438.0,143375.0
2025-06-20 10:13:40.608955,3637.0,78438.0,143375.0
2025-06-20 10:13:42.608581,3637.2,78438.0,143375.0
2025-06-20 10:13:45.482999,3637.2,78646.0,142845.0
2025-06-20 10:13:46.618286,3637.2,78646.0,142845.0
2025-06-20 10:13:50.984919,3637.2,78370.0,143304.0
2025-06-20 10:13:52.618079,3637.0,78370.0,143304.0
2025-06-20 10:13:54.604388,3636.6,78370.0,143304.0
2025-06-20 10:13:56.590267,3637.0,78268.0,143720.0
2025-06-20 10:13:56.613723,3637.0,78268.0,143720.0
2025-06-20 10:14:00.608880,3636.6,78268.0,143720.0
2025-06-20 10:14:02.096818,3636.6,78157.0,144060.0
2025-06-20 10:14:04.634269,3637.0,78157.0,144060.0
2025-06-20 10:14:07.791297,3636.5,77984.0,143754.0
2025-06-20 10:14:08.618754,3636.5,77984.0,143754.0
2025-06-20 10:14:10.613322,3637.6,77984.0,143754.0
2025-06-20 10:14:12.631502,3637.2,77984.0,143754.0
2025-06-20 10:14:13.702550,3636.7,77976.0,143755.0
2025-06-20 10:14:14.617430,3636.7,77976.0,143755.0
2025-06-20 10:14:18.613401,3637.6,77976.0,143755.0
2025-06-20 10:14:19.501440,3637.7,78252.0,142208.0
2025-06-20 10:14:20.612557,3637.7,78252.0,142208.0
2025-06-20 10:14:22.614355,3637.7,78252.0,142208.0
2025-06-20 10:14:24.631990,3637.5,78252.0,142208.0
2025-06-20 10:14:25.503460,3637.5,78106.0,143381.0
2025-06-20 10:14:30.614270,3637.7,78106.0,143381.0
2025-06-20 10:14:31.419481,3637.7,77881.0,143591.0
2025-06-20 10:14:32.611878,3637.3,77881.0,143591.0
2025-06-20 10:14:36.918212,3637.3,78061.0,143138.0
2025-06-20 10:14:38.615489,3637.3,78061.0,143138.0
2025-06-20 10:14:40.611349,3637.3,78061.0,143138.0
2025-06-20 10:14:42.646578,3637.7,78061.0,143138.0
2025-06-20 10:14:42.647899,3637.7,78285.0,143338.0
2025-06-20 10:14:46.608508,3637.7,78285.0,143338.0
2025-06-20 10:14:48.377958,3637.7,78083.0,143367.0
2025-06-20 10:14:48.615661,3637.7,78083.0,143367.0
2025-06-20 10:14:54.249373,3637.7,77949.0,143929.0
2025-06-20 10:14:54.622428,3637.9,77949.0,143929.0
2025-06-20 10:14:56.610580,3640.0,77949.0,143929.0
2025-06-20 10:14:58.614535,3640.0,77949.0,143929.0
2025-06-20 10:15:00.432415,3639.9,79298.0,140610.0
2025-06-20 10:15:00.615066,3639.9,79298.0,140610.0
2025-06-20 10:15:02.612696,3641.2,79298.0,140610.0
2025-06-20 10:15:04.612287,3641.6,79298.0,140610.0
2025-06-20 10:15:06.616848,3641.8,79298.0,140610.0
2025-06-20 10:15:06.731150,3641.8,79752.0,137947.0
2025-06-20 10:15:12.611029,3641.9,79752.0,137947.0
2025-06-20 10:15:13.237148,3641.9,79791.0,138214.0
2025-06-20 10:15:14.607305,3642.4,79791.0,138214.0
2025-06-20 10:15:16.649191,3642.3,79791.0,138214.0
2025-06-20 10:15:18.613053,3642.3,79791.0,138214.0
2025-06-20 10:15:19.446390,3642.3,78266.0,136836.0
2025-06-20 10:15:20.618025,3642.3,78266.0,136836.0
2025-06-20 10:15:22.631169,3642.8,78266.0,136836.0
2025-06-20 10:15:24.617102,3642.9,78266.0,136836.0
2025-06-20 10:15:25.947198,3642.3,79558.0,137158.0
2025-06-20 10:15:26.613749,3643.0,79558.0,137158.0
2025-06-20 10:15:28.608796,3643.7,79558.0,137158.0
2025-06-20 10:15:30.613946,3643.2,79558.0,137158.0
2025-06-20 10:15:32.151917,3644.2,79886.0,134651.0
2025-06-20 10:15:32.615867,3644.2,79886.0,134651.0
2025-06-20 10:15:34.613893,3644.1,79886.0,134651.0
2025-06-20 10:15:36.622896,3644.1,79886.0,134651.0
2025-06-20 10:15:38.162945,3644.4,79667.0,134857.0
2025-06-20 10:15:38.612336,3645.0,79667.0,134857.0
2025-06-20 10:15:40.638351,3644.6,79667.0,134857.0
2025-06-20 10:15:40.965483,3644.6,79667.0,134857.0
2025-06-20 10:15:41.374043,3644.6,79667.0,134857.0
2025-06-20 10:15:42.168421,3644.6,79667.0,134857.0
2025-06-20 10:15:42.626514,3645.0,79667.0,134857.0
2025-06-20 10:15:42.759596,3645.0,79667.0,134857.0
2025-06-20 10:15:43.463211,3645.0,79667.0,134857.0
2025-06-20 10:15:44.059911,3645.0,79609.0,134432.0
2025-06-20 10:15:44.462551,3645.0,79609.0,134432.0
2025-06-20 10:15:44.615802,3645.0,79609.0,134432.0
2025-06-20 10:15:44.829868,3645.0,79609.0,134432.0
2025-06-20 10:15:45.777805,3645.0,79609.0,134432.0
2025-06-20 10:15:46.617885,3644.5,79609.0,134432.0
2025-06-20 10:15:47.110271,3644.5,79609.0,134432.0
2025-06-20 10:15:48.074690,3644.5,79609.0,134432.0
2025-06-20 10:15:48.613057,3647.9,79609.0,134432.0
2025-06-20 10:15:49.650622,3647.9,79609.0,134432.0
2025-06-20 10:15:50.060672,3647.9,79591.0,130751.0
2025-06-20 10:15:50.889553,3647.9,79591.0,130751.0
2025-06-20 10:15:52.118042,3647.9,79591.0,130751.0
2025-06-20 10:15:52.616049,3647.1,79591.0,130751.0
2025-06-20 10:15:53.691544,3647.1,79591.0,130751.0
2025-06-20 10:15:54.615551,3647.1,79591.0,130751.0
2025-06-20 10:15:56.563401,3646.5,78465.0,132890.0
2025-06-20 10:15:57.684482,3647.1,78465.0,132890.0
2025-06-20 10:16:00.620450,3647.0,78465.0,132890.0
2025-06-20 10:16:01.071848,3647.8,78190.0,132043.0
2025-06-20 10:16:01.615887,3647.2,78190.0,132043.0
2025-06-20 10:16:02.235277,3647.4,79781.0,132154.0
2025-06-20 10:16:02.615710,3648.3,79781.0,132154.0
2025-06-20 10:16:03.270418,3648.5,80733.0,131096.0
2025-06-20 10:16:03.617154,3648.1,80733.0,131096.0
2025-06-20 10:16:04.374539,3648.1,79967.0,133357.0
2025-06-20 10:16:05.473951,3648.1,79893.0,133715.0
2025-06-20 10:16:05.664407,3648.2,79893.0,133715.0
2025-06-20 10:16:06.380051,3648.4,80141.0,133170.0
2025-06-20 10:16:06.615838,3648.4,80141.0,133170.0
2025-06-20 10:16:07.499064,3648.9,80067.0,133436.0
2025-06-20 10:16:07.615850,3649.0,80067.0,133436.0
2025-06-20 10:16:08.472088,3648.6,78966.0,132935.0
2025-06-20 10:16:08.608906,3648.7,78966.0,132935.0
2025-06-20 10:16:09.573399,3648.5,77747.0,134127.0
2025-06-20 10:16:09.614488,3648.5,77747.0,134127.0
2025-06-20 10:16:10.575018,3649.0,79075.0,134513.0
2025-06-20 10:16:10.616850,3649.0,79075.0,134513.0
2025-06-20 10:16:11.610141,3648.3,79075.0,134513.0
2025-06-20 10:16:11.677940,3648.3,76098.0,137098.0
2025-06-20 10:16:12.615374,3647.4,76098.0,137098.0
2025-06-20 10:16:12.775304,3647.4,77379.0,137458.0
2025-06-20 10:16:13.612763,3647.0,77379.0,137458.0
2025-06-20 10:16:13.882897,3647.0,76541.0,137823.0
2025-06-20 10:16:14.614432,3647.0,76541.0,137823.0
2025-06-20 10:16:14.889663,3647.0,75874.0,138032.0
2025-06-20 10:16:15.614706,3646.2,75874.0,138032.0
2025-06-20 10:16:15.887267,3646.9,76211.0,137832.0
2025-06-20 10:16:16.614530,3646.2,76211.0,137832.0
2025-06-20 10:16:16.879626,3646.2,76661.0,138323.0
2025-06-20 10:16:17.618386,3647.1,76661.0,138323.0
2025-06-20 10:16:17.979785,3647.1,76886.0,138556.0
2025-06-20 10:16:18.614023,3645.8,76886.0,138556.0
2025-06-20 10:16:19.128665,3645.8,75824.0,139027.0
2025-06-20 10:16:20.179810,3646.7,76219.0,139166.0
2025-06-20 10:16:20.617396,3646.7,76219.0,139166.0
2025-06-20 10:16:21.276911,3646.7,75987.0,139385.0
2025-06-20 10:16:22.389394,3646.8,76589.0,139149.0
2025-06-20 10:16:22.617491,3646.8,76589.0,139149.0
2025-06-20 10:16:23.495552,3646.8,74788.0,139857.0
2025-06-20 10:16:23.498241,3646.8,74788.0,139857.0
2025-06-20 10:16:24.578363,3646.8,76066.0,140342.0
2025-06-20 10:16:25.582426,3645.0,75744.0,140909.0
2025-06-20 10:16:25.616385,3645.0,75744.0,140909.0
2025-06-20 10:16:26.645893,3645.0,75744.0,140909.0
2025-06-20 10:16:26.705467,3645.0,74656.0,140342.0
2025-06-20 10:16:27.684354,3645.0,75544.0,141126.0
2025-06-20 10:16:28.610215,3645.0,75544.0,141126.0
2025-06-20 10:16:28.693470,3645.0,74299.0,140101.0
2025-06-20 10:16:29.784659,3645.0,75710.0,139946.0
2025-06-20 10:16:30.613651,3645.1,75710.0,139946.0
2025-06-20 10:16:30.785799,3645.1,71927.0,139867.0
2025-06-20 10:16:31.644029,3645.0,71927.0,139867.0
2025-06-20 10:16:31.690158,3645.0,75398.0,140480.0
2025-06-20 10:16:32.613362,3645.8,75398.0,140480.0
2025-06-20 10:16:32.688856,3645.8,75297.0,140615.0
2025-06-20 10:16:33.686388,3645.8,74758.0,140276.0
2025-06-20 10:16:34.788852,3645.8,74996.0,141316.0
2025-06-20 10:16:35.904353,3645.8,75322.0,141810.0
2025-06-20 10:16:36.993185,3645.0,74858.0,142555.0
2025-06-20 10:16:37.619677,3645.0,74858.0,142555.0
2025-06-20 10:16:38.089616,3645.0,74822.0,142038.0
2025-06-20 10:16:38.624664,3645.8,74822.0,142038.0
2025-06-20 10:16:39.091903,3645.0,74492.0,141867.0
2025-06-20 10:16:39.650401,3645.0,74492.0,141867.0
2025-06-20 10:16:40.193469,3645.0,74755.0,141573.0
2025-06-20 10:16:40.615163,3645.0,74755.0,141573.0
2025-06-20 10:16:41.193890,3645.0,74404.0,142464.0
2025-06-20 10:16:41.618004,3645.0,74404.0,142464.0
2025-06-20 10:16:42.193946,3645.0,74276.0,143253.0
2025-06-20 10:16:42.618165,3645.0,74276.0,143253.0
2025-06-20 10:16:43.197628,3643.7,74359.0,143056.0
2025-06-20 10:16:43.615604,3643.7,74359.0,143056.0
2025-06-20 10:16:44.195368,3643.7,74503.0,143173.0
2025-06-20 10:16:45.197536,3643.7,74576.0,143460.0
2025-06-20 10:16:45.619556,3645.0,74576.0,143460.0
2025-06-20 10:16:46.197742,3644.7,73720.0,144319.0
2025-06-20 10:16:46.617017,3644.7,73720.0,144319.0
2025-06-20 10:16:47.197942,3644.7,73192.0,145436.0
2025-06-20 10:16:47.619360,3644.4,73192.0,145436.0
2025-06-20 10:16:48.198017,3644.6,71067.0,145165.0
2025-06-20 10:16:48.618192,3644.6,71067.0,145165.0
2025-06-20 10:16:49.204970,3644.6,72716.0,144557.0
2025-06-20 10:16:50.201185,3644.6,73077.0,144722.0
2025-06-20 10:16:51.306304,3644.6,73412.0,144665.0
2025-06-20 10:16:52.308502,3643.5,73271.0,144631.0
2025-06-20 10:16:52.618038,3643.5,73271.0,144631.0
2025-06-20 10:16:53.314465,3643.3,73101.0,144462.0
2025-06-20 10:16:53.613562,3643.3,73101.0,144462.0
2025-06-20 10:16:54.314170,3643.3,72813.0,144772.0
2025-06-20 10:16:55.332706,3643.3,73332.0,144430.0
2025-06-20 10:16:56.453012,3644.6,73675.0,144456.0
2025-06-20 10:16:56.617716,3644.6,73675.0,144456.0
2025-06-20 10:16:57.508435,3644.6,74376.0,144557.0
2025-06-20 10:16:58.508453,3643.5,74161.0,144778.0
2025-06-20 10:16:58.617638,3643.5,74161.0,144778.0
2025-06-20 10:16:59.607783,3643.5,74291.0,144751.0
2025-06-20 10:16:59.621381,3643.5,74291.0,144751.0
2025-06-20 10:17:01.105697,3644.6,74503.0,142801.0
2025-06-20 10:17:01.613698,3644.6,74503.0,142801.0
2025-06-20 10:17:02.105600,3645.0,75540.0,142226.0
2025-06-20 10:17:02.615614,3645.0,75540.0,142226.0
2025-06-20 10:17:03.105133,3645.0,75525.0,142109.0
2025-06-20 10:17:03.613755,3645.0,75525.0,142109.0
2025-06-20 10:17:04.106669,3645.9,76293.0,141158.0
2025-06-20 10:17:04.615430,3645.9,76293.0,141158.0
2025-06-20 10:17:05.106862,3645.9,76570.0,140524.0
2025-06-20 10:17:05.613996,3645.5,76570.0,140524.0
2025-06-20 10:17:06.110230,3645.5,76473.0,140875.0
2025-06-20 10:17:07.110361,3645.9,76453.0,141110.0
2025-06-20 10:17:07.615002,3645.5,76453.0,141110.0
2025-06-20 10:17:08.110091,3645.9,76718.0,141342.0
2025-06-20 10:17:08.619506,3645.9,76718.0,141342.0
2025-06-20 10:17:09.110359,3645.9,76874.0,141249.0
2025-06-20 10:17:09.616768,3645.6,76874.0,141249.0
2025-06-20 10:17:10.614310,3646.1,76874.0,141249.0
2025-06-20 10:17:11.011283,3646.1,77281.0,140648.0
2025-06-20 10:17:12.010816,3646.1,77367.0,140261.0
2025-06-20 10:17:13.021623,3646.1,75876.0,141234.0
2025-06-20 10:17:13.615584,3646.1,75876.0,141234.0
2025-06-20 10:17:14.823124,3646.1,76616.0,141561.0
2025-06-20 10:17:16.016154,3646.2,76499.0,141391.0
2025-06-20 10:17:16.612426,3646.8,76499.0,141391.0
2025-06-20 10:17:17.117514,3646.8,76260.0,141223.0
2025-06-20 10:17:18.618785,3646.4,76260.0,141223.0
2025-06-20 10:17:18.936389,3646.2,76410.0,141257.0
2025-06-20 10:17:19.615801,3646.2,76410.0,141257.0
2025-06-20 10:17:20.616989,3646.3,76410.0,141257.0
2025-06-20 10:17:20.930498,3646.3,76665.0,141110.0
2025-06-20 10:17:23.621144,3646.4,76665.0,141110.0
2025-06-20 10:17:24.617791,3647.1,76665.0,141110.0
2025-06-20 10:17:25.625941,3648.0,76665.0,141110.0
2025-06-20 10:17:26.620737,3647.6,76665.0,141110.0
2025-06-20 10:17:26.727465,3647.6,77444.0,139203.0
2025-06-20 10:17:27.615881,3647.1,77444.0,139203.0
2025-06-20 10:17:28.614763,3647.4,77444.0,139203.0
2025-06-20 10:17:29.523549,3647.4,79143.0,138989.0
2025-06-20 10:17:30.525141,3648.2,79240.0,138354.0
2025-06-20 10:17:30.617515,3648.2,79240.0,138354.0
2025-06-20 10:17:31.526545,3646.9,79697.0,139454.0
2025-06-20 10:17:31.618842,3646.9,79697.0,139454.0
2025-06-20 10:17:32.615143,3648.1,79697.0,139454.0
2025-06-20 10:17:33.434724,3648.1,79914.0,139203.0
2025-06-20 10:17:34.436411,3647.5,79732.0,138578.0
2025-06-20 10:17:34.626339,3647.5,79732.0,138578.0
2025-06-20 10:17:35.439587,3647.5,80018.0,138857.0
2025-06-20 10:17:35.617423,3648.9,80018.0,138857.0
2025-06-20 10:17:36.439884,3648.2,81374.0,138096.0
2025-06-20 10:17:36.617493,3648.2,81374.0,138096.0
2025-06-20 10:17:37.439206,3648.2,81823.0,138589.0
2025-06-20 10:17:37.616076,3649.0,81823.0,138589.0
2025-06-20 10:17:39.620530,3648.6,81823.0,138589.0
2025-06-20 10:17:40.620434,3648.4,81823.0,138589.0
2025-06-20 10:17:41.231210,3649.0,80980.0,138700.0
2025-06-20 10:17:41.620886,3649.0,80980.0,138700.0
2025-06-20 10:17:44.614464,3649.1,80980.0,138700.0
2025-06-20 10:17:45.132596,3649.3,81403.0,135508.0
2025-06-20 10:17:45.617048,3649.7,81403.0,135508.0
2025-06-20 10:17:46.131446,3649.5,81374.0,135994.0
2025-06-20 10:17:46.615199,3649.5,81374.0,135994.0
2025-06-20 10:17:47.133197,3649.9,81304.0,135642.0
2025-06-20 10:17:47.616079,3649.9,81304.0,135642.0
2025-06-20 10:17:48.133216,3649.9,81365.0,135296.0
2025-06-20 10:17:49.134808,3649.8,80715.0,135792.0
2025-06-20 10:17:49.616653,3649.8,80715.0,135792.0
2025-06-20 10:17:50.133569,3649.8,81128.0,136011.0
2025-06-20 10:17:51.617820,3649.9,81128.0,136011.0
2025-06-20 10:17:52.618861,3649.8,81128.0,136011.0
2025-06-20 10:17:53.138141,3649.9,81152.0,135855.0
2025-06-20 10:17:53.621390,3649.9,81152.0,135855.0
2025-06-20 10:17:54.137137,3649.8,81079.0,135887.0
2025-06-20 10:17:54.619110,3649.9,81079.0,135887.0
2025-06-20 10:17:55.137535,3649.9,81000.0,136003.0
2025-06-20 10:17:55.618740,3649.8,81000.0,136003.0
2025-06-20 10:17:56.137970,3649.8,81175.0,136185.0
2025-06-20 10:17:57.038776,3649.4,81035.0,138987.0
2025-06-20 10:17:57.621222,3649.4,81035.0,138987.0
2025-06-20 10:17:58.040216,3649.4,81042.0,138705.0
2025-06-20 10:17:59.619521,3649.5,81042.0,138705.0
2025-06-20 10:17:59.647499,3649.5,80457.0,140007.0
2025-06-20 10:18:01.622246,3649.2,80457.0,140007.0
2025-06-20 10:18:02.243124,3649.2,80869.0,138740.0
2025-06-20 10:18:02.625035,3649.9,80869.0,138740.0
2025-06-20 10:18:03.242410,3649.3,80814.0,138220.0
2025-06-20 10:18:03.623016,3649.8,80814.0,138220.0
2025-06-20 10:18:04.143248,3649.9,80756.0,138470.0
2025-06-20 10:18:04.621916,3649.9,80756.0,138470.0
2025-06-20 10:18:05.143137,3649.9,80858.0,138580.0
2025-06-20 10:18:05.623713,3649.8,80858.0,138580.0
2025-06-20 10:18:06.144335,3649.1,80895.0,139140.0
2025-06-20 10:18:06.622290,3649.1,80895.0,139140.0
2025-06-20 10:18:07.145001,3649.1,80764.0,138958.0
2025-06-20 10:18:08.045414,3649.1,81020.0,138953.0
2025-06-20 10:18:09.048157,3649.9,80952.0,138522.0
2025-06-20 10:18:09.620868,3649.9,80952.0,138522.0
2025-06-20 10:18:09.948057,3649.6,81180.0,137624.0
2025-06-20 10:18:10.622291,3650.0,81180.0,137624.0
2025-06-20 10:18:10.948320,3650.0,81372.0,137396.0
2025-06-20 10:18:11.624227,3650.9,81372.0,137396.0
2025-06-20 10:18:11.948103,3650.9,82136.0,129175.0
2025-06-20 10:18:12.620650,3650.6,82136.0,129175.0
2025-06-20 10:18:12.950311,3651.0,82161.0,129360.0
2025-06-20 10:18:13.624142,3651.1,82161.0,129360.0
2025-06-20 10:18:13.950206,3651.2,81529.0,126464.0
2025-06-20 10:18:14.674847,3651.2,81529.0,126464.0
2025-06-20 10:18:14.953350,3651.2,81515.0,126761.0
2025-06-20 10:18:15.619698,3652.0,81515.0,126761.0
2025-06-20 10:18:15.961443,3652.0,80839.0,126692.0
2025-06-20 10:18:16.620860,3651.0,80839.0,126692.0
2025-06-20 10:18:16.953147,3651.0,80913.0,127089.0
2025-06-20 10:18:17.623334,3651.0,80913.0,127089.0
2025-06-20 10:18:17.952703,3651.0,80469.0,127182.0
2025-06-20 10:18:18.626220,3651.2,80469.0,127182.0
2025-06-20 10:18:18.956395,3651.2,81060.0,126966.0
2025-06-20 10:18:19.624806,3651.2,81060.0,126966.0
2025-06-20 10:18:19.954770,3651.2,81177.0,127538.0
2025-06-20 10:18:20.623966,3651.2,81177.0,127538.0
2025-06-20 10:18:20.956566,3651.2,81082.0,127379.0
2025-06-20 10:18:21.623645,3651.2,81082.0,127379.0
2025-06-20 10:18:21.866735,3651.2,81387.0,127404.0
2025-06-20 10:18:22.623752,3651.2,81387.0,127404.0
2025-06-20 10:18:22.866224,3651.2,81217.0,127463.0
2025-06-20 10:18:23.915188,3650.8,80148.0,128219.0
2025-06-20 10:18:24.623343,3650.8,80148.0,128219.0
2025-06-20 10:18:24.869692,3651.3,80885.0,128327.0
2025-06-20 10:18:25.628242,3650.4,80885.0,128327.0
2025-06-20 10:18:25.865382,3650.4,81074.0,127303.0
2025-06-20 10:18:26.872034,3651.1,81449.0,127671.0
2025-06-20 10:18:27.623771,3651.1,81449.0,127671.0
2025-06-20 10:18:27.871026,3651.1,81062.0,127692.0
2025-06-20 10:18:28.625408,3651.3,81062.0,127692.0
2025-06-20 10:18:28.757247,3651.3,80992.0,128439.0
2025-06-20 10:18:29.622241,3651.3,80992.0,128439.0
2025-06-20 10:18:29.758869,3651.3,81349.0,128630.0
2025-06-20 10:18:30.621760,3652.0,81349.0,128630.0
2025-06-20 10:18:30.760759,3652.0,81627.0,128169.0
2025-06-20 10:18:31.629321,3651.3,81627.0,128169.0
2025-06-20 10:18:31.758508,3651.3,81072.0,128408.0
2025-06-20 10:18:32.761160,3651.3,81066.0,128752.0
2025-06-20 10:18:33.760096,3651.3,81339.0,128335.0
2025-06-20 10:18:34.632537,3651.3,81339.0,128335.0
2025-06-20 10:18:34.668623,3651.3,81352.0,128749.0
2025-06-20 10:18:35.625408,3652.0,81352.0,128749.0
2025-06-20 10:18:35.662516,3652.0,81169.0,128735.0
2025-06-20 10:18:36.625075,3651.3,81169.0,128735.0
2025-06-20 10:18:36.666406,3651.3,81057.0,128500.0
2025-06-20 10:18:37.664335,3651.3,80909.0,128402.0
2025-06-20 10:18:38.662708,3651.3,80940.0,128393.0
2025-06-20 10:18:39.624458,3652.0,80940.0,128393.0
2025-06-20 10:18:39.666169,3652.0,80697.0,128420.0
2025-06-20 10:18:40.629743,3651.3,80697.0,128420.0
2025-06-20 10:18:40.665292,3651.3,80743.0,128941.0
2025-06-20 10:18:41.584840,3651.3,80743.0,128941.0
2025-06-20 10:18:41.624856,3652.0,80743.0,128941.0
2025-06-20 10:18:41.665080,3652.0,81064.0,128862.0
2025-06-20 10:18:41.673716,3652.0,81064.0,128862.0
2025-06-20 10:18:42.125885,3652.0,81064.0,128862.0
2025-06-20 10:18:42.679221,3651.5,81064.0,128862.0
2025-06-20 10:18:42.718160,3651.5,81027.0,128873.0
2025-06-20 10:18:42.732087,3651.5,81027.0,128873.0
2025-06-20 10:18:43.308908,3651.5,81027.0,128873.0
2025-06-20 10:18:43.665155,3651.5,81042.0,128984.0
2025-06-20 10:18:43.947909,3651.5,81042.0,128984.0
2025-06-20 10:18:44.437126,3651.5,81042.0,128984.0
2025-06-20 10:18:44.694548,3651.5,81042.0,128984.0
2025-06-20 10:18:44.736945,3651.5,81466.0,129335.0
2025-06-20 10:18:45.020921,3651.5,81466.0,129335.0
2025-06-20 10:18:45.432675,3651.5,81466.0,129335.0
2025-06-20 10:18:45.573793,3651.5,81071.0,129826.0
2025-06-20 10:18:45.643952,3651.5,81071.0,129826.0
2025-06-20 10:18:46.391707,3651.5,81071.0,129826.0
2025-06-20 10:18:46.566869,3651.2,80563.0,130755.0
2025-06-20 10:18:46.629722,3651.2,80563.0,130755.0
2025-06-20 10:18:47.579381,3652.0,80594.0,129376.0
2025-06-20 10:18:47.624559,3652.0,80594.0,129376.0
2025-06-20 10:18:47.683409,3652.0,80594.0,129376.0
2025-06-20 10:18:48.582682,3652.0,81030.0,129589.0
2025-06-20 10:18:48.626808,3652.0,81030.0,129589.0
2025-06-20 10:18:48.682672,3652.0,81030.0,129589.0
2025-06-20 10:18:49.583384,3652.0,80908.0,130087.0
2025-06-20 10:18:50.193244,3652.0,80908.0,130087.0
2025-06-20 10:18:50.579103,3651.5,81001.0,130229.0
2025-06-20 10:18:50.627711,3651.5,81001.0,130229.0
2025-06-20 10:18:51.460306,3651.5,81001.0,130229.0
2025-06-20 10:18:51.575246,3651.5,80761.0,130489.0
2025-06-20 10:18:51.629010,3651.5,80761.0,130489.0
2025-06-20 10:18:52.471670,3651.5,80779.0,130006.0
2025-06-20 10:18:52.720635,3651.5,80779.0,130006.0
2025-06-20 10:18:53.473192,3651.1,81121.0,130044.0
2025-06-20 10:18:53.638435,3651.1,81121.0,130044.0
2025-06-20 10:18:54.436786,3651.1,81121.0,130044.0
2025-06-20 10:18:54.472059,3651.1,81180.0,129410.0
2025-06-20 10:18:54.640520,3651.8,81180.0,129410.0
2025-06-20 10:18:55.472279,3652.5,82492.0,126616.0
2025-06-20 10:18:55.643349,3652.5,82492.0,126616.0
2025-06-20 10:18:56.472594,3653.0,82105.0,126912.0
2025-06-20 10:18:56.626272,3653.0,82105.0,126912.0
2025-06-20 10:18:57.471887,3653.7,82276.0,127622.0
2025-06-20 10:18:57.634919,3653.7,82276.0,127622.0
2025-06-20 10:18:58.386836,3653.7,81911.0,128020.0
2025-06-20 10:18:59.388133,3653.2,80899.0,128986.0
2025-06-20 10:18:59.641493,3653.2,80899.0,128986.0
2025-06-20 10:19:00.389764,3653.2,81031.0,129353.0
2025-06-20 10:19:01.590021,3653.1,80975.0,129601.0
2025-06-20 10:19:01.629664,3653.1,80975.0,129601.0
2025-06-20 10:19:02.635830,3652.7,80975.0,129601.0
2025-06-20 10:19:02.676239,3652.2,80799.0,130487.0
2025-06-20 10:19:03.634745,3652.2,80799.0,130487.0
2025-06-20 10:19:03.780060,3652.2,80863.0,130614.0
2025-06-20 10:19:04.636407,3651.9,80863.0,130614.0
2025-06-20 10:19:04.783712,3651.9,80689.0,130844.0
2025-06-20 10:19:05.637868,3652.0,80689.0,130844.0
2025-06-20 10:19:05.881142,3652.6,80459.0,131031.0
2025-06-20 10:19:06.628362,3652.6,80459.0,131031.0
2025-06-20 10:19:06.978415,3652.3,80502.0,130668.0
2025-06-20 10:19:07.628034,3652.3,80502.0,130668.0
2025-06-20 10:19:08.080052,3652.3,80902.0,129643.0
2025-06-20 10:19:09.089152,3652.3,81428.0,129499.0
2025-06-20 10:19:09.625461,3652.3,81428.0,129499.0
2025-06-20 10:19:10.079523,3652.3,81358.0,129483.0
2025-06-20 10:19:10.638663,3652.6,81358.0,129483.0
2025-06-20 10:19:11.081007,3652.6,81296.0,129671.0
2025-06-20 10:19:12.183973,3652.4,80991.0,130302.0
2025-06-20 10:19:12.625858,3652.4,80991.0,130302.0
2025-06-20 10:19:13.281797,3652.4,80963.0,130585.0
2025-06-20 10:19:13.632717,3652.7,80963.0,130585.0
2025-06-20 10:19:14.398782,3652.7,80743.0,130278.0
2025-06-20 10:19:15.483024,3653.6,80986.0,129794.0
2025-06-20 10:19:15.640004,3653.6,80986.0,129794.0
2025-06-20 10:19:16.591716,3652.7,81062.0,129930.0
2025-06-20 10:19:16.639725,3652.7,81062.0,129930.0
2025-06-20 10:19:17.684657,3652.7,81512.0,130051.0
2025-06-20 10:19:18.693205,3653.1,81512.0,130051.0
2025-06-20 10:19:18.831743,3652.7,81532.0,130279.0
2025-06-20 10:19:19.625153,3652.7,81532.0,130279.0
2025-06-20 10:19:19.895861,3652.7,81645.0,129932.0
2025-06-20 10:19:20.638246,3652.7,81645.0,129932.0
2025-06-20 10:19:20.989186,3652.7,81449.0,130378.0
2025-06-20 10:19:21.680064,3653.0,81449.0,130378.0
2025-06-20 10:19:22.090523,3652.7,81163.0,130321.0
2025-06-20 10:19:22.645689,3652.7,81163.0,130321.0
2025-06-20 10:19:23.189475,3652.7,81129.0,130615.0
2025-06-20 10:19:24.291280,3652.7,81108.0,130815.0
2025-06-20 10:19:25.405583,3652.7,81312.0,130638.0
2025-06-20 10:19:26.494178,3652.7,81312.0,130660.0
2025-06-20 10:19:26.666478,3652.7,81312.0,130660.0
2025-06-20 10:19:27.594945,3652.7,81312.0,130241.0
2025-06-20 10:19:28.684841,3652.3,81312.0,130241.0
2025-06-20 10:19:28.693307,3652.3,81261.0,130615.0
2025-06-20 10:19:29.874874,3652.3,81261.0,130615.0
2025-06-20 10:19:29.885960,3652.3,81237.0,130655.0
2025-06-20 10:19:30.909346,3652.3,81231.0,130676.0
2025-06-20 10:19:31.999754,3652.3,81014.0,130993.0
2025-06-20 10:19:33.100348,3652.3,81237.0,131079.0
2025-06-20 10:19:34.206046,3652.3,81283.0,131330.0
2025-06-20 10:19:35.205138,3652.2,81074.0,131613.0
2025-06-20 10:19:35.634077,3652.6,81074.0,131613.0
2025-06-20 10:19:36.302342,3652.7,81364.0,131247.0
2025-06-20 10:19:36.631440,3652.7,81364.0,131247.0
2025-06-20 10:19:37.502851,3652.7,81425.0,130987.0
2025-06-20 10:19:38.502500,3652.7,81146.0,131429.0
2025-06-20 10:19:39.608813,3652.7,81074.0,131532.0
2025-06-20 10:19:40.886605,3652.7,81151.0,131565.0
2025-06-20 10:19:40.905685,3652.7,81151.0,131565.0
2025-06-20 10:19:41.666781,3652.7,80970.0,132015.0
2025-06-20 10:19:42.714366,3652.7,81276.0,131894.0
2025-06-20 10:19:43.805514,3652.7,81207.0,131787.0
2025-06-20 10:19:44.628281,3652.7,81207.0,131787.0
2025-06-20 10:19:44.920391,3652.7,81168.0,131753.0
2025-06-20 10:19:45.633819,3652.7,81168.0,131753.0
2025-06-20 10:19:46.009921,3652.9,81443.0,131382.0
2025-06-20 10:19:46.635541,3652.9,81443.0,131382.0
2025-06-20 10:19:47.112053,3652.9,81594.0,131272.0
2025-06-20 10:19:47.636050,3653.1,81594.0,131272.0
2025-06-20 10:19:48.125198,3653.1,81574.0,131392.0
2025-06-20 10:19:49.217442,3653.1,80955.0,131700.0
2025-06-20 10:19:49.632324,3653.1,80955.0,131700.0
2025-06-20 10:19:50.319904,3653.1,81397.0,131421.0
2025-06-20 10:19:51.429368,3653.1,81402.0,131397.0
2025-06-20 10:19:52.519108,3653.1,81317.0,131497.0
2025-06-20 10:19:53.521548,3653.1,81482.0,131702.0
2025-06-20 10:19:53.631485,3653.1,81482.0,131702.0
2025-06-20 10:19:54.621231,3653.7,81543.0,130845.0
2025-06-20 10:19:54.636033,3653.7,81543.0,130845.0
2025-06-20 10:19:55.722326,3653.1,81493.0,131881.0
2025-06-20 10:19:56.631476,3653.1,81493.0,131881.0
2025-06-20 10:19:56.832423,3653.1,81468.0,131905.0
2025-06-20 10:19:57.639775,3654.3,81468.0,131905.0
2025-06-20 10:19:57.933495,3654.3,81540.0,127741.0
2025-06-20 10:19:58.632131,3654.3,81540.0,127741.0
2025-06-20 10:19:58.930660,3654.3,81744.0,128521.0
2025-06-20 10:19:59.633956,3654.2,81744.0,128521.0
2025-06-20 10:20:00.026652,3654.2,81685.0,129018.0
2025-06-20 10:20:01.163957,3653.3,81872.0,127329.0
2025-06-20 10:20:01.639887,3655.6,81872.0,127329.0
2025-06-20 10:20:02.128111,3656.1,82621.0,120746.0
2025-06-20 10:20:02.637649,3657.0,82621.0,120746.0
2025-06-20 10:20:03.128271,3657.0,82618.0,121391.0
2025-06-20 10:20:03.637349,3657.0,82618.0,121391.0
2025-06-20 10:20:04.130387,3656.1,82187.0,121410.0
2025-06-20 10:20:04.636537,3656.1,82187.0,121410.0
2025-06-20 10:20:05.167206,3656.1,81651.0,121692.0
2025-06-20 10:20:06.033433,3656.1,82114.0,121874.0
2025-06-20 10:20:06.636338,3657.0,82114.0,121874.0
2025-06-20 10:20:07.341117,3657.0,82785.0,122493.0
2025-06-20 10:20:07.635510,3657.0,82785.0,122493.0
2025-06-20 10:20:08.639461,3656.0,82785.0,122493.0
2025-06-20 10:20:09.636466,3656.0,82785.0,122493.0
2025-06-20 10:20:09.740335,3656.0,81649.0,124898.0
2025-06-20 10:20:10.636745,3656.0,81649.0,124898.0
2025-06-20 10:20:10.735739,3655.2,81815.0,124736.0
2025-06-20 10:20:11.636387,3654.6,81815.0,124736.0
2025-06-20 10:20:11.749425,3654.6,79929.0,124576.0
2025-06-20 10:20:12.635614,3654.6,79929.0,124576.0
2025-06-20 10:20:12.846389,3654.6,81942.0,124875.0
2025-06-20 10:20:13.636116,3654.5,81942.0,124875.0
2025-06-20 10:20:14.647225,3654.5,81942.0,124875.0
2025-06-20 10:20:14.689134,3654.5,81969.0,124984.0
2025-06-20 10:20:15.637159,3656.0,81969.0,124984.0
2025-06-20 10:20:15.672978,3656.0,80898.0,124803.0
2025-06-20 10:20:16.543079,3656.0,81507.0,125028.0
2025-06-20 10:20:16.638228,3656.0,81507.0,125028.0
2025-06-20 10:20:17.647428,3656.0,81507.0,125028.0
2025-06-20 10:20:18.638535,3655.0,81507.0,125028.0
2025-06-20 10:20:19.347050,3655.2,82420.0,125051.0
2025-06-20 10:20:19.638021,3655.2,82420.0,125051.0
2025-06-20 10:20:20.356050,3655.2,82483.0,124784.0
2025-06-20 10:20:20.636323,3656.0,82483.0,124784.0
2025-06-20 10:20:21.639119,3656.0,82483.0,124784.0
2025-06-20 10:20:22.146133,3656.0,82418.0,124339.0
2025-06-20 10:20:23.146309,3654.7,81897.0,128411.0
2025-06-20 10:20:23.640806,3654.5,81897.0,128411.0
2025-06-20 10:20:24.146227,3654.5,81862.0,128900.0
2025-06-20 10:20:25.145104,3654.7,81758.0,129682.0
2025-06-20 10:20:25.640651,3654.7,81758.0,129682.0
2025-06-20 10:20:26.149550,3654.7,81763.0,129766.0
2025-06-20 10:20:27.151139,3655.0,81746.0,129630.0
2025-06-20 10:20:27.698940,3655.0,81746.0,129630.0
2025-06-20 10:20:28.418808,3655.0,83218.0,128799.0
2025-06-20 10:20:29.151993,3655.0,83739.0,128832.0
2025-06-20 10:20:29.638079,3655.0,83739.0,128832.0
2025-06-20 10:20:30.052539,3655.0,83155.0,129060.0
2025-06-20 10:20:30.639501,3656.0,83155.0,129060.0
2025-06-20 10:20:31.054803,3655.5,83054.0,128887.0
2025-06-20 10:20:31.642834,3655.5,83054.0,128887.0
2025-06-20 10:20:32.054228,3655.5,83232.0,129054.0
2025-06-20 10:20:32.703527,3656.0,83232.0,129054.0
2025-06-20 10:20:33.056374,3656.0,83234.0,128993.0
2025-06-20 10:20:34.056987,3655.5,83145.0,128747.0
2025-06-20 10:20:34.637652,3655.5,83145.0,128747.0
2025-06-20 10:20:35.058121,3655.5,82213.0,128762.0
2025-06-20 10:20:36.058774,3655.5,84263.0,128386.0
2025-06-20 10:20:37.057478,3656.0,84319.0,128664.0
2025-06-20 10:20:37.645703,3656.6,84319.0,128664.0
2025-06-20 10:20:38.059648,3656.6,84077.0,122738.0
2025-06-20 10:20:38.640616,3656.3,84077.0,122738.0
2025-06-20 10:20:39.060607,3657.9,84704.0,122739.0
2025-06-20 10:20:39.642623,3658.0,84704.0,122739.0
2025-06-20 10:20:40.061267,3658.0,84020.0,122430.0
2025-06-20 10:20:41.061008,3656.2,84463.0,122733.0
2025-06-20 10:20:41.639480,3656.2,84463.0,122733.0
2025-06-20 10:20:42.160998,3656.2,84973.0,122899.0
2025-06-20 10:20:43.161293,3656.5,84938.0,123574.0
2025-06-20 10:20:43.641919,3656.4,84938.0,123574.0
2025-06-20 10:20:44.160849,3658.0,85108.0,122798.0
2025-06-20 10:20:44.642384,3658.0,85108.0,122798.0
2025-06-20 10:20:45.161874,3658.0,85670.0,122900.0
2025-06-20 10:20:45.653155,3658.0,85670.0,122900.0
2025-06-20 10:20:46.162328,3658.0,85651.0,123350.0
2025-06-20 10:20:46.640169,3658.0,85651.0,123350.0
2025-06-20 10:20:47.163506,3657.2,86044.0,122427.0
2025-06-20 10:20:47.642500,3657.2,86044.0,122427.0
2025-06-20 10:20:48.167792,3658.0,86031.0,122909.0
2025-06-20 10:20:48.640861,3658.0,86031.0,122909.0
2025-06-20 10:20:49.169747,3658.0,85649.0,123201.0
2025-06-20 10:20:49.696244,3658.0,85649.0,123201.0
2025-06-20 10:20:50.166229,3658.0,85967.0,123288.0
2025-06-20 10:20:50.675613,3658.0,85967.0,123288.0
2025-06-20 10:20:51.165590,3658.4,86175.0,123213.0
2025-06-20 10:20:51.640673,3658.4,86175.0,123213.0
2025-06-20 10:20:52.270237,3658.4,86010.0,122790.0
2025-06-20 10:20:52.642121,3658.0,86010.0,122790.0
2025-06-20 10:20:53.273136,3658.4,85761.0,122750.0
2025-06-20 10:20:53.648776,3658.0,85761.0,122750.0
2025-06-20 10:20:54.269809,3658.4,85873.0,123526.0
2025-06-20 10:20:54.639708,3658.4,85873.0,123526.0
2025-06-20 10:20:55.380634,3658.4,84945.0,123724.0
2025-06-20 10:20:55.643974,3658.0,84945.0,123724.0
2025-06-20 10:20:56.609065,3657.4,85309.0,125254.0
2025-06-20 10:20:56.640953,3658.3,85309.0,125254.0
2025-06-20 10:20:57.470292,3657.0,85327.0,125084.0
2025-06-20 10:20:57.644080,3656.3,85327.0,125084.0
2025-06-20 10:20:58.569149,3657.3,84459.0,125322.0
2025-06-20 10:20:58.640841,3657.3,84459.0,125322.0
2025-06-20 10:20:59.648666,3657.1,84459.0,125322.0
2025-06-20 10:20:59.681734,3657.1,84102.0,125991.0
2025-06-20 10:21:00.770576,3656.5,85041.0,125428.0
2025-06-20 10:21:01.640775,3656.5,85041.0,125428.0
2025-06-20 10:21:01.678118,3656.5,85843.0,125406.0
2025-06-20 10:21:02.645743,3657.1,85843.0,125406.0
2025-06-20 10:21:02.681022,3657.1,85669.0,125473.0
2025-06-20 10:21:03.572336,3656.6,86005.0,124772.0
2025-06-20 10:21:03.643798,3656.6,86005.0,124772.0
2025-06-20 10:21:04.576492,3656.6,85864.0,125185.0
2025-06-20 10:21:04.651113,3656.6,85864.0,125185.0
2025-06-20 10:21:05.573994,3657.4,84500.0,125686.0
2025-06-20 10:21:05.641543,3657.6,84500.0,125686.0
2025-06-20 10:21:06.573438,3657.6,86120.0,125586.0
2025-06-20 10:21:07.478300,3656.5,86165.0,125666.0
2025-06-20 10:21:07.667401,3656.5,86165.0,125666.0
2025-06-20 10:21:08.574732,3656.5,86220.0,125665.0
2025-06-20 10:21:09.493264,3656.5,86198.0,125599.0
2025-06-20 10:21:10.391752,3656.5,86198.0,125998.0
2025-06-20 10:21:11.391399,3656.5,86205.0,126123.0
2025-06-20 10:21:11.638525,3656.5,86205.0,126123.0
2025-06-20 10:21:12.394070,3656.5,86196.0,126146.0
2025-06-20 10:21:13.283002,3656.5,85964.0,126449.0
2025-06-20 10:21:13.646113,3656.5,85964.0,126449.0
2025-06-20 10:21:14.284461,3657.5,85380.0,125991.0
2025-06-20 10:21:14.647443,3657.5,85380.0,125991.0
2025-06-20 10:21:15.182547,3657.5,85657.0,125346.0
2025-06-20 10:21:16.188533,3656.6,85707.0,124880.0
2025-06-20 10:21:16.646814,3656.5,85707.0,124880.0
2025-06-20 10:21:17.083877,3656.5,84936.0,125505.0
2025-06-20 10:21:17.642544,3656.5,84936.0,125505.0
2025-06-20 10:21:18.083744,3656.5,85732.0,125729.0
2025-06-20 10:21:18.641557,3657.4,85732.0,125729.0
2025-06-20 10:21:18.982395,3657.4,85118.0,125693.0
2025-06-20 10:21:19.641965,3656.5,85118.0,125693.0
2025-06-20 10:21:19.989037,3656.5,85901.0,125551.0
2025-06-20 10:21:20.647514,3656.5,85901.0,125551.0
2025-06-20 10:21:20.988631,3656.5,85823.0,126127.0
2025-06-20 10:21:21.986888,3657.3,85629.0,126417.0
2025-06-20 10:21:22.641411,3657.3,85629.0,126417.0
2025-06-20 10:21:22.995234,3656.5,85474.0,126816.0
2025-06-20 10:21:23.646839,3656.5,85474.0,126816.0
2025-06-20 10:21:23.911124,3657.2,85277.0,126806.0
2025-06-20 10:21:24.639922,3657.2,85277.0,126806.0
2025-06-20 10:21:24.786869,3657.2,85854.0,125961.0
2025-06-20 10:21:25.788310,3657.2,85570.0,125775.0
2025-06-20 10:21:26.640567,3656.6,85570.0,125775.0
2025-06-20 10:21:26.788529,3656.6,85807.0,126305.0
2025-06-20 10:21:27.639775,3656.5,85807.0,126305.0
2025-06-20 10:21:27.789034,3656.5,85351.0,126729.0
2025-06-20 10:21:28.647430,3656.5,85351.0,126729.0
2025-06-20 10:21:28.791733,3656.5,84858.0,126945.0
2025-06-20 10:21:29.644703,3658.5,84858.0,126945.0
2025-06-20 10:21:29.699532,3658.5,86817.0,123227.0
2025-06-20 10:21:30.694639,3658.5,86581.0,124943.0
2025-06-20 10:21:31.676443,3657.6,86849.0,125507.0
2025-06-20 10:21:32.155582,3657.6,86849.0,125507.0
2025-06-20 10:21:32.707181,3657.6,86425.0,126051.0
2025-06-20 10:21:33.643404,3657.3,86425.0,126051.0
2025-06-20 10:21:33.692567,3657.3,86228.0,126269.0
2025-06-20 10:21:34.594283,3658.8,85624.0,126342.0
2025-06-20 10:21:34.638518,3658.8,85624.0,126342.0
2025-06-20 10:21:35.592878,3658.1,86380.0,126868.0
2025-06-20 10:21:35.639499,3658.1,86380.0,126868.0
2025-06-20 10:21:36.493248,3658.1,86601.0,126877.0
2025-06-20 10:21:37.412590,3659.0,86715.0,125933.0
2025-06-20 10:21:37.682675,3658.6,86715.0,125933.0
2025-06-20 10:21:38.298242,3659.5,87278.0,123449.0
2025-06-20 10:21:38.639891,3659.3,87278.0,123449.0
2025-06-20 10:21:39.200498,3658.8,86026.0,124950.0
2025-06-20 10:21:39.639431,3658.8,86026.0,124950.0
2025-06-20 10:21:40.200671,3658.8,86775.0,125435.0
2025-06-20 10:21:41.097627,3658.5,86450.0,125786.0
2025-06-20 10:21:41.640178,3659.7,86450.0,125786.0
2025-06-20 10:21:41.809639,3659.7,86450.0,125786.0
2025-06-20 10:21:42.099397,3659.7,86590.0,125985.0
2025-06-20 10:21:42.180431,3659.7,86590.0,125985.0
2025-06-20 10:21:42.647491,3659.0,86590.0,125985.0
2025-06-20 10:21:42.796935,3659.0,86590.0,125985.0
2025-06-20 10:21:43.094892,3659.0,86590.0,125985.0
2025-06-20 10:21:43.113645,3659.0,86262.0,126234.0
2025-06-20 10:21:43.385055,3659.0,86262.0,126234.0
2025-06-20 10:21:44.000159,3659.0,86586.0,126694.0
2025-06-20 10:21:44.437171,3659.0,86586.0,126694.0
2025-06-20 10:21:44.643359,3658.3,86586.0,126694.0
2025-06-20 10:21:44.846905,3658.3,86586.0,126694.0
2025-06-20 10:21:44.933978,3658.3,86446.0,126392.0
2025-06-20 10:21:45.479127,3658.3,86446.0,126392.0
2025-06-20 10:21:45.703075,3658.3,86446.0,126392.0
2025-06-20 10:21:45.824083,3658.3,86446.0,126392.0
2025-06-20 10:21:45.917273,3658.3,86653.0,126349.0
2025-06-20 10:21:46.835302,3658.3,86653.0,126349.0
2025-06-20 10:21:47.142781,3659.6,86588.0,125933.0
2025-06-20 10:21:47.641849,3658.3,86588.0,125933.0
2025-06-20 10:21:48.102817,3658.3,86106.0,126623.0
2025-06-20 10:21:48.143988,3658.3,86106.0,126623.0
2025-06-20 10:21:49.104573,3658.3,86118.0,126834.0
2025-06-20 10:21:49.141282,3658.3,86118.0,126834.0
2025-06-20 10:21:49.688495,3659.0,86118.0,126834.0
2025-06-20 10:21:50.104823,3659.5,86867.0,125626.0
2025-06-20 10:21:50.657138,3659.5,86867.0,125626.0
2025-06-20 10:21:50.707542,3659.5,86867.0,125626.0
2025-06-20 10:21:51.104298,3659.5,87135.0,125589.0
2025-06-20 10:21:51.691301,3659.5,87135.0,125589.0
2025-06-20 10:21:51.977456,3659.5,87135.0,125589.0
2025-06-20 10:21:52.175655,3659.6,87035.0,125743.0
2025-06-20 10:21:52.695821,3659.6,87035.0,125743.0
2025-06-20 10:21:53.189930,3659.6,87035.0,125743.0
2025-06-20 10:21:53.220513,3659.0,85617.0,126136.0
2025-06-20 10:21:53.639984,3659.0,85617.0,126136.0
2025-06-20 10:21:54.310185,3659.0,86679.0,126173.0
2025-06-20 10:21:54.811830,3659.0,86679.0,126173.0
2025-06-20 10:21:55.309879,3659.0,86682.0,125830.0
2025-06-20 10:21:56.422106,3659.0,86805.0,125845.0
2025-06-20 10:21:56.645717,3659.0,86805.0,125845.0
2025-06-20 10:21:57.509829,3659.5,87006.0,126265.0
2025-06-20 10:21:57.646813,3659.5,87006.0,126265.0
2025-06-20 10:21:58.508362,3658.9,85505.0,126163.0
2025-06-20 10:21:58.642797,3658.9,85505.0,126163.0
2025-06-20 10:21:59.611550,3659.4,85844.0,127140.0
2025-06-20 10:21:59.653109,3659.4,85844.0,127140.0
2025-06-20 10:22:01.014217,3659.0,85755.0,127390.0
2025-06-20 10:22:01.660802,3659.0,85755.0,127390.0
2025-06-20 10:22:02.029238,3659.5,86035.0,126822.0
2025-06-20 10:22:02.684495,3659.5,86035.0,126822.0
2025-06-20 10:22:03.110245,3659.5,85870.0,126123.0
2025-06-20 10:22:03.645408,3659.5,85870.0,126123.0
2025-06-20 10:22:04.214281,3659.9,85917.0,126533.0
2025-06-20 10:22:04.642683,3659.0,85917.0,126533.0
2025-06-20 10:22:05.315572,3659.0,86239.0,126455.0
2025-06-20 10:22:06.211003,3659.4,86515.0,126620.0
2025-06-20 10:22:06.650464,3659.5,86515.0,126620.0
2025-06-20 10:22:07.635042,3659.5,86571.0,127061.0
2025-06-20 10:22:07.991881,3659.4,86571.0,127061.0
2025-06-20 10:22:08.370475,3658.0,86232.0,128303.0
2025-06-20 10:22:08.721041,3658.0,86232.0,128303.0
2025-06-20 10:22:09.426841,3658.0,85802.0,128536.0
2025-06-20 10:22:09.650383,3658.0,85802.0,128536.0
2025-06-20 10:22:10.513530,3658.0,85739.0,129128.0
2025-06-20 10:22:11.287875,3658.0,85739.0,129128.0
2025-06-20 10:22:11.620986,3658.0,84473.0,129624.0
2025-06-20 10:22:11.694861,3658.0,84473.0,129624.0
2025-06-20 10:22:13.214051,3658.2,85728.0,129964.0
2025-06-20 10:22:13.697077,3658.2,85728.0,129964.0
2025-06-20 10:22:14.219408,3658.2,85838.0,129792.0
2025-06-20 10:22:15.647845,3658.0,85838.0,129792.0
2025-06-20 10:22:15.929195,3658.0,86032.0,129270.0
2025-06-20 10:22:16.651579,3658.0,86032.0,129270.0
2025-06-20 10:22:16.930284,3658.0,86190.0,129297.0
2025-06-20 10:22:17.651269,3658.0,86190.0,129297.0
2025-06-20 10:22:17.933464,3658.0,85490.0,131180.0
2025-06-20 10:22:18.687901,3658.0,85490.0,131180.0
2025-06-20 10:22:18.817445,3658.0,85643.0,131025.0
2025-06-20 10:22:19.946937,3658.0,85661.0,130854.0
2025-06-20 10:22:20.648375,3658.1,85661.0,130854.0
2025-06-20 10:22:21.071253,3658.1,84539.0,130024.0
2025-06-20 10:22:21.656791,3658.1,84539.0,130024.0
2025-06-20 10:22:22.124994,3658.1,85549.0,130091.0
2025-06-20 10:22:22.670995,3658.1,85549.0,130091.0
2025-06-20 10:22:23.223915,3658.5,85542.0,129958.0
2025-06-20 10:22:23.651868,3657.4,85542.0,129958.0
2025-06-20 10:22:24.225457,3658.0,86021.0,129441.0
2025-06-20 10:22:24.653473,3658.0,86021.0,129441.0
2025-06-20 10:22:25.224826,3658.7,86315.0,129933.0
2025-06-20 10:22:25.651157,3658.7,86315.0,129933.0
2025-06-20 10:22:26.226746,3658.7,85590.0,129798.0
2025-06-20 10:22:26.649310,3658.0,85590.0,129798.0
2025-06-20 10:22:27.332972,3658.0,86093.0,130064.0
2025-06-20 10:22:28.332383,3658.0,85488.0,130646.0
2025-06-20 10:22:28.654234,3658.0,85488.0,130646.0
2025-06-20 10:22:29.438971,3658.0,85663.0,131370.0
2025-06-20 10:22:29.684819,3658.0,85663.0,131370.0
2025-06-20 10:22:30.611580,3657.5,82513.0,130513.0
2025-06-20 10:22:31.172197,3657.3,82513.0,130513.0
2025-06-20 10:22:31.630166,3658.0,84621.0,129543.0
2025-06-20 10:22:31.657647,3658.0,84621.0,129543.0
2025-06-20 10:22:32.629232,3656.2,84245.0,130544.0
2025-06-20 10:22:32.661339,3656.2,84245.0,130544.0
2025-06-20 10:22:33.728063,3656.2,84456.0,129572.0
2025-06-20 10:22:34.716963,3656.1,84456.0,129572.0
2025-06-20 10:22:34.831885,3656.1,84589.0,130363.0
2025-06-20 10:22:35.651128,3656.1,84589.0,130363.0
2025-06-20 10:22:35.956882,3656.1,85026.0,129486.0
2025-06-20 10:22:36.649985,3657.6,85026.0,129486.0
2025-06-20 10:22:36.833967,3657.6,84564.0,129417.0
2025-06-20 10:22:38.032782,3657.6,84578.0,129502.0
2025-06-20 10:22:38.656749,3656.6,84578.0,129502.0
2025-06-20 10:22:39.154689,3656.6,84037.0,130324.0
2025-06-20 10:22:40.150853,3656.6,84031.0,130452.0
2025-06-20 10:22:41.138701,3656.6,84789.0,130936.0
2025-06-20 10:22:41.683901,3657.6,84789.0,130936.0
2025-06-20 10:22:42.238816,3656.8,85399.0,129910.0
2025-06-20 10:22:42.695786,3656.8,85399.0,129910.0
2025-06-20 10:22:43.343082,3656.8,85992.0,130213.0
2025-06-20 10:22:44.449454,3656.8,85903.0,130240.0
2025-06-20 10:22:45.445927,3658.0,85491.0,131015.0
2025-06-20 10:22:45.650114,3658.0,85491.0,131015.0
2025-06-20 10:22:46.538386,3658.0,85326.0,131616.0
2025-06-20 10:22:47.639403,3658.0,85611.0,131191.0
2025-06-20 10:22:48.537994,3658.0,85785.0,130729.0
2025-06-20 10:22:49.653185,3658.0,85785.0,130729.0
2025-06-20 10:22:49.839116,3658.9,86101.0,129217.0
2025-06-20 10:22:50.651308,3658.9,86101.0,129217.0
2025-06-20 10:22:50.839826,3658.9,85899.0,129221.0
2025-06-20 10:22:51.649669,3658.9,85899.0,129221.0
2025-06-20 10:22:51.841458,3658.9,86096.0,129787.0
2025-06-20 10:22:52.839682,3658.9,86719.0,129488.0
2025-06-20 10:22:53.654082,3658.3,86719.0,129488.0
2025-06-20 10:22:53.740113,3658.3,86468.0,129488.0
2025-06-20 10:22:54.653905,3658.3,86468.0,129488.0
2025-06-20 10:22:54.899488,3658.3,86458.0,129536.0
2025-06-20 10:22:55.653637,3658.0,86458.0,129536.0
2025-06-20 10:22:55.843153,3658.0,86340.0,130332.0
2025-06-20 10:22:56.652820,3658.0,86340.0,130332.0
2025-06-20 10:22:56.953314,3658.0,86426.0,130603.0
2025-06-20 10:22:57.654121,3658.0,86426.0,130603.0
2025-06-20 10:22:58.012011,3658.0,86559.0,130593.0
2025-06-20 10:22:58.961310,3658.0,86518.0,130793.0
2025-06-20 10:22:59.952809,3658.0,86489.0,130325.0
2025-06-20 10:23:00.950525,3658.7,85494.0,130319.0
2025-06-20 10:23:01.648993,3658.7,85494.0,130319.0
2025-06-20 10:23:02.647604,3658.0,85494.0,130319.0
2025-06-20 10:23:02.902600,3658.0,86525.0,130098.0
2025-06-20 10:23:03.844255,3658.0,86481.0,130409.0
2025-06-20 10:23:04.653403,3658.0,86481.0,130409.0
2025-06-20 10:23:05.649440,3658.0,86481.0,130409.0
2025-06-20 10:23:05.748012,3658.8,86446.0,130360.0
2025-06-20 10:23:06.648918,3658.8,86446.0,130360.0
2025-06-20 10:23:08.650686,3658.0,86446.0,130360.0
2025-06-20 10:23:09.547037,3658.0,86191.0,130739.0
2025-06-20 10:23:09.699013,3658.0,86191.0,130739.0
2025-06-20 10:23:10.451205,3657.7,86320.0,130791.0
2025-06-20 10:23:10.649121,3657.7,86320.0,130791.0
2025-06-20 10:23:11.453754,3658.2,86067.0,130495.0
2025-06-20 10:23:11.731266,3658.2,86067.0,130495.0
2025-06-20 10:23:12.463417,3659.4,86256.0,128893.0
2025-06-20 10:23:12.654820,3659.4,86256.0,128893.0
2025-06-20 10:23:13.456656,3658.0,86329.0,129848.0
2025-06-20 10:23:13.649283,3658.0,86329.0,129848.0
2025-06-20 10:23:14.465590,3658.0,86269.0,130164.0
2025-06-20 10:23:14.649891,3658.8,86269.0,130164.0
2025-06-20 10:23:17.052990,3658.4,86422.0,131716.0
2025-06-20 10:23:17.649898,3658.4,86422.0,131716.0
2025-06-20 10:23:18.359992,3658.0,86337.0,132138.0
2025-06-20 10:23:18.707060,3658.0,86337.0,132138.0
2025-06-20 10:23:19.661840,3658.2,86337.0,132138.0
2025-06-20 10:23:20.651374,3658.0,86337.0,132138.0
2025-06-20 10:23:21.651960,3659.2,86337.0,132138.0
2025-06-20 10:23:22.256672,3659.2,86458.0,132008.0
2025-06-20 10:23:22.649022,3659.2,86458.0,132008.0
2025-06-20 10:23:23.256948,3659.2,85927.0,132116.0
2025-06-20 10:23:23.649558,3659.5,85927.0,132116.0
2025-06-20 10:23:24.258054,3659.2,86907.0,131708.0
2025-06-20 10:23:24.650962,3659.5,86907.0,131708.0
2025-06-20 10:23:25.655685,3657.6,86907.0,131708.0
2025-06-20 10:23:26.169779,3659.0,86684.0,132679.0
2025-06-20 10:23:26.650380,3659.0,86684.0,132679.0
2025-06-20 10:23:27.172302,3659.0,87109.0,132667.0
2025-06-20 10:23:29.072780,3659.0,86764.0,132481.0
2025-06-20 10:23:29.650811,3657.6,86764.0,132481.0
2025-06-20 10:23:31.103105,3658.8,86484.0,133545.0
2025-06-20 10:23:31.648828,3658.8,86484.0,133545.0
2025-06-20 10:23:32.102207,3658.8,86881.0,133915.0
2025-06-20 10:23:33.064087,3658.8,86720.0,133947.0
2025-06-20 10:23:34.065087,3658.8,86431.0,133685.0
2025-06-20 10:23:34.656980,3658.9,86431.0,133685.0
2025-06-20 10:23:34.990444,3658.9,86585.0,133540.0
2025-06-20 10:23:35.653383,3658.8,86585.0,133540.0
2025-06-20 10:23:35.893144,3658.8,85204.0,133869.0
2025-06-20 10:23:36.972795,3658.8,86785.0,133507.0
2025-06-20 10:23:37.650346,3658.8,86785.0,133507.0
2025-06-20 10:23:37.969529,3658.8,86827.0,133607.0
2025-06-20 10:23:38.653370,3657.6,86827.0,133607.0
2025-06-20 10:23:39.969286,3657.6,86076.0,134726.0
2025-06-20 10:23:40.711869,3658.2,86076.0,134726.0
2025-06-20 10:23:40.972979,3658.2,86350.0,134634.0
2025-06-20 10:23:42.653263,3657.1,86350.0,134634.0
2025-06-20 10:23:43.126169,3657.1,86367.0,135477.0
2025-06-20 10:23:43.884257,3657.1,85710.0,135710.0
2025-06-20 10:23:44.654820,3658.2,85710.0,135710.0
2025-06-20 10:23:46.703373,3658.2,85297.0,136446.0
2025-06-20 10:23:47.597331,3658.2,86721.0,136664.0
2025-06-20 10:23:48.475578,3658.2,86678.0,136775.0
2025-06-20 10:23:49.478389,3658.2,86233.0,136939.0
2025-06-20 10:23:50.476520,3658.2,86380.0,136691.0
2025-06-20 10:23:51.475434,3658.2,86509.0,136617.0
2025-06-20 10:23:51.653428,3658.2,86509.0,136617.0
2025-06-20 10:23:52.476394,3658.2,86568.0,136542.0
2025-06-20 10:23:53.475538,3658.2,86397.0,136524.0
2025-06-20 10:23:54.481777,3657.0,86218.0,136527.0
2025-06-20 10:23:54.654553,3657.0,86218.0,136527.0
2025-06-20 10:23:55.488587,3657.0,86176.0,136967.0
2025-06-20 10:23:56.478502,3657.9,85930.0,137744.0
2025-06-20 10:23:56.654393,3657.9,85930.0,137744.0
2025-06-20 10:23:57.981749,3657.9,86639.0,137250.0
2025-06-20 10:23:59.653721,3657.0,86639.0,137250.0
2025-06-20 10:24:00.181698,3657.0,86617.0,137545.0
2025-06-20 10:24:01.658316,3656.7,86617.0,137545.0
2025-06-20 10:24:01.709305,3657.0,85447.0,136859.0
2025-06-20 10:24:02.655756,3657.1,85447.0,136859.0
2025-06-20 10:24:02.697713,3657.1,86390.0,136583.0
2025-06-20 10:24:03.791244,3657.1,85152.0,137273.0
2025-06-20 10:24:04.988605,3657.1,86381.0,137435.0
2025-06-20 10:24:05.660850,3657.0,86381.0,137435.0
2025-06-20 10:24:06.051302,3657.0,86301.0,137561.0
2025-06-20 10:24:06.660042,3656.8,86301.0,137561.0
2025-06-20 10:24:07.394459,3656.8,86249.0,137973.0
2025-06-20 10:24:07.702076,3657.9,86249.0,137973.0
2025-06-20 10:24:08.190760,3657.9,86211.0,137973.0
2025-06-20 10:24:08.656558,3657.9,86211.0,137973.0
2025-06-20 10:24:09.251578,3657.9,86236.0,138289.0
2025-06-20 10:24:10.192871,3657.9,86063.0,138436.0
2025-06-20 10:24:10.922881,3657.0,86063.0,138436.0
2025-06-20 10:24:11.304649,3657.0,85969.0,138900.0
2025-06-20 10:24:11.655772,3657.9,85969.0,138900.0
2025-06-20 10:24:12.375321,3657.9,86083.0,138239.0
2025-06-20 10:24:13.430020,3657.9,86185.0,138149.0
2025-06-20 10:24:14.094193,3656.6,86185.0,138149.0
2025-06-20 10:24:14.631088,3656.6,86212.0,138379.0
2025-06-20 10:24:14.677178,3656.6,86212.0,138379.0
2025-06-20 10:24:15.516309,3656.6,86128.0,138095.0
2025-06-20 10:24:16.596243,3656.8,86128.0,138382.0
2025-06-20 10:24:16.731818,3656.8,86128.0,138382.0
2025-06-20 10:24:17.660007,3656.8,86128.0,138382.0
2025-06-20 10:24:17.712267,3656.8,85963.0,138627.0
2025-06-20 10:24:18.798917,3656.8,85650.0,138602.0
2025-06-20 10:24:19.652995,3656.8,85650.0,138602.0
2025-06-20 10:24:19.910442,3656.8,85833.0,138477.0
2025-06-20 10:24:20.935977,3656.8,86003.0,138677.0
2025-06-20 10:24:21.657171,3656.7,86003.0,138677.0
2025-06-20 10:24:22.001141,3657.0,86012.0,137950.0
2025-06-20 10:24:22.655407,3656.6,86012.0,137950.0
2025-06-20 10:24:23.102978,3656.6,86297.0,138088.0
2025-06-20 10:24:24.204603,3656.6,85702.0,138557.0
2025-06-20 10:24:24.665129,3656.4,85702.0,138557.0
2025-06-20 10:24:25.314107,3656.4,85865.0,139048.0
2025-06-20 10:24:26.202924,3656.4,85866.0,138979.0
2025-06-20 10:24:26.655018,3656.5,85866.0,138979.0
2025-06-20 10:24:27.309436,3657.0,86642.0,137829.0
2025-06-20 10:24:27.654003,3657.0,86642.0,137829.0
2025-06-20 10:24:28.505221,3657.0,86383.0,137667.0
2025-06-20 10:24:29.503458,3657.6,86118.0,137074.0
2025-06-20 10:24:29.657122,3658.0,86118.0,137074.0
2025-06-20 10:24:30.605703,3657.7,85737.0,135906.0
2025-06-20 10:24:30.655655,3657.7,85737.0,135906.0
2025-06-20 10:24:31.657266,3657.1,85737.0,135906.0
2025-06-20 10:24:31.713307,3657.1,86287.0,136241.0
2025-06-20 10:24:32.655478,3657.0,86287.0,136241.0
2025-06-20 10:24:32.715532,3657.0,86484.0,136184.0
2025-06-20 10:24:33.655732,3656.7,86484.0,136184.0
2025-06-20 10:24:33.805696,3656.7,86103.0,136629.0
2025-06-20 10:24:34.933401,3656.7,86078.0,137019.0
2025-06-20 10:24:35.654986,3658.0,86078.0,137019.0
2025-06-20 10:24:36.007421,3658.0,86100.0,137107.0
2025-06-20 10:24:36.657235,3658.0,86100.0,137107.0
2025-06-20 10:24:37.108538,3658.0,86016.0,136828.0
2025-06-20 10:24:38.209978,3658.0,85821.0,136878.0
2025-06-20 10:24:38.658009,3656.6,85821.0,136878.0
2025-06-20 10:24:39.309991,3656.6,86061.0,136696.0
2025-06-20 10:24:39.655955,3658.2,86061.0,136696.0
2025-06-20 10:24:40.450193,3658.2,86047.0,137436.0
2025-06-20 10:24:41.522019,3658.2,86188.0,137538.0
2025-06-20 10:24:42.295032,3658.2,86188.0,137538.0
2025-06-20 10:24:42.611710,3658.0,86120.0,137561.0
2025-06-20 10:24:42.652215,3658.0,86120.0,137561.0
2025-06-20 10:24:42.657518,3658.0,86120.0,137561.0
2025-06-20 10:24:42.960233,3658.0,86120.0,137561.0
2025-06-20 10:24:43.503944,3658.0,86120.0,137561.0
2025-06-20 10:24:43.532317,3658.0,85471.0,139169.0
2025-06-20 10:24:43.655327,3656.0,85471.0,139169.0
2025-06-20 10:24:43.783536,3656.0,85471.0,139169.0
2025-06-20 10:24:44.037111,3656.0,85471.0,139169.0
2025-06-20 10:24:44.612277,3656.0,85074.0,139833.0
2025-06-20 10:24:45.061807,3656.0,85074.0,139833.0
2025-06-20 10:24:45.720377,3656.0,85926.0,139143.0
2025-06-20 10:24:46.078990,3656.0,85926.0,139143.0
2025-06-20 10:24:46.812020,3656.0,85360.0,138870.0
2025-06-20 10:24:47.698115,3656.0,85360.0,138870.0
2025-06-20 10:24:47.940567,3656.0,86067.0,138977.0
2025-06-20 10:24:48.788655,3656.0,86067.0,138977.0
2025-06-20 10:24:49.012122,3657.7,85139.0,139035.0
2025-06-20 10:24:49.655608,3657.7,85139.0,139035.0
2025-06-20 10:24:49.798948,3657.7,85139.0,139035.0
2025-06-20 10:24:50.015370,3657.7,85738.0,139660.0
2025-06-20 10:24:50.658397,3656.0,85738.0,139660.0
2025-06-20 10:24:51.016647,3656.0,84303.0,139652.0
2025-06-20 10:24:51.294611,3656.0,84303.0,139652.0
2025-06-20 10:24:52.113804,3656.0,85150.0,139749.0
2025-06-20 10:24:52.573274,3656.0,85150.0,139749.0
2025-06-20 10:24:52.687627,3656.5,85150.0,139749.0
2025-06-20 10:24:53.215489,3656.5,85367.0,139551.0
2025-06-20 10:24:53.662058,3656.1,85367.0,139551.0
2025-06-20 10:24:53.826308,3656.1,85367.0,139551.0
2025-06-20 10:24:54.316424,3656.1,85456.0,140188.0
2025-06-20 10:24:55.457937,3656.1,85456.0,140188.0
2025-06-20 10:24:55.478781,3656.1,85461.0,140301.0
2025-06-20 10:24:56.515421,3657.4,85569.0,140423.0
2025-06-20 10:24:56.654792,3657.4,85569.0,140423.0
2025-06-20 10:24:57.618614,3657.0,85509.0,140439.0
2025-06-20 10:24:57.656873,3657.0,85509.0,140439.0
2025-06-20 10:24:58.660880,3657.5,85509.0,140439.0
2025-06-20 10:24:58.719137,3657.5,85469.0,140743.0
2025-06-20 10:24:59.817908,3657.5,85479.0,140829.0
2025-06-20 10:25:01.120428,3657.5,85386.0,140955.0
2025-06-20 10:25:01.661237,3657.5,85386.0,140955.0
2025-06-20 10:25:02.119034,3657.5,85620.0,139618.0
2025-06-20 10:25:02.657898,3657.5,85620.0,139618.0
2025-06-20 10:25:03.217744,3657.5,85494.0,140080.0
2025-06-20 10:25:04.322577,3657.5,85542.0,139709.0
2025-06-20 10:25:04.666046,3657.5,85542.0,139709.0
2025-06-20 10:25:05.226612,3657.5,85453.0,140414.0
2025-06-20 10:25:06.321279,3657.5,85423.0,139891.0
2025-06-20 10:25:06.658044,3657.5,85423.0,139891.0
2025-06-20 10:25:07.328250,3657.5,85575.0,140773.0
2025-06-20 10:25:08.438256,3657.5,84514.0,141246.0
2025-06-20 10:25:08.663933,3657.5,84514.0,141246.0
2025-06-20 10:25:09.522000,3657.5,85600.0,141623.0
2025-06-20 10:25:10.454327,3657.1,85387.0,141815.0
2025-06-20 10:25:10.676403,3657.5,85387.0,141815.0
2025-06-20 10:25:11.527055,3657.5,85420.0,141431.0
2025-06-20 10:25:12.526960,3657.1,85547.0,141956.0
2025-06-20 10:25:12.662674,3657.1,85547.0,141956.0
2025-06-20 10:25:13.526502,3657.1,85374.0,142509.0
2025-06-20 10:25:14.527522,3657.0,85020.0,142829.0
2025-06-20 10:25:14.659668,3657.0,85020.0,142829.0
2025-06-20 10:25:15.527717,3656.9,83671.0,143449.0
2025-06-20 10:25:15.663396,3656.9,83671.0,143449.0
2025-06-20 10:25:16.528999,3656.5,84024.0,144038.0
2025-06-20 10:25:16.660542,3656.5,84024.0,144038.0
2025-06-20 10:25:17.628486,3656.0,82913.0,143498.0
2025-06-20 10:25:17.658628,3656.0,82913.0,143498.0
2025-06-20 10:25:18.659078,3656.8,82913.0,143498.0
2025-06-20 10:25:18.729169,3656.8,83477.0,143724.0
2025-06-20 10:25:20.349870,3655.0,83477.0,143724.0
2025-06-20 10:25:20.357147,3655.0,82996.0,144466.0
2025-06-20 10:25:20.702297,3655.0,82996.0,144466.0
2025-06-20 10:25:20.941295,3655.0,82935.0,145315.0
2025-06-20 10:25:22.031031,3655.0,82975.0,143637.0
2025-06-20 10:25:22.658063,3656.2,82975.0,143637.0
2025-06-20 10:25:23.145117,3655.4,82844.0,143805.0
2025-06-20 10:25:23.663833,3655.4,82844.0,143805.0
2025-06-20 10:25:24.243971,3655.4,82757.0,143795.0
2025-06-20 10:25:24.664535,3655.4,82757.0,143795.0
2025-06-20 10:25:25.236021,3655.3,82887.0,144340.0
2025-06-20 10:25:25.666136,3656.2,82887.0,144340.0
2025-06-20 10:25:26.233653,3656.2,82806.0,144385.0
2025-06-20 10:25:26.783472,3656.2,82806.0,144385.0
2025-06-20 10:25:27.383583,3655.5,82555.0,144024.0
2025-06-20 10:25:27.706904,3655.5,82555.0,144024.0
2025-06-20 10:25:28.449112,3656.2,82919.0,143395.0
2025-06-20 10:25:28.658663,3656.2,82919.0,143395.0
2025-06-20 10:25:29.536353,3655.5,82747.0,143264.0
2025-06-20 10:25:29.656817,3655.5,82747.0,143264.0
2025-06-20 10:25:30.637484,3656.0,83071.0,142767.0
2025-06-20 10:25:30.659706,3656.0,83071.0,142767.0
2025-06-20 10:25:31.639614,3656.3,82354.0,142080.0
2025-06-20 10:25:31.665705,3656.3,82354.0,142080.0
2025-06-20 10:25:32.659191,3657.9,82354.0,142080.0
2025-06-20 10:25:32.740928,3657.9,83320.0,140724.0
2025-06-20 10:25:33.661612,3657.9,83320.0,140724.0
2025-06-20 10:25:33.741766,3657.9,82683.0,141223.0
2025-06-20 10:25:34.844206,3657.9,83039.0,141884.0
2025-06-20 10:25:35.661708,3657.6,83039.0,141884.0
2025-06-20 10:25:35.843782,3657.6,82649.0,141798.0
2025-06-20 10:25:36.660103,3657.9,82649.0,141798.0
2025-06-20 10:25:36.952840,3657.9,83096.0,141393.0
2025-06-20 10:25:37.658217,3657.9,83096.0,141393.0
2025-06-20 10:25:37.950062,3657.9,83028.0,141758.0
2025-06-20 10:25:38.657204,3657.9,83028.0,141758.0
2025-06-20 10:25:39.044897,3657.9,83105.0,141984.0
2025-06-20 10:25:39.663818,3656.6,83105.0,141984.0
2025-06-20 10:25:40.144438,3656.4,82487.0,141762.0
2025-06-20 10:25:40.667138,3656.4,82487.0,141762.0
2025-06-20 10:25:41.245426,3657.9,82860.0,141945.0
2025-06-20 10:25:41.658748,3657.9,82860.0,141945.0
2025-06-20 10:25:42.346276,3657.9,82709.0,141913.0
2025-06-20 10:25:42.688722,3657.9,82709.0,141913.0
2025-06-20 10:25:43.512314,3658.0,82390.0,141760.0
2025-06-20 10:25:43.734803,3656.7,82390.0,141760.0
2025-06-20 10:25:44.457692,3657.9,81859.0,142256.0
2025-06-20 10:25:44.663138,3657.9,81859.0,142256.0
2025-06-20 10:25:45.550176,3656.5,83233.0,142411.0
2025-06-20 10:25:45.658829,3656.5,83233.0,142411.0
2025-06-20 10:25:46.649773,3657.5,83233.0,142760.0
2025-06-20 10:25:46.661339,3657.5,83233.0,142760.0
2025-06-20 10:25:47.663458,3657.8,83233.0,142760.0
2025-06-20 10:25:47.750370,3657.8,83436.0,142690.0
2025-06-20 10:25:48.665362,3657.8,83436.0,142690.0
2025-06-20 10:25:48.856644,3657.8,83457.0,142514.0
2025-06-20 10:25:49.661667,3657.0,83457.0,142514.0
2025-06-20 10:25:49.958527,3657.0,83454.0,142522.0
2025-06-20 10:25:50.664855,3657.2,83454.0,142522.0
2025-06-20 10:25:50.959539,3657.2,83443.0,142870.0
2025-06-20 10:25:51.671783,3657.9,83443.0,142870.0
2025-06-20 10:25:51.962024,3657.9,83276.0,142966.0
2025-06-20 10:25:52.661978,3657.9,83276.0,142966.0
2025-06-20 10:25:53.055637,3657.9,83496.0,142410.0
2025-06-20 10:25:53.659831,3657.9,83496.0,142410.0
2025-06-20 10:25:54.156995,3657.9,83496.0,142751.0
2025-06-20 10:25:54.665984,3657.9,83496.0,142751.0
2025-06-20 10:25:55.313464,3657.9,83336.0,142730.0
2025-06-20 10:25:55.664420,3657.9,83336.0,142730.0
2025-06-20 10:25:56.257382,3657.9,83518.0,143483.0
2025-06-20 10:25:56.660943,3657.9,83518.0,143483.0
2025-06-20 10:25:57.357704,3657.9,83610.0,143278.0
2025-06-20 10:25:57.667232,3657.9,83610.0,143278.0
2025-06-20 10:25:58.959674,3657.9,83554.0,143409.0
2025-06-20 10:25:59.665903,3658.0,83554.0,143409.0
2025-06-20 10:26:00.159694,3658.0,83487.0,143734.0
2025-06-20 10:26:01.576670,3658.0,83549.0,143305.0
2025-06-20 10:26:01.660467,3658.0,83549.0,143305.0
2025-06-20 10:26:02.567392,3658.0,83531.0,143536.0
2025-06-20 10:26:02.668453,3658.0,83531.0,143536.0
2025-06-20 10:26:03.573401,3657.6,83424.0,143712.0
2025-06-20 10:26:03.665098,3657.6,83424.0,143712.0
2025-06-20 10:26:04.572695,3657.6,83673.0,143623.0
2025-06-20 10:26:04.661401,3657.6,83673.0,143623.0
2025-06-20 10:26:05.666719,3657.6,83494.0,143775.0
2025-06-20 10:26:06.659065,3658.0,83494.0,143775.0
2025-06-20 10:26:06.768475,3658.0,83502.0,144179.0
2025-06-20 10:26:07.764597,3658.0,83589.0,143181.0
2025-06-20 10:26:08.661685,3657.6,83589.0,143181.0
2025-06-20 10:26:08.867914,3658.0,83691.0,142888.0
2025-06-20 10:26:09.661644,3658.0,83691.0,142888.0
2025-06-20 10:26:09.965794,3658.0,83686.0,143303.0
2025-06-20 10:26:10.662996,3658.4,83686.0,143303.0
2025-06-20 10:26:10.968816,3658.4,83874.0,141439.0
2025-06-20 10:26:11.658924,3658.4,83874.0,141439.0
2025-06-20 10:26:12.076686,3658.4,83571.0,142594.0
2025-06-20 10:26:12.660531,3657.6,83571.0,142594.0
2025-06-20 10:26:13.175124,3657.6,83758.0,142958.0
2025-06-20 10:26:14.174706,3657.6,83339.0,142082.0
2025-06-20 10:26:14.663279,3658.0,83339.0,142082.0
2025-06-20 10:26:15.173388,3658.4,83734.0,141250.0
2025-06-20 10:26:15.662537,3658.4,83734.0,141250.0
2025-06-20 10:26:16.271837,3658.4,83626.0,140946.0
2025-06-20 10:26:17.373668,3657.6,83819.0,141374.0
2025-06-20 10:26:17.668680,3657.6,83819.0,141374.0
2025-06-20 10:26:18.480821,3658.9,84216.0,138155.0
2025-06-20 10:26:18.660776,3658.9,84216.0,138155.0
2025-06-20 10:26:19.588313,3659.0,84440.0,139366.0
2025-06-20 10:26:19.661340,3659.0,84440.0,139366.0
2025-06-20 10:26:20.583348,3659.0,83999.0,138974.0
2025-06-20 10:26:20.692794,3659.3,83999.0,138974.0
2025-06-20 10:26:21.660345,3659.3,83999.0,138974.0
2025-06-20 10:26:21.687355,3659.3,84432.0,138833.0
2025-06-20 10:26:22.661176,3659.5,84432.0,138833.0
2025-06-20 10:26:22.786670,3659.5,84082.0,138890.0
2025-06-20 10:26:23.781313,3659.5,83949.0,139067.0
2025-06-20 10:26:24.661969,3659.3,83949.0,139067.0
2025-06-20 10:26:24.779274,3659.3,84128.0,139351.0
2025-06-20 10:26:25.781941,3659.3,84134.0,139067.0
2025-06-20 10:26:26.661913,3659.5,84134.0,139067.0
2025-06-20 10:26:26.779841,3659.5,84194.0,138978.0
2025-06-20 10:26:27.783772,3658.9,83830.0,138887.0
2025-06-20 10:26:28.664014,3659.5,83830.0,138887.0
2025-06-20 10:26:28.790977,3659.5,84025.0,138987.0
2025-06-20 10:26:29.783724,3659.5,84357.0,138995.0
2025-06-20 10:26:30.669030,3658.6,84357.0,138995.0
2025-06-20 10:26:30.783667,3658.8,83957.0,138767.0
2025-06-20 10:26:31.670740,3659.5,83957.0,138767.0
2025-06-20 10:26:31.889995,3659.5,83852.0,138636.0
2025-06-20 10:26:32.664120,3659.3,83852.0,138636.0
2025-06-20 10:26:32.890282,3659.3,83677.0,138974.0
2025-06-20 10:26:33.661328,3659.4,83677.0,138974.0
2025-06-20 10:26:33.947182,3659.3,83570.0,139041.0
2025-06-20 10:26:34.666700,3659.5,83570.0,139041.0
2025-06-20 10:26:34.985816,3659.5,83058.0,138863.0
2025-06-20 10:26:35.985981,3659.5,83080.0,138599.0
2025-06-20 10:26:36.668362,3659.5,83080.0,138599.0
2025-06-20 10:26:36.986073,3659.5,82885.0,138421.0
2025-06-20 10:26:37.673036,3659.5,82885.0,138421.0
2025-06-20 10:26:37.986946,3659.3,82869.0,138457.0
2025-06-20 10:26:38.714730,3659.5,82869.0,138457.0
2025-06-20 10:26:38.988005,3659.5,83066.0,138704.0
2025-06-20 10:26:39.671992,3659.5,83066.0,138704.0
2025-06-20 10:26:39.896005,3659.5,82004.0,138581.0
2025-06-20 10:26:40.660514,3659.5,82004.0,138581.0
2025-06-20 10:26:40.898877,3659.5,82904.0,138745.0
2025-06-20 10:26:41.658718,3659.5,82904.0,138745.0
2025-06-20 10:26:41.898067,3659.5,83194.0,138775.0
2025-06-20 10:26:42.703003,3660.0,83194.0,138775.0
2025-06-20 10:26:42.989005,3660.0,83017.0,139007.0
2025-06-20 10:26:44.088585,3659.8,81907.0,139285.0
2025-06-20 10:26:44.809712,3659.3,81907.0,139285.0
2025-06-20 10:26:45.090824,3659.3,82562.0,139646.0
2025-06-20 10:26:46.097782,3659.3,81556.0,139978.0
2025-06-20 10:26:46.710222,3659.5,81556.0,139978.0
2025-06-20 10:26:47.198823,3659.3,82491.0,140678.0
2025-06-20 10:26:47.680520,3659.3,82491.0,140678.0
2025-06-20 10:26:48.313673,3658.9,82536.0,141132.0
2025-06-20 10:26:48.663105,3658.9,82536.0,141132.0
2025-06-20 10:26:49.421709,3659.0,82488.0,141237.0
2025-06-20 10:26:49.705454,3659.0,82488.0,141237.0
2025-06-20 10:26:50.503693,3659.4,82773.0,139629.0
2025-06-20 10:26:50.697618,3659.4,82773.0,139629.0
2025-06-20 10:26:51.676066,3659.0,82696.0,139952.0
2025-06-20 10:26:51.703677,3659.0,82696.0,139952.0
2025-06-20 10:26:52.602749,3660.0,82704.0,138883.0
2025-06-20 10:26:52.673343,3660.0,82704.0,138883.0
2025-06-20 10:26:53.686607,3660.0,82704.0,138883.0
2025-06-20 10:26:53.714527,3660.0,82559.0,138995.0
2025-06-20 10:26:54.697789,3659.5,82559.0,138995.0
2025-06-20 10:26:54.805415,3659.5,82441.0,139528.0
2025-06-20 10:26:56.074107,3659.1,82441.0,139528.0
2025-06-20 10:26:56.104653,3659.1,82952.0,139777.0
2025-06-20 10:26:57.008071,3659.5,82952.0,139777.0
2025-06-20 10:26:57.020471,3659.5,82793.0,139976.0
2025-06-20 10:26:58.011502,3659.5,82283.0,139914.0
2025-06-20 10:26:58.695134,3659.8,82283.0,139914.0
2025-06-20 10:26:59.105938,3659.8,83058.0,140254.0
2025-06-20 10:26:59.684407,3659.8,83058.0,140254.0
2025-06-20 10:27:00.210408,3659.8,83202.0,140099.0
2025-06-20 10:27:00.680855,3660.0,83202.0,140099.0
2025-06-20 10:27:01.104985,3660.0,83025.0,138977.0
2025-06-20 10:27:01.687614,3660.0,83025.0,138977.0
2025-06-20 10:27:02.210664,3659.7,82851.0,138677.0
2025-06-20 10:27:02.766604,3659.7,82851.0,138677.0
2025-06-20 10:27:03.304121,3659.5,83095.0,139070.0
2025-06-20 10:27:03.680316,3659.5,83095.0,139070.0
2025-06-20 10:27:04.519246,3660.0,82933.0,138765.0
2025-06-20 10:27:04.713151,3660.0,82933.0,138765.0
2025-06-20 10:27:05.511733,3660.0,82938.0,138770.0
2025-06-20 10:27:05.689752,3660.0,82938.0,138770.0
2025-06-20 10:27:06.511847,3660.0,83208.0,138622.0
2025-06-20 10:27:06.699725,3660.0,83208.0,138622.0
2025-06-20 10:27:07.518462,3660.0,83248.0,138957.0
2025-06-20 10:27:07.689236,3659.5,83248.0,138957.0
2025-06-20 10:27:08.538500,3660.0,83407.0,138637.0
2025-06-20 10:27:08.683807,3660.0,83407.0,138637.0
2025-06-20 10:27:09.611698,3661.0,83286.0,134266.0
2025-06-20 10:27:09.687063,3661.0,83286.0,134266.0
2025-06-20 10:27:10.684126,3661.0,83286.0,134266.0
2025-06-20 10:27:10.724833,3661.0,83820.0,133772.0
2025-06-20 10:27:11.669334,3660.6,83820.0,133772.0
2025-06-20 10:27:11.722587,3660.6,83219.0,133764.0
2025-06-20 10:27:12.668350,3661.0,83219.0,133764.0
2025-06-20 10:27:12.811464,3661.0,83286.0,133903.0
2025-06-20 10:27:13.678767,3661.0,83286.0,133903.0
2025-06-20 10:27:14.149528,3661.0,83097.0,133733.0
2025-06-20 10:27:14.669503,3661.9,83097.0,133733.0
2025-06-20 10:27:15.014256,3662.0,83329.0,132627.0
2025-06-20 10:27:15.663319,3662.0,83329.0,132627.0
2025-06-20 10:27:16.133903,3662.0,83430.0,132250.0
2025-06-20 10:27:16.662792,3661.8,83430.0,132250.0
2025-06-20 10:27:17.223976,3661.8,83583.0,132529.0
2025-06-20 10:27:18.119935,3661.8,83932.0,132880.0
2025-06-20 10:27:18.671144,3662.0,83932.0,132880.0
2025-06-20 10:27:19.662338,3662.0,83932.0,132880.0
2025-06-20 10:27:19.929936,3662.0,84210.0,132588.0
2025-06-20 10:27:20.669881,3663.0,84210.0,132588.0
2025-06-20 10:27:21.020049,3663.0,84455.0,132506.0
2025-06-20 10:27:21.663169,3663.0,84455.0,132506.0
2025-06-20 10:27:22.120579,3663.0,84468.0,132436.0
2025-06-20 10:27:22.680912,3663.0,84468.0,132436.0
2025-06-20 10:27:23.224933,3663.0,84471.0,131630.0
2025-06-20 10:27:24.322491,3663.1,83087.0,132593.0
2025-06-20 10:27:25.343598,3663.4,83087.0,132593.0
2025-06-20 10:27:25.439223,3663.4,84201.0,133200.0
2025-06-20 10:27:25.672640,3663.5,84201.0,133200.0
2025-06-20 10:27:26.528435,3663.8,83842.0,133385.0
2025-06-20 10:27:26.666496,3662.7,83842.0,133385.0
2025-06-20 10:27:27.623981,3661.9,82006.0,135100.0
2025-06-20 10:27:27.670286,3661.9,82006.0,135100.0
2025-06-20 10:27:28.626518,3662.5,82682.0,135564.0
2025-06-20 10:27:28.684752,3662.5,82682.0,135564.0
2025-06-20 10:27:29.746008,3662.0,82682.0,135564.0
2025-06-20 10:27:29.809475,3662.0,82253.0,135156.0
2025-06-20 10:27:30.703701,3662.0,82643.0,135137.0
2025-06-20 10:27:30.764873,3662.0,82643.0,135137.0
2025-06-20 10:27:31.738464,3662.0,82122.0,135084.0
2025-06-20 10:27:32.714997,3662.0,82122.0,135084.0
2025-06-20 10:27:32.742403,3662.0,82192.0,135336.0
2025-06-20 10:27:33.664123,3662.9,82192.0,135336.0
2025-06-20 10:27:33.831989,3662.0,82806.0,134516.0
2025-06-20 10:27:34.681278,3662.0,82806.0,134516.0
2025-06-20 10:27:34.946199,3662.0,82112.0,135244.0
2025-06-20 10:27:35.667241,3662.0,82112.0,135244.0
2025-06-20 10:27:36.032905,3662.0,82017.0,136299.0
2025-06-20 10:27:36.690202,3662.0,82017.0,136299.0
2025-06-20 10:27:37.166352,3661.6,82055.0,136201.0
2025-06-20 10:27:37.676491,3661.2,82055.0,136201.0
2025-06-20 10:27:38.036036,3661.2,81795.0,136194.0
2025-06-20 10:27:39.141288,3661.2,81423.0,136740.0
2025-06-20 10:27:40.238405,3661.0,81444.0,137560.0
2025-06-20 10:27:40.681102,3661.4,81444.0,137560.0
2025-06-20 10:27:41.341160,3661.4,81105.0,137816.0
2025-06-20 10:27:42.465463,3661.4,81498.0,138046.0
2025-06-20 10:27:42.682620,3661.4,81498.0,138046.0
2025-06-20 10:27:43.027261,3661.4,81498.0,138046.0
2025-06-20 10:27:43.539608,3661.2,81503.0,138330.0
2025-06-20 10:27:43.676584,3661.0,81503.0,138330.0
2025-06-20 10:27:43.689709,3661.0,81503.0,138330.0
2025-06-20 10:27:44.269015,3661.0,81503.0,138330.0
2025-06-20 10:27:44.545426,3661.0,81416.0,138785.0
2025-06-20 10:27:44.626283,3661.0,81416.0,138785.0
2025-06-20 10:27:44.667547,3661.0,81416.0,138785.0
2025-06-20 10:27:45.274961,3661.0,81416.0,138785.0
2025-06-20 10:27:45.642128,3661.1,81429.0,138020.0
2025-06-20 10:27:45.673869,3661.1,81429.0,138020.0
2025-06-20 10:27:45.769150,3661.1,81429.0,138020.0
2025-06-20 10:27:46.293549,3661.1,81429.0,138020.0
2025-06-20 10:27:46.784809,3661.1,80356.0,137874.0
2025-06-20 10:27:47.710697,3661.1,80356.0,137874.0
2025-06-20 10:27:47.720013,3660.5,80356.0,137874.0
2025-06-20 10:27:47.848875,3660.5,80935.0,137833.0
2025-06-20 10:27:48.957220,3660.5,80325.0,138922.0
2025-06-20 10:27:49.008248,3660.5,80325.0,138922.0
2025-06-20 10:27:49.675550,3660.1,80325.0,138922.0
2025-06-20 10:27:50.000184,3660.1,80325.0,138922.0
2025-06-20 10:27:50.045369,3660.1,80614.0,139602.0
2025-06-20 10:27:51.046488,3660.0,80541.0,139617.0
2025-06-20 10:27:51.516966,3660.0,80541.0,139617.0
2025-06-20 10:27:51.678173,3660.0,80541.0,139617.0
2025-06-20 10:27:52.048316,3660.6,80856.0,139661.0
2025-06-20 10:27:52.674862,3660.6,80856.0,139661.0
2025-06-20 10:27:52.818737,3660.6,80856.0,139661.0
2025-06-20 10:27:53.149322,3660.0,80884.0,138285.0
2025-06-20 10:27:53.669539,3660.0,80884.0,138285.0
2025-06-20 10:27:54.022131,3660.0,80884.0,138285.0
2025-06-20 10:27:54.248912,3660.0,80834.0,139208.0
2025-06-20 10:27:54.676978,3661.4,80834.0,139208.0
2025-06-20 10:27:55.350951,3661.4,80006.0,139183.0
2025-06-20 10:27:55.620754,3661.4,80006.0,139183.0
2025-06-20 10:27:56.353240,3661.4,80790.0,138705.0
2025-06-20 10:27:56.676222,3660.5,80790.0,138705.0
2025-06-20 10:27:57.464888,3660.8,80554.0,139176.0
2025-06-20 10:27:57.677754,3660.8,80554.0,139176.0
2025-06-20 10:27:58.460888,3660.8,80845.0,139321.0
2025-06-20 10:27:59.466888,3660.8,80914.0,138860.0
2025-06-20 10:28:00.671856,3661.0,80914.0,138860.0
2025-06-20 10:28:00.967067,3661.0,81116.0,138792.0
2025-06-20 10:28:01.714264,3661.0,81116.0,138792.0
2025-06-20 10:28:02.057954,3661.0,80799.0,138857.0
2025-06-20 10:28:02.967034,3661.0,80756.0,139404.0
2025-06-20 10:28:03.681049,3661.0,80756.0,139404.0
2025-06-20 10:28:04.058659,3661.0,80862.0,139323.0
2025-06-20 10:28:05.161151,3661.0,81245.0,138844.0
2025-06-20 10:28:05.668787,3661.0,81245.0,138844.0
2025-06-20 10:28:06.261296,3661.0,81185.0,139177.0
2025-06-20 10:28:06.667182,3661.0,81185.0,139177.0
2025-06-20 10:28:07.361452,3661.0,81447.0,138114.0
2025-06-20 10:28:07.672845,3661.0,81447.0,138114.0
2025-06-20 10:28:08.469135,3661.0,81079.0,138412.0
2025-06-20 10:28:08.667555,3661.0,81079.0,138412.0
2025-06-20 10:28:09.561771,3661.0,80572.0,139357.0
2025-06-20 10:28:09.668391,3660.6,80572.0,139357.0
2025-06-20 10:28:10.664883,3661.2,81030.0,140023.0
2025-06-20 10:28:10.669539,3661.2,81030.0,140023.0
2025-06-20 10:28:11.666841,3660.6,81030.0,140023.0
2025-06-20 10:28:11.762629,3660.6,80943.0,139779.0
2025-06-20 10:28:12.865484,3660.6,80996.0,140287.0
2025-06-20 10:28:13.966071,3660.6,80556.0,140861.0
2025-06-20 10:28:14.668281,3660.0,80556.0,140861.0
2025-06-20 10:28:15.066446,3660.0,80495.0,140951.0
2025-06-20 10:28:16.166665,3660.0,79062.0,141534.0
2025-06-20 10:28:17.297025,3659.3,79409.0,143306.0
2025-06-20 10:28:17.668016,3659.3,79409.0,143306.0
2025-06-20 10:28:18.369208,3659.4,78417.0,143109.0
2025-06-20 10:28:18.669250,3659.4,78417.0,143109.0
2025-06-20 10:28:19.479521,3659.4,79362.0,143306.0
2025-06-20 10:28:19.733731,3659.4,79362.0,143306.0
2025-06-20 10:28:20.572968,3658.0,79319.0,143889.0
2025-06-20 10:28:20.669031,3658.0,79319.0,143889.0
2025-06-20 10:28:21.478720,3659.4,78727.0,143406.0
2025-06-20 10:28:21.667495,3659.4,78727.0,143406.0
2025-06-20 10:28:22.711741,3659.4,78727.0,143406.0
2025-06-20 10:28:22.719261,3659.4,79562.0,143200.0
2025-06-20 10:28:23.687424,3658.1,79562.0,143200.0
2025-06-20 10:28:23.775306,3658.1,79446.0,143805.0
2025-06-20 10:28:24.671057,3658.1,79446.0,143805.0
2025-06-20 10:28:24.885504,3658.1,79728.0,143932.0
2025-06-20 10:28:25.980591,3658.1,79876.0,144031.0
2025-06-20 10:28:26.668778,3658.0,79876.0,144031.0
2025-06-20 10:28:27.075691,3658.0,79805.0,142611.0
2025-06-20 10:28:28.179389,3658.0,79610.0,143505.0
2025-06-20 10:28:29.277793,3658.0,79503.0,144079.0
2025-06-20 10:28:30.378087,3658.0,79471.0,144327.0
2025-06-20 10:28:31.481616,3657.8,79613.0,144511.0
2025-06-20 10:28:31.670488,3657.8,79613.0,144511.0
2025-06-20 10:28:32.580804,3657.8,79806.0,143080.0
2025-06-20 10:28:33.480872,3657.8,79643.0,143937.0
2025-06-20 10:28:34.595793,3658.2,79578.0,143191.0
2025-06-20 10:28:34.668177,3658.2,79578.0,143191.0
2025-06-20 10:28:35.585845,3657.8,79921.0,143655.0
2025-06-20 10:28:35.672731,3657.8,79921.0,143655.0
2025-06-20 10:28:36.677164,3657.7,79921.0,143655.0
2025-06-20 10:28:36.697985,3657.7,79693.0,143590.0
2025-06-20 10:28:37.668730,3657.8,79693.0,143590.0
2025-06-20 10:28:37.783995,3657.8,78901.0,144769.0
2025-06-20 10:28:38.671909,3657.8,78901.0,144769.0
2025-06-20 10:28:39.124815,3657.8,79891.0,145183.0
2025-06-20 10:28:39.691138,3657.8,79891.0,145183.0
2025-06-20 10:28:39.931940,3657.0,79832.0,144287.0
2025-06-20 10:28:40.670816,3657.8,79832.0,144287.0
2025-06-20 10:28:40.985072,3657.8,80056.0,144044.0
2025-06-20 10:28:41.985316,3657.8,80087.0,144051.0
2025-06-20 10:28:42.670919,3660.0,80087.0,144051.0
2025-06-20 10:28:43.083467,3660.0,80368.0,141872.0
2025-06-20 10:28:44.090960,3660.0,80540.0,142037.0
2025-06-20 10:28:44.670709,3659.0,80540.0,142037.0
2025-06-20 10:28:45.184387,3659.0,80571.0,142367.0
2025-06-20 10:28:45.676112,3658.6,80571.0,142367.0
2025-06-20 10:28:46.085592,3659.2,80666.0,138899.0
2025-06-20 10:28:46.673477,3659.2,80666.0,138899.0
2025-06-20 10:28:47.185538,3659.2,81061.0,140257.0
2025-06-20 10:28:48.286425,3659.2,81045.0,140364.0
2025-06-20 10:28:48.672498,3660.7,81045.0,140364.0
2025-06-20 10:28:49.390508,3660.8,81771.0,139431.0
2025-06-20 10:28:49.672931,3660.0,81771.0,139431.0
2025-06-20 10:28:50.593226,3660.0,82234.0,140092.0
2025-06-20 10:28:50.718884,3660.0,82234.0,140092.0
2025-06-20 10:28:51.587830,3660.0,81252.0,140641.0
2025-06-20 10:28:51.672205,3660.0,81252.0,140641.0
2025-06-20 10:28:52.589083,3660.0,81441.0,140868.0
2025-06-20 10:28:53.670043,3660.0,81441.0,140868.0
2025-06-20 10:28:53.712379,3660.0,81758.0,140775.0
2025-06-20 10:28:54.789642,3660.0,81486.0,140687.0
2025-06-20 10:28:55.669037,3660.0,81486.0,140687.0
2025-06-20 10:28:55.903247,3660.0,81492.0,140997.0
2025-06-20 10:28:56.670097,3660.0,81492.0,140997.0
2025-06-20 10:28:56.998902,3660.0,81583.0,140937.0
2025-06-20 10:28:57.676191,3660.0,81583.0,140937.0
2025-06-20 10:28:58.093344,3659.8,81639.0,140651.0
2025-06-20 10:28:58.673198,3659.8,81639.0,140651.0
2025-06-20 10:28:59.194429,3659.8,81715.0,140971.0
2025-06-20 10:29:00.299722,3659.4,81573.0,141255.0
2025-06-20 10:29:01.592311,3660.0,81834.0,140873.0
2025-06-20 10:29:01.671496,3660.0,81834.0,140873.0
2025-06-20 10:29:02.597298,3659.4,81694.0,141112.0
2025-06-20 10:29:02.676808,3659.4,81694.0,141112.0
2025-06-20 10:29:03.668378,3659.4,81694.0,141112.0
2025-06-20 10:29:03.707796,3659.4,81481.0,141752.0
2025-06-20 10:29:04.720694,3659.4,81502.0,141763.0
2025-06-20 10:29:05.672498,3659.3,81502.0,141763.0
2025-06-20 10:29:05.702950,3659.3,81577.0,141471.0
2025-06-20 10:29:06.672962,3659.3,81577.0,141471.0
2025-06-20 10:29:06.704118,3659.3,81584.0,141512.0
2025-06-20 10:29:07.670930,3659.3,81584.0,141512.0
2025-06-20 10:29:07.704200,3659.3,81581.0,141551.0
2025-06-20 10:29:08.670271,3659.4,81581.0,141551.0
2025-06-20 10:29:08.711870,3659.4,81582.0,141754.0
2025-06-20 10:29:09.600811,3659.4,81527.0,141908.0
2025-06-20 10:29:10.600676,3659.4,81557.0,141764.0
2025-06-20 10:29:11.603018,3659.4,81477.0,141621.0
2025-06-20 10:29:11.674353,3659.4,81477.0,141621.0
2025-06-20 10:29:12.602266,3659.4,81821.0,142116.0
2025-06-20 10:29:12.712203,3659.4,81821.0,142116.0
2025-06-20 10:29:13.602824,3659.8,81731.0,142467.0
2025-06-20 10:29:13.672547,3659.8,81731.0,142467.0
2025-06-20 10:29:14.603773,3659.8,80841.0,142385.0
2025-06-20 10:29:14.672246,3659.8,80841.0,142385.0
2025-06-20 10:29:15.608647,3659.9,81694.0,142597.0
2025-06-20 10:29:15.676120,3659.0,81694.0,142597.0
2025-06-20 10:29:16.604769,3659.0,81534.0,142636.0
2025-06-20 10:29:17.632481,3659.9,81835.0,142825.0
2025-06-20 10:29:17.676883,3659.9,81835.0,142825.0
2025-06-20 10:29:18.963528,3659.4,81835.0,142825.0
2025-06-20 10:29:18.989099,3659.4,81900.0,142593.0
2025-06-20 10:29:19.694351,3659.4,81900.0,142593.0
2025-06-20 10:29:19.718518,3659.4,81812.0,142549.0
2025-06-20 10:29:20.674031,3659.4,81812.0,142549.0
2025-06-20 10:29:20.719537,3659.4,81568.0,142557.0
2025-06-20 10:29:21.718318,3659.4,81614.0,142534.0
2025-06-20 10:29:22.687722,3659.4,81614.0,142534.0
2025-06-20 10:29:22.720401,3659.4,82045.0,142411.0
2025-06-20 10:29:23.719086,3659.4,81844.0,142471.0
2025-06-20 10:29:24.678749,3659.4,81844.0,142471.0
2025-06-20 10:29:24.810442,3659.4,82000.0,142630.0
2025-06-20 10:29:25.675685,3659.4,82000.0,142630.0
2025-06-20 10:29:25.928879,3659.4,81995.0,142626.0
2025-06-20 10:29:26.674525,3659.9,81995.0,142626.0
2025-06-20 10:29:27.020539,3659.9,81730.0,142412.0
2025-06-20 10:29:28.158186,3659.9,81607.0,142710.0
2025-06-20 10:29:28.672343,3660.0,81607.0,142710.0
2025-06-20 10:29:29.046970,3660.0,80739.0,142838.0
2025-06-20 10:29:30.041619,3660.0,81523.0,142837.0
2025-06-20 10:29:30.718886,3659.9,81523.0,142837.0
2025-06-20 10:29:31.116387,3659.9,81528.0,142843.0
2025-06-20 10:29:31.675766,3660.0,81528.0,142843.0
2025-06-20 10:29:32.116281,3660.0,81545.0,143136.0
2025-06-20 10:29:33.217664,3660.0,81612.0,142866.0
2025-06-20 10:29:33.677916,3659.6,81612.0,142866.0
2025-06-20 10:29:34.318181,3659.6,81896.0,144131.0
2025-06-20 10:29:34.673207,3659.8,81896.0,144131.0
2025-06-20 10:29:35.432848,3659.8,81878.0,144375.0
2025-06-20 10:29:35.676448,3659.8,81878.0,144375.0
2025-06-20 10:29:36.533829,3659.6,81645.0,143979.0
2025-06-20 10:29:36.672812,3659.6,81645.0,143979.0
2025-06-20 10:29:37.621285,3659.8,82080.0,142676.0
2025-06-20 10:29:37.674371,3659.8,82080.0,142676.0
2025-06-20 10:29:38.733543,3659.8,82137.0,141836.0
2025-06-20 10:29:39.678081,3660.8,82137.0,141836.0
2025-06-20 10:29:39.735266,3661.0,83116.0,137727.0
2025-06-20 10:29:40.675560,3661.5,83116.0,137727.0
2025-06-20 10:29:40.824064,3661.5,83399.0,136834.0
2025-06-20 10:29:41.683390,3661.8,83399.0,136834.0
2025-06-20 10:29:41.938526,3661.2,82481.0,138809.0
2025-06-20 10:29:42.672693,3661.2,82481.0,138809.0
2025-06-20 10:29:43.034966,3661.3,82605.0,139353.0
2025-06-20 10:29:43.675894,3661.8,82605.0,139353.0
2025-06-20 10:29:44.125961,3661.3,82746.0,139203.0
2025-06-20 10:29:44.745055,3661.3,82746.0,139203.0
2025-06-20 10:29:45.066058,3661.3,82614.0,138929.0
2025-06-20 10:29:46.093323,3661.3,84668.0,138589.0
2025-06-20 10:29:47.166009,3661.3,84255.0,139200.0
2025-06-20 10:29:47.677610,3661.3,84255.0,139200.0
2025-06-20 10:29:48.228512,3661.8,84463.0,139255.0
2025-06-20 10:29:48.675045,3661.8,84463.0,139255.0
2025-06-20 10:29:49.327292,3661.8,84474.0,139359.0
2025-06-20 10:29:49.693315,3661.8,84474.0,139359.0
2025-06-20 10:29:50.327702,3661.8,84388.0,139401.0
2025-06-20 10:29:51.331523,3661.8,84583.0,139751.0
2025-06-20 10:29:51.677209,3661.3,84583.0,139751.0
2025-06-20 10:29:52.329411,3661.8,84300.0,139953.0
2025-06-20 10:29:52.677610,3661.8,84300.0,139953.0
2025-06-20 10:29:53.351241,3661.2,83406.0,140060.0
2025-06-20 10:29:53.673834,3661.2,83406.0,140060.0
2025-06-20 10:29:54.333082,3661.2,84135.0,141369.0
2025-06-20 10:29:55.657130,3661.3,83813.0,143519.0
2025-06-20 10:29:55.707060,3661.3,83813.0,143519.0
2025-06-20 10:29:56.480316,3661.3,83919.0,143593.0
2025-06-20 10:29:57.472248,3661.3,84068.0,143612.0
2025-06-20 10:29:57.677757,3661.3,84068.0,143612.0
2025-06-20 10:29:58.536996,3661.8,84077.0,143466.0
2025-06-20 10:29:58.680166,3661.8,84077.0,143466.0
2025-06-20 10:29:59.645124,3661.8,84426.0,143478.0
2025-06-20 10:29:59.681949,3661.8,84426.0,143478.0
2025-06-20 10:30:01.517479,3661.8,83783.0,143483.0
2025-06-20 10:30:01.680535,3661.8,83783.0,143483.0
2025-06-20 10:30:02.451248,3661.7,84036.0,143479.0
2025-06-20 10:30:02.683368,3661.7,84036.0,143479.0
2025-06-20 10:30:03.465836,3661.7,83281.0,143669.0
2025-06-20 10:30:03.682901,3661.7,83281.0,143669.0
2025-06-20 10:30:04.343804,3661.7,83137.0,143544.0
2025-06-20 10:30:04.676230,3661.5,83137.0,143544.0
2025-06-20 10:30:05.480878,3661.5,83882.0,143611.0
2025-06-20 10:30:06.542166,3661.5,83138.0,143389.0
2025-06-20 10:30:06.680847,3661.5,83138.0,143389.0
2025-06-20 10:30:07.646380,3661.5,83714.0,143459.0
2025-06-20 10:30:08.646141,3661.5,82913.0,143291.0
2025-06-20 10:30:09.711462,3661.5,83239.0,142957.0
2025-06-20 10:30:09.745454,3661.5,83239.0,142957.0
2025-06-20 10:30:10.652681,3661.5,83570.0,142858.0
2025-06-20 10:30:10.704736,3661.5,83570.0,142858.0
2025-06-20 10:30:11.667320,3661.7,82919.0,143079.0
2025-06-20 10:30:11.703507,3661.7,82919.0,143079.0
2025-06-20 10:30:12.649067,3661.7,82997.0,143064.0
2025-06-20 10:30:13.649745,3661.7,82502.0,144013.0
2025-06-20 10:30:13.724705,3661.7,82502.0,144013.0
2025-06-20 10:30:14.550900,3661.7,82886.0,143634.0
2025-06-20 10:30:14.693849,3661.7,82886.0,143634.0
2025-06-20 10:30:15.650757,3661.7,82694.0,143759.0
2025-06-20 10:30:15.700407,3661.7,82694.0,143759.0
2025-06-20 10:30:16.734851,3661.9,82886.0,144045.0
2025-06-20 10:30:16.959430,3661.9,82886.0,144045.0
2025-06-20 10:30:17.692295,3661.2,82886.0,144045.0
2025-06-20 10:30:17.849856,3661.2,82688.0,144323.0
2025-06-20 10:30:18.790708,3660.0,82688.0,144323.0
2025-06-20 10:30:18.851588,3660.0,83315.0,144335.0
2025-06-20 10:30:19.756203,3660.0,83607.0,144284.0
2025-06-20 10:30:20.857995,3660.0,82969.0,144455.0
2025-06-20 10:30:21.969061,3660.0,83059.0,144696.0
2025-06-20 10:30:22.680590,3662.0,83059.0,144696.0
2025-06-20 10:30:23.056468,3662.0,83488.0,144665.0
2025-06-20 10:30:23.722205,3662.0,83488.0,144665.0
2025-06-20 10:30:24.153756,3662.0,83365.0,144412.0
2025-06-20 10:30:25.256684,3661.4,83257.0,144202.0
2025-06-20 10:30:25.712645,3661.4,83257.0,144202.0
2025-06-20 10:30:26.258395,3661.4,83436.0,144227.0
2025-06-20 10:30:26.719109,3662.0,83436.0,144227.0
2025-06-20 10:30:27.358436,3661.4,83224.0,144098.0
2025-06-20 10:30:27.705812,3662.0,83224.0,144098.0
2025-06-20 10:30:28.472250,3661.4,83236.0,144131.0
2025-06-20 10:30:28.698110,3662.0,83236.0,144131.0
2025-06-20 10:30:29.559622,3662.0,83372.0,144377.0
2025-06-20 10:30:30.558724,3662.0,83415.0,144110.0
2025-06-20 10:30:31.331029,3662.0,83415.0,144110.0
2025-06-20 10:30:31.567734,3662.0,83374.0,144049.0
2025-06-20 10:30:32.766951,3662.0,83064.0,143815.0
2025-06-20 10:30:33.682976,3661.6,83064.0,143815.0
2025-06-20 10:30:33.864568,3661.6,83607.0,141980.0
2025-06-20 10:30:34.977712,3661.6,83302.0,142644.0
2025-06-20 10:30:36.065308,3661.6,83251.0,142832.0
2025-06-20 10:30:37.065139,3661.6,83120.0,142880.0
2025-06-20 10:30:38.175264,3661.6,83551.0,143264.0
2025-06-20 10:30:39.278908,3661.6,83577.0,143224.0
2025-06-20 10:30:39.692578,3661.6,83577.0,143224.0
2025-06-20 10:30:40.271449,3661.6,83550.0,143288.0
2025-06-20 10:30:41.372260,3662.0,83830.0,142152.0
2025-06-20 10:30:41.683007,3662.0,83830.0,142152.0
2025-06-20 10:30:42.482590,3662.0,83877.0,142426.0
2025-06-20 10:30:42.679781,3662.0,83877.0,142426.0
2025-06-20 10:30:43.184334,3662.0,83877.0,142426.0
2025-06-20 10:30:43.483748,3662.0,84009.0,143006.0
2025-06-20 10:30:43.534888,3662.0,84009.0,143006.0
2025-06-20 10:30:44.214069,3662.0,84009.0,143006.0
2025-06-20 10:30:44.575037,3661.9,83428.0,143091.0
2025-06-20 10:30:44.630663,3661.9,83428.0,143091.0
2025-06-20 10:30:44.681769,3661.9,83428.0,143091.0
2025-06-20 10:30:44.934942,3661.9,83428.0,143091.0
2025-06-20 10:30:45.311372,3661.9,83428.0,143091.0
2025-06-20 10:30:45.690309,3662.0,83428.0,143091.0
2025-06-20 10:30:45.696837,3662.0,83578.0,142724.0
2025-06-20 10:30:46.008336,3662.0,83578.0,142724.0
2025-06-20 10:30:46.490075,3662.0,83578.0,142724.0
2025-06-20 10:30:46.677830,3661.9,83578.0,142724.0
2025-06-20 10:30:46.784146,3661.9,83836.0,142915.0
2025-06-20 10:30:47.021546,3661.9,83836.0,142915.0
2025-06-20 10:30:47.665830,3661.9,83836.0,142915.0
2025-06-20 10:30:47.703142,3661.9,83836.0,142915.0
2025-06-20 10:30:47.873040,3661.9,83811.0,141739.0
2025-06-20 10:30:48.416487,3661.9,83811.0,141739.0
2025-06-20 10:30:48.982150,3661.8,83990.0,141689.0
2025-06-20 10:30:49.683952,3661.8,83990.0,141689.0
2025-06-20 10:30:49.725683,3661.8,83990.0,141689.0
2025-06-20 10:30:50.077450,3661.9,84414.0,141644.0
2025-06-20 10:30:50.687637,3661.9,84414.0,141644.0
2025-06-20 10:30:50.757754,3661.9,84414.0,141644.0
2025-06-20 10:30:51.190561,3661.9,84496.0,141538.0
2025-06-20 10:30:51.684938,3662.0,84496.0,141538.0
2025-06-20 10:30:52.255038,3662.0,84496.0,141538.0
2025-06-20 10:30:52.284601,3662.4,84382.0,141553.0
2025-06-20 10:30:52.696210,3663.0,84382.0,141553.0
2025-06-20 10:30:53.378209,3663.1,84260.0,140893.0
2025-06-20 10:30:53.519874,3663.1,84260.0,140893.0
2025-06-20 10:30:53.733009,3663.1,84260.0,140893.0
2025-06-20 10:30:54.485800,3663.0,84352.0,140515.0
2025-06-20 10:30:54.683199,3663.0,84352.0,140515.0
2025-06-20 10:30:54.804051,3663.0,84352.0,140515.0
2025-06-20 10:30:55.579078,3663.0,84566.0,140507.0
2025-06-20 10:30:56.509691,3663.0,84566.0,140507.0
2025-06-20 10:30:56.692548,3663.7,84566.0,140507.0
2025-06-20 10:30:56.707568,3663.7,84532.0,140460.0
2025-06-20 10:30:57.717146,3663.8,84532.0,140460.0
2025-06-20 10:30:57.779881,3663.8,84809.0,137694.0
2025-06-20 10:30:58.688279,3663.8,84809.0,137694.0
2025-06-20 10:30:58.904465,3663.8,84948.0,138954.0
2025-06-20 10:30:59.688273,3664.1,84948.0,138954.0
2025-06-20 10:31:00.080385,3664.1,84945.0,139148.0
2025-06-20 10:31:00.691467,3664.4,84945.0,139148.0
2025-06-20 10:31:01.279437,3664.4,85510.0,139125.0
2025-06-20 10:31:01.689563,3664.9,85510.0,139125.0
2025-06-20 10:31:02.302850,3664.8,85734.0,138492.0
2025-06-20 10:31:02.691493,3664.8,85734.0,138492.0
2025-06-20 10:31:03.444878,3664.7,84549.0,138705.0
2025-06-20 10:31:03.686230,3664.8,84549.0,138705.0
2025-06-20 10:31:04.491440,3664.8,84615.0,140232.0
2025-06-20 10:31:04.691465,3664.8,84615.0,140232.0
2025-06-20 10:31:05.579586,3665.0,84821.0,140099.0
2025-06-20 10:31:05.691648,3665.0,84821.0,140099.0
2025-06-20 10:31:06.578368,3665.0,84875.0,139773.0
2025-06-20 10:31:06.697027,3665.0,84875.0,139773.0
2025-06-20 10:31:07.584211,3665.0,84939.0,139642.0
2025-06-20 10:31:07.692213,3665.0,84939.0,139642.0
2025-06-20 10:31:08.694892,3665.0,84939.0,139642.0
2025-06-20 10:31:08.720777,3665.0,84759.0,139658.0
2025-06-20 10:31:09.947294,3664.9,84759.0,139658.0
2025-06-20 10:31:09.954470,3664.9,84738.0,139991.0
2025-06-20 10:31:10.693991,3664.9,84738.0,139991.0
2025-06-20 10:31:10.799058,3664.9,84744.0,140134.0
2025-06-20 10:31:11.708983,3664.9,84744.0,140134.0
2025-06-20 10:31:11.790915,3664.9,84762.0,140755.0
2025-06-20 10:31:12.697871,3665.0,84762.0,140755.0
2025-06-20 10:31:12.719535,3665.0,84835.0,139973.0
2025-06-20 10:31:13.759095,3665.0,84835.0,139973.0
2025-06-20 10:31:13.790213,3665.0,85425.0,139518.0
2025-06-20 10:31:14.702026,3665.3,85425.0,139518.0
2025-06-20 10:31:14.896085,3665.3,86108.0,137713.0
2025-06-20 10:31:15.692445,3666.0,86108.0,137713.0
2025-06-20 10:31:15.998374,3666.0,85669.0,137238.0
2025-06-20 10:31:16.702072,3666.0,85669.0,137238.0
2025-06-20 10:31:17.091149,3667.0,85135.0,137329.0
2025-06-20 10:31:17.692508,3666.0,85135.0,137329.0
2025-06-20 10:31:18.192948,3665.7,84663.0,137483.0
2025-06-20 10:31:18.721799,3665.7,84663.0,137483.0
2025-06-20 10:31:19.094119,3665.7,85034.0,137480.0
2025-06-20 10:31:19.694474,3665.7,85034.0,137480.0
2025-06-20 10:31:20.194495,3665.8,84510.0,137852.0
2025-06-20 10:31:20.695822,3666.6,84510.0,137852.0
2025-06-20 10:31:21.300526,3666.6,83389.0,138495.0
2025-06-20 10:31:21.704265,3666.6,83389.0,138495.0
2025-06-20 10:31:22.403486,3666.6,84252.0,138786.0
2025-06-20 10:31:23.498819,3666.6,83953.0,138800.0
2025-06-20 10:31:24.508611,3665.7,84140.0,138965.0
2025-06-20 10:31:24.700842,3665.7,84140.0,138965.0
2025-06-20 10:31:25.599439,3665.7,84347.0,138767.0
2025-06-20 10:31:26.689070,3667.0,84347.0,138767.0
2025-06-20 10:31:26.703562,3667.0,84559.0,138210.0
2025-06-20 10:31:27.729729,3667.0,84559.0,138210.0
2025-06-20 10:31:27.798757,3667.0,84707.0,138299.0
2025-06-20 10:31:28.737874,3667.0,84707.0,138299.0
2025-06-20 10:31:29.152106,3667.0,84558.0,138439.0
2025-06-20 10:31:29.742095,3665.8,84558.0,138439.0
2025-06-20 10:31:30.008090,3665.8,84615.0,138281.0
2025-06-20 10:31:30.710583,3665.7,84615.0,138281.0
2025-06-20 10:31:31.013818,3665.7,84351.0,139165.0
2025-06-20 10:31:32.103248,3665.7,83772.0,139234.0
2025-06-20 10:31:32.718513,3665.7,83772.0,139234.0
2025-06-20 10:31:33.205427,3665.6,83495.0,141551.0
2025-06-20 10:31:33.734646,3666.0,83495.0,141551.0
2025-06-20 10:31:34.302836,3665.4,83606.0,141189.0
2025-06-20 10:31:34.737864,3665.4,83606.0,141189.0
2025-06-20 10:31:35.507166,3665.4,83255.0,141439.0
2025-06-20 10:31:35.706502,3665.4,83255.0,141439.0
2025-06-20 10:31:36.422558,3665.4,82615.0,141487.0
2025-06-20 10:31:37.504344,3665.4,83526.0,141268.0
2025-06-20 10:31:37.701698,3665.9,83526.0,141268.0
2025-06-20 10:31:38.654076,3665.9,83248.0,141846.0
2025-06-20 10:31:39.748222,3665.4,83248.0,141846.0
2025-06-20 10:31:40.202919,3665.4,83076.0,142170.0
2025-06-20 10:31:41.040902,3665.0,83076.0,142170.0
2025-06-20 10:31:41.049083,3665.0,82454.0,142767.0
2025-06-20 10:31:41.732325,3664.9,82454.0,142767.0
2025-06-20 10:31:41.921553,3664.8,82899.0,142938.0
2025-06-20 10:31:42.693046,3664.8,82899.0,142938.0
2025-06-20 10:31:42.920395,3664.8,82952.0,142909.0
2025-06-20 10:31:44.179881,3664.8,82784.0,142583.0
2025-06-20 10:31:45.110201,3664.0,82405.0,142494.0
2025-06-20 10:31:45.727363,3664.9,82405.0,142494.0
2025-06-20 10:31:46.210171,3664.9,82834.0,142878.0
2025-06-20 10:31:47.314068,3664.9,83322.0,142600.0
2025-06-20 10:31:48.313659,3664.9,83313.0,142600.0
2025-06-20 10:31:49.514071,3664.3,82265.0,142635.0
2025-06-20 10:31:49.699950,3664.3,82265.0,142635.0
2025-06-20 10:31:50.512170,3664.2,82891.0,143270.0
2025-06-20 10:31:50.706370,3664.2,82891.0,143270.0
2025-06-20 10:31:51.613693,3664.2,82932.0,143697.0
2025-06-20 10:31:51.694709,3664.2,82932.0,143697.0
2025-06-20 10:31:52.700461,3664.2,82932.0,143697.0
2025-06-20 10:31:52.734280,3664.2,82454.0,143637.0
2025-06-20 10:31:53.687169,3664.7,82454.0,143637.0
2025-06-20 10:31:53.818571,3664.7,82670.0,143621.0
2025-06-20 10:31:54.713725,3664.2,82670.0,143621.0
2025-06-20 10:31:54.821012,3664.2,82088.0,144329.0
2025-06-20 10:31:55.708769,3664.0,82088.0,144329.0
2025-06-20 10:31:55.925854,3664.0,81890.0,145719.0
2025-06-20 10:31:56.686273,3663.2,81890.0,145719.0
2025-06-20 10:31:57.022213,3663.2,82631.0,144440.0
2025-06-20 10:31:58.118410,3663.2,82670.0,144348.0
2025-06-20 10:31:59.218955,3663.5,79552.0,147220.0
2025-06-20 10:31:59.686694,3663.5,79552.0,147220.0
2025-06-20 10:32:00.122150,3663.5,80688.0,146506.0
2025-06-20 10:32:00.742556,3663.0,80688.0,146506.0
2025-06-20 10:32:01.027292,3663.0,82343.0,146207.0
2025-06-20 10:32:02.031655,3662.6,82338.0,145833.0
2025-06-20 10:32:02.698368,3663.0,82338.0,145833.0
2025-06-20 10:32:04.698128,3662.7,82338.0,145833.0
2025-06-20 10:32:05.948961,3661.8,80554.0,149406.0
2025-06-20 10:32:06.937812,3662.5,80554.0,149406.0
2025-06-20 10:32:07.698559,3662.5,80554.0,149406.0
2025-06-20 10:32:08.691423,3662.3,80554.0,149406.0
2025-06-20 10:32:09.691295,3661.8,80554.0,149406.0
2025-06-20 10:32:11.699201,3662.3,80554.0,149406.0
2025-06-20 10:32:12.684449,3661.8,80554.0,149406.0
2025-06-20 10:32:13.151948,3661.8,80787.0,150598.0
2025-06-20 10:32:14.684428,3661.2,80787.0,150598.0
2025-06-20 10:32:15.698602,3662.1,80787.0,150598.0
2025-06-20 10:32:16.683638,3661.1,80787.0,150598.0
2025-06-20 10:32:17.687515,3661.0,80787.0,150598.0
2025-06-20 10:32:18.839849,3661.0,81702.0,149712.0
2025-06-20 10:32:19.686844,3660.8,81702.0,149712.0
2025-06-20 10:32:21.684643,3660.8,81702.0,149712.0
2025-06-20 10:32:22.699011,3660.8,81702.0,149712.0
2025-06-20 10:32:23.689178,3661.0,81702.0,149712.0
2025-06-20 10:32:24.689480,3661.0,81702.0,149712.0
2025-06-20 10:32:26.684557,3661.8,81702.0,149712.0
2025-06-20 10:32:28.691228,3661.8,81702.0,149712.0
2025-06-20 10:32:29.897295,3662.0,81702.0,149712.0
2025-06-20 10:32:31.689711,3661.8,81702.0,149712.0
2025-06-20 10:32:32.719917,3661.8,81702.0,149712.0
2025-06-20 10:32:33.682053,3661.2,81702.0,149712.0
2025-06-20 10:32:34.685386,3661.0,81702.0,149712.0
2025-06-20 10:32:35.718585,3661.2,81702.0,149712.0
2025-06-20 10:32:37.687990,3662.0,81702.0,149712.0
2025-06-20 10:32:38.911107,3661.2,81702.0,149712.0
2025-06-20 10:32:40.699745,3661.8,81702.0,149712.0
2025-06-20 10:32:41.148904,3661.8,81860.0,148235.0
2025-06-20 10:32:41.683988,3663.0,81860.0,148235.0
2025-06-20 10:32:42.684224,3661.8,81860.0,148235.0
2025-06-20 10:32:43.689382,3661.7,81860.0,148235.0
2025-06-20 10:32:44.052094,3661.7,82392.0,149416.0
2025-06-20 10:32:44.689196,3663.1,82392.0,149416.0
2025-06-20 10:32:45.685418,3663.1,82392.0,149416.0
