timestamp,ltp,bid_qty,ask_qty
2025-06-20 10:10:48.213713,3161.3,118455.0,166001.0
2025-06-20 10:10:48.589485,3162.5,118455.0,166001.0
2025-06-20 10:10:48.664355,3162.5,118036.0,166565.0
2025-06-20 10:10:49.587243,3162.4,118036.0,166565.0
2025-06-20 10:10:49.668652,3162.4,118227.0,166246.0
2025-06-20 10:10:50.583593,3162.4,118227.0,166246.0
2025-06-20 10:10:50.664264,3161.6,118580.0,165847.0
2025-06-20 10:10:51.587589,3162.6,118580.0,165847.0
2025-06-20 10:10:51.666190,3161.6,118561.0,165779.0
2025-06-20 10:10:52.585125,3161.6,118561.0,165779.0
2025-06-20 10:10:52.664113,3161.6,119080.0,166158.0
2025-06-20 10:10:53.584131,3162.5,119080.0,166158.0
2025-06-20 10:10:53.666362,3162.5,118297.0,166361.0
2025-06-20 10:10:54.585708,3161.4,118297.0,166361.0
2025-06-20 10:10:54.665315,3162.5,118683.0,166864.0
2025-06-20 10:10:55.585154,3162.5,118683.0,166864.0
2025-06-20 10:10:55.664086,3162.5,118780.0,167024.0
2025-06-20 10:10:56.591567,3162.5,118780.0,167024.0
2025-06-20 10:10:56.667400,3162.5,119325.0,167702.0
2025-06-20 10:10:57.585082,3161.3,119325.0,167702.0
2025-06-20 10:10:57.667424,3161.3,118858.0,167529.0
2025-06-20 10:10:58.766420,3161.3,118127.0,167588.0
2025-06-20 10:10:59.590106,3161.3,118127.0,167588.0
2025-06-20 10:10:59.876596,3161.3,117939.0,167663.0
2025-06-20 10:11:00.968806,3162.2,118142.0,168019.0
2025-06-20 10:11:01.596498,3162.0,118142.0,168019.0
2025-06-20 10:11:02.070620,3162.2,117670.0,168192.0
2025-06-20 10:11:02.586995,3162.2,117670.0,168192.0
2025-06-20 10:11:03.170999,3161.0,118321.0,168001.0
2025-06-20 10:11:03.587646,3161.0,118321.0,168001.0
2025-06-20 10:11:04.271324,3161.0,118468.0,168553.0
2025-06-20 10:11:05.371378,3161.0,118651.0,168332.0
2025-06-20 10:11:05.587642,3161.0,118651.0,168332.0
2025-06-20 10:11:06.478995,3161.3,119163.0,168227.0
2025-06-20 10:11:06.594779,3162.2,119163.0,168227.0
2025-06-20 10:11:07.586439,3162.1,117035.0,169293.0
2025-06-20 10:11:07.597933,3162.1,117035.0,169293.0
2025-06-20 10:11:08.867583,3162.1,117405.0,169407.0
2025-06-20 10:11:09.672803,3162.1,117209.0,169294.0
2025-06-20 10:11:10.625810,3160.4,117209.0,169294.0
2025-06-20 10:11:10.773378,3160.4,116753.0,170030.0
2025-06-20 10:11:11.590794,3161.8,116753.0,170030.0
2025-06-20 10:11:12.104650,3161.8,116425.0,170133.0
2025-06-20 10:11:12.854449,3160.0,116425.0,170133.0
2025-06-20 10:11:12.976899,3160.6,115622.0,172695.0
2025-06-20 10:11:13.611248,3156.0,115622.0,172695.0
2025-06-20 10:11:14.081909,3156.3,109869.0,176633.0
2025-06-20 10:11:14.590194,3156.3,109869.0,176633.0
2025-06-20 10:11:15.076733,3156.7,110623.0,175735.0
2025-06-20 10:11:15.595326,3156.7,110623.0,175735.0
2025-06-20 10:11:16.177611,3157.8,111103.0,175645.0
2025-06-20 10:11:16.597058,3156.7,111103.0,175645.0
2025-06-20 10:11:17.178335,3156.7,110955.0,175702.0
2025-06-20 10:11:17.600294,3156.7,110955.0,175702.0
2025-06-20 10:11:18.178668,3156.7,110899.0,175810.0
2025-06-20 10:11:18.616649,3157.9,110899.0,175810.0
2025-06-20 10:11:19.314385,3156.7,110511.0,175854.0
2025-06-20 10:11:19.595568,3156.7,110511.0,175854.0
2025-06-20 10:11:20.185591,3157.0,110218.0,176591.0
2025-06-20 10:11:20.586473,3157.1,110218.0,176591.0
2025-06-20 10:11:21.180036,3156.7,110630.0,176266.0
2025-06-20 10:11:21.613506,3157.5,110630.0,176266.0
2025-06-20 10:11:22.179463,3156.7,110524.0,176224.0
2025-06-20 10:11:22.597370,3157.8,110524.0,176224.0
2025-06-20 10:11:23.280987,3156.7,110229.0,176403.0
2025-06-20 10:11:23.595470,3157.9,110229.0,176403.0
2025-06-20 10:11:24.286059,3157.9,111496.0,174545.0
2025-06-20 10:11:24.636798,3158.3,111496.0,174545.0
2025-06-20 10:11:25.392414,3158.1,112093.0,174373.0
2025-06-20 10:11:26.248702,3158.8,112093.0,174373.0
2025-06-20 10:11:26.511556,3158.8,112387.0,174449.0
2025-06-20 10:11:26.597088,3158.8,112387.0,174449.0
2025-06-20 10:11:27.596620,3157.9,112387.0,174449.0
2025-06-20 10:11:27.684330,3157.9,112129.0,174006.0
2025-06-20 10:11:28.846438,3157.9,112129.0,174006.0
2025-06-20 10:11:28.876616,3157.9,112262.0,174148.0
2025-06-20 10:11:29.592408,3158.1,112262.0,174148.0
2025-06-20 10:11:29.899022,3158.1,112169.0,173362.0
2025-06-20 10:11:30.592375,3158.1,112169.0,173362.0
2025-06-20 10:11:30.903264,3158.1,112855.0,173624.0
2025-06-20 10:11:32.092536,3158.1,113101.0,173703.0
2025-06-20 10:11:32.593036,3158.1,113101.0,173703.0
2025-06-20 10:11:33.188556,3159.5,113146.0,173846.0
2025-06-20 10:11:33.583398,3159.5,113146.0,173846.0
2025-06-20 10:11:34.190399,3159.5,112923.0,173922.0
2025-06-20 10:11:34.584071,3158.1,112923.0,173922.0
2025-06-20 10:11:35.304554,3159.5,113585.0,173975.0
2025-06-20 10:11:35.583806,3158.1,113585.0,173975.0
2025-06-20 10:11:36.405536,3157.8,112683.0,175817.0
2025-06-20 10:11:36.582449,3157.0,112683.0,175817.0
2025-06-20 10:11:37.407329,3156.7,111252.0,176370.0
2025-06-20 10:11:37.585109,3157.0,111252.0,176370.0
2025-06-20 10:11:38.528760,3156.7,112284.0,175882.0
2025-06-20 10:11:38.584690,3156.7,112284.0,175882.0
2025-06-20 10:11:39.586291,3156.7,112284.0,175882.0
2025-06-20 10:11:39.607840,3156.7,112303.0,176179.0
2025-06-20 10:11:40.588184,3157.6,112303.0,176179.0
2025-06-20 10:11:40.694881,3157.6,112372.0,175955.0
2025-06-20 10:11:41.585463,3156.7,112372.0,175955.0
2025-06-20 10:11:41.937017,3156.7,112619.0,175931.0
2025-06-20 10:11:42.591316,3156.7,112619.0,175931.0
2025-06-20 10:11:42.825972,3156.7,113134.0,175826.0
2025-06-20 10:11:43.591775,3156.7,113134.0,175826.0
2025-06-20 10:11:43.930205,3156.7,113736.0,175908.0
2025-06-20 10:11:44.587734,3158.0,113736.0,175908.0
2025-06-20 10:11:45.103552,3157.3,114285.0,174629.0
2025-06-20 10:11:45.589941,3157.3,114285.0,174629.0
2025-06-20 10:11:46.202481,3158.7,114159.0,175057.0
2025-06-20 10:11:46.585305,3158.7,114159.0,175057.0
2025-06-20 10:11:47.313718,3158.0,114164.0,175306.0
2025-06-20 10:11:47.587286,3158.0,114164.0,175306.0
2025-06-20 10:11:48.425972,3157.1,113787.0,176387.0
2025-06-20 10:11:48.587005,3157.9,113787.0,176387.0
2025-06-20 10:11:49.501587,3157.3,114351.0,175621.0
2025-06-20 10:11:49.590445,3157.3,114351.0,175621.0
2025-06-20 10:11:50.587454,3158.0,114351.0,175621.0
2025-06-20 10:11:50.613606,3158.0,115208.0,173702.0
2025-06-20 10:11:51.589777,3158.1,115208.0,173702.0
2025-06-20 10:11:51.702732,3158.1,115608.0,174431.0
2025-06-20 10:11:52.586324,3158.7,115608.0,174431.0
2025-06-20 10:11:53.032449,3158.7,115562.0,174432.0
2025-06-20 10:11:53.593223,3158.7,115562.0,174432.0
2025-06-20 10:11:53.915359,3158.2,115646.0,173720.0
2025-06-20 10:11:54.588853,3158.2,115646.0,173720.0
2025-06-20 10:11:54.916463,3158.2,115914.0,173672.0
2025-06-20 10:11:55.590058,3158.3,115914.0,173672.0
2025-06-20 10:11:56.003269,3158.3,115762.0,173821.0
2025-06-20 10:11:56.586841,3158.3,115762.0,173821.0
2025-06-20 10:11:57.103629,3159.0,115301.0,175092.0
2025-06-20 10:11:57.595752,3158.3,115301.0,175092.0
2025-06-20 10:11:58.203237,3158.3,115649.0,174790.0
2025-06-20 10:11:58.588062,3158.3,115649.0,174790.0
2025-06-20 10:11:59.319950,3159.0,115476.0,174040.0
2025-06-20 10:11:59.591031,3159.0,115476.0,174040.0
2025-06-20 10:12:00.205811,3159.1,116139.0,172431.0
2025-06-20 10:12:01.588581,3158.9,116139.0,172431.0
2025-06-20 10:12:01.715802,3158.9,116081.0,173238.0
2025-06-20 10:12:02.586339,3158.9,116081.0,173238.0
2025-06-20 10:12:02.709126,3158.9,115394.0,173868.0
2025-06-20 10:12:03.713306,3160.0,116722.0,172488.0
2025-06-20 10:12:04.594003,3159.0,116722.0,172488.0
2025-06-20 10:12:04.825609,3160.0,115988.0,173369.0
2025-06-20 10:12:05.592872,3160.0,115988.0,173369.0
2025-06-20 10:12:05.923928,3160.0,117229.0,172673.0
2025-06-20 10:12:06.591371,3159.5,117229.0,172673.0
2025-06-20 10:12:06.922988,3159.6,116868.0,172649.0
2025-06-20 10:12:07.589193,3159.6,116868.0,172649.0
2025-06-20 10:12:08.016911,3159.6,117094.0,172759.0
2025-06-20 10:12:08.590424,3160.2,117094.0,172759.0
2025-06-20 10:12:09.019219,3160.9,116928.0,172565.0
2025-06-20 10:12:09.591477,3159.8,116928.0,172565.0
2025-06-20 10:12:10.012590,3159.8,117217.0,172800.0
2025-06-20 10:12:10.594603,3161.0,117217.0,172800.0
2025-06-20 10:12:11.011647,3160.2,117726.0,171514.0
2025-06-20 10:12:11.590421,3161.0,117726.0,171514.0
2025-06-20 10:12:12.011197,3162.0,118567.0,171019.0
2025-06-20 10:12:12.589127,3160.6,118567.0,171019.0
2025-06-20 10:12:13.012818,3160.6,118655.0,171228.0
2025-06-20 10:12:13.590608,3160.3,118655.0,171228.0
2025-06-20 10:12:14.113965,3159.9,115638.0,174100.0
2025-06-20 10:12:14.605458,3159.9,115638.0,174100.0
2025-06-20 10:12:15.213822,3159.9,116616.0,172681.0
2025-06-20 10:12:15.589890,3159.5,116616.0,172681.0
2025-06-20 10:12:16.329484,3160.6,117146.0,172361.0
2025-06-20 10:12:16.589294,3159.3,117146.0,172361.0
2025-06-20 10:12:17.427624,3160.1,117265.0,172807.0
2025-06-20 10:12:17.588591,3160.1,117265.0,172807.0
2025-06-20 10:12:18.426288,3160.9,117751.0,172105.0
2025-06-20 10:12:18.594985,3160.9,117751.0,172105.0
2025-06-20 10:12:19.520900,3159.2,117258.0,172401.0
2025-06-20 10:12:19.588960,3159.2,117258.0,172401.0
2025-06-20 10:12:20.518576,3159.2,117380.0,172763.0
2025-06-20 10:12:20.590172,3160.0,117380.0,172763.0
2025-06-20 10:12:21.526791,3160.0,119354.0,170982.0
2025-06-20 10:12:21.592121,3160.0,119354.0,170982.0
2025-06-20 10:12:22.522122,3160.0,118391.0,171251.0
2025-06-20 10:12:22.592233,3160.0,118391.0,171251.0
2025-06-20 10:12:23.538046,3160.9,120049.0,171229.0
2025-06-20 10:12:23.590671,3160.9,120049.0,171229.0
2025-06-20 10:12:24.524319,3160.0,119369.0,170982.0
2025-06-20 10:12:24.592989,3160.0,119369.0,170982.0
2025-06-20 10:12:25.597654,3161.2,119369.0,170982.0
2025-06-20 10:12:25.635459,3161.2,119841.0,170860.0
2025-06-20 10:12:26.597703,3160.3,119841.0,170860.0
2025-06-20 10:12:26.639503,3160.3,119618.0,170997.0
2025-06-20 10:12:27.591574,3160.6,119618.0,170997.0
2025-06-20 10:12:27.759681,3160.6,119278.0,171083.0
2025-06-20 10:12:28.591838,3159.9,119278.0,171083.0
2025-06-20 10:12:28.729352,3159.9,119457.0,171710.0
2025-06-20 10:12:29.590189,3161.6,119457.0,171710.0
2025-06-20 10:12:29.839721,3161.1,120365.0,171750.0
2025-06-20 10:12:30.592292,3161.6,120365.0,171750.0
2025-06-20 10:12:30.949503,3161.2,120701.0,171612.0
2025-06-20 10:12:31.595404,3161.6,120701.0,171612.0
2025-06-20 10:12:32.025397,3161.6,121061.0,171297.0
2025-06-20 10:12:32.598237,3161.9,121061.0,171297.0
2025-06-20 10:12:33.030433,3161.9,121317.0,171174.0
2025-06-20 10:12:33.591944,3161.6,121317.0,171174.0
2025-06-20 10:12:34.138591,3160.9,120834.0,171564.0
2025-06-20 10:12:34.593802,3161.2,120834.0,171564.0
2025-06-20 10:12:35.227416,3161.4,121278.0,171507.0
2025-06-20 10:12:35.593764,3162.0,121278.0,171507.0
2025-06-20 10:12:36.358986,3162.0,121201.0,172244.0
2025-06-20 10:12:36.595438,3162.0,121201.0,172244.0
2025-06-20 10:12:37.441697,3162.0,121234.0,172117.0
2025-06-20 10:12:37.595520,3161.6,121234.0,172117.0
2025-06-20 10:12:38.440730,3161.5,121181.0,172103.0
2025-06-20 10:12:38.592457,3161.5,121181.0,172103.0
2025-06-20 10:12:39.536108,3162.0,121320.0,172812.0
2025-06-20 10:12:39.592007,3162.0,121320.0,172812.0
2025-06-20 10:12:40.515693,3162.0,121320.0,172812.0
2025-06-20 10:12:40.591942,3162.0,121320.0,172812.0
2025-06-20 10:12:40.644844,3162.0,121195.0,172926.0
2025-06-20 10:12:40.884975,3162.0,121195.0,172926.0
2025-06-20 10:12:41.127084,3162.0,121195.0,172926.0
2025-06-20 10:12:41.592702,3161.1,121195.0,172926.0
2025-06-20 10:12:41.700772,3161.1,121195.0,172926.0
2025-06-20 10:12:41.730101,3160.1,120245.0,174093.0
2025-06-20 10:12:41.936519,3160.1,120245.0,174093.0
2025-06-20 10:12:42.329894,3160.1,120245.0,174093.0
2025-06-20 10:12:42.591351,3160.9,120245.0,174093.0
2025-06-20 10:12:42.863858,3161.2,120864.0,175380.0
2025-06-20 10:12:42.937181,3161.2,120864.0,175380.0
2025-06-20 10:12:43.428514,3161.2,120864.0,175380.0
2025-06-20 10:12:43.591519,3160.0,120864.0,175380.0
2025-06-20 10:12:43.865630,3160.0,120656.0,175588.0
2025-06-20 10:12:43.935216,3160.0,120656.0,175588.0
2025-06-20 10:12:44.606597,3160.0,120656.0,175588.0
2025-06-20 10:12:44.666726,3161.0,120656.0,175588.0
2025-06-20 10:12:44.937910,3160.0,120285.0,175874.0
2025-06-20 10:12:45.442201,3160.0,120285.0,175874.0
2025-06-20 10:12:45.621355,3161.0,120285.0,175874.0
2025-06-20 10:12:45.937121,3160.5,120626.0,176442.0
2025-06-20 10:12:46.596725,3161.0,120626.0,176442.0
2025-06-20 10:12:46.664177,3161.0,120626.0,176442.0
2025-06-20 10:12:47.034884,3160.9,120457.0,176349.0
2025-06-20 10:12:47.599861,3160.7,120457.0,176349.0
2025-06-20 10:12:47.620322,3160.7,120457.0,176349.0
2025-06-20 10:12:48.134724,3160.9,120492.0,176417.0
2025-06-20 10:12:48.592891,3160.7,120492.0,176417.0
2025-06-20 10:12:49.151835,3160.7,120492.0,176417.0
2025-06-20 10:12:49.235266,3160.7,120304.0,176470.0
2025-06-20 10:12:49.595089,3160.6,120304.0,176470.0
2025-06-20 10:12:50.380297,3160.5,120736.0,176231.0
2025-06-20 10:12:50.464150,3160.5,120736.0,176231.0
2025-06-20 10:12:50.594057,3161.2,120736.0,176231.0
2025-06-20 10:12:51.439805,3160.5,120780.0,176464.0
2025-06-20 10:12:51.597810,3160.5,120780.0,176464.0
2025-06-20 10:12:51.654574,3160.5,120780.0,176464.0
2025-06-20 10:12:52.541753,3160.5,120436.0,176777.0
2025-06-20 10:12:52.593715,3160.5,120436.0,176777.0
2025-06-20 10:12:53.259784,3160.5,120436.0,176777.0
2025-06-20 10:12:53.597366,3160.3,120436.0,176777.0
2025-06-20 10:12:53.645014,3160.3,119967.0,176914.0
2025-06-20 10:12:54.602335,3159.7,119967.0,176914.0
2025-06-20 10:12:54.740508,3159.7,119277.0,177827.0
2025-06-20 10:12:55.594575,3159.7,119277.0,177827.0
2025-06-20 10:12:55.740621,3159.7,119890.0,176958.0
2025-06-20 10:12:56.594941,3159.7,119890.0,176958.0
2025-06-20 10:12:56.882549,3160.7,120105.0,177003.0
2025-06-20 10:12:57.633062,3160.7,120105.0,177003.0
2025-06-20 10:12:57.946442,3160.7,120140.0,176988.0
2025-06-20 10:12:58.596755,3160.0,120140.0,176988.0
2025-06-20 10:12:59.047729,3160.7,119860.0,176871.0
2025-06-20 10:12:59.592032,3160.7,119860.0,176871.0
2025-06-20 10:13:00.142696,3160.3,119940.0,177010.0
2025-06-20 10:13:01.417569,3160.7,120142.0,176300.0
2025-06-20 10:13:01.593193,3160.7,120142.0,176300.0
2025-06-20 10:13:02.364648,3160.7,119989.0,176662.0
2025-06-20 10:13:02.597350,3160.7,119989.0,176662.0
2025-06-20 10:13:03.451414,3160.6,119534.0,177845.0
2025-06-20 10:13:03.602210,3160.6,119534.0,177845.0
2025-06-20 10:13:04.555278,3160.7,119098.0,178011.0
2025-06-20 10:13:04.595727,3160.7,119098.0,178011.0
2025-06-20 10:13:05.595039,3160.6,119098.0,178011.0
2025-06-20 10:13:05.661781,3160.6,119199.0,177829.0
2025-06-20 10:13:06.600212,3160.1,119199.0,177829.0
2025-06-20 10:13:06.752031,3160.1,119380.0,178087.0
2025-06-20 10:13:07.595691,3160.7,119380.0,178087.0
2025-06-20 10:13:07.865784,3160.7,119733.0,177497.0
2025-06-20 10:13:08.601856,3161.2,119733.0,177497.0
2025-06-20 10:13:08.953939,3160.6,120531.0,176264.0
2025-06-20 10:13:09.639412,3162.0,120531.0,176264.0
2025-06-20 10:13:10.057723,3161.3,120372.0,175321.0
2025-06-20 10:13:10.597562,3161.1,120372.0,175321.0
2025-06-20 10:13:11.058435,3161.7,120635.0,175732.0
2025-06-20 10:13:11.595636,3161.0,120635.0,175732.0
2025-06-20 10:13:12.158385,3162.0,120299.0,175557.0
2025-06-20 10:13:12.598797,3162.0,120299.0,175557.0
2025-06-20 10:13:13.259338,3161.9,120674.0,175894.0
2025-06-20 10:13:13.599726,3161.9,120674.0,175894.0
2025-06-20 10:13:14.463426,3161.4,120471.0,176682.0
2025-06-20 10:13:14.601535,3161.4,120471.0,176682.0
2025-06-20 10:13:15.463908,3161.1,120703.0,176217.0
2025-06-20 10:13:15.597214,3161.1,120703.0,176217.0
2025-06-20 10:13:16.564249,3160.5,120723.0,175756.0
2025-06-20 10:13:16.601755,3162.0,120723.0,175756.0
2025-06-20 10:13:17.597513,3162.0,120723.0,175756.0
2025-06-20 10:13:17.665371,3162.0,120927.0,175686.0
2025-06-20 10:13:18.597975,3162.6,120927.0,175686.0
2025-06-20 10:13:18.663496,3162.6,120981.0,175149.0
2025-06-20 10:13:19.602021,3162.8,120981.0,175149.0
2025-06-20 10:13:19.661847,3161.9,120913.0,175095.0
2025-06-20 10:13:20.601610,3162.0,120913.0,175095.0
2025-06-20 10:13:20.671293,3161.9,120677.0,175608.0
2025-06-20 10:13:21.601433,3161.9,120677.0,175608.0
2025-06-20 10:13:21.765509,3161.9,120944.0,175134.0
2025-06-20 10:13:22.599205,3161.9,120944.0,175134.0
2025-06-20 10:13:22.762696,3161.9,121203.0,174831.0
2025-06-20 10:13:23.602902,3161.5,121203.0,174831.0
2025-06-20 10:13:23.764616,3161.5,120973.0,175377.0
2025-06-20 10:13:24.600990,3162.0,120973.0,175377.0
2025-06-20 10:13:24.675014,3162.6,120686.0,175180.0
2025-06-20 10:13:25.596255,3162.4,120686.0,175180.0
2025-06-20 10:13:25.766425,3162.4,120608.0,176187.0
2025-06-20 10:13:26.605990,3161.0,120608.0,176187.0
2025-06-20 10:13:26.774042,3162.6,121547.0,175089.0
2025-06-20 10:13:27.597242,3162.4,121547.0,175089.0
2025-06-20 10:13:27.769885,3162.7,120628.0,175143.0
2025-06-20 10:13:28.596126,3160.8,120628.0,175143.0
2025-06-20 10:13:28.772260,3160.8,118611.0,176031.0
2025-06-20 10:13:29.596186,3160.1,118611.0,176031.0
2025-06-20 10:13:29.969742,3160.9,119530.0,177158.0
2025-06-20 10:13:30.599000,3160.8,119530.0,177158.0
2025-06-20 10:13:30.879411,3161.1,120515.0,176687.0
2025-06-20 10:13:31.597755,3161.6,120515.0,176687.0
2025-06-20 10:13:31.976609,3161.9,120883.0,176470.0
2025-06-20 10:13:32.600588,3161.9,120883.0,176470.0
2025-06-20 10:13:33.070692,3160.9,121000.0,176404.0
2025-06-20 10:13:33.593715,3161.0,121000.0,176404.0
2025-06-20 10:13:34.174526,3160.9,120559.0,176387.0
2025-06-20 10:13:34.596785,3161.8,120559.0,176387.0
2025-06-20 10:13:35.273533,3161.8,121237.0,176117.0
2025-06-20 10:13:35.597550,3160.9,121237.0,176117.0
2025-06-20 10:13:36.389523,3161.0,121239.0,176156.0
2025-06-20 10:13:36.596768,3161.0,121239.0,176156.0
2025-06-20 10:13:37.385414,3161.8,119668.0,176156.0
2025-06-20 10:13:37.600836,3161.8,119668.0,176156.0
2025-06-20 10:13:38.473343,3161.3,120796.0,176656.0
2025-06-20 10:13:38.594770,3161.3,120796.0,176656.0
2025-06-20 10:13:39.576349,3161.3,120742.0,176337.0
2025-06-20 10:13:39.595209,3161.3,120742.0,176337.0
2025-06-20 10:13:40.602994,3161.2,120742.0,176337.0
2025-06-20 10:13:40.676370,3161.2,120557.0,177281.0
2025-06-20 10:13:41.601307,3161.3,120557.0,177281.0
2025-06-20 10:13:41.775671,3161.3,120659.0,177232.0
2025-06-20 10:13:42.598578,3161.0,120659.0,177232.0
2025-06-20 10:13:42.912593,3161.0,120490.0,177549.0
2025-06-20 10:13:43.597399,3161.2,120490.0,177549.0
2025-06-20 10:13:43.776852,3161.2,120919.0,177150.0
2025-06-20 10:13:44.598700,3161.8,120919.0,177150.0
2025-06-20 10:13:44.916306,3161.8,120908.0,177200.0
2025-06-20 10:13:45.601435,3161.6,120908.0,177200.0
2025-06-20 10:13:45.981932,3161.6,121014.0,178481.0
2025-06-20 10:13:46.598167,3162.2,121014.0,178481.0
2025-06-20 10:13:47.081703,3161.1,120794.0,178589.0
2025-06-20 10:13:47.625282,3161.6,120794.0,178589.0
2025-06-20 10:13:48.203275,3161.6,120915.0,178633.0
2025-06-20 10:13:48.602158,3162.3,120915.0,178633.0
2025-06-20 10:13:49.280164,3161.4,120801.0,177916.0
2025-06-20 10:13:49.643488,3161.4,120801.0,177916.0
2025-06-20 10:13:50.487207,3162.2,121361.0,177621.0
2025-06-20 10:13:50.598001,3162.2,121361.0,177621.0
2025-06-20 10:13:51.487025,3162.3,121007.0,178210.0
2025-06-20 10:13:51.596965,3162.3,121007.0,178210.0
2025-06-20 10:13:52.584549,3162.0,120913.0,178230.0
2025-06-20 10:13:52.602963,3162.0,120913.0,178230.0
2025-06-20 10:13:53.600659,3162.3,120913.0,178230.0
2025-06-20 10:13:53.686697,3162.3,121410.0,177934.0
2025-06-20 10:13:54.596094,3162.6,121410.0,177934.0
2025-06-20 10:13:54.790558,3162.6,121460.0,178581.0
2025-06-20 10:13:55.594797,3162.3,121460.0,178581.0
2025-06-20 10:13:55.788258,3162.3,121806.0,179231.0
2025-06-20 10:13:56.605314,3162.2,121806.0,179231.0
2025-06-20 10:13:56.985256,3162.3,121894.0,179402.0
2025-06-20 10:13:57.599190,3161.6,121894.0,179402.0
2025-06-20 10:13:57.985416,3162.9,122302.0,179199.0
2025-06-20 10:13:58.609287,3162.3,122302.0,179199.0
2025-06-20 10:13:59.088743,3162.3,122499.0,179539.0
2025-06-20 10:13:59.599048,3162.6,122499.0,179539.0
2025-06-20 10:14:00.089068,3162.6,122610.0,178976.0
2025-06-20 10:14:01.601969,3161.6,122610.0,178976.0
2025-06-20 10:14:01.717585,3161.5,122129.0,180320.0
2025-06-20 10:14:02.651163,3161.5,122129.0,180320.0
2025-06-20 10:14:02.688611,3161.5,122208.0,180270.0
2025-06-20 10:14:03.599510,3161.6,122208.0,180270.0
2025-06-20 10:14:03.691070,3161.6,122249.0,179545.0
2025-06-20 10:14:04.604509,3161.6,122249.0,179545.0
2025-06-20 10:14:04.790906,3161.6,122467.0,179494.0
2025-06-20 10:14:05.650308,3161.6,122467.0,179494.0
2025-06-20 10:14:05.792176,3161.6,122433.0,179375.0
2025-06-20 10:14:06.606375,3161.4,122433.0,179375.0
2025-06-20 10:14:06.905732,3161.4,122571.0,178220.0
2025-06-20 10:14:07.605527,3161.5,122571.0,178220.0
2025-06-20 10:14:07.992491,3161.6,122729.0,177724.0
2025-06-20 10:14:08.605939,3161.5,122729.0,177724.0
2025-06-20 10:14:08.993200,3162.1,122773.0,177701.0
2025-06-20 10:14:09.607254,3161.5,122773.0,177701.0
2025-06-20 10:14:10.092039,3161.5,123094.0,177143.0
2025-06-20 10:14:10.599776,3161.6,123094.0,177143.0
2025-06-20 10:14:11.194764,3161.6,122596.0,177540.0
2025-06-20 10:14:11.608851,3161.6,122596.0,177540.0
2025-06-20 10:14:12.196808,3162.0,122628.0,177773.0
2025-06-20 10:14:12.604373,3162.0,122628.0,177773.0
2025-06-20 10:14:13.198920,3162.0,122244.0,177795.0
2025-06-20 10:14:13.607617,3161.8,122244.0,177795.0
2025-06-20 10:14:14.202744,3161.6,122368.0,178205.0
2025-06-20 10:14:14.601053,3161.6,122368.0,178205.0
2025-06-20 10:14:15.201573,3162.1,122500.0,178143.0
2025-06-20 10:14:15.601132,3161.2,122500.0,178143.0
2025-06-20 10:14:16.301486,3161.4,122597.0,178346.0
2025-06-20 10:14:16.601179,3162.1,122597.0,178346.0
2025-06-20 10:14:17.200772,3161.4,122499.0,178595.0
2025-06-20 10:14:17.598192,3161.4,122499.0,178595.0
2025-06-20 10:14:18.300695,3161.6,122439.0,178634.0
2025-06-20 10:14:18.600126,3162.1,122439.0,178634.0
2025-06-20 10:14:19.411599,3162.0,122682.0,178678.0
2025-06-20 10:14:19.646174,3162.0,122682.0,178678.0
2025-06-20 10:14:20.499631,3162.0,122262.0,178960.0
2025-06-20 10:14:20.603714,3161.2,122262.0,178960.0
2025-06-20 10:14:21.606024,3161.9,122262.0,178960.0
2025-06-20 10:14:21.618541,3161.9,121068.0,180039.0
2025-06-20 10:14:22.609087,3161.5,121068.0,180039.0
2025-06-20 10:14:22.699950,3161.5,121249.0,179997.0
2025-06-20 10:14:23.604475,3161.2,121249.0,179997.0
2025-06-20 10:14:23.700502,3161.2,121486.0,180649.0
2025-06-20 10:14:24.600940,3161.8,121486.0,180649.0
2025-06-20 10:14:24.701740,3161.8,121549.0,180537.0
2025-06-20 10:14:25.602528,3161.0,121549.0,180537.0
2025-06-20 10:14:25.701711,3162.0,121726.0,180381.0
2025-06-20 10:14:26.601822,3160.8,121726.0,180381.0
2025-06-20 10:14:26.813581,3161.9,121763.0,179825.0
2025-06-20 10:14:27.602186,3161.0,121763.0,179825.0
2025-06-20 10:14:27.809529,3160.6,120877.0,181364.0
2025-06-20 10:14:28.599557,3161.0,120877.0,181364.0
2025-06-20 10:14:28.871026,3161.0,121188.0,181266.0
2025-06-20 10:14:29.599860,3160.6,121188.0,181266.0
2025-06-20 10:14:29.811671,3160.6,121304.0,181371.0
2025-06-20 10:14:30.604813,3161.1,121304.0,181371.0
2025-06-20 10:14:30.817253,3161.1,120967.0,181540.0
2025-06-20 10:14:31.662290,3161.0,120967.0,181540.0
2025-06-20 10:14:31.817343,3161.1,121044.0,181164.0
2025-06-20 10:14:32.600853,3160.6,121044.0,181164.0
2025-06-20 10:14:32.819330,3160.6,121248.0,181121.0
2025-06-20 10:14:33.603838,3160.8,121248.0,181121.0
2025-06-20 10:14:33.821580,3160.8,121402.0,181398.0
2025-06-20 10:14:34.642758,3160.6,121402.0,181398.0
2025-06-20 10:14:34.819553,3160.6,121502.0,180470.0
2025-06-20 10:14:35.603649,3161.8,121502.0,180470.0
2025-06-20 10:14:35.918923,3161.9,121649.0,180473.0
2025-06-20 10:14:36.613328,3161.9,121649.0,180473.0
2025-06-20 10:14:37.006225,3160.6,121440.0,181059.0
2025-06-20 10:14:37.600510,3160.6,121440.0,181059.0
2025-06-20 10:14:38.108995,3161.3,121580.0,181213.0
2025-06-20 10:14:38.602594,3161.3,121580.0,181213.0
2025-06-20 10:14:39.208022,3161.7,121307.0,181224.0
2025-06-20 10:14:39.600735,3161.8,121307.0,181224.0
2025-06-20 10:14:40.396301,3161.8,121328.0,181221.0
2025-06-20 10:14:40.601302,3161.9,121328.0,181221.0
2025-06-20 10:14:41.274576,3161.1,121244.0,181544.0
2025-06-20 10:14:41.601413,3161.0,121244.0,181544.0
2025-06-20 10:14:42.345873,3160.6,121417.0,181964.0
2025-06-20 10:14:42.602572,3160.6,121417.0,181964.0
2025-06-20 10:14:43.424314,3161.1,121501.0,181805.0
2025-06-20 10:14:43.602397,3160.6,121501.0,181805.0
2025-06-20 10:14:44.515296,3161.6,121865.0,182038.0
2025-06-20 10:14:44.605047,3161.6,121865.0,182038.0
2025-06-20 10:14:45.606177,3161.6,121865.0,182038.0
2025-06-20 10:14:45.667144,3161.6,121681.0,182087.0
2025-06-20 10:14:46.515263,3161.8,121773.0,182106.0
2025-06-20 10:14:46.600605,3161.8,121773.0,182106.0
2025-06-20 10:14:47.515447,3160.6,121628.0,182118.0
2025-06-20 10:14:47.656581,3160.6,121628.0,182118.0
2025-06-20 10:14:48.599810,3161.9,121628.0,182118.0
2025-06-20 10:14:48.643409,3161.9,121786.0,182083.0
2025-06-20 10:14:49.601330,3161.9,121786.0,182083.0
2025-06-20 10:14:49.721191,3161.9,121694.0,182263.0
2025-06-20 10:14:50.599275,3161.3,121694.0,182263.0
2025-06-20 10:14:50.716812,3161.3,121526.0,182385.0
2025-06-20 10:14:51.602415,3161.9,121526.0,182385.0
2025-06-20 10:14:51.718283,3160.5,121513.0,182280.0
2025-06-20 10:14:52.602343,3160.5,121513.0,182280.0
2025-06-20 10:14:52.726199,3160.5,120869.0,182453.0
2025-06-20 10:14:53.599947,3160.6,120869.0,182453.0
2025-06-20 10:14:53.719312,3160.6,120795.0,182710.0
2025-06-20 10:14:54.600730,3161.9,120795.0,182710.0
2025-06-20 10:14:54.718536,3161.9,121026.0,182193.0
2025-06-20 10:14:55.631294,3161.3,121026.0,182193.0
2025-06-20 10:14:55.719686,3160.8,121668.0,181627.0
2025-06-20 10:14:56.601544,3161.1,121668.0,181627.0
2025-06-20 10:14:56.721151,3161.1,121472.0,181306.0
2025-06-20 10:14:57.610248,3161.1,121472.0,181306.0
2025-06-20 10:14:57.722375,3161.1,121825.0,180857.0
2025-06-20 10:14:58.603403,3161.0,121825.0,180857.0
2025-06-20 10:14:58.723865,3161.0,121644.0,181150.0
2025-06-20 10:14:59.600925,3161.0,121644.0,181150.0
2025-06-20 10:14:59.747463,3161.0,121507.0,181552.0
2025-06-20 10:15:00.838477,3161.9,122046.0,180953.0
2025-06-20 10:15:01.671528,3161.1,122046.0,180953.0
2025-06-20 10:15:01.949956,3161.1,121723.0,181580.0
2025-06-20 10:15:02.604103,3161.2,121723.0,181580.0
2025-06-20 10:15:03.644711,3161.9,121723.0,181580.0
2025-06-20 10:15:03.877544,3162.0,121841.0,180835.0
2025-06-20 10:15:04.603583,3161.2,121841.0,180835.0
2025-06-20 10:15:04.864603,3161.6,122350.0,180725.0
2025-06-20 10:15:05.603924,3161.2,122350.0,180725.0
2025-06-20 10:15:05.867513,3161.2,122391.0,180609.0
2025-06-20 10:15:06.606243,3162.0,122391.0,180609.0
2025-06-20 10:15:06.867415,3162.0,122280.0,179901.0
2025-06-20 10:15:07.602772,3161.3,122280.0,179901.0
2025-06-20 10:15:07.862168,3161.3,122233.0,179930.0
2025-06-20 10:15:08.600774,3162.0,122233.0,179930.0
2025-06-20 10:15:08.869435,3162.0,122337.0,179904.0
2025-06-20 10:15:09.602544,3161.7,122337.0,179904.0
2025-06-20 10:15:09.934484,3161.6,122464.0,180316.0
2025-06-20 10:15:10.606728,3161.2,122464.0,180316.0
2025-06-20 10:15:11.032461,3161.2,122095.0,180474.0
2025-06-20 10:15:11.603387,3161.5,122095.0,180474.0
2025-06-20 10:15:12.134564,3161.0,122444.0,180556.0
2025-06-20 10:15:12.603035,3162.0,122444.0,180556.0
2025-06-20 10:15:13.235539,3161.6,122506.0,180567.0
2025-06-20 10:15:13.603282,3162.0,122506.0,180567.0
2025-06-20 10:15:14.350847,3162.0,122810.0,179401.0
2025-06-20 10:15:14.601627,3162.0,122810.0,179401.0
2025-06-20 10:15:15.442295,3162.0,122758.0,179536.0
2025-06-20 10:15:15.601946,3162.0,122758.0,179536.0
2025-06-20 10:15:16.537896,3161.8,122707.0,179524.0
2025-06-20 10:15:16.604069,3161.8,122707.0,179524.0
2025-06-20 10:15:17.462685,3162.0,122714.0,179620.0
2025-06-20 10:15:17.605108,3162.0,122714.0,179620.0
2025-06-20 10:15:18.450860,3161.8,122698.0,179572.0
2025-06-20 10:15:18.604987,3162.0,122698.0,179572.0
2025-06-20 10:15:19.444207,3162.0,122448.0,179195.0
2025-06-20 10:15:19.601328,3162.0,122448.0,179195.0
2025-06-20 10:15:20.545429,3161.2,121821.0,180201.0
2025-06-20 10:15:20.606011,3161.2,121821.0,180201.0
2025-06-20 10:15:21.605031,3161.8,121821.0,180201.0
2025-06-20 10:15:21.654126,3161.8,121040.0,180455.0
2025-06-20 10:15:22.611772,3161.8,121040.0,180455.0
2025-06-20 10:15:22.742192,3161.0,122106.0,180522.0
2025-06-20 10:15:23.604609,3161.8,122106.0,180522.0
2025-06-20 10:15:23.658581,3161.0,122476.0,180680.0
2025-06-20 10:15:24.608515,3161.8,122476.0,180680.0
2025-06-20 10:15:24.742596,3161.8,122601.0,180560.0
2025-06-20 10:15:25.602930,3161.0,122601.0,180560.0
2025-06-20 10:15:25.855749,3162.0,122728.0,180306.0
2025-06-20 10:15:26.606374,3162.0,122728.0,180306.0
2025-06-20 10:15:26.953163,3162.0,122651.0,180180.0
2025-06-20 10:15:27.604767,3162.0,122651.0,180180.0
2025-06-20 10:15:28.042964,3162.0,122402.0,181172.0
2025-06-20 10:15:28.606795,3160.8,122402.0,181172.0
2025-06-20 10:15:29.147973,3160.8,122241.0,181486.0
2025-06-20 10:15:29.612515,3161.9,122241.0,181486.0
2025-06-20 10:15:30.157092,3161.1,122446.0,181485.0
2025-06-20 10:15:30.606162,3161.1,122446.0,181485.0
2025-06-20 10:15:31.149052,3161.1,122535.0,181250.0
2025-06-20 10:15:31.604408,3161.3,122535.0,181250.0
2025-06-20 10:15:32.260683,3160.8,122536.0,181465.0
2025-06-20 10:15:32.605219,3162.0,122536.0,181465.0
2025-06-20 10:15:33.264089,3162.0,122825.0,181176.0
2025-06-20 10:15:33.605514,3160.8,122825.0,181176.0
2025-06-20 10:15:34.356739,3162.0,122642.0,181126.0
2025-06-20 10:15:34.605148,3162.0,122642.0,181126.0
2025-06-20 10:15:35.361877,3161.9,122561.0,181231.0
2025-06-20 10:15:35.607771,3162.0,122561.0,181231.0
2025-06-20 10:15:36.256454,3160.9,122567.0,181322.0
2025-06-20 10:15:36.605784,3160.8,122567.0,181322.0
2025-06-20 10:15:37.357599,3161.9,122989.0,181370.0
2025-06-20 10:15:37.605507,3160.8,122989.0,181370.0
2025-06-20 10:15:38.361568,3161.4,122965.0,181208.0
2025-06-20 10:15:38.607817,3161.4,122965.0,181208.0
2025-06-20 10:15:39.364200,3162.1,122802.0,180956.0
2025-06-20 10:15:39.608052,3162.1,122802.0,180956.0
2025-06-20 10:15:40.361561,3162.0,122762.0,181046.0
2025-06-20 10:15:40.611221,3161.1,122762.0,181046.0
2025-06-20 10:15:40.961144,3161.1,122762.0,181046.0
2025-06-20 10:15:41.322160,3161.1,122762.0,181046.0
2025-06-20 10:15:41.462822,3161.1,123023.0,181059.0
2025-06-20 10:15:41.572721,3161.1,123023.0,181059.0
2025-06-20 10:15:41.607597,3161.1,123023.0,181059.0
2025-06-20 10:15:41.912373,3161.1,123023.0,181059.0
2025-06-20 10:15:42.163645,3161.1,123023.0,181059.0
2025-06-20 10:15:42.461756,3161.1,122747.0,181067.0
2025-06-20 10:15:42.605738,3162.1,122747.0,181067.0
2025-06-20 10:15:42.755708,3162.1,122747.0,181067.0
2025-06-20 10:15:43.433665,3162.1,122747.0,181067.0
2025-06-20 10:15:43.473066,3162.1,122888.0,181446.0
2025-06-20 10:15:43.603931,3161.6,122888.0,181446.0
2025-06-20 10:15:43.850787,3161.6,122888.0,181446.0
2025-06-20 10:15:44.452644,3161.6,122888.0,181446.0
2025-06-20 10:15:44.558311,3161.9,123332.0,181219.0
2025-06-20 10:15:44.607491,3161.9,123332.0,181219.0
2025-06-20 10:15:44.883475,3161.9,123332.0,181219.0
2025-06-20 10:15:45.605022,3161.9,123332.0,181219.0
2025-06-20 10:15:45.684815,3162.1,123803.0,181055.0
2025-06-20 10:15:45.771975,3162.1,123803.0,181055.0
2025-06-20 10:15:46.605936,3162.1,123803.0,181055.0
2025-06-20 10:15:46.660310,3162.1,123468.0,180950.0
2025-06-20 10:15:47.102724,3162.1,123468.0,180950.0
2025-06-20 10:15:47.559097,3162.1,123327.0,180719.0
2025-06-20 10:15:47.605677,3162.1,123327.0,180719.0
2025-06-20 10:15:48.069317,3162.1,123327.0,180719.0
2025-06-20 10:15:48.607380,3161.2,123327.0,180719.0
2025-06-20 10:15:48.667981,3161.2,123524.0,180617.0
2025-06-20 10:15:49.580124,3161.2,123524.0,180617.0
2025-06-20 10:15:49.668181,3161.2,123581.0,180700.0
2025-06-20 10:15:50.605452,3162.1,123581.0,180700.0
2025-06-20 10:15:50.672492,3162.1,123698.0,181356.0
2025-06-20 10:15:50.878287,3162.1,123698.0,181356.0
2025-06-20 10:15:51.607785,3162.0,123698.0,181356.0
2025-06-20 10:15:51.760049,3162.0,123654.0,181378.0
2025-06-20 10:15:52.093654,3162.0,123654.0,181378.0
2025-06-20 10:15:52.607788,3161.9,123654.0,181378.0
2025-06-20 10:15:52.759863,3161.9,122653.0,181979.0
2025-06-20 10:15:53.604839,3162.0,122653.0,181979.0
2025-06-20 10:15:53.681866,3162.0,122653.0,181979.0
2025-06-20 10:15:53.760406,3162.0,123565.0,181530.0
2025-06-20 10:15:54.607085,3161.9,123565.0,181530.0
2025-06-20 10:15:54.661646,3161.9,123362.0,181741.0
2025-06-20 10:15:55.798403,3162.0,123362.0,181741.0
2025-06-20 10:15:55.848469,3162.0,123438.0,181557.0
2025-06-20 10:15:56.607369,3162.1,123438.0,181557.0
2025-06-20 10:15:56.764115,3161.9,123448.0,181525.0
2025-06-20 10:15:57.675294,3162.4,123448.0,181525.0
2025-06-20 10:15:57.871585,3162.4,123707.0,181094.0
2025-06-20 10:15:58.605462,3161.9,123707.0,181094.0
2025-06-20 10:15:58.966345,3162.9,123723.0,180254.0
2025-06-20 10:15:59.608929,3162.4,123723.0,180254.0
2025-06-20 10:15:59.966998,3162.9,123885.0,180387.0
2025-06-20 10:16:01.272290,3162.1,124154.0,179248.0
2025-06-20 10:16:01.617128,3162.9,124154.0,179248.0
2025-06-20 10:16:02.238226,3162.9,124000.0,179511.0
2025-06-20 10:16:02.618121,3162.9,124000.0,179511.0
2025-06-20 10:16:03.272935,3162.2,124256.0,179518.0
2025-06-20 10:16:03.617548,3162.2,124256.0,179518.0
2025-06-20 10:16:04.376337,3162.9,124471.0,179552.0
2025-06-20 10:16:04.621961,3163.0,124471.0,179552.0
2025-06-20 10:16:05.476121,3162.6,124511.0,179987.0
2025-06-20 10:16:05.665868,3162.6,124511.0,179987.0
2025-06-20 10:16:06.496577,3162.1,124635.0,179202.0
2025-06-20 10:16:06.617433,3162.1,124635.0,179202.0
2025-06-20 10:16:07.500464,3162.9,124313.0,179657.0
2025-06-20 10:16:07.617081,3163.0,124313.0,179657.0
2025-06-20 10:16:08.473138,3161.9,123991.0,179575.0
2025-06-20 10:16:08.609071,3162.0,123991.0,179575.0
2025-06-20 10:16:09.574482,3162.1,124285.0,181486.0
2025-06-20 10:16:09.616222,3162.1,124285.0,181486.0
2025-06-20 10:16:10.576437,3162.8,124227.0,181407.0
2025-06-20 10:16:10.617519,3162.8,124227.0,181407.0
2025-06-20 10:16:11.613596,3162.8,124227.0,181407.0
2025-06-20 10:16:11.679274,3162.8,124200.0,181285.0
2025-06-20 10:16:12.616504,3162.9,124200.0,181285.0
2025-06-20 10:16:12.776079,3162.9,124311.0,181274.0
2025-06-20 10:16:13.613093,3163.0,124311.0,181274.0
2025-06-20 10:16:13.884161,3162.8,124080.0,181933.0
2025-06-20 10:16:14.615717,3162.9,124080.0,181933.0
2025-06-20 10:16:14.976451,3162.9,123803.0,182203.0
2025-06-20 10:16:15.616614,3163.0,123803.0,182203.0
2025-06-20 10:16:15.894844,3162.8,124004.0,181950.0
2025-06-20 10:16:16.615308,3162.8,124004.0,181950.0
2025-06-20 10:16:16.880665,3162.9,123733.0,181979.0
2025-06-20 10:16:17.621827,3162.8,123733.0,181979.0
2025-06-20 10:16:17.981587,3162.8,123599.0,182224.0
2025-06-20 10:16:18.622590,3162.8,123599.0,182224.0
2025-06-20 10:16:19.131132,3162.8,123917.0,181877.0
2025-06-20 10:16:19.614334,3163.0,123917.0,181877.0
2025-06-20 10:16:20.181727,3162.8,124103.0,181479.0
2025-06-20 10:16:20.618030,3162.8,124103.0,181479.0
2025-06-20 10:16:21.278039,3162.6,123999.0,181549.0
2025-06-20 10:16:21.614689,3162.6,123999.0,181549.0
2025-06-20 10:16:22.390445,3163.0,124230.0,181557.0
2025-06-20 10:16:22.618308,3163.0,124230.0,181557.0
2025-06-20 10:16:23.497526,3162.0,123505.0,181698.0
2025-06-20 10:16:23.611352,3162.0,123505.0,181698.0
2025-06-20 10:16:24.581870,3162.6,124071.0,181404.0
2025-06-20 10:16:24.627906,3162.6,124071.0,181404.0
2025-06-20 10:16:25.584877,3162.9,124243.0,181624.0
2025-06-20 10:16:25.616785,3162.9,124243.0,181624.0
2025-06-20 10:16:26.648343,3162.0,124243.0,181624.0
2025-06-20 10:16:26.706862,3162.0,123300.0,182290.0
2025-06-20 10:16:27.624791,3162.3,123300.0,182290.0
2025-06-20 10:16:27.782027,3162.3,123457.0,182228.0
2025-06-20 10:16:28.610472,3161.9,123457.0,182228.0
2025-06-20 10:16:28.781080,3161.9,123436.0,182035.0
2025-06-20 10:16:29.615627,3162.8,123436.0,182035.0
2025-06-20 10:16:29.889185,3162.8,123748.0,180649.0
2025-06-20 10:16:30.614091,3162.9,123748.0,180649.0
2025-06-20 10:16:30.896357,3162.9,124263.0,181073.0
2025-06-20 10:16:31.644746,3162.6,124263.0,181073.0
2025-06-20 10:16:31.784179,3162.3,123444.0,181321.0
2025-06-20 10:16:32.614677,3162.6,123444.0,181321.0
2025-06-20 10:16:32.784554,3162.6,123373.0,181375.0
2025-06-20 10:16:33.614973,3162.8,123373.0,181375.0
2025-06-20 10:16:33.785853,3162.8,123671.0,181546.0
2025-06-20 10:16:34.891714,3161.9,123696.0,181811.0
2025-06-20 10:16:35.616007,3162.9,123696.0,181811.0
2025-06-20 10:16:36.005727,3162.0,123558.0,182229.0
2025-06-20 10:16:36.626423,3161.9,123558.0,182229.0
2025-06-20 10:16:37.090569,3162.0,123622.0,182445.0
2025-06-20 10:16:37.622282,3161.9,123622.0,182445.0
2025-06-20 10:16:38.093014,3161.9,123525.0,182455.0
2025-06-20 10:16:38.636135,3162.0,123525.0,182455.0
2025-06-20 10:16:39.191231,3162.0,123805.0,182568.0
2025-06-20 10:16:39.651939,3161.9,123805.0,182568.0
2025-06-20 10:16:40.304770,3162.0,123628.0,183127.0
2025-06-20 10:16:40.616140,3162.0,123628.0,183127.0
2025-06-20 10:16:41.299385,3161.9,123613.0,183231.0
2025-06-20 10:16:41.619363,3161.9,123613.0,183231.0
2025-06-20 10:16:42.293698,3162.9,123525.0,183117.0
2025-06-20 10:16:42.619987,3162.9,123525.0,183117.0
2025-06-20 10:16:43.301264,3161.9,123614.0,183345.0
2025-06-20 10:16:43.615884,3161.9,123614.0,183345.0
2025-06-20 10:16:44.298942,3162.8,123357.0,183317.0
2025-06-20 10:16:44.666975,3162.7,123357.0,183317.0
2025-06-20 10:16:45.303602,3162.7,123430.0,183505.0
2025-06-20 10:16:45.621526,3162.7,123430.0,183505.0
2025-06-20 10:16:46.514641,3161.9,123346.0,183412.0
2025-06-20 10:16:46.617701,3161.9,123346.0,183412.0
2025-06-20 10:16:47.327155,3162.2,121935.0,183866.0
2025-06-20 10:16:47.619953,3162.2,121935.0,183866.0
2025-06-20 10:16:48.301984,3161.9,123653.0,182844.0
2025-06-20 10:16:48.621630,3161.9,123653.0,182844.0
2025-06-20 10:16:49.304942,3162.0,123286.0,183094.0
2025-06-20 10:16:49.618421,3161.9,123286.0,183094.0
2025-06-20 10:16:50.308745,3162.6,123350.0,183425.0
2025-06-20 10:16:50.614487,3162.7,123350.0,183425.0
2025-06-20 10:16:51.599672,3161.9,123674.0,183264.0
2025-06-20 10:16:51.617468,3161.9,123674.0,183264.0
2025-06-20 10:16:52.444921,3161.9,123111.0,183366.0
2025-06-20 10:16:52.618921,3163.4,123111.0,183366.0
2025-06-20 10:16:53.410682,3164.0,125425.0,178956.0
2025-06-20 10:16:53.613916,3163.7,125425.0,178956.0
2025-06-20 10:16:54.647775,3163.5,125620.0,179049.0
2025-06-20 10:16:54.674506,3163.5,125620.0,179049.0
2025-06-20 10:16:55.429577,3163.5,125227.0,178626.0
2025-06-20 10:16:55.618748,3163.5,125227.0,178626.0
2025-06-20 10:16:56.503768,3163.6,124928.0,178846.0
2025-06-20 10:16:56.619141,3163.6,124928.0,178846.0
2025-06-20 10:16:57.656349,3164.0,125316.0,178273.0
2025-06-20 10:16:57.661841,3164.0,125316.0,178273.0
2025-06-20 10:16:58.605405,3164.0,125465.0,177221.0
2025-06-20 10:16:58.618033,3164.0,125465.0,177221.0
2025-06-20 10:16:59.623336,3164.4,125465.0,177221.0
2025-06-20 10:16:59.705102,3164.4,125311.0,177646.0
2025-06-20 10:17:01.314440,3164.6,126399.0,176608.0
2025-06-20 10:17:01.614629,3164.6,126399.0,176608.0
2025-06-20 10:17:02.206920,3164.4,126559.0,176934.0
2025-06-20 10:17:02.616344,3166.0,126559.0,176934.0
2025-06-20 10:17:03.208291,3165.7,126824.0,162994.0
2025-06-20 10:17:03.614014,3166.0,126824.0,162994.0
2025-06-20 10:17:04.208480,3167.4,127836.0,160638.0
2025-06-20 10:17:04.616473,3167.2,127836.0,160638.0
2025-06-20 10:17:05.211879,3167.2,127819.0,161772.0
2025-06-20 10:17:05.614533,3167.0,127819.0,161772.0
2025-06-20 10:17:06.213173,3167.1,127723.0,161745.0
2025-06-20 10:17:06.615402,3167.0,127723.0,161745.0
2025-06-20 10:17:07.211162,3167.5,127355.0,161527.0
2025-06-20 10:17:07.617301,3167.5,127355.0,161527.0
2025-06-20 10:17:08.211606,3166.6,127364.0,161893.0
2025-06-20 10:17:08.621523,3167.5,127364.0,161893.0
2025-06-20 10:17:09.213655,3168.0,127567.0,162319.0
2025-06-20 10:17:09.623599,3168.0,127567.0,162319.0
2025-06-20 10:17:10.214552,3168.0,128252.0,162275.0
2025-06-20 10:17:10.615089,3168.0,128252.0,162275.0
2025-06-20 10:17:11.113735,3168.0,128372.0,161562.0
2025-06-20 10:17:11.615203,3168.0,128372.0,161562.0
2025-06-20 10:17:12.114359,3168.0,128528.0,161916.0
2025-06-20 10:17:12.623674,3167.2,128528.0,161916.0
2025-06-20 10:17:13.113684,3167.5,128287.0,162222.0
2025-06-20 10:17:13.615919,3167.2,128287.0,162222.0
2025-06-20 10:17:14.116197,3167.6,127624.0,158960.0
2025-06-20 10:17:14.635503,3167.6,127624.0,158960.0
2025-06-20 10:17:15.014209,3167.6,127908.0,159879.0
2025-06-20 10:17:15.615414,3168.4,127908.0,159879.0
2025-06-20 10:17:15.921073,3168.4,128038.0,160097.0
2025-06-20 10:17:16.615081,3167.4,128038.0,160097.0
2025-06-20 10:17:16.926551,3167.4,128511.0,160344.0
2025-06-20 10:17:17.621093,3168.1,128511.0,160344.0
2025-06-20 10:17:18.017656,3167.7,127454.0,160414.0
2025-06-20 10:17:18.619073,3167.5,127454.0,160414.0
2025-06-20 10:17:18.938847,3167.5,128445.0,160747.0
2025-06-20 10:17:19.616903,3167.5,128445.0,160747.0
2025-06-20 10:17:19.924878,3167.4,127460.0,160883.0
2025-06-20 10:17:20.617193,3167.5,127460.0,160883.0
2025-06-20 10:17:20.833506,3167.4,127222.0,161019.0
2025-06-20 10:17:21.613847,3167.4,127222.0,161019.0
2025-06-20 10:17:21.827979,3167.4,127653.0,160789.0
2025-06-20 10:17:22.615639,3167.3,127653.0,160789.0
2025-06-20 10:17:22.726752,3167.3,127217.0,161433.0
2025-06-20 10:17:23.623637,3167.2,127217.0,161433.0
2025-06-20 10:17:23.724126,3167.4,127397.0,161300.0
2025-06-20 10:17:24.618615,3167.2,127397.0,161300.0
2025-06-20 10:17:24.722010,3167.4,127990.0,159669.0
2025-06-20 10:17:25.627037,3168.4,127990.0,159669.0
2025-06-20 10:17:25.723277,3168.4,127844.0,160426.0
2025-06-20 10:17:26.622465,3167.1,127844.0,160426.0
2025-06-20 10:17:26.651437,3167.1,127861.0,160565.0
2025-06-20 10:17:27.621748,3167.4,127861.0,160565.0
2025-06-20 10:17:27.639354,3167.4,127763.0,161139.0
2025-06-20 10:17:28.614939,3167.4,127763.0,161139.0
2025-06-20 10:17:28.634253,3167.4,127813.0,161347.0
2025-06-20 10:17:29.618286,3168.2,127813.0,161347.0
2025-06-20 10:17:29.630432,3168.2,127877.0,161209.0
2025-06-20 10:17:30.618381,3167.4,127877.0,161209.0
2025-06-20 10:17:30.633032,3167.4,127237.0,160941.0
2025-06-20 10:17:31.619859,3167.4,127237.0,160941.0
2025-06-20 10:17:31.640911,3167.4,127841.0,160877.0
2025-06-20 10:17:32.615738,3168.7,127841.0,160877.0
2025-06-20 10:17:32.635599,3168.7,127739.0,160894.0
2025-06-20 10:17:33.527283,3168.0,127802.0,160851.0
2025-06-20 10:17:33.640394,3168.0,127802.0,160851.0
2025-06-20 10:17:34.527810,3167.4,127666.0,161011.0
2025-06-20 10:17:34.627142,3167.4,127666.0,161011.0
2025-06-20 10:17:35.527770,3168.7,128185.0,160814.0
2025-06-20 10:17:35.618266,3168.7,128185.0,160814.0
2025-06-20 10:17:36.528698,3167.4,127075.0,162328.0
2025-06-20 10:17:36.618301,3167.4,127075.0,162328.0
2025-06-20 10:17:37.529396,3168.0,127182.0,161926.0
2025-06-20 10:17:37.616470,3168.0,127182.0,161926.0
2025-06-20 10:17:38.462383,3167.4,127256.0,161952.0
2025-06-20 10:17:38.643304,3167.8,127256.0,161952.0
2025-06-20 10:17:39.461190,3167.0,127804.0,161956.0
2025-06-20 10:17:39.622514,3168.4,127804.0,161956.0
2025-06-20 10:17:40.445565,3168.4,127876.0,162066.0
2025-06-20 10:17:40.625030,3168.4,127876.0,162066.0
2025-06-20 10:17:41.365475,3168.2,127543.0,162146.0
2025-06-20 10:17:41.623758,3168.2,127543.0,162146.0
2025-06-20 10:17:42.362395,3167.9,127928.0,162194.0
2025-06-20 10:17:42.619741,3168.4,127928.0,162194.0
2025-06-20 10:17:43.236266,3168.4,128538.0,161714.0
2025-06-20 10:17:43.643996,3168.4,128538.0,161714.0
2025-06-20 10:17:44.233062,3168.4,128391.0,161460.0
2025-06-20 10:17:44.615275,3168.4,128391.0,161460.0
2025-06-20 10:17:45.234888,3168.6,127949.0,161814.0
2025-06-20 10:17:45.617970,3168.6,127949.0,161814.0
2025-06-20 10:17:46.233573,3168.1,128217.0,161875.0
2025-06-20 10:17:46.616201,3168.1,128217.0,161875.0
2025-06-20 10:17:47.235110,3168.8,128201.0,161551.0
2025-06-20 10:17:47.616391,3168.4,128201.0,161551.0
2025-06-20 10:17:48.234616,3168.4,127725.0,162053.0
2025-06-20 10:17:48.619574,3167.6,127725.0,162053.0
2025-06-20 10:17:49.247033,3168.0,127864.0,162148.0
2025-06-20 10:17:49.618654,3168.4,127864.0,162148.0
2025-06-20 10:17:50.234552,3168.6,128380.0,162046.0
2025-06-20 10:17:50.619214,3168.4,128380.0,162046.0
2025-06-20 10:17:51.237263,3168.6,127955.0,161612.0
2025-06-20 10:17:51.619561,3168.6,127955.0,161612.0
2025-06-20 10:17:52.237957,3168.0,126260.0,162161.0
2025-06-20 10:17:52.620020,3168.4,126260.0,162161.0
2025-06-20 10:17:53.236506,3168.0,127179.0,162784.0
2025-06-20 10:17:53.622548,3168.0,127179.0,162784.0
2025-06-20 10:17:54.238147,3167.5,126895.0,163037.0
2025-06-20 10:17:54.619736,3167.5,126895.0,163037.0
2025-06-20 10:17:55.240474,3167.5,126813.0,163440.0
2025-06-20 10:17:55.619762,3168.0,126813.0,163440.0
2025-06-20 10:17:56.245582,3167.8,126934.0,163464.0
2025-06-20 10:17:56.621756,3168.0,126934.0,163464.0
2025-06-20 10:17:57.143714,3167.6,126013.0,163429.0
2025-06-20 10:17:57.621976,3167.6,126013.0,163429.0
2025-06-20 10:17:58.139479,3167.6,127182.0,163096.0
2025-06-20 10:17:58.620736,3167.8,127182.0,163096.0
2025-06-20 10:17:59.041881,3167.4,127371.0,163457.0
2025-06-20 10:17:59.620468,3168.0,127371.0,163457.0
2025-06-20 10:18:00.041540,3168.0,127810.0,162882.0
2025-06-20 10:18:00.632002,3168.2,127810.0,162882.0
2025-06-20 10:18:00.942708,3168.6,127659.0,162792.0
2025-06-20 10:18:01.617161,3168.0,127659.0,162792.0
2025-06-20 10:18:01.851201,3168.0,127850.0,162757.0
2025-06-20 10:18:02.615792,3168.6,127850.0,162757.0
2025-06-20 10:18:02.855441,3168.6,128084.0,162184.0
2025-06-20 10:18:03.618162,3168.6,128084.0,162184.0
2025-06-20 10:18:03.744394,3168.6,128641.0,162185.0
2025-06-20 10:18:04.616511,3168.8,128641.0,162185.0
2025-06-20 10:18:04.743569,3168.7,128572.0,162436.0
2025-06-20 10:18:05.619826,3168.5,128572.0,162436.0
2025-06-20 10:18:05.744101,3168.5,128242.0,161848.0
2025-06-20 10:18:06.616621,3168.1,128242.0,161848.0
2025-06-20 10:18:06.743592,3168.1,128593.0,162326.0
2025-06-20 10:18:07.616597,3168.1,128593.0,162326.0
2025-06-20 10:18:07.653399,3168.1,128651.0,162315.0
2025-06-20 10:18:08.618192,3169.0,128651.0,162315.0
2025-06-20 10:18:08.658223,3169.0,128532.0,161320.0
2025-06-20 10:18:09.546630,3168.4,128446.0,161048.0
2025-06-20 10:18:09.617308,3168.4,128446.0,161048.0
2025-06-20 10:18:10.547135,3168.7,128144.0,160343.0
2025-06-20 10:18:10.617156,3168.7,128144.0,160343.0
2025-06-20 10:18:11.549440,3168.4,127900.0,159803.0
2025-06-20 10:18:11.618717,3168.4,127900.0,159803.0
2025-06-20 10:18:12.548385,3169.0,128228.0,160542.0
2025-06-20 10:18:12.616622,3169.0,128228.0,160542.0
2025-06-20 10:18:13.550344,3168.7,128008.0,160396.0
2025-06-20 10:18:13.616499,3169.0,128008.0,160396.0
2025-06-20 10:18:14.550663,3168.7,128336.0,159454.0
2025-06-20 10:18:14.670953,3168.9,128336.0,159454.0
2025-06-20 10:18:15.571003,3168.8,128356.0,159595.0
2025-06-20 10:18:15.616219,3168.7,128356.0,159595.0
2025-06-20 10:18:16.551153,3168.9,128357.0,159239.0
2025-06-20 10:18:16.617458,3168.9,128357.0,159239.0
2025-06-20 10:18:17.554892,3168.4,127615.0,157624.0
2025-06-20 10:18:17.618102,3168.7,127615.0,157624.0
2025-06-20 10:18:18.552009,3169.5,128709.0,155496.0
2025-06-20 10:18:18.616409,3169.5,128709.0,155496.0
2025-06-20 10:18:19.554240,3169.8,128670.0,155536.0
2025-06-20 10:18:19.617184,3169.8,128670.0,155536.0
2025-06-20 10:18:20.566807,3169.8,128606.0,155407.0
2025-06-20 10:18:20.617922,3169.8,128606.0,155407.0
2025-06-20 10:18:21.459771,3169.5,128495.0,156253.0
2025-06-20 10:18:21.616870,3169.5,128495.0,156253.0
2025-06-20 10:18:22.456184,3169.3,128157.0,155483.0
2025-06-20 10:18:22.617890,3169.3,128157.0,155483.0
2025-06-20 10:18:23.455570,3169.5,128570.0,155070.0
2025-06-20 10:18:23.617917,3169.8,128570.0,155070.0
2025-06-20 10:18:24.455504,3169.9,128823.0,150691.0
2025-06-20 10:18:24.618282,3170.0,128823.0,150691.0
2025-06-20 10:18:25.456628,3169.9,128713.0,150926.0
2025-06-20 10:18:25.619233,3169.4,128713.0,150926.0
2025-06-20 10:18:26.456927,3172.0,129620.0,142609.0
2025-06-20 10:18:26.649458,3172.0,129620.0,142609.0
2025-06-20 10:18:27.456665,3171.7,127320.0,143659.0
2025-06-20 10:18:27.618819,3171.7,127320.0,143659.0
2025-06-20 10:18:28.381582,3171.6,128197.0,141594.0
2025-06-20 10:18:28.618332,3171.4,128197.0,141594.0
2025-06-20 10:18:29.371427,3172.3,127524.0,141214.0
2025-06-20 10:18:29.617127,3171.0,127524.0,141214.0
2025-06-20 10:18:30.371642,3172.0,128239.0,141497.0
2025-06-20 10:18:30.618381,3172.0,128239.0,141497.0
2025-06-20 10:18:31.369413,3172.0,128104.0,141551.0
2025-06-20 10:18:31.622830,3172.0,128104.0,141551.0
2025-06-20 10:18:32.370720,3172.5,128254.0,141394.0
2025-06-20 10:18:32.620152,3172.0,128254.0,141394.0
2025-06-20 10:18:33.372400,3172.0,127580.0,141895.0
2025-06-20 10:18:33.617813,3172.0,127580.0,141895.0
2025-06-20 10:18:34.371261,3172.0,127515.0,141235.0
2025-06-20 10:18:34.622357,3172.0,127515.0,141235.0
2025-06-20 10:18:35.261882,3172.5,127277.0,141414.0
2025-06-20 10:18:35.619952,3171.9,127277.0,141414.0
2025-06-20 10:18:36.261837,3171.0,127576.0,141786.0
2025-06-20 10:18:36.620559,3171.9,127576.0,141786.0
2025-06-20 10:18:37.261636,3171.0,126895.0,141384.0
2025-06-20 10:18:37.620599,3171.0,126895.0,141384.0
2025-06-20 10:18:38.262977,3171.0,126968.0,142741.0
2025-06-20 10:18:38.620862,3171.8,126968.0,142741.0
2025-06-20 10:18:39.262734,3171.0,126416.0,143874.0
2025-06-20 10:18:39.619654,3171.7,126416.0,143874.0
2025-06-20 10:18:40.263116,3171.0,126719.0,144472.0
2025-06-20 10:18:40.619308,3171.4,126719.0,144472.0
2025-06-20 10:18:41.264874,3170.9,127080.0,144454.0
2025-06-20 10:18:41.327069,3170.9,127080.0,144454.0
2025-06-20 10:18:41.619319,3171.6,127080.0,144454.0
2025-06-20 10:18:41.671168,3171.6,127080.0,144454.0
2025-06-20 10:18:42.120695,3171.6,127080.0,144454.0
2025-06-20 10:18:42.312583,3170.5,127553.0,143884.0
2025-06-20 10:18:42.455771,3170.5,127553.0,143884.0
2025-06-20 10:18:42.675933,3170.5,127553.0,143884.0
2025-06-20 10:18:42.727897,3170.5,127553.0,143884.0
2025-06-20 10:18:43.266913,3170.9,127784.0,143361.0
2025-06-20 10:18:43.291687,3170.9,127784.0,143361.0
2025-06-20 10:18:43.620936,3171.9,127784.0,143361.0
2025-06-20 10:18:43.941581,3171.9,127784.0,143361.0
2025-06-20 10:18:44.265272,3172.0,127626.0,144060.0
2025-06-20 10:18:44.431253,3172.0,127626.0,144060.0
2025-06-20 10:18:44.687196,3170.6,127626.0,144060.0
2025-06-20 10:18:45.007681,3170.6,127626.0,144060.0
2025-06-20 10:18:45.228146,3170.6,127089.0,143765.0
2025-06-20 10:18:45.423028,3170.6,127089.0,143765.0
2025-06-20 10:18:45.636570,3170.6,127089.0,143765.0
2025-06-20 10:18:46.165205,3170.5,126493.0,144747.0
2025-06-20 10:18:46.332434,3170.5,126493.0,144747.0
2025-06-20 10:18:46.621628,3170.9,126493.0,144747.0
2025-06-20 10:18:47.174715,3171.5,126761.0,145065.0
2025-06-20 10:18:47.620316,3171.0,126761.0,145065.0
2025-06-20 10:18:47.680708,3171.0,126761.0,145065.0
2025-06-20 10:18:48.166957,3171.0,126421.0,145027.0
2025-06-20 10:18:48.619907,3171.5,126421.0,145027.0
2025-06-20 10:18:48.666468,3171.5,126421.0,145027.0
2025-06-20 10:18:49.168540,3170.3,126699.0,145827.0
2025-06-20 10:18:49.649598,3170.3,126699.0,145827.0
2025-06-20 10:18:50.169936,3171.2,126434.0,146486.0
2025-06-20 10:18:50.201586,3171.2,126434.0,146486.0
2025-06-20 10:18:50.620916,3171.3,126434.0,146486.0
2025-06-20 10:18:51.172052,3170.6,126601.0,146426.0
2025-06-20 10:18:51.446368,3170.6,126601.0,146426.0
2025-06-20 10:18:51.626356,3170.0,126601.0,146426.0
2025-06-20 10:18:52.177286,3170.0,126413.0,146454.0
2025-06-20 10:18:52.619548,3170.0,126413.0,146454.0
2025-06-20 10:18:52.759759,3170.0,126413.0,146454.0
2025-06-20 10:18:53.080394,3171.0,126472.0,146125.0
2025-06-20 10:18:53.626758,3170.9,126472.0,146125.0
2025-06-20 10:18:54.071867,3170.9,125815.0,147734.0
2025-06-20 10:18:54.395915,3170.9,125815.0,147734.0
2025-06-20 10:18:54.627485,3171.0,125815.0,147734.0
2025-06-20 10:18:55.072018,3171.1,126754.0,144410.0
2025-06-20 10:18:55.637729,3172.0,126754.0,144410.0
2025-06-20 10:18:56.071683,3172.5,127300.0,143213.0
2025-06-20 10:18:56.620242,3172.1,127300.0,143213.0
2025-06-20 10:18:57.073062,3172.1,127288.0,143969.0
2025-06-20 10:18:57.627033,3173.0,127288.0,143969.0
2025-06-20 10:18:58.072622,3172.1,126465.0,144086.0
2025-06-20 10:18:58.630287,3171.9,126465.0,144086.0
2025-06-20 10:18:58.981343,3171.0,125522.0,145297.0
2025-06-20 10:18:59.627377,3171.0,125522.0,145297.0
2025-06-20 10:18:59.973610,3171.1,125182.0,146617.0
2025-06-20 10:19:00.646322,3171.6,125182.0,146617.0
2025-06-20 10:19:01.477274,3170.8,125756.0,147575.0
2025-06-20 10:19:01.627769,3170.8,125756.0,147575.0
2025-06-20 10:19:02.589335,3170.1,126093.0,147811.0
2025-06-20 10:19:02.628340,3171.8,126093.0,147811.0
2025-06-20 10:19:03.625934,3170.8,126093.0,147811.0
2025-06-20 10:19:03.675537,3170.8,125099.0,147588.0
2025-06-20 10:19:04.634899,3170.1,125099.0,147588.0
2025-06-20 10:19:04.677755,3170.1,126769.0,147745.0
2025-06-20 10:19:05.636071,3170.9,126769.0,147745.0
2025-06-20 10:19:05.780740,3172.0,127529.0,146408.0
2025-06-20 10:19:06.627036,3171.1,127529.0,146408.0
2025-06-20 10:19:06.885318,3171.6,127588.0,146957.0
2025-06-20 10:19:07.627060,3172.3,127588.0,146957.0
2025-06-20 10:19:07.981620,3172.5,127830.0,146368.0
2025-06-20 10:19:08.621904,3171.2,127830.0,146368.0
2025-06-20 10:19:08.979953,3171.2,127414.0,146469.0
2025-06-20 10:19:09.623987,3171.1,127414.0,146469.0
2025-06-20 10:19:09.978971,3171.0,127640.0,146576.0
2025-06-20 10:19:10.633656,3171.1,127640.0,146576.0
2025-06-20 10:19:10.980445,3171.1,128140.0,146944.0
2025-06-20 10:19:11.631073,3171.2,128140.0,146944.0
2025-06-20 10:19:12.082635,3171.9,128281.0,146756.0
2025-06-20 10:19:12.624152,3171.3,128281.0,146756.0
2025-06-20 10:19:13.191632,3170.7,128456.0,147080.0
2025-06-20 10:19:13.630769,3171.1,128456.0,147080.0
2025-06-20 10:19:14.296011,3171.2,129921.0,146516.0
2025-06-20 10:19:14.633806,3171.3,129921.0,146516.0
2025-06-20 10:19:15.405306,3171.4,130763.0,146245.0
2025-06-20 10:19:15.638238,3171.4,130763.0,146245.0
2025-06-20 10:19:16.484381,3172.0,130369.0,146782.0
2025-06-20 10:19:16.638498,3172.0,130369.0,146782.0
2025-06-20 10:19:17.589446,3172.0,130651.0,147357.0
2025-06-20 10:19:17.636690,3172.0,130651.0,147357.0
2025-06-20 10:19:18.692686,3171.5,130651.0,147357.0
2025-06-20 10:19:18.785982,3171.5,129708.0,147890.0
2025-06-20 10:19:19.624138,3171.5,129708.0,147890.0
2025-06-20 10:19:19.802623,3172.0,130569.0,148075.0
2025-06-20 10:19:20.636682,3171.5,130569.0,148075.0
2025-06-20 10:19:20.898455,3172.0,130614.0,147910.0
2025-06-20 10:19:21.672278,3172.5,130614.0,147910.0
2025-06-20 10:19:21.988857,3172.5,130831.0,147563.0
2025-06-20 10:19:22.639853,3171.9,130831.0,147563.0
2025-06-20 10:19:23.091686,3171.5,130577.0,147956.0
2025-06-20 10:19:23.633786,3171.5,130577.0,147956.0
2025-06-20 10:19:24.191317,3171.5,130650.0,147767.0
2025-06-20 10:19:24.863947,3171.5,130650.0,147767.0
2025-06-20 10:19:25.292218,3172.5,130215.0,147756.0
2025-06-20 10:19:25.639597,3172.5,130215.0,147756.0
2025-06-20 10:19:26.407583,3170.8,130332.0,148803.0
2025-06-20 10:19:26.656838,3172.3,130332.0,148803.0
2025-06-20 10:19:27.495017,3171.4,129919.0,149189.0
2025-06-20 10:19:27.666587,3170.8,129919.0,149189.0
2025-06-20 10:19:28.595833,3170.4,130086.0,148644.0
2025-06-20 10:19:28.684315,3170.4,130086.0,148644.0
2025-06-20 10:19:29.861509,3172.0,130086.0,148644.0
2025-06-20 10:19:29.881944,3172.0,130024.0,149695.0
2025-06-20 10:19:30.631353,3171.8,130024.0,149695.0
2025-06-20 10:19:30.795488,3171.8,130277.0,150010.0
2025-06-20 10:19:31.638800,3171.0,130277.0,150010.0
2025-06-20 10:19:31.912402,3171.0,130022.0,150271.0
2025-06-20 10:19:32.639962,3172.0,130022.0,150271.0
2025-06-20 10:19:32.999230,3172.0,129742.0,150649.0
2025-06-20 10:19:33.645813,3172.0,129742.0,150649.0
2025-06-20 10:19:34.100419,3171.0,129325.0,151676.0
2025-06-20 10:19:34.631699,3171.0,129325.0,151676.0
2025-06-20 10:19:35.201711,3171.8,128943.0,151668.0
2025-06-20 10:19:35.632234,3170.7,128943.0,151668.0
2025-06-20 10:19:36.221862,3172.0,129506.0,151513.0
2025-06-20 10:19:36.628249,3172.0,129506.0,151513.0
2025-06-20 10:19:37.370058,3170.7,129192.0,151996.0
2025-06-20 10:19:37.692675,3171.3,129192.0,151996.0
2025-06-20 10:19:38.434114,3171.0,129470.0,152664.0
2025-06-20 10:19:38.626315,3171.1,129470.0,152664.0
2025-06-20 10:19:39.504859,3171.1,129580.0,153004.0
2025-06-20 10:19:39.631077,3171.8,129580.0,153004.0
2025-06-20 10:19:40.805941,3171.9,129563.0,153256.0
2025-06-20 10:19:40.904682,3171.9,129563.0,153256.0
2025-06-20 10:19:41.507528,3171.0,129589.0,153458.0
2025-06-20 10:19:41.670174,3171.0,129589.0,153458.0
2025-06-20 10:19:42.609011,3171.1,129368.0,153751.0
2025-06-20 10:19:42.638296,3171.1,129368.0,153751.0
2025-06-20 10:19:43.625759,3170.7,129368.0,153751.0
2025-06-20 10:19:43.707287,3170.4,128861.0,153606.0
2025-06-20 10:19:44.626814,3171.0,128861.0,153606.0
2025-06-20 10:19:44.809047,3171.5,128107.0,154310.0
2025-06-20 10:19:45.632650,3170.9,128107.0,154310.0
2025-06-20 10:19:45.917169,3170.9,128829.0,154561.0
2025-06-20 10:19:46.634051,3171.5,128829.0,154561.0
2025-06-20 10:19:47.013512,3171.5,129076.0,154615.0
2025-06-20 10:19:47.634741,3171.2,129076.0,154615.0
2025-06-20 10:19:48.014377,3171.2,128491.0,156060.0
2025-06-20 10:19:48.632484,3171.2,128491.0,156060.0
2025-06-20 10:19:49.115670,3171.5,128629.0,156669.0
2025-06-20 10:19:49.630048,3171.4,128629.0,156669.0
2025-06-20 10:19:50.220580,3171.4,128528.0,156727.0
2025-06-20 10:19:50.633331,3171.5,128528.0,156727.0
2025-06-20 10:19:51.317962,3171.0,127557.0,157279.0
2025-06-20 10:19:51.635332,3171.0,127557.0,157279.0
2025-06-20 10:19:52.429159,3170.0,127429.0,157536.0
2025-06-20 10:19:52.694783,3170.0,127429.0,157536.0
2025-06-20 10:19:53.432395,3171.0,127217.0,157028.0
2025-06-20 10:19:53.630028,3171.0,127217.0,157028.0
2025-06-20 10:19:54.525378,3170.0,127498.0,156948.0
2025-06-20 10:19:54.634546,3170.0,127498.0,156948.0
2025-06-20 10:19:55.623522,3170.0,127519.0,156745.0
2025-06-20 10:19:56.723916,3170.0,127519.0,156825.0
2025-06-20 10:19:57.628594,3171.0,127519.0,156825.0
2025-06-20 10:19:57.828573,3171.0,127750.0,156715.0
2025-06-20 10:19:58.630006,3170.8,127750.0,156715.0
2025-06-20 10:19:58.829733,3170.8,127528.0,156944.0
2025-06-20 10:19:59.632108,3170.0,127528.0,156944.0
2025-06-20 10:19:59.939828,3171.1,127551.0,157072.0
2025-06-20 10:20:00.671558,3170.5,127551.0,157072.0
2025-06-20 10:20:01.030217,3170.5,127764.0,156342.0
2025-06-20 10:20:01.636673,3171.9,127764.0,156342.0
2025-06-20 10:20:01.932731,3171.9,128129.0,154506.0
2025-06-20 10:20:02.634556,3172.0,128129.0,154506.0
2025-06-20 10:20:02.939082,3172.0,128206.0,155011.0
2025-06-20 10:20:03.634709,3171.6,128206.0,155011.0
2025-06-20 10:20:03.938498,3172.0,127691.0,155224.0
2025-06-20 10:20:04.633228,3171.6,127691.0,155224.0
2025-06-20 10:20:04.943399,3172.0,128187.0,155014.0
2025-06-20 10:20:05.635489,3171.6,128187.0,155014.0
2025-06-20 10:20:05.835635,3171.6,128395.0,155038.0
2025-06-20 10:20:06.634400,3170.9,128395.0,155038.0
2025-06-20 10:20:06.745643,3170.9,128493.0,154304.0
2025-06-20 10:20:07.633828,3171.5,128493.0,154304.0
2025-06-20 10:20:07.750080,3171.5,128252.0,154421.0
2025-06-20 10:20:08.635319,3172.0,128252.0,154421.0
2025-06-20 10:20:08.676765,3172.0,128486.0,154857.0
2025-06-20 10:20:09.535591,3171.8,128364.0,155005.0
2025-06-20 10:20:09.634790,3172.0,128364.0,155005.0
2025-06-20 10:20:10.537903,3171.8,128418.0,155068.0
2025-06-20 10:20:10.634174,3171.8,128418.0,155068.0
2025-06-20 10:20:11.580787,3171.5,128593.0,154804.0
2025-06-20 10:20:11.634410,3172.0,128593.0,154804.0
2025-06-20 10:20:12.437187,3171.5,128703.0,154711.0
2025-06-20 10:20:12.634733,3171.5,128703.0,154711.0
2025-06-20 10:20:13.536139,3172.1,128931.0,152874.0
2025-06-20 10:20:13.634701,3172.1,128931.0,152874.0
2025-06-20 10:20:14.442276,3171.8,129446.0,152815.0
2025-06-20 10:20:14.640623,3172.2,129446.0,152815.0
2025-06-20 10:20:15.446190,3172.5,128762.0,153534.0
2025-06-20 10:20:15.634903,3172.5,128762.0,153534.0
2025-06-20 10:20:16.358509,3172.0,128692.0,153658.0
2025-06-20 10:20:16.636432,3172.1,128692.0,153658.0
2025-06-20 10:20:17.345097,3173.0,129591.0,150692.0
2025-06-20 10:20:17.644288,3173.0,129591.0,150692.0
2025-06-20 10:20:18.239222,3172.7,129236.0,151826.0
2025-06-20 10:20:18.635186,3172.7,129236.0,151826.0
2025-06-20 10:20:19.141406,3172.4,128907.0,152710.0
2025-06-20 10:20:19.635981,3173.0,128907.0,152710.0
2025-06-20 10:20:20.142282,3172.6,128843.0,152335.0
2025-06-20 10:20:20.633788,3172.6,128843.0,152335.0
2025-06-20 10:20:21.144832,3171.7,128786.0,152346.0
2025-06-20 10:20:21.636258,3172.0,128786.0,152346.0
2025-06-20 10:20:22.043328,3172.7,129107.0,152004.0
2025-06-20 10:20:22.635777,3172.5,129107.0,152004.0
2025-06-20 10:20:23.046442,3173.0,128845.0,152011.0
2025-06-20 10:20:23.638012,3172.9,128845.0,152011.0
2025-06-20 10:20:24.043691,3172.9,128743.0,152501.0
2025-06-20 10:20:24.638655,3173.0,128743.0,152501.0
2025-06-20 10:20:25.044634,3173.0,128587.0,152488.0
2025-06-20 10:20:25.638780,3173.0,128587.0,152488.0
2025-06-20 10:20:26.046876,3171.4,128942.0,153408.0
2025-06-20 10:20:26.636042,3171.6,128942.0,153408.0
2025-06-20 10:20:27.047594,3171.5,128880.0,153304.0
2025-06-20 10:20:27.696214,3171.9,128880.0,153304.0
2025-06-20 10:20:28.153662,3171.9,126356.0,152763.0
2025-06-20 10:20:28.637249,3172.4,126356.0,152763.0
2025-06-20 10:20:29.049445,3171.9,128714.0,154305.0
2025-06-20 10:20:29.635414,3171.9,128714.0,154305.0
2025-06-20 10:20:29.965699,3172.9,129031.0,152856.0
2025-06-20 10:20:30.636067,3172.9,129031.0,152856.0
2025-06-20 10:20:30.956660,3171.7,128773.0,153527.0
2025-06-20 10:20:31.638285,3172.9,128773.0,153527.0
2025-06-20 10:20:31.952894,3172.1,129926.0,152717.0
2025-06-20 10:20:32.701414,3172.0,129926.0,152717.0
2025-06-20 10:20:32.953865,3172.0,129558.0,152880.0
2025-06-20 10:20:33.636576,3171.7,129558.0,152880.0
2025-06-20 10:20:33.967409,3171.7,129193.0,153614.0
2025-06-20 10:20:34.635920,3171.7,129193.0,153614.0
2025-06-20 10:20:34.958085,3172.9,129243.0,152756.0
2025-06-20 10:20:35.635782,3172.9,129243.0,152756.0
2025-06-20 10:20:35.961562,3172.3,129512.0,153107.0
2025-06-20 10:20:36.660426,3171.8,129512.0,153107.0
2025-06-20 10:20:36.963193,3172.9,129274.0,152775.0
2025-06-20 10:20:37.641095,3172.9,129274.0,152775.0
2025-06-20 10:20:37.960216,3172.9,129263.0,152823.0
2025-06-20 10:20:38.637554,3172.9,129263.0,152823.0
2025-06-20 10:20:38.973325,3172.9,129568.0,152971.0
2025-06-20 10:20:39.640387,3173.0,129568.0,152971.0
2025-06-20 10:20:39.965047,3172.7,129592.0,152921.0
2025-06-20 10:20:40.639880,3172.4,129592.0,152921.0
2025-06-20 10:20:40.964707,3172.9,129350.0,152999.0
2025-06-20 10:20:41.636665,3172.7,129350.0,152999.0
2025-06-20 10:20:42.471335,3172.4,129925.0,152916.0
2025-06-20 10:20:42.638731,3172.0,129925.0,152916.0
2025-06-20 10:20:43.462505,3172.9,129484.0,152467.0
2025-06-20 10:20:43.638655,3173.0,129484.0,152467.0
2025-06-20 10:20:44.463284,3172.9,129803.0,152475.0
2025-06-20 10:20:44.639531,3172.9,129803.0,152475.0
2025-06-20 10:20:45.464062,3173.0,129593.0,152600.0
2025-06-20 10:20:45.650181,3171.8,129593.0,152600.0
2025-06-20 10:20:46.463336,3172.9,128878.0,153196.0
2025-06-20 10:20:46.638432,3172.7,128878.0,153196.0
2025-06-20 10:20:47.464693,3171.4,129233.0,153228.0
2025-06-20 10:20:47.638875,3172.6,129233.0,153228.0
2025-06-20 10:20:48.465605,3171.1,128983.0,153707.0
2025-06-20 10:20:48.638519,3172.0,128983.0,153707.0
2025-06-20 10:20:49.518516,3172.7,129418.0,153734.0
2025-06-20 10:20:49.692525,3172.7,129418.0,153734.0
2025-06-20 10:20:50.500205,3171.8,126804.0,155588.0
2025-06-20 10:20:50.667945,3171.8,126804.0,155588.0
2025-06-20 10:20:51.465477,3171.5,128730.0,155798.0
2025-06-20 10:20:51.637646,3171.5,128730.0,155798.0
2025-06-20 10:20:52.569078,3172.1,128867.0,155012.0
2025-06-20 10:20:52.639179,3172.1,128867.0,155012.0
2025-06-20 10:20:53.611627,3172.3,129062.0,155541.0
2025-06-20 10:20:53.647375,3171.3,129062.0,155541.0
2025-06-20 10:20:54.483141,3172.3,128845.0,155536.0
2025-06-20 10:20:54.638180,3172.3,128845.0,155536.0
2025-06-20 10:20:55.638190,3172.2,128845.0,155536.0
2025-06-20 10:20:55.675359,3172.2,128716.0,155430.0
2025-06-20 10:20:56.637501,3171.3,128716.0,155430.0
2025-06-20 10:20:56.769376,3170.5,126597.0,156454.0
2025-06-20 10:20:57.641646,3170.5,126597.0,156454.0
2025-06-20 10:20:57.883551,3170.5,126713.0,157590.0
2025-06-20 10:20:58.638124,3170.7,126713.0,157590.0
2025-06-20 10:20:58.971081,3168.2,123111.0,158555.0
2025-06-20 10:20:59.642116,3169.0,123111.0,158555.0
2025-06-20 10:20:59.971386,3169.0,123288.0,158382.0
2025-06-20 10:21:01.639527,3170.5,123288.0,158382.0
2025-06-20 10:21:01.676918,3170.5,126009.0,156742.0
2025-06-20 10:21:02.645000,3171.2,126009.0,156742.0
2025-06-20 10:21:02.680492,3169.0,124580.0,156789.0
2025-06-20 10:21:03.570848,3169.5,125477.0,157368.0
2025-06-20 10:21:03.643211,3169.5,125477.0,157368.0
2025-06-20 10:21:04.574992,3169.7,125669.0,156868.0
2025-06-20 10:21:04.650580,3169.8,125669.0,156868.0
2025-06-20 10:21:05.572524,3171.3,126730.0,157275.0
2025-06-20 10:21:05.640770,3171.3,126730.0,157275.0
2025-06-20 10:21:06.571602,3169.4,126395.0,157457.0
2025-06-20 10:21:06.637541,3169.4,126395.0,157457.0
2025-06-20 10:21:07.477524,3170.3,126788.0,157177.0
2025-06-20 10:21:07.666757,3170.3,126788.0,157177.0
2025-06-20 10:21:08.573519,3170.4,126533.0,156759.0
2025-06-20 10:21:08.639536,3170.4,126533.0,156759.0
2025-06-20 10:21:09.492625,3170.5,126894.0,156425.0
2025-06-20 10:21:09.640248,3170.5,126894.0,156425.0
2025-06-20 10:21:10.389122,3171.3,126815.0,157070.0
2025-06-20 10:21:10.639466,3171.3,126815.0,157070.0
2025-06-20 10:21:11.389971,3171.3,126986.0,156960.0
2025-06-20 10:21:11.638100,3170.8,126986.0,156960.0
2025-06-20 10:21:12.392502,3170.5,126689.0,157020.0
2025-06-20 10:21:12.640018,3170.5,126689.0,157020.0
2025-06-20 10:21:13.281755,3170.5,126690.0,157212.0
2025-06-20 10:21:13.645488,3170.9,126690.0,157212.0
2025-06-20 10:21:14.282968,3170.5,125949.0,157989.0
2025-06-20 10:21:14.646933,3170.7,125949.0,157989.0
2025-06-20 10:21:15.180076,3170.9,127120.0,157816.0
2025-06-20 10:21:15.697894,3170.9,127120.0,157816.0
2025-06-20 10:21:16.187321,3170.5,127509.0,156957.0
2025-06-20 10:21:16.646315,3170.0,127509.0,156957.0
2025-06-20 10:21:17.082651,3170.0,127318.0,156935.0
2025-06-20 10:21:17.641893,3170.8,127318.0,156935.0
2025-06-20 10:21:18.082154,3170.8,127423.0,157083.0
2025-06-20 10:21:18.640846,3169.8,127423.0,157083.0
2025-06-20 10:21:18.981619,3170.4,127187.0,157094.0
2025-06-20 10:21:19.641358,3169.5,127187.0,157094.0
2025-06-20 10:21:19.988388,3170.7,127164.0,157570.0
2025-06-20 10:21:20.646759,3171.0,127164.0,157570.0
2025-06-20 10:21:20.987342,3171.0,127762.0,157400.0
2025-06-20 10:21:21.639355,3170.9,127762.0,157400.0
2025-06-20 10:21:21.985468,3169.9,126889.0,156754.0
2025-06-20 10:21:22.638398,3169.6,126889.0,156754.0
2025-06-20 10:21:22.993054,3169.6,127426.0,157781.0
2025-06-20 10:21:23.646465,3169.5,127426.0,157781.0
2025-06-20 10:21:23.897337,3169.5,126068.0,158622.0
2025-06-20 10:21:24.638968,3169.6,126068.0,158622.0
2025-06-20 10:21:24.785848,3169.6,126799.0,158364.0
2025-06-20 10:21:25.645142,3169.3,126799.0,158364.0
2025-06-20 10:21:25.787660,3169.3,126864.0,158506.0
2025-06-20 10:21:26.639929,3168.8,126864.0,158506.0
2025-06-20 10:21:26.787817,3168.8,126457.0,158954.0
2025-06-20 10:21:27.639156,3169.3,126457.0,158954.0
2025-06-20 10:21:27.787987,3169.3,126331.0,158696.0
2025-06-20 10:21:28.646031,3169.4,126331.0,158696.0
2025-06-20 10:21:28.789373,3169.4,126748.0,158500.0
2025-06-20 10:21:29.694042,3169.4,127049.0,158292.0
2025-06-20 10:21:30.641345,3169.4,127049.0,158292.0
2025-06-20 10:21:30.693582,3169.4,126986.0,158767.0
2025-06-20 10:21:31.670995,3169.4,127036.0,158379.0
2025-06-20 10:21:31.726313,3169.4,127036.0,158379.0
2025-06-20 10:21:32.656977,3169.4,127036.0,158379.0
2025-06-20 10:21:32.706506,3169.4,126943.0,158906.0
2025-06-20 10:21:33.642817,3169.5,126943.0,158906.0
2025-06-20 10:21:33.691416,3169.4,126778.0,158451.0
2025-06-20 10:21:34.592344,3169.8,127236.0,159044.0
2025-06-20 10:21:34.637962,3169.8,127236.0,159044.0
2025-06-20 10:21:35.591702,3169.7,126717.0,158900.0
2025-06-20 10:21:35.638911,3169.7,126717.0,158900.0
2025-06-20 10:21:36.491785,3169.4,126871.0,159305.0
2025-06-20 10:21:36.639629,3169.4,126871.0,159305.0
2025-06-20 10:21:37.405550,3169.7,126899.0,159134.0
2025-06-20 10:21:37.650324,3169.7,126899.0,159134.0
2025-06-20 10:21:38.295332,3170.0,127512.0,159115.0
2025-06-20 10:21:38.639029,3169.8,127512.0,159115.0
2025-06-20 10:21:39.199015,3170.0,127518.0,159100.0
2025-06-20 10:21:39.638670,3170.0,127518.0,159100.0
2025-06-20 10:21:40.198503,3170.0,127339.0,159390.0
2025-06-20 10:21:40.639645,3170.0,127339.0,159390.0
2025-06-20 10:21:41.096009,3169.8,127436.0,159312.0
2025-06-20 10:21:41.639303,3169.9,127436.0,159312.0
2025-06-20 10:21:41.839212,3169.9,127436.0,159312.0
2025-06-20 10:21:42.096814,3169.9,127641.0,158965.0
2025-06-20 10:21:42.171972,3169.9,127641.0,158965.0
2025-06-20 10:21:42.646729,3169.9,127641.0,158965.0
2025-06-20 10:21:42.794493,3169.9,127641.0,158965.0
2025-06-20 10:21:43.083038,3169.9,127641.0,158965.0
2025-06-20 10:21:43.099387,3170.0,127272.0,159587.0
2025-06-20 10:21:43.333120,3170.0,127272.0,159587.0
2025-06-20 10:21:43.647508,3169.9,127272.0,159587.0
2025-06-20 10:21:43.721649,3169.9,127272.0,159587.0
2025-06-20 10:21:43.998707,3170.0,127752.0,159571.0
2025-06-20 10:21:44.425280,3170.0,127752.0,159571.0
2025-06-20 10:21:44.642520,3169.9,127752.0,159571.0
2025-06-20 10:21:44.836521,3169.9,127752.0,159571.0
2025-06-20 10:21:44.932710,3169.8,127677.0,159531.0
2025-06-20 10:21:45.465569,3169.8,127677.0,159531.0
2025-06-20 10:21:45.702520,3169.3,127677.0,159531.0
2025-06-20 10:21:45.820146,3169.3,127677.0,159531.0
2025-06-20 10:21:45.915698,3170.0,127391.0,159543.0
2025-06-20 10:21:46.684039,3170.0,127391.0,159543.0
2025-06-20 10:21:46.814819,3170.0,127391.0,159543.0
2025-06-20 10:21:47.142000,3170.0,128592.0,159383.0
2025-06-20 10:21:47.641263,3170.2,128592.0,159383.0
2025-06-20 10:21:48.101162,3170.0,128481.0,159485.0
2025-06-20 10:21:48.135131,3170.0,128481.0,159485.0
2025-06-20 10:21:48.648414,3170.0,128481.0,159485.0
2025-06-20 10:21:49.103128,3170.0,127148.0,159762.0
2025-06-20 10:21:49.112942,3170.0,127148.0,159762.0
2025-06-20 10:21:49.687709,3170.0,127148.0,159762.0
2025-06-20 10:21:50.103208,3169.3,127406.0,159882.0
2025-06-20 10:21:50.656486,3169.7,127406.0,159882.0
2025-06-20 10:21:50.696813,3169.7,127406.0,159882.0
2025-06-20 10:21:51.102931,3169.8,126994.0,160319.0
2025-06-20 10:21:51.690642,3169.8,126994.0,160319.0
2025-06-20 10:21:51.941583,3169.8,126994.0,160319.0
2025-06-20 10:21:52.170412,3169.8,127422.0,160036.0
2025-06-20 10:21:52.694594,3169.8,127422.0,160036.0
2025-06-20 10:21:53.192250,3169.8,127422.0,160036.0
2025-06-20 10:21:53.220307,3169.9,127415.0,160289.0
2025-06-20 10:21:53.639161,3169.9,127415.0,160289.0
2025-06-20 10:21:54.308665,3169.8,127439.0,160258.0
2025-06-20 10:21:54.646409,3170.0,127439.0,160258.0
2025-06-20 10:21:54.791530,3170.0,127439.0,160258.0
2025-06-20 10:21:55.308379,3170.0,126998.0,160050.0
2025-06-20 10:21:55.658269,3169.0,126998.0,160050.0
2025-06-20 10:21:56.420477,3169.0,126834.0,160475.0
2025-06-20 10:21:56.644743,3169.0,126834.0,160475.0
2025-06-20 10:21:57.508977,3169.5,127045.0,159863.0
2025-06-20 10:21:57.645874,3169.5,127045.0,159863.0
2025-06-20 10:21:58.507187,3169.9,127121.0,160202.0
2025-06-20 10:21:58.642269,3168.0,127121.0,160202.0
2025-06-20 10:21:59.610040,3168.8,126915.0,160200.0
2025-06-20 10:21:59.652512,3168.8,126915.0,160200.0
2025-06-20 10:22:00.920195,3169.7,126681.0,160316.0
2025-06-20 10:22:01.659286,3168.7,126681.0,160316.0
2025-06-20 10:22:01.930394,3168.7,126882.0,160346.0
2025-06-20 10:22:02.681898,3168.7,126882.0,160346.0
2025-06-20 10:22:03.019657,3168.7,126912.0,160297.0
2025-06-20 10:22:03.644468,3170.0,126912.0,160297.0
2025-06-20 10:22:04.113080,3170.0,127500.0,159442.0
2025-06-20 10:22:04.642203,3170.0,127500.0,159442.0
2025-06-20 10:22:05.210536,3169.6,128327.0,158221.0
2025-06-20 10:22:05.710757,3169.2,128327.0,158221.0
2025-06-20 10:22:06.113029,3169.2,127154.0,158598.0
2025-06-20 10:22:06.647209,3169.2,127154.0,158598.0
2025-06-20 10:22:07.631357,3170.0,126957.0,158528.0
2025-06-20 10:22:07.989814,3170.0,126957.0,158528.0
2025-06-20 10:22:08.262587,3168.8,127529.0,159130.0
2025-06-20 10:22:08.686949,3169.9,127529.0,159130.0
2025-06-20 10:22:09.315622,3169.1,127490.0,159263.0
2025-06-20 10:22:09.648456,3170.0,127490.0,159263.0
2025-06-20 10:22:10.424301,3170.0,127262.0,159332.0
2025-06-20 10:22:10.739050,3170.0,127262.0,159332.0
2025-06-20 10:22:11.549939,3169.1,127116.0,159578.0
2025-06-20 10:22:11.692949,3169.1,127116.0,159578.0
2025-06-20 10:22:12.512988,3169.1,126905.0,159954.0
2025-06-20 10:22:12.648204,3169.1,126905.0,159954.0
2025-06-20 10:22:13.613965,3169.4,126640.0,160134.0
2025-06-20 10:22:13.695222,3169.4,126640.0,160134.0
2025-06-20 10:22:14.655247,3169.5,126640.0,160134.0
2025-06-20 10:22:14.718131,3169.5,126948.0,160036.0
2025-06-20 10:22:15.647079,3169.0,126948.0,160036.0
2025-06-20 10:22:15.818489,3169.5,127289.0,159456.0
2025-06-20 10:22:16.650069,3169.0,127289.0,159456.0
2025-06-20 10:22:16.927257,3168.5,126962.0,159757.0
2025-06-20 10:22:17.649134,3168.5,126962.0,159757.0
2025-06-20 10:22:17.929677,3168.7,127222.0,159796.0
2025-06-20 10:22:18.685362,3168.7,127222.0,159796.0
2025-06-20 10:22:18.816566,3168.7,126652.0,159879.0
2025-06-20 10:22:19.646672,3169.0,126652.0,159879.0
2025-06-20 10:22:19.943856,3168.3,126508.0,159627.0
2025-06-20 10:22:20.647051,3168.0,126508.0,159627.0
2025-06-20 10:22:21.032083,3169.8,126448.0,159957.0
2025-06-20 10:22:21.650606,3169.3,126448.0,159957.0
2025-06-20 10:22:22.121924,3169.0,126437.0,160223.0
2025-06-20 10:22:22.669713,3168.2,126437.0,160223.0
2025-06-20 10:22:23.220694,3169.4,126747.0,160322.0
2025-06-20 10:22:23.649251,3169.4,126747.0,160322.0
2025-06-20 10:22:24.222705,3168.8,126568.0,160373.0
2025-06-20 10:22:24.651916,3168.8,126568.0,160373.0
2025-06-20 10:22:25.221950,3169.8,126190.0,159980.0
2025-06-20 10:22:25.649002,3168.9,126190.0,159980.0
2025-06-20 10:22:26.223655,3168.9,126990.0,160294.0
2025-06-20 10:22:26.647683,3168.7,126990.0,160294.0
2025-06-20 10:22:27.330177,3170.0,127166.0,159762.0
2025-06-20 10:22:27.645941,3170.0,127166.0,159762.0
2025-06-20 10:22:28.328963,3170.0,127077.0,160004.0
2025-06-20 10:22:28.652592,3168.4,127077.0,160004.0
2025-06-20 10:22:29.435464,3169.6,127098.0,160348.0
2025-06-20 10:22:29.682459,3169.1,127098.0,160348.0
2025-06-20 10:22:30.609012,3169.8,126829.0,160218.0
2025-06-20 10:22:31.169012,3169.9,126829.0,160218.0
2025-06-20 10:22:31.626130,3168.7,127026.0,160067.0
2025-06-20 10:22:31.655058,3168.7,127026.0,160067.0
2025-06-20 10:22:32.528937,3170.0,127462.0,159270.0
2025-06-20 10:22:32.659286,3170.0,127462.0,159270.0
2025-06-20 10:22:33.633592,3168.4,127066.0,160637.0
2025-06-20 10:22:33.654879,3168.4,127066.0,160637.0
2025-06-20 10:22:34.714682,3168.4,127066.0,160637.0
2025-06-20 10:22:34.828518,3168.4,127120.0,160391.0
2025-06-20 10:22:35.649077,3168.7,127120.0,160391.0
2025-06-20 10:22:35.953530,3168.7,127271.0,160241.0
2025-06-20 10:22:36.647553,3168.4,127271.0,160241.0
2025-06-20 10:22:36.828744,3169.6,127393.0,160216.0
2025-06-20 10:22:37.651939,3168.7,127393.0,160216.0
2025-06-20 10:22:38.029704,3168.7,127168.0,160669.0
2025-06-20 10:22:38.655211,3169.4,127168.0,160669.0
2025-06-20 10:22:39.035954,3169.4,127288.0,160552.0
2025-06-20 10:22:39.654514,3168.9,127288.0,160552.0
2025-06-20 10:22:40.044572,3168.9,127028.0,160836.0
2025-06-20 10:22:41.040239,3170.0,127333.0,160319.0
2025-06-20 10:22:41.654060,3170.0,127333.0,160319.0
2025-06-20 10:22:42.235571,3168.9,126775.0,160891.0
2025-06-20 10:22:42.694063,3168.9,126775.0,160891.0
2025-06-20 10:22:43.339888,3169.5,127159.0,160723.0
2025-06-20 10:22:43.657090,3169.5,127159.0,160723.0
2025-06-20 10:22:44.446193,3170.0,127160.0,161043.0
2025-06-20 10:22:44.658103,3170.0,127160.0,161043.0
2025-06-20 10:22:45.443214,3169.6,127250.0,160967.0
2025-06-20 10:22:45.649087,3169.3,127250.0,160967.0
2025-06-20 10:22:46.535894,3170.0,128215.0,161139.0
2025-06-20 10:22:46.652084,3170.0,128215.0,161139.0
2025-06-20 10:22:47.636513,3169.3,128322.0,161335.0
2025-06-20 10:22:47.654000,3169.3,128322.0,161335.0
2025-06-20 10:22:48.655966,3169.3,128322.0,161335.0
2025-06-20 10:22:48.738934,3170.0,128767.0,159814.0
2025-06-20 10:22:49.651437,3170.0,128767.0,159814.0
2025-06-20 10:22:49.835274,3170.0,128565.0,160489.0
2025-06-20 10:22:50.648060,3170.0,128565.0,160489.0
2025-06-20 10:22:50.746520,3170.0,128835.0,160150.0
2025-06-20 10:22:51.647483,3169.7,128835.0,160150.0
2025-06-20 10:22:51.739640,3170.0,128770.0,159793.0
2025-06-20 10:22:52.650351,3169.8,128770.0,159793.0
2025-06-20 10:22:52.742013,3170.0,128691.0,159956.0
2025-06-20 10:22:53.640700,3169.6,128643.0,160055.0
2025-06-20 10:22:53.652823,3169.3,128643.0,160055.0
2025-06-20 10:22:54.650530,3169.0,128643.0,160055.0
2025-06-20 10:22:54.805500,3169.0,127891.0,160347.0
2025-06-20 10:22:55.651213,3168.6,127891.0,160347.0
2025-06-20 10:22:55.743479,3168.6,127649.0,160590.0
2025-06-20 10:22:56.651031,3169.9,127649.0,160590.0
2025-06-20 10:22:56.843703,3169.9,127822.0,160360.0
2025-06-20 10:22:57.651585,3169.8,127822.0,160360.0
2025-06-20 10:22:57.887476,3168.5,127837.0,160191.0
2025-06-20 10:22:58.672480,3169.0,127837.0,160191.0
2025-06-20 10:22:58.955352,3169.0,127530.0,161212.0
2025-06-20 10:22:59.649869,3168.5,127530.0,161212.0
2025-06-20 10:22:59.949935,3169.0,127910.0,160910.0
2025-06-20 10:23:00.653262,3169.0,127910.0,160910.0
2025-06-20 10:23:00.952487,3169.0,128074.0,160776.0
2025-06-20 10:23:01.649693,3168.9,128074.0,160776.0
2025-06-20 10:23:01.952176,3169.0,128107.0,160734.0
2025-06-20 10:23:02.648202,3169.9,128107.0,160734.0
2025-06-20 10:23:02.903506,3169.9,128089.0,160753.0
2025-06-20 10:23:03.702297,3169.8,128089.0,160753.0
2025-06-20 10:23:03.844638,3169.8,127985.0,160621.0
2025-06-20 10:23:04.653927,3168.7,127985.0,160621.0
2025-06-20 10:23:04.847036,3169.2,127820.0,161683.0
2025-06-20 10:23:05.650049,3169.1,127820.0,161683.0
2025-06-20 10:23:05.749160,3169.1,127597.0,161915.0
2025-06-20 10:23:06.649619,3169.1,127597.0,161915.0
2025-06-20 10:23:06.747927,3169.4,127741.0,161484.0
2025-06-20 10:23:07.649556,3169.4,127741.0,161484.0
2025-06-20 10:23:07.655956,3169.4,127645.0,161168.0
2025-06-20 10:23:08.651249,3169.4,127645.0,161168.0
2025-06-20 10:23:08.658520,3169.4,128042.0,161540.0
2025-06-20 10:23:09.548589,3169.2,128003.0,161684.0
2025-06-20 10:23:09.699613,3169.4,128003.0,161684.0
2025-06-20 10:23:10.452580,3170.0,127636.0,161563.0
2025-06-20 10:23:10.649596,3170.0,127636.0,161563.0
2025-06-20 10:23:11.455193,3169.6,127542.0,161402.0
2025-06-20 10:23:11.731833,3169.8,127542.0,161402.0
2025-06-20 10:23:12.464788,3169.8,127561.0,161524.0
2025-06-20 10:23:12.655469,3169.2,127561.0,161524.0
2025-06-20 10:23:13.458050,3170.0,127897.0,161410.0
2025-06-20 10:23:13.650125,3169.9,127897.0,161410.0
2025-06-20 10:23:14.466941,3169.3,127524.0,162591.0
2025-06-20 10:23:14.650773,3169.0,127524.0,162591.0
2025-06-20 10:23:15.452666,3169.3,128147.0,162664.0
2025-06-20 10:23:15.659448,3169.3,128147.0,162664.0
2025-06-20 10:23:16.454961,3168.5,128183.0,162823.0
2025-06-20 10:23:16.650008,3169.7,128183.0,162823.0
2025-06-20 10:23:17.359508,3169.5,128048.0,162955.0
2025-06-20 10:23:17.650318,3169.5,128048.0,162955.0
2025-06-20 10:23:18.361516,3169.3,127734.0,162923.0
2025-06-20 10:23:18.707491,3169.3,127734.0,162923.0
2025-06-20 10:23:19.381321,3169.4,127610.0,163308.0
2025-06-20 10:23:19.662020,3169.5,127610.0,163308.0
2025-06-20 10:23:20.361396,3168.5,127804.0,163104.0
2025-06-20 10:23:20.652012,3169.3,127804.0,163104.0
2025-06-20 10:23:21.257006,3169.4,127538.0,163633.0
2025-06-20 10:23:21.652920,3169.4,127538.0,163633.0
2025-06-20 10:23:22.258493,3169.0,127428.0,163999.0
2025-06-20 10:23:22.649735,3168.8,127428.0,163999.0
2025-06-20 10:23:23.258276,3168.4,126711.0,164773.0
2025-06-20 10:23:23.650428,3168.5,126711.0,164773.0
2025-06-20 10:23:24.259534,3168.8,126425.0,163365.0
2025-06-20 10:23:24.651547,3168.8,126425.0,163365.0
2025-06-20 10:23:25.263182,3168.7,126303.0,163980.0
2025-06-20 10:23:25.656562,3168.0,126303.0,163980.0
2025-06-20 10:23:26.171241,3168.9,126232.0,163665.0
2025-06-20 10:23:26.651226,3169.1,126232.0,163665.0
2025-06-20 10:23:27.173826,3169.1,126190.0,163861.0
2025-06-20 10:23:27.649159,3169.4,126190.0,163861.0
2025-06-20 10:23:28.198003,3169.5,126508.0,163594.0
2025-06-20 10:23:28.669904,3168.1,126508.0,163594.0
2025-06-20 10:23:29.074276,3168.1,126238.0,164037.0
2025-06-20 10:23:29.651767,3168.9,126238.0,164037.0
2025-06-20 10:23:30.061181,3169.5,126788.0,163762.0
2025-06-20 10:23:30.650900,3168.2,126788.0,163762.0
2025-06-20 10:23:31.103652,3168.1,126333.0,164777.0
2025-06-20 10:23:31.649460,3169.2,126333.0,164777.0
2025-06-20 10:23:32.102945,3169.2,127423.0,164351.0
2025-06-20 10:23:32.653579,3168.1,127423.0,164351.0
2025-06-20 10:23:33.065609,3168.1,126885.0,164857.0
2025-06-20 10:23:33.651703,3169.3,126885.0,164857.0
2025-06-20 10:23:34.065974,3168.1,127466.0,165015.0
2025-06-20 10:23:34.657758,3169.2,127466.0,165015.0
2025-06-20 10:23:34.991202,3168.1,126878.0,164724.0
2025-06-20 10:23:35.653957,3169.0,126878.0,164724.0
2025-06-20 10:23:35.971933,3169.0,127400.0,164903.0
2025-06-20 10:23:36.653138,3168.1,127400.0,164903.0
2025-06-20 10:23:37.067556,3168.1,127544.0,164862.0
2025-06-20 10:23:37.650999,3168.9,127544.0,164862.0
2025-06-20 10:23:37.970232,3168.6,127618.0,164838.0
2025-06-20 10:23:38.653976,3168.6,127618.0,164838.0
2025-06-20 10:23:38.972989,3168.1,127408.0,164991.0
2025-06-20 10:23:39.649970,3168.4,127408.0,164991.0
2025-06-20 10:23:39.970823,3168.1,127630.0,165134.0
2025-06-20 10:23:40.723099,3168.7,127630.0,165134.0
2025-06-20 10:23:40.973643,3169.0,127683.0,164811.0
2025-06-20 10:23:41.651710,3169.0,127683.0,164811.0
2025-06-20 10:23:41.884865,3169.0,127493.0,165317.0
2025-06-20 10:23:42.654007,3168.0,127493.0,165317.0
2025-06-20 10:23:43.127504,3169.2,127437.0,164966.0
2025-06-20 10:23:43.653999,3168.1,127437.0,164966.0
2025-06-20 10:23:43.886120,3168.1,127527.0,165199.0
2025-06-20 10:23:44.655433,3167.8,127527.0,165199.0
2025-06-20 10:23:44.774269,3168.0,125762.0,166415.0
2025-06-20 10:23:45.667151,3167.8,125762.0,166415.0
2025-06-20 10:23:45.773149,3167.8,126502.0,166104.0
2025-06-20 10:23:46.656567,3167.0,126502.0,166104.0
2025-06-20 10:23:46.704224,3167.0,125518.0,166882.0
2025-06-20 10:23:47.597875,3166.1,124817.0,166653.0
2025-06-20 10:23:47.652694,3166.1,124817.0,166653.0
2025-06-20 10:23:48.477399,3166.4,123607.0,166406.0
2025-06-20 10:23:48.662338,3166.4,123607.0,166406.0
2025-06-20 10:23:49.479826,3167.4,124767.0,166087.0
2025-06-20 10:23:49.652845,3166.1,124767.0,166087.0
2025-06-20 10:23:50.479735,3166.1,124270.0,167513.0
2025-06-20 10:23:50.656492,3166.0,124270.0,167513.0
2025-06-20 10:23:51.484207,3167.6,124214.0,166526.0
2025-06-20 10:23:51.654348,3168.0,124214.0,166526.0
2025-06-20 10:23:52.477864,3167.1,124482.0,166165.0
2025-06-20 10:23:52.651353,3167.1,124482.0,166165.0
2025-06-20 10:23:53.476910,3167.1,124723.0,165954.0
2025-06-20 10:23:53.653620,3166.7,124723.0,165954.0
2025-06-20 10:23:54.483404,3166.6,124807.0,166577.0
2025-06-20 10:23:54.655280,3166.9,124807.0,166577.0
2025-06-20 10:23:55.489932,3167.5,124589.0,166451.0
2025-06-20 10:23:55.655682,3167.5,124589.0,166451.0
2025-06-20 10:23:56.481225,3167.0,124960.0,165760.0
2025-06-20 10:23:56.655094,3167.1,124960.0,165760.0
2025-06-20 10:23:57.393143,3167.5,125029.0,165354.0
2025-06-20 10:23:57.653209,3167.2,125029.0,165354.0
2025-06-20 10:23:58.415568,3168.1,125410.0,164690.0
2025-06-20 10:23:58.654799,3168.1,125410.0,164690.0
2025-06-20 10:23:59.282928,3167.6,125028.0,165450.0
2025-06-20 10:23:59.654847,3167.6,125028.0,165450.0
2025-06-20 10:24:00.182810,3168.0,125234.0,165788.0
2025-06-20 10:24:00.682271,3167.8,125234.0,165788.0
2025-06-20 10:24:01.656988,3169.0,125234.0,165788.0
2025-06-20 10:24:01.708741,3169.0,125588.0,164651.0
2025-06-20 10:24:02.655173,3168.1,125588.0,164651.0
2025-06-20 10:24:02.696960,3168.1,125532.0,164414.0
2025-06-20 10:24:03.653188,3168.6,125532.0,164414.0
2025-06-20 10:24:03.789538,3168.6,125608.0,164490.0
2025-06-20 10:24:04.656774,3168.2,125608.0,164490.0
2025-06-20 10:24:04.987231,3168.2,125930.0,164707.0
2025-06-20 10:24:05.660286,3168.3,125930.0,164707.0
2025-06-20 10:24:06.050456,3168.4,125920.0,164074.0
2025-06-20 10:24:06.658515,3168.9,125920.0,164074.0
2025-06-20 10:24:07.186196,3168.2,125377.0,165449.0
2025-06-20 10:24:07.701506,3169.4,125377.0,165449.0
2025-06-20 10:24:08.189628,3169.5,125858.0,165499.0
2025-06-20 10:24:08.655792,3169.4,125858.0,165499.0
2025-06-20 10:24:09.250771,3169.4,124903.0,165755.0
2025-06-20 10:24:09.761367,3169.4,124903.0,165755.0
2025-06-20 10:24:10.191853,3169.5,125350.0,165747.0
2025-06-20 10:24:10.922327,3169.5,125350.0,165747.0
2025-06-20 10:24:11.303769,3168.9,125640.0,165441.0
2025-06-20 10:24:11.655433,3169.9,125640.0,165441.0
2025-06-20 10:24:12.374421,3169.9,126275.0,164902.0
2025-06-20 10:24:12.835669,3169.5,126275.0,164902.0
2025-06-20 10:24:13.429254,3169.6,126576.0,163085.0
2025-06-20 10:24:14.092316,3169.6,126576.0,163085.0
2025-06-20 10:24:14.630918,3170.0,125855.0,163474.0
2025-06-20 10:24:14.676987,3170.0,125855.0,163474.0
2025-06-20 10:24:15.515688,3169.9,126491.0,163933.0
2025-06-20 10:24:15.653597,3168.8,126491.0,163933.0
2025-06-20 10:24:16.595342,3170.0,126569.0,163694.0
2025-06-20 10:24:16.731059,3170.0,126569.0,163694.0
2025-06-20 10:24:17.658983,3168.6,126569.0,163694.0
2025-06-20 10:24:17.711945,3168.6,127233.0,164036.0
2025-06-20 10:24:18.695833,3168.8,127233.0,164036.0
2025-06-20 10:24:18.798621,3168.8,127523.0,163830.0
2025-06-20 10:24:19.652840,3168.9,127523.0,163830.0
2025-06-20 10:24:19.909887,3169.4,127712.0,163898.0
2025-06-20 10:24:20.666875,3168.6,127712.0,163898.0
2025-06-20 10:24:20.935415,3168.4,127323.0,164376.0
2025-06-20 10:24:21.655931,3169.9,127323.0,164376.0
2025-06-20 10:24:22.000616,3169.9,127488.0,164058.0
2025-06-20 10:24:22.654395,3170.0,127488.0,164058.0
2025-06-20 10:24:23.102038,3169.5,127245.0,163877.0
2025-06-20 10:24:23.661979,3170.0,127245.0,163877.0
2025-06-20 10:24:24.203686,3168.6,127094.0,164145.0
2025-06-20 10:24:24.663682,3168.4,127094.0,164145.0
2025-06-20 10:24:25.311301,3168.4,125969.0,165053.0
2025-06-20 10:24:25.661062,3168.5,125969.0,165053.0
2025-06-20 10:24:26.202324,3169.5,126269.0,164802.0
2025-06-20 10:24:26.654207,3169.8,126269.0,164802.0
2025-06-20 10:24:27.308927,3169.8,126574.0,164564.0
2025-06-20 10:24:27.653017,3168.8,126574.0,164564.0
2025-06-20 10:24:28.504132,3168.8,126284.0,165348.0
2025-06-20 10:24:28.657690,3168.8,126284.0,165348.0
2025-06-20 10:24:29.502747,3168.8,126675.0,164906.0
2025-06-20 10:24:29.655759,3168.8,126675.0,164906.0
2025-06-20 10:24:30.604981,3170.0,126609.0,164855.0
2025-06-20 10:24:30.654988,3170.0,126609.0,164855.0
2025-06-20 10:24:31.656757,3169.4,126609.0,164855.0
2025-06-20 10:24:31.712667,3169.4,126842.0,164986.0
2025-06-20 10:24:32.654595,3169.4,126842.0,164986.0
2025-06-20 10:24:32.714641,3169.4,126820.0,165023.0
2025-06-20 10:24:33.654189,3170.0,126820.0,165023.0
2025-06-20 10:24:33.805200,3170.0,125821.0,165191.0
2025-06-20 10:24:34.659362,3170.0,125821.0,165191.0
2025-06-20 10:24:34.932637,3170.0,126273.0,165254.0
2025-06-20 10:24:35.654121,3170.0,126273.0,165254.0
2025-06-20 10:24:36.007068,3170.0,126482.0,165530.0
2025-06-20 10:24:36.656534,3170.0,126482.0,165530.0
2025-06-20 10:24:37.107444,3169.4,126953.0,165237.0
2025-06-20 10:24:37.654849,3169.7,126953.0,165237.0
2025-06-20 10:24:38.209355,3170.0,126960.0,165482.0
2025-06-20 10:24:38.656603,3170.0,126960.0,165482.0
2025-06-20 10:24:39.309319,3169.7,127042.0,165496.0
2025-06-20 10:24:39.654780,3169.7,127042.0,165496.0
2025-06-20 10:24:40.449483,3169.7,136168.0,165462.0
2025-06-20 10:24:40.660098,3169.7,136168.0,165462.0
2025-06-20 10:24:41.521442,3170.0,136281.0,165413.0
2025-06-20 10:24:41.659163,3170.0,136281.0,165413.0
2025-06-20 10:24:42.292042,3170.0,136281.0,165413.0
2025-06-20 10:24:42.611054,3169.7,136207.0,165382.0
2025-06-20 10:24:42.645595,3169.7,136207.0,165382.0
2025-06-20 10:24:42.657310,3169.7,136207.0,165382.0
2025-06-20 10:24:42.948915,3169.7,136207.0,165382.0
2025-06-20 10:24:43.498405,3169.7,136207.0,165382.0
2025-06-20 10:24:43.532070,3170.0,136527.0,165630.0
2025-06-20 10:24:43.654865,3170.0,136527.0,165630.0
2025-06-20 10:24:43.782180,3170.0,136527.0,165630.0
2025-06-20 10:24:44.031011,3170.0,136527.0,165630.0
2025-06-20 10:24:44.610807,3169.7,135864.0,165584.0
2025-06-20 10:24:44.698108,3169.7,135864.0,165584.0
2025-06-20 10:24:45.057750,3169.7,135864.0,165584.0
2025-06-20 10:24:45.656819,3169.8,135864.0,165584.0
2025-06-20 10:24:45.719863,3169.8,136331.0,165570.0
2025-06-20 10:24:46.066752,3169.8,136331.0,165570.0
2025-06-20 10:24:46.653597,3170.5,136331.0,165570.0
2025-06-20 10:24:46.811492,3170.5,136427.0,161395.0
2025-06-20 10:24:47.640232,3170.5,136427.0,161395.0
2025-06-20 10:24:47.701675,3171.3,136427.0,161395.0
2025-06-20 10:24:47.940260,3171.3,136068.0,162085.0
2025-06-20 10:24:48.656972,3170.5,136068.0,162085.0
2025-06-20 10:24:48.781593,3170.5,136068.0,162085.0
2025-06-20 10:24:49.011644,3170.5,135919.0,162684.0
2025-06-20 10:24:49.654764,3170.6,135919.0,162684.0
2025-06-20 10:24:49.766952,3170.6,135919.0,162684.0
2025-06-20 10:24:50.014476,3170.5,136162.0,162706.0
2025-06-20 10:24:50.657066,3171.6,136162.0,162706.0
2025-06-20 10:24:51.015730,3170.1,136464.0,162558.0
2025-06-20 10:24:51.288513,3170.1,136464.0,162558.0
2025-06-20 10:24:51.655297,3170.1,136464.0,162558.0
2025-06-20 10:24:52.112828,3170.1,135777.0,163228.0
2025-06-20 10:24:52.561669,3170.1,135777.0,163228.0
2025-06-20 10:24:52.687059,3170.1,135777.0,163228.0
2025-06-20 10:24:53.214817,3171.3,135827.0,163580.0
2025-06-20 10:24:53.660984,3171.3,135827.0,163580.0
2025-06-20 10:24:53.816326,3171.3,135827.0,163580.0
2025-06-20 10:24:54.315919,3171.3,135869.0,164445.0
2025-06-20 10:24:54.660678,3170.1,135869.0,164445.0
2025-06-20 10:24:55.450981,3170.1,135869.0,164445.0
2025-06-20 10:24:55.478505,3170.1,135464.0,164622.0
2025-06-20 10:24:55.668465,3170.1,135464.0,164622.0
2025-06-20 10:24:56.515032,3170.6,135364.0,164575.0
2025-06-20 10:24:56.653690,3170.6,135364.0,164575.0
2025-06-20 10:24:57.616993,3170.5,135763.0,164739.0
2025-06-20 10:24:57.656275,3170.5,135763.0,164739.0
2025-06-20 10:24:58.655785,3170.5,135763.0,164739.0
2025-06-20 10:24:58.718402,3170.5,135319.0,164811.0
2025-06-20 10:24:59.658004,3170.5,135319.0,164811.0
2025-06-20 10:24:59.817653,3170.5,135457.0,164735.0
2025-06-20 10:25:00.660016,3170.5,135457.0,164735.0
2025-06-20 10:25:00.930468,3170.5,135512.0,165126.0
2025-06-20 10:25:01.659322,3170.5,135512.0,165126.0
2025-06-20 10:25:02.018421,3171.0,135415.0,164523.0
2025-06-20 10:25:02.653956,3171.0,135415.0,164523.0
2025-06-20 10:25:03.021600,3171.0,135538.0,164507.0
2025-06-20 10:25:03.655459,3170.5,135538.0,164507.0
2025-06-20 10:25:04.122533,3170.5,135480.0,164598.0
2025-06-20 10:25:04.655889,3170.5,135480.0,164598.0
2025-06-20 10:25:05.120356,3170.5,135468.0,164826.0
2025-06-20 10:25:05.654737,3170.5,135468.0,164826.0
2025-06-20 10:25:06.222152,3171.0,135584.0,164153.0
2025-06-20 10:25:06.656680,3171.0,135584.0,164153.0
2025-06-20 10:25:07.223019,3171.0,135618.0,164542.0
2025-06-20 10:25:07.657276,3171.0,135618.0,164542.0
2025-06-20 10:25:08.328788,3171.0,135815.0,164015.0
2025-06-20 10:25:08.660725,3170.6,135815.0,164015.0
2025-06-20 10:25:09.400062,3170.8,135811.0,164436.0
2025-06-20 10:25:09.695712,3170.6,135811.0,164436.0
2025-06-20 10:25:10.326802,3170.6,135061.0,164464.0
2025-06-20 10:25:10.664316,3170.6,135061.0,164464.0
2025-06-20 10:25:11.327837,3171.0,135087.0,164365.0
2025-06-20 10:25:11.656788,3171.0,135087.0,164365.0
2025-06-20 10:25:12.459693,3171.0,134801.0,164514.0
2025-06-20 10:25:12.659703,3171.0,134801.0,164514.0
2025-06-20 10:25:13.438989,3171.0,134969.0,164538.0
2025-06-20 10:25:13.654741,3170.8,134969.0,164538.0
2025-06-20 10:25:14.441777,3171.0,134783.0,164397.0
2025-06-20 10:25:14.656853,3171.0,134783.0,164397.0
2025-06-20 10:25:15.441597,3171.0,135200.0,164913.0
2025-06-20 10:25:15.661572,3170.5,135200.0,164913.0
2025-06-20 10:25:16.527880,3170.8,135163.0,164930.0
2025-06-20 10:25:16.658243,3170.8,135163.0,164930.0
2025-06-20 10:25:17.528747,3170.5,135183.0,164818.0
2025-06-20 10:25:17.656920,3171.0,135183.0,164818.0
2025-06-20 10:25:18.628225,3171.0,135184.0,164958.0
2025-06-20 10:25:18.657369,3171.0,135184.0,164958.0
2025-06-20 10:25:20.348460,3170.6,135184.0,164958.0
2025-06-20 10:25:20.356259,3170.5,135218.0,164913.0
2025-06-20 10:25:20.699974,3170.6,135218.0,164913.0
2025-06-20 10:25:20.830520,3170.5,135035.0,165147.0
2025-06-20 10:25:21.653668,3170.5,135035.0,165147.0
2025-06-20 10:25:21.958552,3170.5,135063.0,165268.0
2025-06-20 10:25:22.655851,3170.6,135063.0,165268.0
2025-06-20 10:25:23.032629,3170.6,135075.0,165290.0
2025-06-20 10:25:23.662794,3170.5,135075.0,165290.0
2025-06-20 10:25:24.240187,3170.6,135092.0,165269.0
2025-06-20 10:25:24.659399,3170.6,135092.0,165269.0
2025-06-20 10:25:25.140047,3170.6,135230.0,165216.0
2025-06-20 10:25:25.659234,3170.5,135230.0,165216.0
2025-06-20 10:25:26.136015,3170.5,135243.0,165656.0
2025-06-20 10:25:26.781005,3170.5,135243.0,165656.0
2025-06-20 10:25:27.289305,3170.5,135484.0,165447.0
2025-06-20 10:25:27.705369,3170.5,135484.0,165447.0
2025-06-20 10:25:28.335100,3170.5,135000.0,165443.0
2025-06-20 10:25:28.656692,3170.6,135000.0,165443.0
2025-06-20 10:25:29.449966,3170.5,134887.0,165695.0
2025-06-20 10:25:29.655419,3170.5,134887.0,165695.0
2025-06-20 10:25:30.536569,3170.8,135430.0,165315.0
2025-06-20 10:25:30.655821,3170.8,135430.0,165315.0
2025-06-20 10:25:31.537492,3170.5,135737.0,165374.0
2025-06-20 10:25:31.663282,3170.5,135737.0,165374.0
2025-06-20 10:25:32.642821,3170.5,135198.0,165404.0
2025-06-20 10:25:32.657396,3170.5,135198.0,165404.0
2025-06-20 10:25:33.641996,3170.5,135146.0,165490.0
2025-06-20 10:25:33.660097,3170.5,135146.0,165490.0
2025-06-20 10:25:34.657561,3171.0,135146.0,165490.0
2025-06-20 10:25:34.744037,3171.0,134977.0,165181.0
2025-06-20 10:25:35.659683,3170.8,134977.0,165181.0
2025-06-20 10:25:35.742976,3170.8,135135.0,165402.0
2025-06-20 10:25:36.657953,3170.7,135135.0,165402.0
2025-06-20 10:25:36.841470,3170.7,134889.0,165374.0
2025-06-20 10:25:37.656674,3171.0,134889.0,165374.0
2025-06-20 10:25:37.845942,3171.0,134724.0,164673.0
2025-06-20 10:25:38.654121,3170.8,134724.0,164673.0
2025-06-20 10:25:38.954492,3170.9,134464.0,165442.0
2025-06-20 10:25:39.658419,3170.9,134464.0,165442.0
2025-06-20 10:25:40.044316,3170.9,134573.0,165455.0
2025-06-20 10:25:40.663766,3170.9,134573.0,165455.0
2025-06-20 10:25:41.192266,3170.9,134619.0,165099.0
2025-06-20 10:25:41.655753,3171.0,134619.0,165099.0
2025-06-20 10:25:42.245458,3171.0,134845.0,164392.0
2025-06-20 10:25:42.687339,3170.9,134845.0,164392.0
2025-06-20 10:25:43.413790,3171.0,135290.0,163796.0
2025-06-20 10:25:43.732901,3171.3,135290.0,163796.0
2025-06-20 10:25:44.349253,3171.2,135289.0,163564.0
2025-06-20 10:25:44.660416,3171.1,135289.0,163564.0
2025-06-20 10:25:45.459074,3171.2,134117.0,164168.0
2025-06-20 10:25:45.656673,3171.4,134117.0,164168.0
2025-06-20 10:25:46.549409,3172.0,135027.0,163666.0
2025-06-20 10:25:46.658218,3172.0,135027.0,163666.0
2025-06-20 10:25:47.650721,3171.1,134818.0,163957.0
2025-06-20 10:25:47.660052,3171.1,134818.0,163957.0
2025-06-20 10:25:48.661412,3171.9,134818.0,163957.0
2025-06-20 10:25:48.755751,3171.9,134589.0,164051.0
2025-06-20 10:25:49.660771,3172.0,134589.0,164051.0
2025-06-20 10:25:49.853056,3171.0,137636.0,164065.0
2025-06-20 10:25:50.661762,3172.0,137636.0,164065.0
2025-06-20 10:25:50.851754,3172.0,137626.0,163459.0
2025-06-20 10:25:51.669169,3171.0,137626.0,163459.0
2025-06-20 10:25:51.851149,3171.0,137809.0,162921.0
2025-06-20 10:25:52.659646,3171.0,137809.0,162921.0
2025-06-20 10:25:52.956821,3171.5,137675.0,163052.0
2025-06-20 10:25:53.658517,3172.0,137675.0,163052.0
2025-06-20 10:25:54.053404,3172.0,137933.0,163464.0
2025-06-20 10:25:54.662163,3172.0,137933.0,163464.0
2025-06-20 10:25:55.209757,3171.5,138535.0,163419.0
2025-06-20 10:25:55.661910,3171.8,138535.0,163419.0
2025-06-20 10:25:56.160882,3171.5,138526.0,163538.0
2025-06-20 10:25:56.659628,3172.3,138526.0,163538.0
2025-06-20 10:25:57.273013,3171.5,138210.0,163266.0
2025-06-20 10:25:57.665207,3172.0,138210.0,163266.0
2025-06-20 10:25:58.357583,3172.0,138349.0,163450.0
2025-06-20 10:25:58.663178,3172.0,138349.0,163450.0
2025-06-20 10:25:59.464545,3172.3,138962.0,163322.0
2025-06-20 10:25:59.662942,3172.0,138962.0,163322.0
2025-06-20 10:26:01.161614,3172.8,139184.0,163278.0
2025-06-20 10:26:01.661012,3172.9,139184.0,163278.0
2025-06-20 10:26:02.163015,3172.9,139341.0,162850.0
2025-06-20 10:26:02.669685,3172.9,139341.0,162850.0
2025-06-20 10:26:03.164070,3173.0,139443.0,161434.0
2025-06-20 10:26:03.667240,3172.1,139443.0,161434.0
2025-06-20 10:26:04.165156,3173.0,137454.0,161906.0
2025-06-20 10:26:04.662597,3173.0,137454.0,161906.0
2025-06-20 10:26:05.261239,3172.6,138202.0,161883.0
2025-06-20 10:26:05.660314,3172.0,138202.0,161883.0
2025-06-20 10:26:06.361787,3172.0,135191.0,161813.0
2025-06-20 10:26:06.663021,3172.0,135191.0,161813.0
2025-06-20 10:26:07.468991,3172.3,134979.0,161965.0
2025-06-20 10:26:07.664457,3172.0,134979.0,161965.0
2025-06-20 10:26:08.468429,3172.5,134904.0,161627.0
2025-06-20 10:26:08.662498,3172.5,134904.0,161627.0
2025-06-20 10:26:09.567812,3172.8,135232.0,161112.0
2025-06-20 10:26:09.664266,3172.8,135232.0,161112.0
2025-06-20 10:26:10.666449,3172.2,135232.0,161112.0
2025-06-20 10:26:10.674193,3172.2,135061.0,161592.0
2025-06-20 10:26:11.659822,3172.3,135061.0,161592.0
2025-06-20 10:26:11.673110,3172.3,135120.0,161841.0
2025-06-20 10:26:12.661050,3171.8,135120.0,161841.0
2025-06-20 10:26:12.769461,3172.0,134572.0,162175.0
2025-06-20 10:26:13.661864,3172.1,134572.0,162175.0
2025-06-20 10:26:13.869414,3172.4,134858.0,161637.0
2025-06-20 10:26:14.665367,3172.5,134858.0,161637.0
2025-06-20 10:26:14.769623,3172.3,135201.0,161581.0
2025-06-20 10:26:15.663965,3172.0,135201.0,161581.0
2025-06-20 10:26:15.869284,3172.0,135305.0,161622.0
2025-06-20 10:26:16.661123,3172.9,135305.0,161622.0
2025-06-20 10:26:16.968853,3172.5,135189.0,161620.0
2025-06-20 10:26:17.669907,3171.5,135189.0,161620.0
