timestamp,ltp,bid_qty,ask_qty
2025-06-20 10:10:48.215482,12782.0,13300.0,26215.0
2025-06-20 10:10:50.590220,12782.0,13300.0,26215.0
2025-06-20 10:10:53.764695,12782.0,13390.0,26089.0
2025-06-20 10:10:54.594842,12782.0,13390.0,26089.0
2025-06-20 10:10:59.368381,12782.0,13384.0,26138.0
2025-06-20 10:11:00.643221,12783.0,13384.0,26138.0
2025-06-20 10:11:02.599348,12782.0,13384.0,26138.0
2025-06-20 10:11:04.598616,12783.0,13384.0,26138.0
2025-06-20 10:11:04.973316,12783.0,13409.0,26025.0
2025-06-20 10:11:06.634665,12784.0,13409.0,26025.0
2025-06-20 10:11:10.649057,12784.0,13409.0,26025.0
2025-06-20 10:11:11.078052,12784.0,13619.0,25783.0
2025-06-20 10:11:12.902917,12788.0,13619.0,25783.0
2025-06-20 10:11:16.778951,12788.0,13592.0,25810.0
2025-06-20 10:11:20.628496,12786.0,13592.0,25810.0
2025-06-20 10:11:21.910970,12786.0,13608.0,25819.0
2025-06-20 10:11:24.661197,12784.0,13608.0,25819.0
2025-06-20 10:11:26.884689,12783.0,13608.0,25819.0
2025-06-20 10:11:27.288054,12783.0,13603.0,26063.0
2025-06-20 10:11:28.874168,12786.0,13603.0,26063.0
2025-06-20 10:11:33.126343,12786.0,13669.0,26057.0
2025-06-20 10:11:36.860022,12783.0,13669.0,26057.0
2025-06-20 10:11:38.530310,12785.0,13643.0,26040.0
2025-06-20 10:11:38.595334,12785.0,13643.0,26040.0
2025-06-20 10:11:40.596273,12785.0,13643.0,26040.0
2025-06-20 10:11:42.595485,12785.0,13643.0,26040.0
2025-06-20 10:11:44.614120,12785.0,13678.0,25941.0
2025-06-20 10:11:48.596612,12785.0,13678.0,25941.0
2025-06-20 10:11:50.431189,12785.0,13691.0,25983.0
2025-06-20 10:11:50.601535,12785.0,13691.0,25983.0
2025-06-20 10:11:52.613174,12785.0,13691.0,25983.0
2025-06-20 10:11:54.596178,12783.0,13691.0,25983.0
2025-06-20 10:11:56.431483,12785.0,13625.0,26189.0
2025-06-20 10:11:56.595140,12785.0,13625.0,26189.0
2025-06-20 10:11:58.605877,12785.0,13625.0,26189.0
2025-06-20 10:12:02.515091,12785.0,13694.0,26059.0
2025-06-20 10:12:06.601294,12785.0,13694.0,26059.0
2025-06-20 10:12:09.216842,12785.0,13745.0,25754.0
2025-06-20 10:12:11.613247,12785.0,13745.0,25754.0
2025-06-20 10:12:15.640980,12785.0,13776.0,25773.0
2025-06-20 10:12:17.614976,12786.0,13776.0,25773.0
2025-06-20 10:12:20.630197,12786.0,13776.0,25773.0
2025-06-20 10:12:21.958628,12786.0,13785.0,25735.0
2025-06-20 10:12:23.601923,12786.0,13785.0,25735.0
2025-06-20 10:12:26.628961,12790.0,13785.0,25735.0
2025-06-20 10:12:28.129157,12790.0,13791.0,25570.0
2025-06-20 10:12:32.617766,12790.0,13791.0,25570.0
2025-06-20 10:12:34.229987,12791.0,13765.0,25602.0
2025-06-20 10:12:34.610312,12791.0,13765.0,25602.0
2025-06-20 10:12:36.616956,12791.0,13765.0,25602.0
2025-06-20 10:12:38.610908,12791.0,13765.0,25602.0
2025-06-20 10:12:40.134196,12791.0,13795.0,25511.0
2025-06-20 10:12:40.517402,12791.0,13795.0,25511.0
2025-06-20 10:12:40.603848,12791.0,13795.0,25511.0
2025-06-20 10:12:40.886322,12791.0,13795.0,25511.0
2025-06-20 10:12:41.128858,12791.0,13795.0,25511.0
2025-06-20 10:12:42.330525,12791.0,13795.0,25511.0
2025-06-20 10:12:42.601430,12790.0,13795.0,25511.0
2025-06-20 10:12:42.945858,12790.0,13795.0,25511.0
2025-06-20 10:12:43.429011,12790.0,13795.0,25511.0
2025-06-20 10:12:44.609026,12790.0,13795.0,25511.0
2025-06-20 10:12:45.450752,12790.0,13795.0,25511.0
2025-06-20 10:12:46.037406,12791.0,13727.0,25646.0
2025-06-20 10:12:46.618060,12791.0,13727.0,25646.0
2025-06-20 10:12:46.664814,12791.0,13727.0,25646.0
2025-06-20 10:12:47.620843,12791.0,13727.0,25646.0
2025-06-20 10:12:48.604682,12791.0,13727.0,25646.0
2025-06-20 10:12:49.152813,12791.0,13727.0,25646.0
2025-06-20 10:12:50.465494,12791.0,13727.0,25646.0
2025-06-20 10:12:50.602827,12791.0,13727.0,25646.0
2025-06-20 10:12:51.664764,12791.0,13727.0,25646.0
2025-06-20 10:12:51.871333,12791.0,13768.0,25607.0
2025-06-20 10:12:53.261015,12791.0,13768.0,25607.0
2025-06-20 10:12:54.614296,12790.0,13768.0,25607.0
2025-06-20 10:12:56.610755,12791.0,13768.0,25607.0
2025-06-20 10:12:57.751379,12791.0,13783.0,25744.0
2025-06-20 10:13:00.620823,12791.0,13783.0,25744.0
2025-06-20 10:13:03.151342,12791.0,13804.0,25707.0
2025-06-20 10:13:04.609189,12791.0,13804.0,25707.0
2025-06-20 10:13:06.607127,12791.0,13804.0,25707.0
2025-06-20 10:13:08.609800,12790.0,13804.0,25707.0
2025-06-20 10:13:08.866438,12790.0,13837.0,25697.0
2025-06-20 10:13:10.612044,12788.0,13837.0,25697.0
2025-06-20 10:13:12.605109,12790.0,13837.0,25697.0
2025-06-20 10:13:14.560065,12790.0,13701.0,25710.0
2025-06-20 10:13:18.606699,12791.0,13701.0,25710.0
2025-06-20 10:13:20.566710,12791.0,13866.0,25578.0
2025-06-20 10:13:24.612576,12791.0,13866.0,25578.0
2025-06-20 10:13:26.612799,12791.0,13866.0,25578.0
2025-06-20 10:13:26.873877,12791.0,13983.0,25650.0
2025-06-20 10:13:28.601497,12791.0,13983.0,25650.0
2025-06-20 10:13:30.606400,12791.0,13983.0,25650.0
2025-06-20 10:13:32.976489,12790.0,13962.0,25521.0
2025-06-20 10:13:34.603460,12790.0,13962.0,25521.0
2025-06-20 10:13:36.612189,12791.0,13962.0,25521.0
2025-06-20 10:13:38.600589,12791.0,13962.0,25521.0
2025-06-20 10:13:39.277543,12791.0,14005.0,25562.0
2025-06-20 10:13:40.608417,12790.0,14005.0,25562.0
2025-06-20 10:13:42.606496,12791.0,14005.0,25562.0
2025-06-20 10:13:44.636767,12791.0,14005.0,25562.0
2025-06-20 10:13:45.279493,12791.0,14017.0,25642.0
2025-06-20 10:13:48.619244,12791.0,14017.0,25642.0
2025-06-20 10:13:50.626307,12792.0,14017.0,25642.0
2025-06-20 10:13:50.781362,12792.0,14012.0,25478.0
2025-06-20 10:13:52.617423,12792.0,14012.0,25478.0
2025-06-20 10:13:54.603910,12791.0,14012.0,25478.0
2025-06-20 10:13:56.401994,12791.0,13968.0,25453.0
2025-06-20 10:13:56.613534,12791.0,13968.0,25453.0
2025-06-20 10:14:01.924734,12791.0,13959.0,25537.0
2025-06-20 10:14:02.660404,12791.0,13959.0,25537.0
2025-06-20 10:14:04.633762,12790.0,13959.0,25537.0
2025-06-20 10:14:07.597557,12790.0,13909.0,25654.0
2025-06-20 10:14:13.502522,12790.0,13857.0,25733.0
2025-06-20 10:14:16.615325,12790.0,13857.0,25733.0
2025-06-20 10:14:19.304322,12790.0,13955.0,25511.0
2025-06-20 10:14:22.613830,12791.0,13955.0,25511.0
2025-06-20 10:14:25.312158,12791.0,13872.0,25669.0
2025-06-20 10:14:28.607197,12791.0,13872.0,25669.0
2025-06-20 10:14:31.210124,12791.0,13951.0,25651.0
2025-06-20 10:14:32.610665,12789.0,13951.0,25651.0
2025-06-20 10:14:36.821365,12789.0,13829.0,25773.0
2025-06-20 10:14:38.615189,12791.0,13829.0,25773.0
2025-06-20 10:14:40.610216,12791.0,13829.0,25773.0
2025-06-20 10:14:42.434636,12791.0,13835.0,25822.0
2025-06-20 10:14:44.624325,12791.0,13835.0,25822.0
2025-06-20 10:14:48.119014,12791.0,13897.0,25751.0
2025-06-20 10:14:53.931975,12791.0,13857.0,25815.0
2025-06-20 10:14:54.621118,12791.0,13857.0,25815.0
2025-06-20 10:14:56.609829,12791.0,13857.0,25815.0
2025-06-20 10:15:00.226801,12791.0,13958.0,25674.0
2025-06-20 10:15:02.612317,12791.0,13958.0,25674.0
2025-06-20 10:15:04.611973,12791.0,13958.0,25674.0
2025-06-20 10:15:06.531742,12791.0,13976.0,25680.0
2025-06-20 10:15:13.035982,12790.0,13860.0,25714.0
2025-06-20 10:15:14.606998,12791.0,13860.0,25714.0
2025-06-20 10:15:16.617317,12791.0,13860.0,25714.0
2025-06-20 10:15:18.612853,12790.0,13860.0,25714.0
2025-06-20 10:15:19.244023,12790.0,13892.0,25756.0
2025-06-20 10:15:20.617081,12791.0,13892.0,25756.0
2025-06-20 10:15:25.656417,12790.0,13900.0,25792.0
2025-06-20 10:15:26.613471,12790.0,13900.0,25792.0
2025-06-20 10:15:31.949306,12790.0,13915.0,25704.0
2025-06-20 10:15:36.620429,12789.0,13915.0,25704.0
2025-06-20 10:15:37.965147,12789.0,13855.0,25790.0
2025-06-20 10:15:40.961761,12789.0,13855.0,25790.0
2025-06-20 10:15:41.335141,12789.0,13855.0,25790.0
2025-06-20 10:15:42.164827,12789.0,13855.0,25790.0
2025-06-20 10:15:42.625495,12790.0,13855.0,25790.0
2025-06-20 10:15:42.757254,12790.0,13855.0,25790.0
2025-06-20 10:15:43.436580,12790.0,13855.0,25790.0
2025-06-20 10:15:43.866267,12790.0,13987.0,25804.0
2025-06-20 10:15:44.454649,12790.0,13987.0,25804.0
2025-06-20 10:15:45.773115,12790.0,13987.0,25804.0
2025-06-20 10:15:46.617377,12790.0,13987.0,25804.0
2025-06-20 10:15:47.105372,12790.0,13987.0,25804.0
2025-06-20 10:15:48.070370,12790.0,13987.0,25804.0
2025-06-20 10:15:49.580984,12790.0,13987.0,25804.0
2025-06-20 10:15:49.760268,12790.0,13980.0,25714.0
2025-06-20 10:15:50.879122,12790.0,13980.0,25714.0
2025-06-20 10:15:51.619879,12789.0,13980.0,25714.0
2025-06-20 10:15:52.096063,12789.0,13980.0,25714.0
2025-06-20 10:15:53.683701,12789.0,13980.0,25714.0
2025-06-20 10:15:56.266620,12790.0,13990.0,25834.0
2025-06-20 10:15:57.683921,12790.0,13990.0,25834.0
2025-06-20 10:16:00.615242,12790.0,13990.0,25834.0
2025-06-20 10:16:02.473029,12790.0,14128.0,25673.0
2025-06-20 10:16:04.624902,12790.0,14128.0,25673.0
2025-06-20 10:16:08.570994,12789.0,14055.0,25646.0
2025-06-20 10:16:08.613120,12789.0,14055.0,25646.0
2025-06-20 10:16:12.617934,12789.0,14055.0,25646.0
2025-06-20 10:16:14.588529,12789.0,14023.0,25681.0
2025-06-20 10:16:16.616515,12789.0,14023.0,25681.0
2025-06-20 10:16:19.617945,12789.0,14023.0,25681.0
2025-06-20 10:16:21.079304,12789.0,13988.0,25763.0
2025-06-20 10:16:22.620933,12790.0,13988.0,25763.0
2025-06-20 10:16:25.623588,12789.0,13988.0,25763.0
2025-06-20 10:16:27.486179,12785.0,13844.0,26162.0
2025-06-20 10:16:28.614605,12786.0,13844.0,26162.0
2025-06-20 10:16:31.649033,12785.0,13844.0,26162.0
2025-06-20 10:16:33.985954,12785.0,13938.0,26047.0
2025-06-20 10:16:40.306676,12786.0,13895.0,26068.0
2025-06-20 10:16:40.618693,12786.0,13895.0,26068.0
2025-06-20 10:16:43.616750,12786.0,13895.0,26068.0
2025-06-20 10:16:46.516077,12786.0,13903.0,26020.0
2025-06-20 10:16:52.624121,12786.0,13903.0,26020.0
2025-06-20 10:16:52.799677,12786.0,13875.0,26012.0
2025-06-20 10:16:59.013686,12786.0,13855.0,25978.0
2025-06-20 10:17:04.625048,12786.0,13855.0,25978.0
2025-06-20 10:17:04.814137,12786.0,13831.0,25976.0
2025-06-20 10:17:08.630674,12786.0,13831.0,25976.0
2025-06-20 10:17:10.921059,12786.0,13764.0,25989.0
2025-06-20 10:17:12.632643,12785.0,13764.0,25989.0
2025-06-20 10:17:17.017200,12785.0,13804.0,26060.0
2025-06-20 10:17:22.624234,12786.0,13804.0,26060.0
2025-06-20 10:17:22.929627,12786.0,13755.0,26095.0
2025-06-20 10:17:24.624271,12785.0,13755.0,26095.0
2025-06-20 10:17:26.641102,12785.0,13755.0,26095.0
2025-06-20 10:17:28.861616,12785.0,13728.0,26057.0
2025-06-20 10:17:32.624492,12787.0,13728.0,26057.0
2025-06-20 10:17:35.032240,12787.0,13797.0,26005.0
2025-06-20 10:17:41.030866,12787.0,13771.0,26028.0
2025-06-20 10:17:41.629222,12786.0,13771.0,26028.0
2025-06-20 10:17:46.935845,12784.0,13733.0,26019.0
2025-06-20 10:17:47.620473,12784.0,13733.0,26019.0
2025-06-20 10:17:52.939770,12784.0,13744.0,26095.0
2025-06-20 10:17:56.630485,12784.0,13744.0,26095.0
2025-06-20 10:17:59.241131,12784.0,13765.0,26116.0
2025-06-20 10:18:02.630281,12787.0,13765.0,26116.0
2025-06-20 10:18:05.550708,12787.0,13853.0,25909.0
2025-06-20 10:18:08.627452,12787.0,13853.0,25909.0
2025-06-20 10:18:11.657196,12787.0,13991.0,25656.0
2025-06-20 10:18:14.681340,12788.0,13991.0,25656.0
2025-06-20 10:18:17.458059,12788.0,13904.0,25705.0
2025-06-20 10:18:20.632000,12788.0,13904.0,25705.0
2025-06-20 10:18:23.627615,12790.0,13904.0,25705.0
2025-06-20 10:18:23.665171,12790.0,13926.0,25606.0
2025-06-20 10:18:26.661485,12790.0,13926.0,25606.0
2025-06-20 10:18:30.672811,12790.0,13994.0,25532.0
2025-06-20 10:18:32.633875,12789.0,13994.0,25532.0
2025-06-20 10:18:35.632801,12790.0,13994.0,25532.0
2025-06-20 10:18:36.872724,12787.0,13927.0,25532.0
2025-06-20 10:18:38.634876,12792.0,13927.0,25532.0
2025-06-20 10:18:41.328262,12792.0,13927.0,25532.0
2025-06-20 10:18:41.629846,12793.0,13927.0,25532.0
2025-06-20 10:18:41.672390,12793.0,13927.0,25532.0
2025-06-20 10:18:42.121878,12793.0,13927.0,25532.0
2025-06-20 10:18:42.637565,12792.0,14186.0,25405.0
2025-06-20 10:18:42.730096,12792.0,14186.0,25405.0
2025-06-20 10:18:43.292259,12792.0,14186.0,25405.0
2025-06-20 10:18:44.431845,12792.0,14186.0,25405.0
2025-06-20 10:18:44.702808,12793.0,14186.0,25405.0
2025-06-20 10:18:45.009337,12793.0,14186.0,25405.0
2025-06-20 10:18:45.428546,12793.0,14186.0,25405.0
2025-06-20 10:18:46.334126,12793.0,14186.0,25405.0
2025-06-20 10:18:47.631704,12793.0,14186.0,25405.0
2025-06-20 10:18:47.682246,12793.0,14186.0,25405.0
2025-06-20 10:18:48.388133,12793.0,14228.0,25506.0
2025-06-20 10:18:48.666804,12793.0,14228.0,25506.0
2025-06-20 10:18:50.202826,12793.0,14228.0,25506.0
2025-06-20 10:18:50.634686,12793.0,14228.0,25506.0
2025-06-20 10:18:51.448009,12793.0,14228.0,25506.0
2025-06-20 10:18:52.760284,12793.0,14228.0,25506.0
2025-06-20 10:18:53.644084,12792.0,14228.0,25506.0
2025-06-20 10:18:54.279788,12792.0,14215.0,25404.0
2025-06-20 10:18:54.396487,12792.0,14215.0,25404.0
2025-06-20 10:18:56.633299,12795.0,14215.0,25404.0
2025-06-20 10:18:59.677032,12794.0,14215.0,25404.0
2025-06-20 10:19:00.478534,12794.0,14209.0,25365.0
2025-06-20 10:19:01.642242,12794.0,14209.0,25365.0
2025-06-20 10:19:01.777459,12794.0,14155.0,25403.0
2025-06-20 10:19:02.882208,12793.0,14152.0,25352.0
2025-06-20 10:19:03.650607,12794.0,14152.0,25352.0
2025-06-20 10:19:03.980518,12794.0,14166.0,25348.0
2025-06-20 10:19:04.641309,12794.0,14166.0,25348.0
2025-06-20 10:19:04.978542,12794.0,14217.0,25312.0
2025-06-20 10:19:05.650925,12794.0,14217.0,25312.0
2025-06-20 10:19:06.082053,12793.0,14285.0,25156.0
2025-06-20 10:19:06.634515,12793.0,14285.0,25156.0
2025-06-20 10:19:07.179089,12793.0,14268.0,25214.0
2025-06-20 10:19:07.633650,12793.0,14268.0,25214.0
2025-06-20 10:19:08.279598,12793.0,14270.0,25239.0
2025-06-20 10:19:09.287417,12793.0,14282.0,25167.0
2025-06-20 10:19:10.279529,12793.0,14275.0,25209.0
2025-06-20 10:19:10.672650,12798.0,14275.0,25209.0
2025-06-20 10:19:11.282082,12798.0,14264.0,25222.0
2025-06-20 10:19:12.392620,12798.0,14273.0,25223.0
2025-06-20 10:19:13.485925,12797.0,14300.0,25201.0
2025-06-20 10:19:13.650641,12797.0,14300.0,25201.0
2025-06-20 10:19:14.588506,12797.0,14299.0,25205.0
2025-06-20 10:19:14.648282,12797.0,14299.0,25205.0
2025-06-20 10:19:15.664736,12797.0,14299.0,25205.0
2025-06-20 10:19:15.690137,12795.0,14323.0,25170.0
2025-06-20 10:19:16.649687,12795.0,14323.0,25170.0
2025-06-20 10:19:16.786385,12795.0,14323.0,25120.0
2025-06-20 10:19:17.659579,12800.0,14323.0,25120.0
2025-06-20 10:19:17.894537,12800.0,14229.0,25011.0
2025-06-20 10:19:18.988615,12796.0,14172.0,25013.0
2025-06-20 10:19:19.634258,12795.0,14172.0,25013.0
2025-06-20 10:19:20.089929,12795.0,14163.0,25058.0
2025-06-20 10:19:20.671953,12799.0,14163.0,25058.0
2025-06-20 10:19:21.189712,12795.0,14169.0,25060.0
2025-06-20 10:19:21.686330,12795.0,14169.0,25060.0
2025-06-20 10:19:22.291065,12799.0,14303.0,24956.0
2025-06-20 10:19:22.682116,12799.0,14303.0,24956.0
2025-06-20 10:19:23.488838,12799.0,14240.0,25019.0
2025-06-20 10:19:24.589582,12799.0,14222.0,25047.0
2025-06-20 10:19:25.698368,12796.0,14227.0,25055.0
2025-06-20 10:19:26.673136,12800.0,14227.0,25055.0
2025-06-20 10:19:26.792665,12800.0,14229.0,25028.0
2025-06-20 10:19:27.921625,12800.0,14199.0,25067.0
2025-06-20 10:19:28.689033,12798.0,14199.0,25067.0
2025-06-20 10:19:28.995262,12798.0,14218.0,25095.0
2025-06-20 10:19:29.878496,12798.0,14218.0,25095.0
2025-06-20 10:19:30.094624,12798.0,14201.0,25106.0
2025-06-20 10:19:30.640525,12795.0,14201.0,25106.0
2025-06-20 10:19:31.196811,12795.0,14218.0,25056.0
2025-06-20 10:19:32.300908,12797.0,14205.0,25155.0
2025-06-20 10:19:32.656004,12797.0,14205.0,25155.0
2025-06-20 10:19:33.433751,12795.0,14209.0,25156.0
2025-06-20 10:19:33.702781,12795.0,14209.0,25156.0
2025-06-20 10:19:34.499941,12795.0,14211.0,25199.0
2025-06-20 10:19:35.417556,12795.0,14216.0,25199.0
2025-06-20 10:19:35.657494,12796.0,14216.0,25199.0
2025-06-20 10:19:36.601346,12795.0,14162.0,25195.0
2025-06-20 10:19:36.650807,12795.0,14162.0,25195.0
2025-06-20 10:19:37.704206,12795.0,14162.0,25195.0
2025-06-20 10:19:37.756663,12795.0,14032.0,25291.0
2025-06-20 10:19:38.802039,12795.0,14077.0,25280.0
2025-06-20 10:19:39.638400,12794.0,14077.0,25280.0
2025-06-20 10:19:39.919423,12794.0,14075.0,25280.0
2025-06-20 10:19:41.010415,12794.0,14063.0,25340.0
2025-06-20 10:19:41.920058,12795.0,14055.0,25312.0
2025-06-20 10:19:42.651993,12795.0,14055.0,25312.0
2025-06-20 10:19:43.005890,12796.0,14062.0,25296.0
2025-06-20 10:19:43.631893,12796.0,14062.0,25296.0
2025-06-20 10:19:44.115988,12796.0,14066.0,25298.0
2025-06-20 10:19:44.634808,12796.0,14066.0,25298.0
2025-06-20 10:19:45.207998,12796.0,14106.0,25250.0
2025-06-20 10:19:46.313523,12795.0,14092.0,25281.0
2025-06-20 10:19:46.644872,12795.0,14092.0,25281.0
2025-06-20 10:19:47.212434,12795.0,14092.0,25282.0
2025-06-20 10:19:48.423755,12795.0,14096.0,25243.0
2025-06-20 10:19:49.430559,12797.0,14093.0,25259.0
2025-06-20 10:19:49.639496,12797.0,14093.0,25259.0
2025-06-20 10:19:50.641903,12795.0,14093.0,25259.0
2025-06-20 10:19:51.221979,12795.0,14090.0,25160.0
2025-06-20 10:19:51.642873,12795.0,14090.0,25160.0
2025-06-20 10:19:52.316847,12795.0,14057.0,25306.0
2025-06-20 10:19:53.319849,12795.0,14064.0,25306.0
2025-06-20 10:19:54.427254,12795.0,14072.0,25297.0
2025-06-20 10:19:55.520894,12795.0,14060.0,25278.0
2025-06-20 10:19:56.622823,12795.0,14086.0,25300.0
2025-06-20 10:19:57.641487,12796.0,14086.0,25300.0
2025-06-20 10:19:57.733210,12796.0,14126.0,25283.0
2025-06-20 10:19:58.732147,12796.0,14126.0,25283.0
2025-06-20 10:19:59.828970,12797.0,14069.0,25269.0
2025-06-20 10:20:00.756735,12797.0,14079.0,25228.0
2025-06-20 10:20:01.685310,12797.0,14079.0,25228.0
2025-06-20 10:20:04.679012,12798.0,14079.0,25228.0
2025-06-20 10:20:07.443529,12795.0,14087.0,25417.0
2025-06-20 10:20:07.685830,12795.0,14087.0,25417.0
2025-06-20 10:20:10.674714,12795.0,14087.0,25417.0
2025-06-20 10:20:14.100366,12795.0,14184.0,25315.0
2025-06-20 10:20:20.246847,12795.0,14153.0,25331.0
2025-06-20 10:20:22.675356,12795.0,14153.0,25331.0
2025-06-20 10:20:25.652391,12795.0,14153.0,25331.0
2025-06-20 10:20:26.150193,12795.0,14228.0,25342.0
2025-06-20 10:20:28.684932,12795.0,14228.0,25342.0
2025-06-20 10:20:32.255714,12796.0,14217.0,25317.0
2025-06-20 10:20:34.672268,12796.0,14217.0,25317.0
2025-06-20 10:20:37.656699,12796.0,14217.0,25317.0
2025-06-20 10:20:38.403247,12796.0,14217.0,25379.0
2025-06-20 10:20:40.652483,12795.0,14217.0,25379.0
2025-06-20 10:20:43.679546,12796.0,14217.0,25379.0
2025-06-20 10:20:44.467198,12796.0,14207.0,25377.0
2025-06-20 10:20:49.705560,12796.0,14207.0,25377.0
2025-06-20 10:20:50.381867,12796.0,14128.0,25336.0
2025-06-20 10:20:52.650887,12794.0,14128.0,25336.0
2025-06-20 10:20:55.659422,12791.0,14128.0,25336.0
2025-06-20 10:20:56.676760,12792.0,14075.0,25798.0
2025-06-20 10:20:58.648909,12791.0,14075.0,25798.0
2025-06-20 10:21:01.471082,12789.0,14065.0,25825.0
2025-06-20 10:21:01.651788,12789.0,14065.0,25825.0
2025-06-20 10:21:02.406775,12792.0,14112.0,25832.0
2025-06-20 10:21:02.656116,12792.0,14112.0,25832.0
2025-06-20 10:21:03.454393,12790.0,14104.0,25909.0
2025-06-20 10:21:03.648638,12790.0,14104.0,25909.0
2025-06-20 10:21:04.273034,12790.0,14049.0,25928.0
2025-06-20 10:21:05.275651,12790.0,14051.0,25923.0
2025-06-20 10:21:06.272449,12789.0,14041.0,25939.0
2025-06-20 10:21:06.645317,12789.0,14041.0,25939.0
2025-06-20 10:21:07.273130,12789.0,14049.0,25935.0
2025-06-20 10:21:08.383585,12789.0,14051.0,25835.0
2025-06-20 10:21:08.647952,12789.0,14051.0,25835.0
2025-06-20 10:21:09.282736,12789.0,14083.0,25812.0
2025-06-20 10:21:10.177435,12789.0,14072.0,25821.0
2025-06-20 10:21:10.649006,12790.0,14072.0,25821.0
2025-06-20 10:21:11.080299,12790.0,14080.0,25789.0
2025-06-20 10:21:12.079298,12790.0,14015.0,25739.0
2025-06-20 10:21:12.646366,12790.0,14015.0,25739.0
2025-06-20 10:21:13.079246,12790.0,13681.0,25732.0
2025-06-20 10:21:13.980217,12790.0,13994.0,25840.0
2025-06-20 10:21:15.128049,12789.0,14080.0,25840.0
2025-06-20 10:21:15.703973,12790.0,14080.0,25840.0
2025-06-20 10:21:15.894673,12790.0,14150.0,25754.0
2025-06-20 10:21:16.910757,12790.0,14131.0,25756.0
2025-06-20 10:21:17.784355,12790.0,13990.0,25761.0
2025-06-20 10:21:18.782926,12790.0,14072.0,25739.0
2025-06-20 10:21:20.705118,12789.0,14072.0,25797.0
2025-06-20 10:21:21.658833,12789.0,14072.0,25797.0
2025-06-20 10:21:21.686516,12789.0,14122.0,25801.0
2025-06-20 10:21:22.685674,12789.0,14118.0,25809.0
2025-06-20 10:21:23.659101,12790.0,14118.0,25809.0
2025-06-20 10:21:23.685056,12790.0,14121.0,25826.0
2025-06-20 10:21:24.587678,12790.0,14140.0,25777.0
2025-06-20 10:21:24.651730,12790.0,14140.0,25777.0
2025-06-20 10:21:25.588053,12790.0,14180.0,25768.0
2025-06-20 10:21:26.490637,12790.0,14158.0,25767.0
2025-06-20 10:21:27.493568,12790.0,14155.0,25785.0
2025-06-20 10:21:28.614547,12790.0,14157.0,25794.0
2025-06-20 10:21:29.491341,12790.0,14170.0,25727.0
2025-06-20 10:21:29.655035,12790.0,14170.0,25727.0
2025-06-20 10:21:30.429869,12790.0,14175.0,25724.0
2025-06-20 10:21:31.406971,12790.0,14195.0,25710.0
2025-06-20 10:21:32.645424,12789.0,14159.0,25765.0
2025-06-20 10:21:32.671135,12789.0,14159.0,25765.0
2025-06-20 10:21:33.483824,12789.0,14163.0,25775.0
2025-06-20 10:21:34.405619,12789.0,14143.0,25775.0
2025-06-20 10:21:35.297853,12789.0,14127.0,25732.0
2025-06-20 10:21:35.644644,12789.0,14127.0,25732.0
2025-06-20 10:21:36.296124,12789.0,14115.0,25741.0
2025-06-20 10:21:36.647844,12789.0,14115.0,25741.0
2025-06-20 10:21:37.192397,12789.0,14167.0,25749.0
2025-06-20 10:21:38.099293,12789.0,14178.0,25749.0
2025-06-20 10:21:38.645601,12790.0,14178.0,25749.0
2025-06-20 10:21:38.993553,12790.0,14137.0,25792.0
2025-06-20 10:21:39.912736,12790.0,14145.0,25771.0
2025-06-20 10:21:40.648532,12789.0,14145.0,25771.0
2025-06-20 10:21:40.924041,12789.0,14199.0,25768.0
2025-06-20 10:21:41.646841,12790.0,14199.0,25768.0
2025-06-20 10:21:41.799427,12790.0,14257.0,25667.0
2025-06-20 10:21:41.840155,12790.0,14257.0,25667.0
2025-06-20 10:21:42.173550,12790.0,14257.0,25667.0
2025-06-20 10:21:42.806443,12790.0,14260.0,25667.0
2025-06-20 10:21:43.085102,12790.0,14260.0,25667.0
2025-06-20 10:21:43.796413,12790.0,14259.0,25698.0
2025-06-20 10:21:44.427308,12790.0,14259.0,25698.0
2025-06-20 10:21:44.648455,12790.0,14259.0,25698.0
2025-06-20 10:21:44.701789,12790.0,14212.0,25706.0
2025-06-20 10:21:44.837175,12790.0,14212.0,25706.0
2025-06-20 10:21:45.466991,12790.0,14212.0,25706.0
2025-06-20 10:21:45.709872,12790.0,14183.0,25743.0
2025-06-20 10:21:45.821264,12790.0,14183.0,25743.0
2025-06-20 10:21:46.692347,12792.0,14183.0,25743.0
2025-06-20 10:21:46.815533,12792.0,14183.0,25743.0
2025-06-20 10:21:46.899948,12792.0,14157.0,25609.0
2025-06-20 10:21:47.916447,12792.0,14141.0,25611.0
2025-06-20 10:21:48.137073,12792.0,14141.0,25611.0
2025-06-20 10:21:48.935430,12792.0,14139.0,25643.0
2025-06-20 10:21:49.115459,12792.0,14139.0,25643.0
2025-06-20 10:21:49.695420,12792.0,14139.0,25643.0
2025-06-20 10:21:49.917792,12792.0,14205.0,25593.0
2025-06-20 10:21:50.670791,12795.0,14205.0,25593.0
2025-06-20 10:21:50.697198,12795.0,14205.0,25593.0
2025-06-20 10:21:50.937609,12792.0,14149.0,25618.0
2025-06-20 10:21:51.698969,12795.0,14149.0,25618.0
2025-06-20 10:21:51.918743,12795.0,14153.0,25623.0
2025-06-20 10:21:51.943004,12795.0,14153.0,25623.0
2025-06-20 10:21:53.007552,12795.0,14156.0,25620.0
2025-06-20 10:21:53.193077,12795.0,14156.0,25620.0
2025-06-20 10:21:54.106868,12795.0,14195.0,25616.0
2025-06-20 10:21:54.799704,12795.0,14195.0,25616.0
2025-06-20 10:21:55.107841,12795.0,14191.0,25554.0
2025-06-20 10:21:56.218326,12795.0,14166.0,25583.0
2025-06-20 10:21:56.660188,12794.0,14166.0,25583.0
2025-06-20 10:21:57.333573,12794.0,14193.0,25520.0
2025-06-20 10:21:57.655404,12794.0,14193.0,25520.0
2025-06-20 10:21:58.310559,12794.0,14196.0,25522.0
2025-06-20 10:21:59.444688,12795.0,14194.0,25519.0
2025-06-20 10:21:59.704296,12795.0,14194.0,25519.0
2025-06-20 10:22:00.310514,12794.0,14163.0,25611.0
2025-06-20 10:22:02.315327,12794.0,13695.0,25533.0
2025-06-20 10:22:02.693046,12794.0,13695.0,25533.0
2025-06-20 10:22:07.998187,12794.0,13695.0,25533.0
2025-06-20 10:22:08.267078,12794.0,13669.0,25549.0
2025-06-20 10:22:11.296462,12794.0,13669.0,25549.0
2025-06-20 10:22:14.326761,12792.0,14224.0,25737.0
2025-06-20 10:22:14.709432,12792.0,14224.0,25737.0
2025-06-20 10:22:16.667086,12792.0,14224.0,25737.0
2025-06-20 10:22:20.430277,12794.0,14210.0,25645.0
2025-06-20 10:22:22.685123,12791.0,14210.0,25645.0
2025-06-20 10:22:25.657948,12794.0,14210.0,25645.0
2025-06-20 10:22:26.624796,12791.0,14172.0,25643.0
2025-06-20 10:22:28.682517,12792.0,14172.0,25643.0
2025-06-20 10:22:32.728422,12792.0,14195.0,25792.0
2025-06-20 10:22:37.661740,12792.0,14195.0,25792.0
2025-06-20 10:22:38.443838,12792.0,14199.0,25765.0
2025-06-20 10:22:41.704901,12793.0,14199.0,25765.0
2025-06-20 10:22:43.713746,12793.0,14199.0,25765.0
2025-06-20 10:22:44.041363,12793.0,14197.0,25767.0
2025-06-20 10:22:45.657613,12793.0,14197.0,25767.0
2025-06-20 10:22:49.637611,12793.0,14270.0,25678.0
2025-06-20 10:22:49.661878,12793.0,14270.0,25678.0
2025-06-20 10:22:51.689912,12793.0,14270.0,25678.0
2025-06-20 10:22:53.660765,12793.0,14270.0,25678.0
2025-06-20 10:22:55.744071,12793.0,14212.0,25752.0
2025-06-20 10:22:57.659088,12792.0,14212.0,25752.0
2025-06-20 10:22:59.658400,12793.0,14212.0,25752.0
2025-06-20 10:23:01.660181,12792.0,14212.0,25752.0
2025-06-20 10:23:01.845547,12792.0,14220.0,25816.0
2025-06-20 10:23:05.660075,12792.0,14220.0,25816.0
2025-06-20 10:23:07.753020,12792.0,14198.0,25821.0
2025-06-20 10:23:09.711379,12793.0,14198.0,25821.0
2025-06-20 10:23:13.459770,12793.0,14282.0,25634.0
2025-06-20 10:23:15.666460,12793.0,14282.0,25634.0
2025-06-20 10:23:17.657045,12794.0,14282.0,25634.0
2025-06-20 10:23:19.190259,12794.0,14180.0,25598.0
2025-06-20 10:23:21.666355,12794.0,14180.0,25598.0
2025-06-20 10:23:25.063195,12794.0,14231.0,25542.0
2025-06-20 10:23:27.657988,12794.0,14231.0,25542.0
2025-06-20 10:23:31.100221,12793.0,14237.0,25487.0
2025-06-20 10:23:31.700013,12793.0,14237.0,25487.0
2025-06-20 10:23:35.666564,12793.0,14237.0,25487.0
2025-06-20 10:23:36.469964,12793.0,14229.0,25552.0
2025-06-20 10:23:41.662770,12794.0,14229.0,25552.0
2025-06-20 10:23:42.475674,12794.0,14219.0,25500.0
2025-06-20 10:23:45.686783,12794.0,14219.0,25500.0
2025-06-20 10:23:48.580790,12793.0,14206.0,25551.0
2025-06-20 10:23:49.664212,12793.0,14206.0,25551.0
2025-06-20 10:23:51.702269,12793.0,14206.0,25551.0
2025-06-20 10:23:54.288229,12793.0,14213.0,25522.0
2025-06-20 10:23:57.662554,12794.0,14213.0,25522.0
2025-06-20 10:23:59.987778,12794.0,14212.0,25573.0
2025-06-20 10:24:01.707229,12794.0,14212.0,25573.0
2025-06-20 10:24:03.666679,12794.0,14212.0,25573.0
2025-06-20 10:24:05.434550,12793.0,14232.0,25576.0
2025-06-20 10:24:05.668165,12793.0,14232.0,25576.0
2025-06-20 10:24:07.727370,12794.0,14232.0,25576.0
2025-06-20 10:24:11.046582,12794.0,14254.0,25643.0
2025-06-20 10:24:11.705336,12794.0,14254.0,25643.0
2025-06-20 10:24:14.127145,12794.0,14254.0,25643.0
2025-06-20 10:24:15.700649,12793.0,14254.0,25643.0
2025-06-20 10:24:16.920712,12793.0,14259.0,25622.0
2025-06-20 10:24:21.694972,12793.0,14259.0,25622.0
2025-06-20 10:24:22.501485,12793.0,14274.0,25588.0
2025-06-20 10:24:23.699966,12793.0,14274.0,25588.0
2025-06-20 10:24:27.699809,12794.0,14274.0,25588.0
2025-06-20 10:24:28.006089,12794.0,14414.0,25598.0
2025-06-20 10:24:31.660937,12793.0,14414.0,25598.0
2025-06-20 10:24:33.707829,12793.0,14400.0,25606.0
2025-06-20 10:24:35.665636,12793.0,14400.0,25606.0
2025-06-20 10:24:39.662997,12793.0,14400.0,25606.0
2025-06-20 10:24:39.709100,12793.0,14415.0,25570.0
2025-06-20 10:24:41.667677,12794.0,14415.0,25570.0
2025-06-20 10:24:42.292707,12794.0,14415.0,25570.0
2025-06-20 10:24:43.500019,12794.0,14415.0,25570.0
2025-06-20 10:24:44.031883,12794.0,14415.0,25570.0
2025-06-20 10:24:45.058452,12794.0,14415.0,25570.0
2025-06-20 10:24:45.516259,12794.0,14412.0,25616.0
2025-06-20 10:24:45.664936,12794.0,14412.0,25616.0
2025-06-20 10:24:46.068828,12794.0,14412.0,25616.0
2025-06-20 10:24:47.642059,12794.0,14412.0,25616.0
2025-06-20 10:24:48.782312,12794.0,14412.0,25616.0
2025-06-20 10:24:49.691569,12794.0,14412.0,25616.0
2025-06-20 10:24:49.769247,12794.0,14412.0,25616.0
2025-06-20 10:24:51.290225,12794.0,14412.0,25616.0
2025-06-20 10:24:51.327908,12794.0,14414.0,25693.0
2025-06-20 10:24:51.666889,12794.0,14414.0,25693.0
2025-06-20 10:24:52.563440,12794.0,14414.0,25693.0
2025-06-20 10:24:53.671030,12794.0,14414.0,25693.0
2025-06-20 10:24:53.817457,12794.0,14414.0,25693.0
2025-06-20 10:24:55.451870,12794.0,14414.0,25693.0
2025-06-20 10:24:56.932124,12794.0,14416.0,25681.0
2025-06-20 10:24:57.680095,12794.0,14416.0,25681.0
2025-06-20 10:24:59.665738,12794.0,14416.0,25681.0
2025-06-20 10:25:02.820841,12794.0,14423.0,25665.0
2025-06-20 10:25:03.671829,12794.0,14423.0,25665.0
2025-06-20 10:25:05.662130,12793.0,14423.0,25665.0
2025-06-20 10:25:07.670346,12793.0,14423.0,25665.0
2025-06-20 10:25:09.017645,12793.0,14303.0,25679.0
2025-06-20 10:25:09.699983,12794.0,14303.0,25679.0
2025-06-20 10:25:12.672082,12794.0,14303.0,25679.0
2025-06-20 10:25:15.239996,12793.0,14367.0,25693.0
2025-06-20 10:25:15.667167,12793.0,14367.0,25693.0
2025-06-20 10:25:18.666919,12794.0,14367.0,25693.0
2025-06-20 10:25:21.233427,12793.0,14313.0,25731.0
2025-06-20 10:25:21.659677,12793.0,14313.0,25731.0
2025-06-20 10:25:27.500151,12794.0,14350.0,25737.0
2025-06-20 10:25:27.715128,12794.0,14350.0,25737.0
2025-06-20 10:25:30.676938,12793.0,14350.0,25737.0
2025-06-20 10:25:33.456810,12794.0,14351.0,25599.0
2025-06-20 10:25:33.669558,12794.0,14351.0,25599.0
2025-06-20 10:25:36.668539,12794.0,14351.0,25599.0
2025-06-20 10:25:39.689355,12793.0,14351.0,25599.0
2025-06-20 10:25:39.843165,12793.0,14394.0,25648.0
2025-06-20 10:25:42.714781,12793.0,14394.0,25648.0
2025-06-20 10:25:45.665930,12793.0,14394.0,25648.0
2025-06-20 10:25:45.957172,12793.0,14410.0,25617.0
2025-06-20 10:25:48.679759,12793.0,14410.0,25617.0
2025-06-20 10:25:51.679382,12793.0,14410.0,25617.0
2025-06-20 10:25:52.061202,12793.0,14440.0,25581.0
2025-06-20 10:25:54.674051,12793.0,14440.0,25581.0
2025-06-20 10:25:58.059190,12793.0,14427.0,25845.0
2025-06-20 10:26:01.258335,12793.0,14417.0,25824.0
2025-06-20 10:26:02.261292,12793.0,14414.0,25756.0
2025-06-20 10:26:02.670057,12793.0,14414.0,25756.0
2025-06-20 10:26:03.260614,12793.0,14434.0,25746.0
2025-06-20 10:26:03.668125,12790.0,14434.0,25746.0
2025-06-20 10:26:04.266705,12790.0,14241.0,25787.0
2025-06-20 10:26:04.663229,12792.0,14241.0,25787.0
2025-06-20 10:26:05.364812,12792.0,14260.0,25780.0
2025-06-20 10:26:05.660756,12791.0,14260.0,25780.0
2025-06-20 10:26:06.504286,12791.0,14263.0,25794.0
2025-06-20 10:26:07.563041,12792.0,14290.0,25773.0
2025-06-20 10:26:07.665081,12792.0,14290.0,25773.0
2025-06-20 10:26:08.569092,12792.0,14303.0,25742.0
2025-06-20 10:26:09.665118,12790.0,14303.0,25742.0
2025-06-20 10:26:09.691335,12790.0,14258.0,25780.0
2025-06-20 10:26:11.066545,12790.0,14238.0,25817.0
2025-06-20 10:26:12.269027,12790.0,14228.0,25845.0
2025-06-20 10:26:13.367471,12790.0,14233.0,25746.0
2025-06-20 10:26:14.269136,12790.0,14241.0,25752.0
2025-06-20 10:26:14.665997,12793.0,14241.0,25752.0
2025-06-20 10:26:15.371690,12793.0,14317.0,25515.0
2025-06-20 10:26:16.393310,12793.0,14326.0,25520.0
2025-06-20 10:26:17.480848,12794.0,14408.0,25525.0
2025-06-20 10:26:17.670450,12794.0,14408.0,25525.0
2025-06-20 10:26:18.584006,12795.0,14471.0,25309.0
2025-06-20 10:26:18.665952,12795.0,14471.0,25309.0
2025-06-20 10:26:19.684458,12795.0,14446.0,25353.0
2025-06-20 10:26:20.695094,12794.0,14446.0,25353.0
2025-06-20 10:26:20.701090,12794.0,14428.0,25403.0
2025-06-20 10:26:21.662163,12794.0,14428.0,25403.0
2025-06-20 10:26:21.879946,12794.0,14425.0,25399.0
2025-06-20 10:26:22.975231,12794.0,14387.0,25423.0
2025-06-20 10:26:23.976814,12794.0,14375.0,25473.0
2025-06-20 10:26:24.975799,12794.0,14369.0,25503.0
2025-06-20 10:26:26.600590,12795.0,14343.0,25495.0
2025-06-20 10:26:26.663761,12795.0,14343.0,25495.0
2025-06-20 10:26:27.591700,12795.0,14338.0,25500.0
2025-06-20 10:26:27.679663,12795.0,14338.0,25500.0
2025-06-20 10:26:28.580129,12795.0,14338.0,25513.0
2025-06-20 10:26:29.591004,12795.0,14354.0,25392.0
2025-06-20 10:26:30.587767,12795.0,14348.0,25543.0
2025-06-20 10:26:31.595242,12796.0,14350.0,25497.0
2025-06-20 10:26:31.672184,12796.0,14350.0,25497.0
2025-06-20 10:26:32.667172,12798.0,14350.0,25497.0
2025-06-20 10:26:32.694843,12798.0,14316.0,25449.0
2025-06-20 10:26:33.588899,12798.0,14316.0,25450.0
2025-06-20 10:26:34.698776,12798.0,14315.0,25450.0
2025-06-20 10:26:35.678243,12795.0,14315.0,25450.0
2025-06-20 10:26:35.783959,12795.0,14331.0,25427.0
2025-06-20 10:26:36.782671,12795.0,14352.0,25417.0
2025-06-20 10:26:37.676243,12798.0,14352.0,25417.0
2025-06-20 10:26:37.784760,12798.0,14541.0,25349.0
2025-06-20 10:26:38.716265,12798.0,14541.0,25349.0
2025-06-20 10:26:38.721695,12798.0,14569.0,25345.0
2025-06-20 10:26:39.697407,12798.0,14551.0,25318.0
2025-06-20 10:26:40.689181,12798.0,14576.0,25236.0
2025-06-20 10:26:41.632967,12799.0,14597.0,25299.0
2025-06-20 10:26:41.660459,12799.0,14597.0,25299.0
2025-06-20 10:26:42.721630,12799.0,14607.0,25301.0
2025-06-20 10:26:43.788149,12799.0,14565.0,25384.0
2025-06-20 10:26:44.929489,12799.0,14565.0,25342.0
2025-06-20 10:26:45.666312,12799.0,14565.0,25342.0
2025-06-20 10:26:45.796144,12799.0,14546.0,25364.0
2025-06-20 10:26:46.711867,12800.0,14546.0,25364.0
2025-06-20 10:26:47.131962,12800.0,14549.0,25312.0
2025-06-20 10:26:48.004244,12800.0,14619.0,25306.0
2025-06-20 10:26:48.664306,12800.0,14619.0,25306.0
2025-06-20 10:26:49.100829,12800.0,14619.0,25338.0
2025-06-20 10:26:50.201672,12800.0,14643.0,25305.0
2025-06-20 10:26:50.699340,12798.0,14643.0,25305.0
2025-06-20 10:26:51.310706,12798.0,14639.0,25333.0
2025-06-20 10:26:52.299838,12799.0,14647.0,25339.0
2025-06-20 10:26:52.674735,12799.0,14647.0,25339.0
2025-06-20 10:26:53.413725,12799.0,14662.0,25226.0
2025-06-20 10:26:53.688854,12798.0,14662.0,25226.0
2025-06-20 10:26:54.520339,12798.0,14708.0,25270.0
2025-06-20 10:26:56.067417,12799.0,14430.0,25221.0
2025-06-20 10:26:56.075499,12799.0,14430.0,25221.0
2025-06-20 10:26:57.012857,12799.0,14430.0,25221.0
2025-06-20 10:26:57.016384,12799.0,14678.0,25266.0
2025-06-20 10:26:57.807857,12799.0,14680.0,25243.0
2025-06-20 10:26:58.807492,12799.0,14680.0,25247.0
2025-06-20 10:26:59.711439,12799.0,14680.0,25247.0
2025-06-20 10:26:59.950796,12799.0,14680.0,25277.0
2025-06-20 10:27:03.696402,12799.0,14680.0,25277.0
2025-06-20 10:27:06.513370,12799.0,14653.0,25242.0
2025-06-20 10:27:06.743523,12799.0,14653.0,25242.0
2025-06-20 10:27:09.697553,12805.0,14653.0,25242.0
2025-06-20 10:27:12.709893,12806.0,14653.0,25242.0
2025-06-20 10:27:13.116965,12806.0,14814.0,24443.0
2025-06-20 10:27:15.672220,12818.0,14814.0,24443.0
2025-06-20 10:27:18.680175,12808.0,14814.0,24443.0
2025-06-20 10:27:19.764469,12812.0,14839.0,24387.0
2025-06-20 10:27:21.709046,12812.0,14839.0,24387.0
2025-06-20 10:27:25.352505,12812.0,14839.0,24387.0
2025-06-20 10:27:26.238501,12810.0,14794.0,24327.0
2025-06-20 10:27:28.747738,12810.0,14794.0,24327.0
2025-06-20 10:27:32.719955,12810.0,14794.0,24327.0
2025-06-20 10:27:33.033705,12811.0,14822.0,24220.0
2025-06-20 10:27:34.700990,12813.0,14822.0,24220.0
2025-06-20 10:27:37.688574,12810.0,14822.0,24220.0
2025-06-20 10:27:39.553349,12810.0,14750.0,24305.0
2025-06-20 10:27:41.670355,12810.0,14750.0,24305.0
2025-06-20 10:27:42.666360,12810.0,14750.0,24305.0
2025-06-20 10:27:43.024361,12810.0,14750.0,24305.0
2025-06-20 10:27:44.231371,12810.0,14750.0,24305.0
2025-06-20 10:27:45.273926,12810.0,14750.0,24305.0
2025-06-20 10:27:45.682199,12810.0,14750.0,24305.0
2025-06-20 10:27:45.737423,12810.0,14750.0,24305.0
2025-06-20 10:27:46.049294,12804.0,14654.0,24602.0
2025-06-20 10:27:46.289705,12804.0,14654.0,24602.0
2025-06-20 10:27:47.676342,12804.0,14654.0,24602.0
2025-06-20 10:27:49.007235,12804.0,14654.0,24602.0
2025-06-20 10:27:49.681178,12809.0,14654.0,24602.0
2025-06-20 10:27:50.001470,12809.0,14654.0,24602.0
2025-06-20 10:27:51.506978,12809.0,14654.0,24602.0
2025-06-20 10:27:51.684356,12809.0,14654.0,24602.0
2025-06-20 10:27:52.349667,12809.0,15022.0,24429.0
2025-06-20 10:27:52.814318,12809.0,15022.0,24429.0
2025-06-20 10:27:54.018719,12809.0,15022.0,24429.0
2025-06-20 10:27:55.618268,12809.0,15022.0,24429.0
2025-06-20 10:27:57.692729,12814.0,15022.0,24429.0
2025-06-20 10:27:58.756620,12814.0,14839.0,24417.0
2025-06-20 10:28:00.670863,12810.0,14839.0,24417.0
2025-06-20 10:28:00.968941,12810.0,14936.0,24379.0
2025-06-20 10:28:02.058897,12810.0,14901.0,24458.0
2025-06-20 10:28:02.967844,12809.0,14917.0,24505.0
2025-06-20 10:28:03.682441,12809.0,14917.0,24505.0
2025-06-20 10:28:04.058906,12809.0,14952.0,24314.0
2025-06-20 10:28:05.162167,12809.0,14951.0,24318.0
2025-06-20 10:28:05.669628,12810.0,14951.0,24318.0
2025-06-20 10:28:06.262181,12810.0,14922.0,24400.0
2025-06-20 10:28:06.668553,12810.0,14922.0,24400.0
2025-06-20 10:28:07.362166,12810.0,14933.0,24389.0
2025-06-20 10:28:08.470383,12810.0,14938.0,24389.0
2025-06-20 10:28:09.563114,12811.0,14936.0,24393.0
2025-06-20 10:28:09.668977,12811.0,14936.0,24393.0
2025-06-20 10:28:10.665825,12811.0,14939.0,24399.0
2025-06-20 10:28:11.667761,12812.0,14939.0,24399.0
2025-06-20 10:28:11.763475,12812.0,14882.0,24323.0
2025-06-20 10:28:12.671382,12812.0,14882.0,24323.0
2025-06-20 10:28:12.866268,12812.0,14860.0,24367.0
2025-06-20 10:28:13.967211,12812.0,14857.0,24405.0
2025-06-20 10:28:15.067579,12810.0,14052.0,24638.0
2025-06-20 10:28:15.670713,12809.0,14052.0,24638.0
2025-06-20 10:28:16.265495,12809.0,14828.0,24718.0
2025-06-20 10:28:16.668146,12810.0,14828.0,24718.0
2025-06-20 10:28:17.367410,12810.0,14852.0,24534.0
2025-06-20 10:28:17.669039,12810.0,14852.0,24534.0
2025-06-20 10:28:18.370182,12810.0,14845.0,24519.0
2025-06-20 10:28:19.480512,12810.0,14844.0,24535.0
2025-06-20 10:28:19.734711,12810.0,14844.0,24535.0
2025-06-20 10:28:20.574532,12810.0,14859.0,24485.0
2025-06-20 10:28:20.670384,12809.0,14859.0,24485.0
2025-06-20 10:28:21.479721,12809.0,14854.0,24512.0
2025-06-20 10:28:21.668741,12809.0,14854.0,24512.0
2025-06-20 10:28:22.712675,12812.0,14854.0,24512.0
2025-06-20 10:28:22.719719,12812.0,14822.0,24618.0
2025-06-20 10:28:23.688512,12809.0,14822.0,24618.0
2025-06-20 10:28:23.775936,12809.0,14857.0,24531.0
2025-06-20 10:28:24.885882,12809.0,14854.0,24541.0
2025-06-20 10:28:25.668853,12810.0,14854.0,24541.0
2025-06-20 10:28:25.981409,12810.0,14875.0,24524.0
2025-06-20 10:28:26.670085,12810.0,14875.0,24524.0
2025-06-20 10:28:27.076399,12810.0,14885.0,24512.0
2025-06-20 10:28:28.181329,12810.0,14886.0,24514.0
2025-06-20 10:28:28.704606,12809.0,14886.0,24514.0
2025-06-20 10:28:29.278415,12810.0,14877.0,24538.0
2025-06-20 10:28:29.668592,12810.0,14877.0,24538.0
2025-06-20 10:28:30.379242,12810.0,14850.0,24566.0
2025-06-20 10:28:30.669539,12810.0,14850.0,24566.0
2025-06-20 10:28:31.482364,12810.0,14868.0,24530.0
2025-06-20 10:28:32.582286,12809.0,14852.0,24539.0
2025-06-20 10:28:32.671042,12809.0,14852.0,24539.0
2025-06-20 10:28:33.481685,12810.0,14950.0,24431.0
2025-06-20 10:28:33.745074,12810.0,14950.0,24431.0
2025-06-20 10:28:34.596808,12810.0,14934.0,24466.0
2025-06-20 10:28:35.586821,12810.0,14909.0,24486.0
2025-06-20 10:28:35.673771,12810.0,14909.0,24486.0
2025-06-20 10:28:36.680493,12810.0,14909.0,24486.0
2025-06-20 10:28:36.698438,12810.0,14906.0,24536.0
2025-06-20 10:28:37.669942,12810.0,14906.0,24536.0
2025-06-20 10:28:37.784615,12810.0,14916.0,24387.0
2025-06-20 10:28:39.125500,12810.0,14899.0,24421.0
2025-06-20 10:28:39.932899,12810.0,14901.0,24470.0
2025-06-20 10:28:40.986242,12810.0,14928.0,24442.0
2025-06-20 10:28:41.670469,12812.0,14928.0,24442.0
2025-06-20 10:28:41.986855,12812.0,14968.0,24435.0
2025-06-20 10:28:42.671836,12812.0,14968.0,24435.0
2025-06-20 10:28:43.084977,12812.0,14983.0,24422.0
2025-06-20 10:28:44.091308,12812.0,14984.0,24425.0
2025-06-20 10:28:45.185861,12812.0,14980.0,24386.0
2025-06-20 10:28:46.086888,12812.0,14985.0,24332.0
2025-06-20 10:28:46.674540,12814.0,14985.0,24332.0
2025-06-20 10:28:47.187711,12814.0,15039.0,24267.0
2025-06-20 10:28:47.670427,12818.0,15039.0,24267.0
2025-06-20 10:28:48.288640,12814.0,15001.0,24317.0
2025-06-20 10:28:48.673678,12814.0,15001.0,24317.0
2025-06-20 10:28:49.391948,12814.0,15002.0,24341.0
2025-06-20 10:28:50.701305,12814.0,15006.0,24323.0
2025-06-20 10:28:50.719443,12812.0,15006.0,24323.0
2025-06-20 10:28:51.589034,12812.0,14873.0,24526.0
2025-06-20 10:28:51.673006,12812.0,14873.0,24526.0
2025-06-20 10:28:52.590623,12812.0,14944.0,24459.0
2025-06-20 10:28:53.712781,12812.0,14936.0,24473.0
2025-06-20 10:28:54.674004,12812.0,14936.0,24473.0
2025-06-20 10:28:54.790430,12812.0,14936.0,24471.0
2025-06-20 10:28:55.904184,12812.0,14884.0,24558.0
2025-06-20 10:28:56.671212,12813.0,14884.0,24558.0
2025-06-20 10:28:56.999762,12813.0,14904.0,24551.0
2025-06-20 10:28:58.094346,12813.0,14896.0,24563.0
2025-06-20 10:28:58.674463,12814.0,14896.0,24563.0
2025-06-20 10:28:59.195134,12813.0,14995.0,24545.0
2025-06-20 10:28:59.670017,12813.0,14995.0,24545.0
2025-06-20 10:29:00.300774,12813.0,14997.0,24559.0
2025-06-20 10:29:01.398906,12814.0,14974.0,24505.0
2025-06-20 10:29:01.677233,12813.0,14974.0,24505.0
2025-06-20 10:29:02.297231,12813.0,14945.0,24503.0
2025-06-20 10:29:03.405522,12812.0,14871.0,24702.0
2025-06-20 10:29:03.671398,12810.0,14871.0,24702.0
2025-06-20 10:29:04.498938,12810.0,14830.0,24774.0
2025-06-20 10:29:05.497009,12810.0,14860.0,24708.0
2025-06-20 10:29:05.677635,12810.0,14860.0,24708.0
2025-06-20 10:29:06.498850,12810.0,14849.0,24772.0
2025-06-20 10:29:06.678320,12810.0,14849.0,24772.0
2025-06-20 10:29:07.505046,12811.0,14846.0,24754.0
2025-06-20 10:29:07.676382,12811.0,14846.0,24754.0
2025-06-20 10:29:08.498878,12811.0,14853.0,24718.0
2025-06-20 10:29:09.501506,12810.0,14852.0,24714.0
2025-06-20 10:29:09.679998,12810.0,14852.0,24714.0
2025-06-20 10:29:10.411373,12810.0,14850.0,24715.0
2025-06-20 10:29:11.413742,12811.0,14882.0,24662.0
2025-06-20 10:29:11.689433,12813.0,14882.0,24662.0
2025-06-20 10:29:12.414665,12814.0,14820.0,24702.0
2025-06-20 10:29:12.716467,12810.0,14820.0,24702.0
2025-06-20 10:29:13.416321,12810.0,14811.0,24768.0
2025-06-20 10:29:14.416819,12810.0,14835.0,24665.0
2025-06-20 10:29:14.680579,12811.0,14835.0,24665.0
2025-06-20 10:29:15.419580,12810.0,14818.0,24610.0
2025-06-20 10:29:15.682232,12810.0,14818.0,24610.0
2025-06-20 10:29:16.417032,12810.0,14816.0,24665.0
2025-06-20 10:29:17.628746,12810.0,14814.0,24731.0
2025-06-20 10:29:18.574235,12809.0,14812.0,24696.0
2025-06-20 10:29:18.984047,12809.0,14812.0,24696.0
2025-06-20 10:29:19.648187,12811.0,14820.0,24693.0
2025-06-20 10:29:19.697285,12811.0,14820.0,24693.0
2025-06-20 10:29:20.508469,12811.0,14824.0,24808.0
2025-06-20 10:29:20.680430,12810.0,14824.0,24808.0
2025-06-20 10:29:21.509119,12810.0,14813.0,24821.0
2025-06-20 10:29:21.679495,12810.0,14813.0,24821.0
2025-06-20 10:29:22.511082,12810.0,14821.0,24828.0
2025-06-20 10:29:23.510684,12810.0,14799.0,24824.0
2025-06-20 10:29:24.646106,12810.0,14842.0,24783.0
2025-06-20 10:29:25.634678,12810.0,14847.0,24721.0
2025-06-20 10:29:26.681392,12811.0,14847.0,24721.0
2025-06-20 10:29:26.739340,12811.0,14889.0,24762.0
2025-06-20 10:29:27.685010,12810.0,14889.0,24762.0
2025-06-20 10:29:27.813866,12810.0,14877.0,24771.0
2025-06-20 10:29:28.679438,12810.0,14877.0,24771.0
2025-06-20 10:29:28.814587,12810.0,14882.0,24804.0
2025-06-20 10:29:29.676598,12810.0,14882.0,24804.0
2025-06-20 10:29:29.815336,12810.0,14908.0,24776.0
2025-06-20 10:29:30.969464,12810.0,14919.0,24771.0
2025-06-20 10:29:31.930273,12810.0,14932.0,24776.0
2025-06-20 10:29:33.034655,12810.0,14936.0,24776.0
2025-06-20 10:29:34.124244,12810.0,14937.0,24783.0
2025-06-20 10:29:35.219875,12809.0,14686.0,25005.0
2025-06-20 10:29:35.679772,12807.0,14686.0,25005.0
2025-06-20 10:29:36.335958,12807.0,14693.0,24985.0
2025-06-20 10:29:37.525355,12807.0,14747.0,24931.0
2025-06-20 10:29:38.521966,12810.0,14763.0,24812.0
2025-06-20 10:29:38.674722,12811.0,14763.0,24812.0
2025-06-20 10:29:39.522375,12812.0,14503.0,24449.0
2025-06-20 10:29:39.684052,12812.0,14503.0,24449.0
2025-06-20 10:29:40.622724,12812.0,14418.0,24537.0
2025-06-20 10:29:41.713362,12813.0,14418.0,24537.0
2025-06-20 10:29:41.731688,12813.0,14423.0,24533.0
2025-06-20 10:29:42.682349,12810.0,14423.0,24533.0
2025-06-20 10:29:42.822825,12810.0,14372.0,24632.0
2025-06-20 10:29:43.678815,12813.0,14372.0,24632.0
2025-06-20 10:29:43.936625,12813.0,14441.0,24608.0
2025-06-20 10:29:44.755959,12814.0,14441.0,24608.0
2025-06-20 10:29:44.838607,12810.0,14371.0,24799.0
2025-06-20 10:29:45.699755,12810.0,14371.0,24799.0
2025-06-20 10:29:45.915392,12810.0,14368.0,24809.0
2025-06-20 10:29:46.713080,12810.0,14368.0,24809.0
2025-06-20 10:29:46.962044,12810.0,14355.0,24733.0
2025-06-20 10:29:47.684284,12810.0,14355.0,24733.0
2025-06-20 10:29:48.050731,12810.0,14452.0,24739.0
2025-06-20 10:29:49.249865,12810.0,14447.0,24742.0
2025-06-20 10:29:50.132295,12810.0,14440.0,24711.0
2025-06-20 10:29:50.678217,12809.0,14440.0,24711.0
2025-06-20 10:29:51.128321,12809.0,14423.0,24760.0
2025-06-20 10:29:52.130945,12809.0,14421.0,24781.0
2025-06-20 10:29:52.682041,12810.0,14421.0,24781.0
2025-06-20 10:29:53.130269,12810.0,14412.0,24853.0
2025-06-20 10:29:53.676048,12809.0,14412.0,24853.0
2025-06-20 10:29:54.533406,12809.0,14403.0,24851.0
2025-06-20 10:29:55.731712,12809.0,14416.0,24898.0
2025-06-20 10:29:56.632487,12810.0,14432.0,24873.0
2025-06-20 10:29:56.694606,12810.0,14432.0,24873.0
2025-06-20 10:29:57.634447,12810.0,14422.0,24873.0
2025-06-20 10:29:58.683637,12810.0,14422.0,24873.0
2025-06-20 10:29:58.750897,12810.0,14419.0,24850.0
2025-06-20 10:29:59.836868,12810.0,14398.0,24873.0
2025-06-20 10:30:01.392171,12810.0,14403.0,24882.0
2025-06-20 10:30:01.678425,12810.0,14403.0,24882.0
2025-06-20 10:30:02.339530,12809.0,14400.0,24881.0
2025-06-20 10:30:02.680707,12809.0,14400.0,24881.0
2025-06-20 10:30:03.350681,12809.0,14405.0,24880.0
2025-06-20 10:30:04.341281,12809.0,14366.0,24954.0
2025-06-20 10:30:05.453621,12809.0,14363.0,24962.0
2025-06-20 10:30:05.698810,12809.0,14363.0,24962.0
2025-06-20 10:30:06.485290,12809.0,14362.0,24966.0
2025-06-20 10:30:07.542762,12809.0,14322.0,24967.0
2025-06-20 10:30:08.546165,12809.0,14321.0,24966.0
2025-06-20 10:30:09.626485,12810.0,14321.0,24968.0
2025-06-20 10:30:09.743962,12810.0,14321.0,24968.0
2025-06-20 10:30:10.549041,12810.0,14321.0,24979.0
2025-06-20 10:30:10.703210,12810.0,14321.0,24979.0
2025-06-20 10:30:11.549603,12810.0,14350.0,24975.0
2025-06-20 10:30:11.696116,12810.0,14350.0,24975.0
2025-06-20 10:30:12.548591,12810.0,14309.0,24958.0
2025-06-20 10:30:12.685949,12810.0,14309.0,24958.0
2025-06-20 10:30:13.550041,12810.0,14353.0,24995.0
2025-06-20 10:30:14.478950,12810.0,14344.0,25043.0
2025-06-20 10:30:15.550231,12808.0,14256.0,25157.0
2025-06-20 10:30:15.698189,12809.0,14256.0,25157.0
2025-06-20 10:30:16.729240,12809.0,14301.0,25157.0
2025-06-20 10:30:16.958666,12809.0,14301.0,25157.0
2025-06-20 10:30:17.690586,12808.0,14301.0,25157.0
2025-06-20 10:30:17.750141,12808.0,14248.0,25203.0
2025-06-20 10:30:18.850727,12807.0,14242.0,25189.0
2025-06-20 10:30:19.696884,12807.0,14242.0,25189.0
2025-06-20 10:30:19.755599,12807.0,14202.0,25370.0
2025-06-20 10:30:20.681413,12807.0,14202.0,25370.0
2025-06-20 10:30:20.855366,12807.0,14325.0,25220.0
2025-06-20 10:30:21.681906,12807.0,14325.0,25220.0
2025-06-20 10:30:21.967117,12807.0,14379.0,25190.0
2025-06-20 10:30:23.054010,12807.0,14424.0,25154.0
2025-06-20 10:30:24.153242,12807.0,14429.0,25166.0
2025-06-20 10:30:25.254428,12807.0,14207.0,25212.0
2025-06-20 10:30:26.255711,12807.0,14198.0,25185.0
2025-06-20 10:30:26.717958,12807.0,14198.0,25185.0
2025-06-20 10:30:27.356135,12807.0,14173.0,25305.0
2025-06-20 10:30:28.470341,12807.0,14231.0,25208.0
2025-06-20 10:30:28.689970,12807.0,14231.0,25208.0
2025-06-20 10:30:29.556981,12807.0,14245.0,25267.0
2025-06-20 10:30:29.717429,12805.0,14245.0,25267.0
2025-06-20 10:30:30.492187,12805.0,14494.0,25171.0
2025-06-20 10:30:31.565953,12805.0,14489.0,25191.0
2025-06-20 10:30:32.671227,12805.0,14449.0,25229.0
2025-06-20 10:30:33.681583,12807.0,14449.0,25229.0
2025-06-20 10:30:33.768146,12807.0,14540.0,25037.0
2025-06-20 10:30:34.865926,12807.0,14539.0,25079.0
2025-06-20 10:30:35.685732,12805.0,14539.0,25079.0
2025-06-20 10:30:35.976869,12805.0,14389.0,25124.0
2025-06-20 10:30:36.677571,12805.0,14389.0,25124.0
2025-06-20 10:30:36.978604,12805.0,14483.0,25192.0
2025-06-20 10:30:38.069063,12805.0,14415.0,25336.0
2025-06-20 10:30:39.177644,12805.0,14408.0,25277.0
2025-06-20 10:30:40.269924,12805.0,14396.0,25288.0
2025-06-20 10:30:41.371184,12805.0,14348.0,25289.0
2025-06-20 10:30:41.682042,12806.0,14348.0,25289.0
2025-06-20 10:30:42.481318,12806.0,14352.0,25265.0
2025-06-20 10:30:43.180694,12806.0,14352.0,25265.0
2025-06-20 10:30:43.482758,12806.0,14363.0,25262.0
2025-06-20 10:30:43.531831,12806.0,14363.0,25262.0
2025-06-20 10:30:44.213331,12806.0,14363.0,25262.0
2025-06-20 10:30:44.573124,12806.0,14329.0,25283.0
2025-06-20 10:30:44.627348,12806.0,14329.0,25283.0
2025-06-20 10:30:44.679988,12806.0,14329.0,25283.0
2025-06-20 10:30:44.914185,12806.0,14329.0,25283.0
2025-06-20 10:30:45.307174,12806.0,14329.0,25283.0
2025-06-20 10:30:45.696048,12806.0,14373.0,25281.0
2025-06-20 10:30:45.972620,12806.0,14373.0,25281.0
2025-06-20 10:30:46.477871,12806.0,14373.0,25281.0
2025-06-20 10:30:46.676915,12807.0,14373.0,25281.0
2025-06-20 10:30:46.779610,12807.0,14438.0,25217.0
2025-06-20 10:30:47.015636,12807.0,14438.0,25217.0
2025-06-20 10:30:47.663187,12807.0,14438.0,25217.0
2025-06-20 10:30:47.872506,12807.0,14421.0,25254.0
2025-06-20 10:30:48.370232,12807.0,14421.0,25254.0
2025-06-20 10:30:48.980265,12807.0,14420.0,25255.0
2025-06-20 10:30:49.682204,12807.0,14420.0,25255.0
2025-06-20 10:30:49.722479,12807.0,14420.0,25255.0
2025-06-20 10:30:50.076121,12807.0,14426.0,25218.0
2025-06-20 10:30:50.685714,12806.0,14426.0,25218.0
2025-06-20 10:30:50.735990,12806.0,14426.0,25218.0
2025-06-20 10:30:51.189234,12806.0,14422.0,25222.0
2025-06-20 10:30:51.683640,12807.0,14422.0,25222.0
2025-06-20 10:30:52.244361,12807.0,14422.0,25222.0
2025-06-20 10:30:52.284241,12807.0,14406.0,25227.0
2025-06-20 10:30:53.376865,12806.0,14408.0,25223.0
2025-06-20 10:30:53.532144,12806.0,14408.0,25223.0
2025-06-20 10:30:53.731985,12806.0,14408.0,25223.0
2025-06-20 10:30:54.484095,12806.0,14423.0,25072.0
2025-06-20 10:30:54.682076,12807.0,14423.0,25072.0
2025-06-20 10:30:54.790121,12807.0,14423.0,25072.0
2025-06-20 10:30:55.577389,12807.0,14398.0,25147.0
2025-06-20 10:30:56.505415,12807.0,14398.0,25147.0
2025-06-20 10:30:56.691322,12807.0,14398.0,25147.0
2025-06-20 10:30:56.706400,12807.0,14376.0,25123.0
2025-06-20 10:30:57.706781,12809.0,14376.0,25123.0
2025-06-20 10:30:57.775340,12809.0,14428.0,24915.0
2025-06-20 10:30:58.686377,12806.0,14428.0,24915.0
2025-06-20 10:30:58.884384,12806.0,14262.0,25051.0
2025-06-20 10:30:59.686995,12804.0,14262.0,25051.0
2025-06-20 10:31:00.078103,12809.0,14307.0,24997.0
2025-06-20 10:31:00.690254,12809.0,14307.0,24997.0
2025-06-20 10:31:01.280550,12809.0,14385.0,25005.0
2025-06-20 10:31:01.693293,12809.0,14385.0,25005.0
2025-06-20 10:31:02.380171,12809.0,14397.0,24917.0
2025-06-20 10:31:03.486427,12809.0,14297.0,24932.0
2025-06-20 10:31:04.577595,12807.0,14301.0,24969.0
2025-06-20 10:31:04.692914,12807.0,14301.0,24969.0
2025-06-20 10:31:05.695149,12807.0,14301.0,24969.0
2025-06-20 10:31:05.697962,12807.0,14272.0,25049.0
2025-06-20 10:31:06.587154,12807.0,14289.0,25005.0
2025-06-20 10:31:06.698178,12808.0,14289.0,25005.0
2025-06-20 10:31:08.087803,12808.0,14415.0,25006.0
2025-06-20 10:31:09.185519,12808.0,14406.0,25028.0
2025-06-20 10:31:10.287594,12807.0,14295.0,25040.0
2025-06-20 10:31:10.706983,12807.0,14295.0,25040.0
2025-06-20 10:31:11.288362,12807.0,14292.0,25039.0
2025-06-20 10:31:11.710374,12808.0,14292.0,25039.0
2025-06-20 10:31:12.289493,12808.0,14306.0,25004.0
2025-06-20 10:31:13.193605,12809.0,14343.0,24943.0
2025-06-20 10:31:13.760722,12809.0,14343.0,24943.0
2025-06-20 10:31:14.300930,12809.0,14287.0,24928.0
2025-06-20 10:31:15.402056,12809.0,14329.0,24991.0
2025-06-20 10:31:15.694718,12809.0,14329.0,24991.0
2025-06-20 10:31:16.503424,12809.0,14329.0,24991.0
2025-06-20 10:31:16.704926,12810.0,14329.0,24991.0
2025-06-20 10:31:17.598623,12811.0,14357.0,24886.0
2025-06-20 10:31:17.694446,12810.0,14357.0,24886.0
2025-06-20 10:31:18.597530,12810.0,14322.0,24893.0
2025-06-20 10:31:19.606632,12810.0,14365.0,24878.0
2025-06-20 10:31:19.697366,12811.0,14365.0,24878.0
2025-06-20 10:31:20.696707,12810.0,14365.0,24878.0
2025-06-20 10:31:20.709104,12810.0,14290.0,24889.0
2025-06-20 10:31:21.705467,12810.0,14290.0,24889.0
2025-06-20 10:31:21.798305,12810.0,14340.0,24920.0
2025-06-20 10:31:22.733307,12810.0,14340.0,24920.0
2025-06-20 10:31:22.897533,12810.0,14362.0,24960.0
2025-06-20 10:31:24.008470,12810.0,14364.0,24958.0
2025-06-20 10:31:25.005509,12812.0,14353.0,24951.0
2025-06-20 10:31:25.686045,12812.0,14353.0,24951.0
2025-06-20 10:31:26.097698,12812.0,14329.0,24942.0
2025-06-20 10:31:26.691096,12810.0,14329.0,24942.0
2025-06-20 10:31:27.202478,12810.0,14295.0,24929.0
2025-06-20 10:31:27.731159,12812.0,14295.0,24929.0
2025-06-20 10:31:28.304529,12812.0,14298.0,25016.0
2025-06-20 10:31:29.519650,12807.0,14348.0,24974.0
2025-06-20 10:31:29.744605,12807.0,14348.0,24974.0
2025-06-20 10:31:30.441840,12812.0,14343.0,24969.0
2025-06-20 10:31:30.721629,12812.0,14343.0,24969.0
2025-06-20 10:31:31.503227,12812.0,14322.0,24986.0
2025-06-20 10:31:32.635099,12806.0,14302.0,25094.0
2025-06-20 10:31:32.719883,12810.0,14302.0,25094.0
2025-06-20 10:31:33.736092,12806.0,14302.0,25094.0
2025-06-20 10:31:33.746385,12806.0,14291.0,25090.0
2025-06-20 10:31:34.806212,12806.0,14339.0,25124.0
2025-06-20 10:31:35.708346,12806.0,14339.0,25124.0
2025-06-20 10:31:35.917551,12807.0,14280.0,25125.0
2025-06-20 10:31:36.708828,12807.0,14280.0,25125.0
2025-06-20 10:31:37.150087,12807.0,14403.0,25101.0
2025-06-20 10:31:38.015155,12807.0,14300.0,25141.0
2025-06-20 10:31:39.108514,12808.0,14298.0,25160.0
2025-06-20 10:31:39.749442,12808.0,14298.0,25160.0
2025-06-20 10:31:40.310784,12808.0,14333.0,25188.0
2025-06-20 10:31:41.313080,12807.0,14435.0,25136.0
2025-06-20 10:31:41.734371,12808.0,14435.0,25136.0
2025-06-20 10:31:42.730981,12808.0,14435.0,25136.0
2025-06-20 10:31:42.930628,12808.0,14375.0,25115.0
2025-06-20 10:31:44.180083,12809.0,14284.0,25132.0
2025-06-20 10:31:44.701201,12809.0,14284.0,25132.0
2025-06-20 10:31:45.112578,12808.0,14282.0,25155.0
2025-06-20 10:31:45.733275,12808.0,14282.0,25155.0
2025-06-20 10:31:46.214053,12808.0,14286.0,25079.0
2025-06-20 10:31:47.316688,12808.0,14253.0,25097.0
2025-06-20 10:31:47.718059,12808.0,14253.0,25097.0
2025-06-20 10:31:48.314522,12808.0,14258.0,25092.0
2025-06-20 10:31:49.516350,12805.0,14045.0,25212.0
2025-06-20 10:31:49.701426,12805.0,14045.0,25212.0
2025-06-20 10:31:50.512508,12805.0,14078.0,25215.0
2025-06-20 10:31:50.708630,12804.0,14078.0,25215.0
2025-06-20 10:31:51.615871,12805.0,14135.0,25260.0
2025-06-20 10:31:51.698468,12805.0,14135.0,25260.0
2025-06-20 10:31:52.711819,12808.0,14135.0,25260.0
2025-06-20 10:31:52.734789,12808.0,14154.0,25328.0
2025-06-20 10:31:53.820916,12808.0,14148.0,25525.0
2025-06-20 10:31:54.822935,12808.0,14223.0,25608.0
2025-06-20 10:31:55.711571,12806.0,14223.0,25608.0
2025-06-20 10:31:55.940378,12806.0,14231.0,25434.0
2025-06-20 10:31:56.692967,12808.0,14231.0,25434.0
2025-06-20 10:31:57.023629,12808.0,14290.0,25385.0
2025-06-20 10:31:58.120645,12808.0,14201.0,25416.0
2025-06-20 10:31:59.219546,12808.0,14200.0,25420.0
2025-06-20 10:32:00.222351,12807.0,14067.0,25453.0
2025-06-20 10:32:00.740792,12805.0,14067.0,25453.0
2025-06-20 10:32:01.542175,12804.0,14287.0,25491.0
2025-06-20 10:32:01.704319,12804.0,14287.0,25491.0
2025-06-20 10:32:02.352987,12804.0,14266.0,25555.0
2025-06-20 10:32:02.702040,12804.0,14266.0,25555.0
2025-06-20 10:32:03.648057,12804.0,14174.0,25615.0
2025-06-20 10:32:03.699140,12804.0,14174.0,25615.0
2025-06-20 10:32:04.349619,12804.0,14225.0,25542.0
2025-06-20 10:32:05.550415,12804.0,14216.0,25572.0
2025-06-20 10:32:05.697140,12804.0,14216.0,25572.0
2025-06-20 10:32:06.555847,12804.0,14195.0,25593.0
2025-06-20 10:32:07.370794,12805.0,14207.0,25468.0
2025-06-20 10:32:07.710801,12805.0,14207.0,25468.0
2025-06-20 10:32:08.336336,12805.0,14203.0,25560.0
2025-06-20 10:32:09.336929,12805.0,14214.0,25559.0
2025-06-20 10:32:09.694668,12805.0,14214.0,25559.0
2025-06-20 10:32:10.408151,12805.0,14225.0,25587.0
2025-06-20 10:32:11.339718,12804.0,14100.0,25647.0
2025-06-20 10:32:11.702343,12805.0,14100.0,25647.0
2025-06-20 10:32:12.340321,12805.0,14064.0,25764.0
2025-06-20 10:32:13.231949,12803.0,13876.0,25634.0
2025-06-20 10:32:13.689758,12803.0,13876.0,25634.0
2025-06-20 10:32:14.132625,12803.0,14178.0,25628.0
2025-06-20 10:32:15.134029,12803.0,14177.0,25620.0
2025-06-20 10:32:15.708052,12803.0,14177.0,25620.0
2025-06-20 10:32:16.136033,12803.0,14129.0,25631.0
2025-06-20 10:32:16.687208,12804.0,14129.0,25631.0
2025-06-20 10:32:17.135109,12804.0,14121.0,25693.0
2025-06-20 10:32:17.690186,12804.0,14121.0,25693.0
2025-06-20 10:32:18.135953,12804.0,14122.0,25671.0
2025-06-20 10:32:18.686228,12804.0,14122.0,25671.0
2025-06-20 10:32:19.135199,12804.0,14124.0,25673.0
2025-06-20 10:32:19.690306,12802.0,14124.0,25673.0
2025-06-20 10:32:20.040056,12802.0,14155.0,25658.0
2025-06-20 10:32:20.713166,12800.0,14155.0,25658.0
2025-06-20 10:32:21.041221,12801.0,14093.0,25720.0
2025-06-20 10:32:21.691446,12802.0,14093.0,25720.0
2025-06-20 10:32:22.090575,12801.0,14125.0,25621.0
2025-06-20 10:32:22.706789,12802.0,14125.0,25621.0
2025-06-20 10:32:23.039896,12802.0,14122.0,25552.0
2025-06-20 10:32:23.690075,12804.0,14122.0,25552.0
2025-06-20 10:32:24.040451,12804.0,14114.0,25590.0
2025-06-20 10:32:25.038905,12804.0,14115.0,25606.0
2025-06-20 10:32:25.735323,12804.0,14115.0,25606.0
2025-06-20 10:32:25.961234,12804.0,14119.0,25633.0
2025-06-20 10:32:26.690348,12804.0,14119.0,25633.0
2025-06-20 10:32:26.980690,12804.0,14136.0,25536.0
2025-06-20 10:32:28.169816,12804.0,14113.0,25638.0
2025-06-20 10:32:28.694324,12804.0,14113.0,25638.0
2025-06-20 10:32:29.166146,12804.0,14126.0,25590.0
2025-06-20 10:32:29.978837,12804.0,14129.0,25590.0
2025-06-20 10:32:30.965745,12804.0,14132.0,25600.0
2025-06-20 10:32:31.850705,12801.0,14130.0,25599.0
2025-06-20 10:32:32.723831,12803.0,14130.0,25599.0
2025-06-20 10:32:32.929163,12803.0,14119.0,25638.0
2025-06-20 10:32:33.849785,12803.0,14094.0,25639.0
2025-06-20 10:32:34.754569,12801.0,14094.0,25646.0
2025-06-20 10:32:35.648320,12801.0,14081.0,25660.0
2025-06-20 10:32:35.729529,12801.0,14081.0,25660.0
2025-06-20 10:32:36.547066,12801.0,14086.0,25683.0
2025-06-20 10:32:37.547913,12801.0,14040.0,25686.0
2025-06-20 10:32:38.460145,12801.0,14082.0,25687.0
2025-06-20 10:32:38.913662,12802.0,14082.0,25687.0
2025-06-20 10:32:39.460732,12802.0,14096.0,25605.0
2025-06-20 10:32:39.731950,12802.0,14096.0,25605.0
2025-06-20 10:32:40.548865,12805.0,14097.0,25661.0
2025-06-20 10:32:40.730764,12805.0,14097.0,25661.0
2025-06-20 10:32:41.463887,12805.0,14113.0,25655.0
2025-06-20 10:32:41.687487,12805.0,14113.0,25655.0
2025-06-20 10:32:42.348174,12801.0,14066.0,25650.0
2025-06-20 10:32:42.686980,12801.0,14066.0,25650.0
2025-06-20 10:32:43.347148,12801.0,14066.0,25652.0
2025-06-20 10:32:44.248066,12805.0,14082.0,25645.0
2025-06-20 10:32:44.691920,12805.0,14082.0,25645.0
2025-06-20 10:32:45.150641,12805.0,14110.0,25642.0
2025-06-20 10:32:46.052016,12805.0,14105.0,25612.0
2025-06-20 10:32:46.985430,12805.0,14097.0,25689.0
2025-06-20 10:32:47.993151,12803.0,14180.0,25298.0
2025-06-20 10:32:48.710107,12803.0,14180.0,25298.0
2025-06-20 10:32:48.977468,12803.0,14163.0,25512.0
2025-06-20 10:32:49.688130,12804.0,14163.0,25512.0
2025-06-20 10:32:49.854572,12804.0,14163.0,25509.0
2025-06-20 10:32:50.692375,12803.0,14163.0,25509.0
2025-06-20 10:32:50.853059,12803.0,14139.0,25492.0
2025-06-20 10:32:51.938877,12803.0,14146.0,25525.0
2025-06-20 10:32:52.693645,12803.0,14146.0,25525.0
2025-06-20 10:32:52.753890,12803.0,14148.0,25533.0
2025-06-20 10:32:53.657399,12805.0,14151.0,25517.0
2025-06-20 10:32:53.740011,12805.0,14151.0,25517.0
2025-06-20 10:32:54.555256,12805.0,14153.0,25518.0
2025-06-20 10:32:55.472265,12805.0,14145.0,25558.0
2025-06-20 10:32:56.486917,12804.0,14133.0,25519.0
2025-06-20 10:32:56.749868,12805.0,14133.0,25519.0
2025-06-20 10:32:57.489215,12805.0,14125.0,25585.0
2025-06-20 10:32:58.483230,12805.0,14123.0,25599.0
2025-06-20 10:32:58.693944,12804.0,14123.0,25599.0
2025-06-20 10:32:59.473801,12804.0,14149.0,25570.0
2025-06-20 10:32:59.703226,12804.0,14149.0,25570.0
2025-06-20 10:33:00.360689,12804.0,14202.0,25543.0
2025-06-20 10:33:03.659972,12805.0,14196.0,25491.0
2025-06-20 10:33:03.788071,12805.0,14196.0,25491.0
2025-06-20 10:33:06.753325,12805.0,14196.0,25491.0
2025-06-20 10:33:09.150865,12805.0,14196.0,25491.0
2025-06-20 10:33:09.262566,12804.0,14165.0,25555.0
2025-06-20 10:33:10.844248,12804.0,14165.0,25555.0
2025-06-20 10:33:15.069334,12804.0,14173.0,25654.0
2025-06-20 10:33:16.694683,12800.0,14173.0,25654.0
2025-06-20 10:33:18.706592,12803.0,14173.0,25654.0
2025-06-20 10:33:20.691095,12800.0,14173.0,25654.0
2025-06-20 10:33:20.983024,12800.0,14146.0,25747.0
2025-06-20 10:33:22.749523,12803.0,14146.0,25747.0
2025-06-20 10:33:24.692276,12800.0,14146.0,25747.0
2025-06-20 10:33:26.700643,12802.0,14146.0,25747.0
2025-06-20 10:33:27.079177,12802.0,14022.0,25812.0
2025-06-20 10:33:28.758600,12802.0,14022.0,25812.0
2025-06-20 10:33:32.835065,12804.0,14022.0,25812.0
2025-06-20 10:33:33.083147,12804.0,14094.0,25798.0
2025-06-20 10:33:34.706417,12804.0,14094.0,25798.0
2025-06-20 10:33:36.707293,12804.0,14094.0,25798.0
2025-06-20 10:33:39.182700,12804.0,14257.0,25738.0
2025-06-20 10:33:39.703636,12804.0,14257.0,25738.0
2025-06-20 10:33:42.692284,12804.0,14257.0,25738.0
2025-06-20 10:33:43.649613,12804.0,14257.0,25738.0
2025-06-20 10:33:44.037388,12804.0,14257.0,25738.0
2025-06-20 10:33:44.994176,12804.0,14279.0,25684.0
2025-06-20 10:33:45.028553,12804.0,14279.0,25684.0
2025-06-20 10:33:45.696375,12804.0,14279.0,25684.0
2025-06-20 10:33:45.738614,12804.0,14279.0,25684.0
2025-06-20 10:33:46.371667,12804.0,14279.0,25684.0
2025-06-20 10:33:47.408545,12804.0,14279.0,25684.0
2025-06-20 10:33:48.709273,12804.0,14279.0,25684.0
2025-06-20 10:33:48.788602,12804.0,14279.0,25684.0
2025-06-20 10:33:50.138613,12804.0,14279.0,25684.0
2025-06-20 10:33:50.773026,12802.0,14297.0,25784.0
2025-06-20 10:33:51.351113,12802.0,14297.0,25784.0
2025-06-20 10:33:51.696996,12802.0,14297.0,25784.0
2025-06-20 10:33:52.709940,12802.0,14297.0,25784.0
2025-06-20 10:33:53.991692,12802.0,14297.0,25784.0
2025-06-20 10:33:55.193336,12802.0,14297.0,25784.0
2025-06-20 10:33:56.798087,12803.0,14281.0,25744.0
2025-06-20 10:33:56.825816,12803.0,14281.0,25744.0
2025-06-20 10:33:57.696946,12803.0,14281.0,25744.0
2025-06-20 10:34:00.697198,12803.0,14281.0,25744.0
2025-06-20 10:34:02.500162,12804.0,14243.0,25815.0
2025-06-20 10:34:03.698473,12804.0,14243.0,25815.0
2025-06-20 10:34:06.700426,12804.0,14243.0,25815.0
2025-06-20 10:34:08.204177,12804.0,14266.0,25729.0
2025-06-20 10:34:12.699800,12800.0,14266.0,25729.0
2025-06-20 10:34:14.306957,12802.0,14224.0,25886.0
2025-06-20 10:34:15.729676,12802.0,14224.0,25886.0
2025-06-20 10:34:18.696660,12804.0,14224.0,25886.0
2025-06-20 10:34:20.010373,12804.0,14189.0,25870.0
2025-06-20 10:34:21.708222,12804.0,14189.0,25870.0
2025-06-20 10:34:24.739032,12804.0,14189.0,25870.0
2025-06-20 10:34:25.546857,12804.0,14203.0,25822.0
2025-06-20 10:34:27.748131,12804.0,14203.0,25822.0
2025-06-20 10:34:31.118759,12804.0,14291.0,25735.0
2025-06-20 10:34:33.723169,12804.0,14291.0,25735.0
2025-06-20 10:34:36.740982,12804.0,14291.0,25735.0
2025-06-20 10:34:36.972113,12803.0,14241.0,25761.0
2025-06-20 10:34:39.732274,12801.0,14241.0,25761.0
2025-06-20 10:34:42.624820,12801.0,14253.0,25905.0
2025-06-20 10:34:45.751036,12803.0,14253.0,25905.0
2025-06-20 10:34:48.131430,12803.0,14324.0,25721.0
2025-06-20 10:34:52.413582,12803.0,14324.0,25721.0
2025-06-20 10:34:53.830570,12803.0,14257.0,25816.0
2025-06-20 10:34:54.739480,12803.0,14257.0,25816.0
2025-06-20 10:34:58.701696,12804.0,14257.0,25816.0
2025-06-20 10:34:59.236986,12804.0,14300.0,25742.0
2025-06-20 10:35:02.711426,12804.0,14300.0,25742.0
2025-06-20 10:35:04.450806,12804.0,14295.0,25758.0
2025-06-20 10:35:04.697675,12804.0,14295.0,25758.0
2025-06-20 10:35:06.702091,12804.0,14295.0,25758.0
2025-06-20 10:35:09.701856,12801.0,14295.0,25758.0
2025-06-20 10:35:10.142977,12801.0,14288.0,25774.0
2025-06-20 10:35:12.734916,12802.0,14288.0,25774.0
2025-06-20 10:35:15.702003,12801.0,14288.0,25774.0
2025-06-20 10:35:15.981307,12801.0,14264.0,25849.0
2025-06-20 10:35:18.729832,12801.0,14264.0,25849.0
2025-06-20 10:35:21.699261,12801.0,14264.0,25849.0
2025-06-20 10:35:21.999853,12801.0,14224.0,25776.0
2025-06-20 10:35:23.726474,12801.0,14224.0,25776.0
2025-06-20 10:35:25.705583,12801.0,14224.0,25776.0
2025-06-20 10:35:27.665510,12803.0,14194.0,25792.0
2025-06-20 10:35:27.705188,12803.0,14194.0,25792.0
2025-06-20 10:35:33.659592,12800.0,14174.0,25900.0
2025-06-20 10:35:33.704024,12800.0,14174.0,25900.0
2025-06-20 10:35:35.702201,12800.0,14174.0,25900.0
2025-06-20 10:35:37.701248,12801.0,14174.0,25900.0
2025-06-20 10:35:39.500198,12801.0,14224.0,25821.0
2025-06-20 10:35:41.699057,12802.0,14224.0,25821.0
2025-06-20 10:35:43.735637,12802.0,14224.0,25821.0
2025-06-20 10:35:45.266156,12802.0,14226.0,25840.0
2025-06-20 10:35:49.760847,12800.0,14226.0,25840.0
2025-06-20 10:35:51.265574,12798.0,14182.0,25984.0
2025-06-20 10:35:51.709825,12798.0,14182.0,25984.0
2025-06-20 10:35:53.713751,12800.0,14182.0,25984.0
2025-06-20 10:35:57.070107,12800.0,14152.0,25982.0
2025-06-20 10:35:57.715019,12800.0,14152.0,25982.0
2025-06-20 10:35:59.718490,12800.0,14152.0,25982.0
2025-06-20 10:36:02.675637,12800.0,14178.0,26043.0
2025-06-20 10:36:05.703128,12798.0,14178.0,26043.0
2025-06-20 10:36:08.579938,12798.0,13922.0,26504.0
2025-06-20 10:36:08.735525,12799.0,13922.0,26504.0
2025-06-20 10:36:11.713345,12798.0,13922.0,26504.0
2025-06-20 10:36:14.728021,12797.0,13922.0,26504.0
2025-06-20 10:36:14.779484,12797.0,13934.0,26545.0
2025-06-20 10:36:17.748988,12797.0,13934.0,26545.0
2025-06-20 10:36:20.583505,12797.0,13911.0,26657.0
2025-06-20 10:36:20.723863,12797.0,13911.0,26657.0
2025-06-20 10:36:26.582826,12797.0,13913.0,26553.0
2025-06-20 10:36:26.726898,12797.0,13913.0,26553.0
2025-06-20 10:36:32.591369,12798.0,13875.0,26674.0
2025-06-20 10:36:32.706166,12797.0,13875.0,26674.0
2025-06-20 10:36:35.717575,12797.0,13875.0,26674.0
2025-06-20 10:36:38.703565,12798.0,13875.0,26674.0
2025-06-20 10:36:38.793511,12798.0,13905.0,26671.0
2025-06-20 10:36:41.717507,12798.0,13905.0,26671.0
2025-06-20 10:36:44.137533,12798.0,13905.0,26671.0
2025-06-20 10:36:44.507325,12798.0,13914.0,26653.0
2025-06-20 10:36:44.523043,12798.0,13914.0,26653.0
2025-06-20 10:36:44.716426,12798.0,13914.0,26653.0
2025-06-20 10:36:44.841234,12798.0,13914.0,26653.0
2025-06-20 10:36:45.234547,12798.0,13914.0,26653.0
2025-06-20 10:36:46.276369,12798.0,13914.0,26653.0
2025-06-20 10:36:46.708457,12797.0,13914.0,26653.0
2025-06-20 10:36:46.936846,12797.0,13914.0,26653.0
2025-06-20 10:36:47.411912,12797.0,13914.0,26653.0
2025-06-20 10:36:48.388571,12797.0,13914.0,26653.0
2025-06-20 10:36:48.704031,12795.0,13914.0,26653.0
2025-06-20 10:36:49.343698,12795.0,13914.0,26653.0
2025-06-20 10:36:50.203155,12796.0,13821.0,26727.0
2025-06-20 10:36:50.687069,12796.0,13821.0,26727.0
2025-06-20 10:36:50.726315,12795.0,13821.0,26727.0
2025-06-20 10:36:51.657185,12795.0,13821.0,26727.0
2025-06-20 10:36:52.706280,12796.0,13821.0,26727.0
2025-06-20 10:36:53.225089,12796.0,13821.0,26727.0
2025-06-20 10:36:54.507264,12796.0,13821.0,26727.0
2025-06-20 10:36:55.745655,12796.0,13821.0,26727.0
2025-06-20 10:36:55.804204,12796.0,13876.0,26770.0
2025-06-20 10:36:56.704990,12796.0,13876.0,26770.0
2025-06-20 10:36:57.385662,12796.0,13876.0,26770.0
2025-06-20 10:36:58.708645,12796.0,13876.0,26770.0
2025-06-20 10:37:00.704630,12791.0,13876.0,26770.0
2025-06-20 10:37:01.513168,12791.0,13893.0,26903.0
2025-06-20 10:37:02.705279,12793.0,13893.0,26903.0
2025-06-20 10:37:04.711211,12793.0,13893.0,26903.0
2025-06-20 10:37:06.723981,12793.0,13893.0,26903.0
2025-06-20 10:37:07.611219,12793.0,14013.0,26914.0
2025-06-20 10:37:08.706940,12794.0,14013.0,26914.0
2025-06-20 10:37:12.715573,12794.0,14013.0,26914.0
2025-06-20 10:37:13.518829,12793.0,13934.0,27193.0
2025-06-20 10:37:14.707739,12793.0,13934.0,27193.0
2025-06-20 10:37:16.714769,12793.0,13934.0,27193.0
2025-06-20 10:37:19.124880,12793.0,13844.0,27040.0
2025-06-20 10:37:19.715800,12793.0,13844.0,27040.0
2025-06-20 10:37:22.714335,12793.0,13844.0,27040.0
2025-06-20 10:37:24.819748,12792.0,13862.0,26634.0
2025-06-20 10:37:25.707920,12792.0,13862.0,26634.0
2025-06-20 10:37:28.761657,12792.0,13862.0,26634.0
2025-06-20 10:37:30.326706,12792.0,13797.0,26741.0
2025-06-20 10:37:31.710041,12792.0,13797.0,26741.0
2025-06-20 10:37:34.717837,12792.0,13797.0,26741.0
2025-06-20 10:37:35.828456,12791.0,13799.0,26758.0
2025-06-20 10:37:37.732100,12791.0,13799.0,26758.0
2025-06-20 10:37:40.716124,12791.0,13799.0,26758.0
2025-06-20 10:37:41.536109,12792.0,13800.0,26736.0
2025-06-20 10:37:43.744966,12792.0,13800.0,26736.0
2025-06-20 10:37:46.717153,12791.0,13800.0,26736.0
2025-06-20 10:37:47.240352,12791.0,13773.0,26796.0
2025-06-20 10:37:52.758077,12792.0,13773.0,26796.0
2025-06-20 10:37:52.840061,12792.0,13716.0,26887.0
2025-06-20 10:37:55.710582,12792.0,13716.0,26887.0
2025-06-20 10:37:58.542713,12791.0,13633.0,26905.0
2025-06-20 10:37:58.714347,12791.0,13633.0,26905.0
2025-06-20 10:38:04.131815,12791.0,13627.0,26890.0
2025-06-20 10:38:07.715162,12791.0,13627.0,26890.0
2025-06-20 10:38:09.854919,12791.0,13653.0,26919.0
2025-06-20 10:38:11.762808,12792.0,13653.0,26919.0
2025-06-20 10:38:15.358629,12791.0,13688.0,26811.0
2025-06-20 10:38:15.728496,12791.0,13688.0,26811.0
2025-06-20 10:38:17.711858,12792.0,13688.0,26811.0
2025-06-20 10:38:19.718452,12791.0,13688.0,26811.0
2025-06-20 10:38:20.974132,12791.0,13688.0,26788.0
2025-06-20 10:38:21.713373,12791.0,13688.0,26788.0
2025-06-20 10:38:23.721234,12791.0,13688.0,26788.0
2025-06-20 10:38:26.482176,12792.0,13699.0,26732.0
2025-06-20 10:38:27.711211,12792.0,13699.0,26732.0
2025-06-20 10:38:29.715450,12791.0,13699.0,26732.0
2025-06-20 10:38:31.777171,12791.0,13699.0,26732.0
2025-06-20 10:38:31.873236,12791.0,13721.0,26746.0
2025-06-20 10:38:35.720029,12791.0,13721.0,26746.0
2025-06-20 10:38:37.513599,12791.0,13734.0,26819.0
2025-06-20 10:38:41.721668,12792.0,13734.0,26819.0
2025-06-20 10:38:43.283116,12792.0,13730.0,26834.0
2025-06-20 10:38:45.717223,12791.0,13730.0,26834.0
2025-06-20 10:38:47.735143,12792.0,13730.0,26834.0
2025-06-20 10:38:48.886119,12791.0,13693.0,26855.0
2025-06-20 10:38:49.718581,12791.0,13693.0,26855.0
2025-06-20 10:38:51.715622,12791.0,13693.0,26855.0
2025-06-20 10:38:53.717361,12791.0,13693.0,26855.0
2025-06-20 10:38:54.393317,12791.0,13605.0,27021.0
2025-06-20 10:38:55.714774,12791.0,13605.0,27021.0
2025-06-20 10:38:57.760773,12792.0,13605.0,27021.0
2025-06-20 10:38:59.792037,12792.0,13679.0,27000.0
2025-06-20 10:39:01.754369,12792.0,13679.0,27000.0
2025-06-20 10:39:03.749173,12792.0,13679.0,27000.0
2025-06-20 10:39:05.539954,12791.0,13635.0,27006.0
2025-06-20 10:39:05.743781,12790.0,13635.0,27006.0
2025-06-20 10:39:11.306141,12791.0,13692.0,27041.0
2025-06-20 10:39:11.726210,12791.0,13692.0,27041.0
2025-06-20 10:39:13.744368,12791.0,13692.0,27041.0
2025-06-20 10:39:16.821984,12791.0,13687.0,26988.0
2025-06-20 10:39:17.723255,12791.0,13687.0,26988.0
2025-06-20 10:39:19.716824,12791.0,13687.0,26988.0
2025-06-20 10:39:21.719054,12791.0,13687.0,26988.0
2025-06-20 10:39:22.322098,12791.0,13685.0,27029.0
2025-06-20 10:39:23.717365,12790.0,13685.0,27029.0
2025-06-20 10:39:25.720946,12791.0,13685.0,27029.0
2025-06-20 10:39:27.937945,12791.0,13679.0,26945.0
2025-06-20 10:39:31.731965,12791.0,13679.0,26945.0
2025-06-20 10:39:34.071567,12791.0,13711.0,27021.0
2025-06-20 10:39:35.723010,12790.0,13711.0,27021.0
2025-06-20 10:39:37.721374,12791.0,13711.0,27021.0
2025-06-20 10:39:39.729117,12790.0,13711.0,27021.0
2025-06-20 10:39:40.130401,12790.0,13657.0,27092.0
2025-06-20 10:39:41.723936,12789.0,13657.0,27092.0
2025-06-20 10:39:43.727765,12790.0,13657.0,27092.0
2025-06-20 10:39:44.637031,12790.0,13657.0,27092.0
2025-06-20 10:39:45.028469,12790.0,13657.0,27092.0
2025-06-20 10:39:46.051357,12790.0,13657.0,27092.0
2025-06-20 10:39:46.392723,12790.0,13586.0,27158.0
2025-06-20 10:39:46.944274,12790.0,13586.0,27158.0
2025-06-20 10:39:47.426030,12790.0,13586.0,27158.0
2025-06-20 10:39:48.449708,12790.0,13586.0,27158.0
2025-06-20 10:39:49.820482,12790.0,13586.0,27158.0
2025-06-20 10:39:51.242213,12790.0,13586.0,27158.0
2025-06-20 10:39:51.720221,12790.0,13586.0,27158.0
2025-06-20 10:39:52.146734,12790.0,13586.0,27158.0
2025-06-20 10:39:52.237016,12790.0,13620.0,27063.0
2025-06-20 10:39:53.826583,12790.0,13620.0,27063.0
2025-06-20 10:39:53.844765,12790.0,13620.0,27063.0
2025-06-20 10:39:55.035838,12790.0,13620.0,27063.0
2025-06-20 10:39:56.229784,12790.0,13620.0,27063.0
2025-06-20 10:39:57.757634,12790.0,13620.0,27063.0
2025-06-20 10:39:57.879677,12790.0,13620.0,27063.0
2025-06-20 10:39:58.142761,12790.0,13633.0,27025.0
2025-06-20 10:40:03.731038,12791.0,13633.0,27025.0
2025-06-20 10:40:03.948484,12791.0,13697.0,26957.0
2025-06-20 10:40:05.725301,12790.0,13697.0,26957.0
2025-06-20 10:40:07.731686,12790.0,13697.0,26957.0
2025-06-20 10:40:09.729262,12790.0,13697.0,26957.0
2025-06-20 10:40:09.961302,12790.0,13595.0,26984.0
2025-06-20 10:40:11.729854,12790.0,13595.0,26984.0
2025-06-20 10:40:14.779323,12790.0,13595.0,26984.0
2025-06-20 10:40:16.064378,12790.0,13674.0,26960.0
2025-06-20 10:40:17.726695,12790.0,13674.0,26960.0
2025-06-20 10:40:20.747197,12789.0,13674.0,26960.0
2025-06-20 10:40:21.973834,12789.0,13625.0,26998.0
2025-06-20 10:40:26.826336,12789.0,13625.0,26998.0
2025-06-20 10:40:27.773571,12789.0,13609.0,27027.0
2025-06-20 10:40:28.740365,12790.0,13609.0,27027.0
2025-06-20 10:40:30.759089,12789.0,13609.0,27027.0
2025-06-20 10:40:33.707961,12789.0,13639.0,27038.0
2025-06-20 10:40:36.804530,12789.0,13639.0,27038.0
2025-06-20 10:40:38.793489,12789.0,13618.0,27086.0
2025-06-20 10:40:40.741460,12789.0,13618.0,27086.0
2025-06-20 10:40:44.530797,12789.0,13617.0,27035.0
2025-06-20 10:40:48.739769,12789.0,13617.0,27035.0
2025-06-20 10:40:50.182582,12790.0,13614.0,27020.0
2025-06-20 10:40:50.733999,12789.0,13614.0,27020.0
2025-06-20 10:40:54.733069,12787.0,13614.0,27020.0
2025-06-20 10:40:56.040297,12789.0,13612.0,27074.0
2025-06-20 10:40:57.726315,12789.0,13612.0,27074.0
2025-06-20 10:40:59.743888,12787.0,13612.0,27074.0
2025-06-20 10:41:01.695704,12787.0,13640.0,26990.0
2025-06-20 10:41:03.736635,12787.0,13640.0,26990.0
2025-06-20 10:41:07.729860,12788.0,13640.0,26990.0
2025-06-20 10:41:08.006428,12788.0,13628.0,26985.0
2025-06-20 10:41:12.741997,12789.0,13628.0,26985.0
2025-06-20 10:41:14.100157,12789.0,13625.0,26918.0
2025-06-20 10:41:18.756520,12789.0,13625.0,26918.0
2025-06-20 10:41:20.103182,12788.0,13596.0,26902.0
2025-06-20 10:41:21.745590,12786.0,13596.0,26902.0
2025-06-20 10:41:24.820135,12785.0,13596.0,26902.0
2025-06-20 10:41:25.706988,12787.0,13551.0,26950.0
2025-06-20 10:41:27.751639,12787.0,13551.0,26950.0
2025-06-20 10:41:31.731979,12787.0,13551.0,26950.0
2025-06-20 10:41:31.929821,12787.0,13611.0,27013.0
2025-06-20 10:41:35.763014,12786.0,13611.0,27013.0
2025-06-20 10:41:38.225229,12787.0,13555.0,27082.0
2025-06-20 10:41:38.838754,12787.0,13555.0,27082.0
2025-06-20 10:41:41.749004,12787.0,13555.0,27082.0
2025-06-20 10:41:44.456795,12787.0,13555.0,27111.0
2025-06-20 10:41:46.739355,12788.0,13555.0,27111.0
2025-06-20 10:41:48.776171,12787.0,13555.0,27111.0
2025-06-20 10:41:50.122267,12787.0,13568.0,27175.0
2025-06-20 10:41:50.766261,12787.0,13568.0,27175.0
2025-06-20 10:41:55.438969,12787.0,13566.0,27149.0
2025-06-20 10:41:56.767120,12786.0,13566.0,27149.0
2025-06-20 10:41:58.738750,12787.0,13566.0,27149.0
2025-06-20 10:42:00.541056,12787.0,13497.0,27254.0
2025-06-20 10:42:02.758111,12786.0,13497.0,27254.0
2025-06-20 10:42:05.831962,12784.0,13473.0,27291.0
2025-06-20 10:42:06.757439,12784.0,13473.0,27291.0
2025-06-20 10:42:08.733553,12785.0,13473.0,27291.0
2025-06-20 10:42:11.476204,12785.0,13401.0,27346.0
2025-06-20 10:42:12.757999,12784.0,13401.0,27346.0
2025-06-20 10:42:16.741020,12782.0,13401.0,27346.0
2025-06-20 10:42:16.946909,12782.0,13374.0,27458.0
2025-06-20 10:42:18.738123,12784.0,13374.0,27458.0
2025-06-20 10:42:20.733529,12782.0,13374.0,27458.0
2025-06-20 10:42:22.845085,12782.0,13413.0,27379.0
2025-06-20 10:42:24.730833,12782.0,13413.0,27379.0
2025-06-20 10:42:28.556477,12782.0,13349.0,27457.0
2025-06-20 10:42:28.738627,12782.0,13349.0,27457.0
2025-06-20 10:42:30.998360,12782.0,13349.0,27457.0
2025-06-20 10:42:32.782541,12782.0,13349.0,27457.0
2025-06-20 10:42:34.552815,12782.0,13357.0,27474.0
2025-06-20 10:42:36.752551,12780.0,13357.0,27474.0
2025-06-20 10:42:38.788547,12782.0,13357.0,27474.0
2025-06-20 10:42:40.255171,12782.0,13212.0,27404.0
2025-06-20 10:42:40.777010,12781.0,13212.0,27404.0
2025-06-20 10:42:43.776758,12780.0,13212.0,27404.0
2025-06-20 10:42:45.031197,12780.0,13212.0,27404.0
2025-06-20 10:42:46.123057,12780.0,13212.0,27404.0
2025-06-20 10:42:46.168078,12781.0,13235.0,27333.0
2025-06-20 10:42:46.444349,12781.0,13235.0,27333.0
2025-06-20 10:42:46.803855,12780.0,13235.0,27333.0
2025-06-20 10:42:47.484966,12780.0,13235.0,27333.0
2025-06-20 10:42:48.062630,12780.0,13235.0,27333.0
2025-06-20 10:42:49.091453,12780.0,13235.0,27333.0
2025-06-20 10:42:49.783765,12782.0,13235.0,27333.0
2025-06-20 10:42:50.467750,12782.0,13235.0,27333.0
2025-06-20 10:42:51.761910,12782.0,13235.0,27333.0
2025-06-20 10:42:51.836942,12782.0,13235.0,27333.0
2025-06-20 10:42:52.068603,12782.0,13180.0,27392.0
2025-06-20 10:42:52.889388,12782.0,13180.0,27392.0
2025-06-20 10:42:54.361144,12782.0,13180.0,27392.0
2025-06-20 10:42:55.630839,12782.0,13180.0,27392.0
2025-06-20 10:42:56.888238,12782.0,13180.0,27392.0
2025-06-20 10:42:57.670136,12783.0,13228.0,27309.0
2025-06-20 10:42:57.746832,12783.0,13228.0,27309.0
2025-06-20 10:42:58.579596,12783.0,13228.0,27309.0
2025-06-20 10:43:01.283558,12783.0,13279.0,27306.0
2025-06-20 10:43:01.741083,12783.0,13279.0,27306.0
2025-06-20 10:43:02.264057,12783.0,13280.0,27266.0
2025-06-20 10:43:02.747911,12783.0,13280.0,27266.0
2025-06-20 10:43:03.363842,12783.0,13311.0,27270.0
2025-06-20 10:43:03.736407,12782.0,13311.0,27270.0
2025-06-20 10:43:04.475437,12783.0,13278.0,27296.0
2025-06-20 10:43:04.730119,12783.0,13278.0,27296.0
2025-06-20 10:43:05.568252,12783.0,13279.0,27298.0
2025-06-20 10:43:05.743135,12782.0,13279.0,27298.0
2025-06-20 10:43:06.565931,12782.0,13272.0,27300.0
2025-06-20 10:43:06.734489,12783.0,13272.0,27300.0
2025-06-20 10:43:07.665720,12783.0,13228.0,27253.0
2025-06-20 10:43:08.780177,12783.0,13226.0,27277.0
2025-06-20 10:43:09.733272,12782.0,13226.0,27277.0
2025-06-20 10:43:09.868963,12782.0,13217.0,27304.0
2025-06-20 10:43:10.865367,12782.0,13216.0,27307.0
2025-06-20 10:43:11.864837,12782.0,13236.0,27246.0
2025-06-20 10:43:12.734232,12783.0,13236.0,27246.0
2025-06-20 10:43:12.866859,12783.0,13236.0,27281.0
2025-06-20 10:43:13.748311,12782.0,13236.0,27281.0
2025-06-20 10:43:13.968980,12782.0,13216.0,27228.0
2025-06-20 10:43:14.971726,12782.0,13216.0,27249.0
2025-06-20 10:43:16.069746,12784.0,13501.0,26833.0
2025-06-20 10:43:16.742545,12784.0,13501.0,26833.0
2025-06-20 10:43:17.075783,12784.0,13483.0,26833.0
2025-06-20 10:43:17.970366,12784.0,13480.0,26832.0
2025-06-20 10:43:19.075437,12784.0,13471.0,26836.0
2025-06-20 10:43:20.171950,12785.0,13298.0,26955.0
2025-06-20 10:43:20.737810,12785.0,13298.0,26955.0
2025-06-20 10:43:21.272221,12785.0,13288.0,27023.0
2025-06-20 10:43:22.378525,12790.0,13404.0,26905.0
2025-06-20 10:43:22.736793,12790.0,13404.0,26905.0
2025-06-20 10:43:23.481715,12790.0,13441.0,26911.0
2025-06-20 10:43:24.484201,12790.0,13424.0,26867.0
2025-06-20 10:43:25.583072,12786.0,13350.0,26979.0
2025-06-20 10:43:25.731933,12786.0,13350.0,26979.0
2025-06-20 10:43:26.678355,12786.0,13338.0,26981.0
2025-06-20 10:43:27.827381,12786.0,13304.0,26983.0
2025-06-20 10:43:28.684631,12788.0,13348.0,26900.0
2025-06-20 10:43:28.735911,12788.0,13348.0,26900.0
2025-06-20 10:43:29.741936,12787.0,13348.0,26900.0
2025-06-20 10:43:29.797063,12786.0,13204.0,27142.0
2025-06-20 10:43:30.740002,12786.0,13204.0,27142.0
2025-06-20 10:43:30.891549,12786.0,13265.0,27232.0
2025-06-20 10:43:31.733989,12786.0,13265.0,27232.0
2025-06-20 10:43:31.992328,12786.0,13281.0,27084.0
2025-06-20 10:43:32.746636,12786.0,13281.0,27084.0
2025-06-20 10:43:33.082623,12786.0,13294.0,27029.0
2025-06-20 10:43:34.096217,12786.0,13280.0,27021.0
2025-06-20 10:43:34.739131,12785.0,13280.0,27021.0
2025-06-20 10:43:34.997178,12785.0,13279.0,27008.0
2025-06-20 10:43:35.746020,12785.0,13279.0,27008.0
2025-06-20 10:43:36.085271,12785.0,13287.0,26960.0
2025-06-20 10:43:37.186506,12785.0,13290.0,27001.0
2025-06-20 10:43:37.738072,12785.0,13290.0,27001.0
2025-06-20 10:43:38.289780,12785.0,13297.0,27005.0
2025-06-20 10:43:39.388338,12785.0,13308.0,27001.0
2025-06-20 10:43:40.501660,12785.0,13316.0,26951.0
2025-06-20 10:43:41.709965,12785.0,13301.0,26986.0
2025-06-20 10:43:42.688839,12785.0,13303.0,27019.0
2025-06-20 10:43:43.796371,12785.0,13303.0,27007.0
2025-06-20 10:43:44.890691,12785.0,13314.0,27006.0
2025-06-20 10:43:46.002958,12785.0,13309.0,26967.0
2025-06-20 10:43:47.089923,12785.0,13310.0,26981.0
2025-06-20 10:43:48.193928,12785.0,13310.0,26981.0
2025-06-20 10:43:48.749820,12786.0,13310.0,26981.0
2025-06-20 10:43:49.292147,12786.0,13305.0,26979.0
2025-06-20 10:43:50.295477,12786.0,13307.0,26978.0
2025-06-20 10:43:50.750423,12785.0,13307.0,26978.0
2025-06-20 10:43:51.395172,12785.0,13303.0,26978.0
2025-06-20 10:43:52.595230,12785.0,13303.0,26979.0
2025-06-20 10:43:53.590816,12785.0,13303.0,26980.0
2025-06-20 10:43:54.596861,12785.0,13301.0,26983.0
2025-06-20 10:43:54.749361,12785.0,13301.0,26983.0
2025-06-20 10:43:55.741397,12785.0,13301.0,26958.0
2025-06-20 10:43:56.701932,12786.0,13297.0,26957.0
2025-06-20 10:43:56.746357,12786.0,13297.0,26957.0
2025-06-20 10:43:57.807820,12786.0,13298.0,26958.0
2025-06-20 10:43:58.916697,12786.0,13298.0,26958.0
2025-06-20 10:44:00.229152,12786.0,13288.0,26927.0
2025-06-20 10:44:03.756594,12784.0,13288.0,26927.0
2025-06-20 10:44:03.949540,12784.0,13249.0,27085.0
2025-06-20 10:44:05.771702,12784.0,13249.0,27085.0
2025-06-20 10:44:09.308358,12784.0,13289.0,27051.0
2025-06-20 10:44:11.758551,12784.0,13289.0,27051.0
2025-06-20 10:44:15.040583,12784.0,13306.0,27098.0
2025-06-20 10:44:17.796087,12784.0,13306.0,27098.0
2025-06-20 10:44:19.792713,12784.0,13306.0,27098.0
2025-06-20 10:44:20.615591,12784.0,13282.0,27043.0
2025-06-20 10:44:21.759830,12784.0,13282.0,27043.0
2025-06-20 10:44:23.783350,12785.0,13282.0,27043.0
2025-06-20 10:44:25.761508,12785.0,13282.0,27043.0
2025-06-20 10:44:26.217640,12785.0,13267.0,27090.0
2025-06-20 10:44:29.763861,12784.0,13267.0,27090.0
2025-06-20 10:44:31.756239,12784.0,13267.0,27090.0
2025-06-20 10:44:31.935659,12784.0,13273.0,27078.0
2025-06-20 10:44:35.765427,12784.0,13273.0,27078.0
2025-06-20 10:44:37.327767,12783.0,13196.0,27243.0
2025-06-20 10:44:37.768159,12783.0,13196.0,27243.0
2025-06-20 10:44:39.763979,12785.0,13196.0,27243.0
2025-06-20 10:44:41.749467,12782.0,13196.0,27243.0
2025-06-20 10:44:42.829674,12782.0,13353.0,27139.0
2025-06-20 10:44:45.803300,12782.0,13353.0,27139.0
2025-06-20 10:44:47.805594,12782.0,13353.0,27139.0
2025-06-20 10:44:48.236314,12782.0,13278.0,27297.0
2025-06-20 10:44:53.450065,12782.0,13284.0,27247.0
2025-06-20 10:44:53.770556,12782.0,13284.0,27247.0
2025-06-20 10:44:57.767871,12783.0,13284.0,27247.0
2025-06-20 10:44:58.580869,12782.0,13304.0,27274.0
2025-06-20 10:44:59.772536,12782.0,13304.0,27274.0
2025-06-20 10:45:01.769141,12783.0,13304.0,27274.0
2025-06-20 10:45:04.082342,12781.0,13283.0,27284.0
2025-06-20 10:45:04.753907,12782.0,13283.0,27284.0
2025-06-20 10:45:07.775125,12782.0,13283.0,27284.0
2025-06-20 10:45:09.457038,12782.0,13290.0,27313.0
2025-06-20 10:45:13.755483,12782.0,13290.0,27313.0
2025-06-20 10:45:14.786980,12782.0,13236.0,27350.0
2025-06-20 10:45:19.767334,12781.0,13236.0,27350.0
2025-06-20 10:45:20.569331,12781.0,13186.0,27381.0
2025-06-20 10:45:22.764220,12781.0,13186.0,27381.0
2025-06-20 10:45:26.303635,12781.0,13302.0,27362.0
2025-06-20 10:45:31.276608,12781.0,13300.0,27401.0
2025-06-20 10:45:31.753410,12781.0,13300.0,27401.0
2025-06-20 10:45:33.757379,12781.0,13300.0,27401.0
2025-06-20 10:45:35.765915,12781.0,13300.0,27401.0
2025-06-20 10:45:36.369653,12779.0,13274.0,27450.0
2025-06-20 10:45:37.769566,12782.0,13274.0,27450.0
2025-06-20 10:45:39.761703,12782.0,13274.0,27450.0
2025-06-20 10:45:41.977558,12782.0,13419.0,27352.0
2025-06-20 10:45:45.449272,12782.0,13419.0,27352.0
2025-06-20 10:45:45.767089,12781.0,13419.0,27352.0
2025-06-20 10:45:45.823866,12781.0,13419.0,27352.0
2025-06-20 10:45:46.165029,12781.0,13419.0,27352.0
2025-06-20 10:45:47.171842,12781.0,13419.0,27352.0
2025-06-20 10:45:47.379274,12780.0,13354.0,27433.0
2025-06-20 10:45:47.590434,12780.0,13354.0,27433.0
2025-06-20 10:45:47.759573,12780.0,13354.0,27433.0
2025-06-20 10:45:48.247409,12780.0,13354.0,27433.0
2025-06-20 10:45:49.297943,12780.0,13354.0,27433.0
2025-06-20 10:45:49.744367,12780.0,13354.0,27433.0
2025-06-20 10:45:50.683869,12780.0,13354.0,27433.0
2025-06-20 10:45:51.757966,12780.0,13354.0,27433.0
2025-06-20 10:45:52.055998,12780.0,13354.0,27433.0
2025-06-20 10:45:52.799817,12780.0,13333.0,27385.0
2025-06-20 10:45:53.044540,12780.0,13333.0,27385.0
2025-06-20 10:45:53.751631,12779.0,13333.0,27385.0
2025-06-20 10:45:54.632411,12779.0,13333.0,27385.0
2025-06-20 10:45:55.752305,12780.0,13333.0,27385.0
2025-06-20 10:45:55.872532,12780.0,13333.0,27385.0
2025-06-20 10:45:57.152481,12780.0,13333.0,27385.0
2025-06-20 10:45:58.600572,12780.0,13479.0,27317.0
2025-06-20 10:45:58.822503,12780.0,13479.0,27317.0
2025-06-20 10:46:01.387942,12780.0,13503.0,27314.0
2025-06-20 10:46:01.746029,12780.0,13503.0,27314.0
2025-06-20 10:46:02.285771,12780.0,13489.0,27248.0
2025-06-20 10:46:03.291406,12780.0,13491.0,27315.0
2025-06-20 10:46:04.389857,12780.0,13345.0,27424.0
2025-06-20 10:46:05.490292,12780.0,13346.0,27423.0
2025-06-20 10:46:05.750824,12779.0,13346.0,27423.0
2025-06-20 10:46:06.598080,12780.0,13351.0,27418.0
2025-06-20 10:46:06.747622,12780.0,13351.0,27418.0
2025-06-20 10:46:07.599850,12780.0,13302.0,27420.0
2025-06-20 10:46:08.696946,12780.0,13305.0,27460.0
2025-06-20 10:46:09.753870,12780.0,13305.0,27460.0
2025-06-20 10:46:09.802753,12780.0,13322.0,27443.0
2025-06-20 10:46:10.746411,12779.0,13322.0,27443.0
2025-06-20 10:46:10.799467,12779.0,13324.0,27441.0
2025-06-20 10:46:11.894182,12779.0,13338.0,27404.0
2025-06-20 10:46:12.895131,12779.0,13333.0,27409.0
2025-06-20 10:46:14.093386,12779.0,13364.0,27428.0
2025-06-20 10:46:15.197969,12779.0,13317.0,27421.0
2025-06-20 10:46:16.212286,12779.0,13317.0,27424.0
2025-06-20 10:46:17.202939,12779.0,13317.0,27424.0
2025-06-20 10:46:18.100832,12779.0,13317.0,27452.0
2025-06-20 10:46:19.297539,12779.0,13318.0,27454.0
2025-06-20 10:46:19.755794,12780.0,13318.0,27454.0
2025-06-20 10:46:20.300604,12780.0,13319.0,27475.0
2025-06-20 10:46:20.749135,12779.0,13319.0,27475.0
2025-06-20 10:46:21.403855,12779.0,13262.0,27472.0
2025-06-20 10:46:22.408199,12779.0,13263.0,27512.0
2025-06-20 10:46:23.304426,12779.0,13303.0,27513.0
2025-06-20 10:46:24.217988,12780.0,13320.0,27427.0
2025-06-20 10:46:24.766830,12780.0,13320.0,27427.0
2025-06-20 10:46:25.227447,12780.0,13315.0,27432.0
2025-06-20 10:46:26.225274,12780.0,13321.0,27469.0
2025-06-20 10:46:26.752213,12780.0,13321.0,27469.0
2025-06-20 10:46:27.215451,12780.0,13324.0,27518.0
2025-06-20 10:46:27.757113,12779.0,13324.0,27518.0
2025-06-20 10:46:28.305063,12779.0,13310.0,27500.0
2025-06-20 10:46:29.221489,12779.0,13316.0,27504.0
2025-06-20 10:46:30.111196,12779.0,13315.0,27484.0
2025-06-20 10:46:30.751552,12780.0,13315.0,27484.0
2025-06-20 10:46:31.211599,12780.0,13312.0,27480.0
2025-06-20 10:46:32.308564,12780.0,13315.0,27529.0
2025-06-20 10:46:32.754400,12780.0,13315.0,27529.0
2025-06-20 10:46:33.426036,12780.0,13332.0,27519.0
2025-06-20 10:46:33.747291,12779.0,13332.0,27519.0
2025-06-20 10:46:34.781570,12779.0,13309.0,27464.0
2025-06-20 10:46:35.609826,12779.0,13311.0,27510.0
2025-06-20 10:46:35.759579,12779.0,13311.0,27510.0
2025-06-20 10:46:36.709662,12780.0,13307.0,27524.0
2025-06-20 10:46:36.751485,12780.0,13307.0,27524.0
2025-06-20 10:46:37.711778,12780.0,13314.0,27516.0
2025-06-20 10:46:38.710803,12780.0,13328.0,27533.0
2025-06-20 10:46:39.616191,12780.0,13336.0,27532.0
2025-06-20 10:46:39.744544,12780.0,13336.0,27532.0
2025-06-20 10:46:40.550771,12780.0,13336.0,27533.0
2025-06-20 10:46:41.554867,12780.0,13333.0,27501.0
2025-06-20 10:46:42.532908,12780.0,13333.0,27532.0
2025-06-20 10:46:43.619854,12780.0,13333.0,27533.0
2025-06-20 10:46:44.621065,12779.0,13251.0,27576.0
2025-06-20 10:46:44.749434,12779.0,13251.0,27576.0
2025-06-20 10:46:45.627963,12779.0,13266.0,27417.0
2025-06-20 10:46:46.622574,12780.0,13313.0,27419.0
2025-06-20 10:46:46.758264,12780.0,13313.0,27419.0
2025-06-20 10:46:47.717819,12780.0,13295.0,27430.0
2025-06-20 10:46:48.622392,12780.0,13295.0,27430.0
2025-06-20 10:46:49.719955,12780.0,13343.0,27505.0
2025-06-20 10:46:49.756805,12780.0,13343.0,27505.0
2025-06-20 10:46:50.719515,12779.0,13323.0,27643.0
2025-06-20 10:46:50.748114,12779.0,13323.0,27643.0
2025-06-20 10:46:51.621316,12779.0,13318.0,27645.0
2025-06-20 10:46:52.619664,12780.0,13321.0,27642.0
2025-06-20 10:46:52.756983,12780.0,13321.0,27642.0
2025-06-20 10:46:53.627079,12780.0,13284.0,27641.0
2025-06-20 10:46:54.561077,12780.0,13391.0,27418.0
2025-06-20 10:46:54.746135,12780.0,13391.0,27418.0
2025-06-20 10:46:55.556583,12780.0,13396.0,27425.0
2025-06-20 10:46:56.454815,12780.0,13396.0,27425.0
2025-06-20 10:46:56.761416,12780.0,13396.0,27425.0
2025-06-20 10:46:57.462868,12780.0,13396.0,27500.0
2025-06-20 10:46:57.757578,12781.0,13396.0,27500.0
2025-06-20 10:46:58.442593,12781.0,13437.0,27277.0
2025-06-20 10:46:58.802364,12781.0,13437.0,27277.0
2025-06-20 10:46:59.442066,12781.0,13535.0,27238.0
2025-06-20 10:46:59.755909,12781.0,13535.0,27238.0
2025-06-20 10:47:00.756555,12780.0,13535.0,27238.0
2025-06-20 10:47:02.761972,12783.0,13535.0,27238.0
2025-06-20 10:47:03.543949,12783.0,13457.0,27136.0
2025-06-20 10:47:04.770907,12783.0,13457.0,27136.0
2025-06-20 10:47:06.761075,12784.0,13457.0,27136.0
2025-06-20 10:47:08.756306,12782.0,13457.0,27136.0
2025-06-20 10:47:08.941235,12782.0,13475.0,27040.0
2025-06-20 10:47:10.754269,12784.0,13475.0,27040.0
2025-06-20 10:47:12.762867,12785.0,13475.0,27040.0
2025-06-20 10:47:14.242815,12784.0,13594.0,26943.0
2025-06-20 10:47:14.783415,12784.0,13594.0,26943.0
2025-06-20 10:47:16.777237,12784.0,13594.0,26943.0
2025-06-20 10:47:18.795181,12783.0,13594.0,26943.0
2025-06-20 10:47:19.641352,12782.0,13386.0,27072.0
2025-06-20 10:47:20.779092,12783.0,13386.0,27072.0
2025-06-20 10:47:23.762269,12783.0,13386.0,27072.0
2025-06-20 10:47:25.857576,12783.0,13399.0,27180.0
2025-06-20 10:47:26.756161,12783.0,13399.0,27180.0
2025-06-20 10:47:29.785553,12783.0,13399.0,27180.0
2025-06-20 10:47:31.847257,12783.0,13437.0,27185.0
2025-06-20 10:47:32.762690,12783.0,13437.0,27185.0
2025-06-20 10:47:35.759592,12782.0,13437.0,27185.0
2025-06-20 10:47:37.356138,12782.0,13434.0,27188.0
2025-06-20 10:47:42.660279,12782.0,13523.0,27229.0
2025-06-20 10:47:44.796275,12779.0,13523.0,27229.0
2025-06-20 10:47:46.763399,12782.0,13523.0,27229.0
2025-06-20 10:47:48.073573,12782.0,13350.0,27238.0
2025-06-20 10:47:50.758800,12783.0,13350.0,27238.0
2025-06-20 10:47:52.760684,12782.0,13350.0,27238.0
2025-06-20 10:47:53.666008,12782.0,13419.0,27200.0
2025-06-20 10:47:56.800846,12783.0,13419.0,27200.0
2025-06-20 10:47:59.471963,12783.0,13452.0,27132.0
2025-06-20 10:48:01.268862,12783.0,13457.0,27091.0
2025-06-20 10:48:02.169186,12783.0,13467.0,27168.0
2025-06-20 10:48:03.080549,12783.0,13482.0,27125.0
2025-06-20 10:48:04.169124,12783.0,13474.0,27191.0
2025-06-20 10:48:05.170404,12783.0,13416.0,27187.0
2025-06-20 10:48:05.784227,12782.0,13416.0,27187.0
2025-06-20 10:48:06.169443,12782.0,13395.0,27208.0
2025-06-20 10:48:07.080117,12782.0,13447.0,27205.0
2025-06-20 10:48:07.971106,12782.0,13450.0,27179.0
2025-06-20 10:48:08.775904,12782.0,13450.0,27179.0
2025-06-20 10:48:08.870951,12782.0,13449.0,27180.0
2025-06-20 10:48:09.764880,12782.0,13449.0,27180.0
2025-06-20 10:48:09.871479,12782.0,13450.0,27145.0
2025-06-20 10:48:10.872984,12783.0,13458.0,27100.0
2025-06-20 10:48:11.761652,12783.0,13458.0,27100.0
2025-06-20 10:48:11.873989,12783.0,13486.0,26981.0
2025-06-20 10:48:12.809681,12783.0,13481.0,27050.0
2025-06-20 10:48:13.874969,12783.0,13476.0,27050.0
2025-06-20 10:48:14.758722,12785.0,13476.0,27050.0
2025-06-20 10:48:14.974327,12785.0,13512.0,27061.0
2025-06-20 10:48:15.764711,12785.0,13512.0,27061.0
2025-06-20 10:48:16.080486,12785.0,13525.0,27031.0
2025-06-20 10:48:16.756796,12785.0,13525.0,27031.0
2025-06-20 10:48:17.174380,12785.0,13502.0,27066.0
2025-06-20 10:48:18.277579,12785.0,13458.0,27057.0
2025-06-20 10:48:19.376558,12785.0,13467.0,27066.0
2025-06-20 10:48:19.761639,12785.0,13467.0,27066.0
2025-06-20 10:48:20.377367,12785.0,13476.0,27060.0
2025-06-20 10:48:20.757615,12783.0,13476.0,27060.0
2025-06-20 10:48:21.491586,12783.0,13430.0,27032.0
2025-06-20 10:48:22.712000,12783.0,13460.0,27034.0
2025-06-20 10:48:23.677440,12783.0,13440.0,27032.0
2025-06-20 10:48:24.792323,12783.0,13441.0,27037.0
2025-06-20 10:48:25.878363,12783.0,13494.0,27030.0
2025-06-20 10:48:26.771927,12783.0,13494.0,27030.0
2025-06-20 10:48:26.980574,12783.0,13493.0,26979.0
2025-06-20 10:48:27.887383,12783.0,13485.0,27060.0
2025-06-20 10:48:28.984599,12783.0,13490.0,27079.0
2025-06-20 10:48:29.765872,12785.0,13490.0,27079.0
2025-06-20 10:48:30.099280,12785.0,13439.0,27101.0
2025-06-20 10:48:31.089304,12785.0,13451.0,27141.0
2025-06-20 10:48:32.185002,12785.0,13451.0,27131.0
2025-06-20 10:48:32.771794,12785.0,13451.0,27131.0
2025-06-20 10:48:33.290973,12785.0,13473.0,27132.0
2025-06-20 10:48:34.394015,12785.0,13483.0,27098.0
2025-06-20 10:48:35.527997,12785.0,13512.0,27170.0
2025-06-20 10:48:35.773349,12783.0,13512.0,27170.0
2025-06-20 10:48:36.590304,12783.0,13465.0,27215.0
2025-06-20 10:48:37.688926,12783.0,13462.0,27216.0
2025-06-20 10:48:38.801747,12783.0,13464.0,27208.0
2025-06-20 10:48:39.887764,12783.0,13474.0,27208.0
2025-06-20 10:48:40.989838,12783.0,13468.0,27204.0
2025-06-20 10:48:41.992347,12783.0,13516.0,27190.0
2025-06-20 10:48:42.806973,12784.0,13516.0,27190.0
2025-06-20 10:48:43.107932,12784.0,13461.0,27207.0
2025-06-20 10:48:43.762984,12783.0,13461.0,27207.0
2025-06-20 10:48:44.194174,12783.0,13456.0,27213.0
2025-06-20 10:48:45.298525,12783.0,13450.0,27214.0
2025-06-20 10:48:45.763233,12784.0,13450.0,27214.0
2025-06-20 10:48:45.973305,12784.0,13450.0,27214.0
2025-06-20 10:48:46.350207,12784.0,13450.0,27214.0
2025-06-20 10:48:46.493445,12783.0,13369.0,27283.0
2025-06-20 10:48:46.676340,12783.0,13369.0,27283.0
2025-06-20 10:48:46.778385,12783.0,13369.0,27283.0
2025-06-20 10:48:47.099948,12783.0,13369.0,27283.0
2025-06-20 10:48:47.496092,12783.0,13460.0,27261.0
2025-06-20 10:48:47.688531,12783.0,13460.0,27261.0
2025-06-20 10:48:48.105760,12783.0,13460.0,27261.0
2025-06-20 10:48:48.601764,12783.0,13448.0,27272.0
2025-06-20 10:48:48.847945,12783.0,13448.0,27272.0
2025-06-20 10:48:49.322565,12783.0,13448.0,27272.0
2025-06-20 10:48:49.698294,12783.0,13451.0,27240.0
2025-06-20 10:48:49.880912,12783.0,13451.0,27240.0
2025-06-20 10:48:50.313431,12783.0,13451.0,27240.0
2025-06-20 10:48:50.767511,12783.0,13451.0,27240.0
2025-06-20 10:48:50.809344,12783.0,13447.0,27256.0
2025-06-20 10:48:51.271562,12783.0,13447.0,27256.0
2025-06-20 10:48:51.904907,12783.0,13446.0,27244.0
2025-06-20 10:48:52.619255,12783.0,13446.0,27244.0
2025-06-20 10:48:52.902286,12783.0,13481.0,27170.0
2025-06-20 10:48:53.638011,12783.0,13481.0,27170.0
2025-06-20 10:48:53.769991,12784.0,13481.0,27170.0
2025-06-20 10:48:53.999050,12784.0,13457.0,27281.0
2025-06-20 10:48:55.107948,12784.0,13459.0,27302.0
2025-06-20 10:48:55.166999,12784.0,13459.0,27302.0
2025-06-20 10:48:55.768087,12784.0,13459.0,27302.0
2025-06-20 10:48:56.201199,12784.0,13476.0,27249.0
2025-06-20 10:48:56.503354,12784.0,13476.0,27249.0
2025-06-20 10:48:56.758986,12784.0,13476.0,27249.0
2025-06-20 10:48:57.313202,12784.0,13540.0,27256.0
2025-06-20 10:48:57.706047,12784.0,13540.0,27256.0
2025-06-20 10:48:57.763736,12783.0,13540.0,27256.0
2025-06-20 10:48:58.308785,12783.0,13470.0,27274.0
2025-06-20 10:48:59.326751,12783.0,13470.0,27274.0
2025-06-20 10:48:59.415348,12783.0,13474.0,27259.0
2025-06-20 10:49:00.468910,12783.0,13484.0,27230.0
2025-06-20 10:49:01.708634,12783.0,13488.0,27262.0
2025-06-20 10:49:01.820777,12783.0,13488.0,27262.0
2025-06-20 10:49:02.818658,12783.0,13485.0,27261.0
2025-06-20 10:49:03.814611,12783.0,13497.0,27249.0
2025-06-20 10:49:04.773893,12783.0,13497.0,27249.0
2025-06-20 10:49:04.812387,12783.0,13461.0,27277.0
2025-06-20 10:49:05.755226,12783.0,13461.0,27277.0
2025-06-20 10:49:05.928752,12784.0,13437.0,27175.0
2025-06-20 10:49:06.762682,12784.0,13437.0,27175.0
2025-06-20 10:49:07.018107,12784.0,13536.0,27151.0
2025-06-20 10:49:08.111679,12784.0,13506.0,27095.0
2025-06-20 10:49:09.111698,12784.0,13504.0,27168.0
2025-06-20 10:49:10.120654,12784.0,13508.0,27160.0
2025-06-20 10:49:11.213360,12784.0,13530.0,27065.0
2025-06-20 10:49:11.756213,12785.0,13530.0,27065.0
2025-06-20 10:49:12.318437,12785.0,13518.0,27182.0
2025-06-20 10:49:13.449931,12785.0,13460.0,27208.0
2025-06-20 10:49:13.761871,12785.0,13460.0,27208.0
2025-06-20 10:49:14.454883,12785.0,13496.0,27205.0
2025-06-20 10:49:14.756820,12785.0,13496.0,27205.0
2025-06-20 10:49:15.331760,12785.0,13497.0,27144.0
2025-06-20 10:49:15.760593,12785.0,13497.0,27144.0
2025-06-20 10:49:16.318542,12785.0,13557.0,27123.0
2025-06-20 10:49:17.434100,12785.0,13516.0,27160.0
2025-06-20 10:49:17.770067,12784.0,13516.0,27160.0
2025-06-20 10:49:18.644827,12784.0,13493.0,27152.0
2025-06-20 10:49:18.761380,12784.0,13493.0,27152.0
2025-06-20 10:49:19.554887,12784.0,13485.0,27174.0
2025-06-20 10:49:20.652965,12785.0,13478.0,27161.0
2025-06-20 10:49:20.760628,12784.0,13478.0,27161.0
