timestamp,ltp,bid_qty,ask_qty
2025-06-20 10:10:48.218731,2330.0,88372.0,91056.0
2025-06-20 10:10:48.587292,2330.0,88372.0,91056.0
2025-06-20 10:10:48.964432,2330.0,88576.0,90982.0
2025-06-20 10:10:49.968597,2330.0,88449.0,91026.0
2025-06-20 10:10:50.582441,2330.0,88449.0,91026.0
2025-06-20 10:10:50.966270,2330.0,88428.0,91057.0
2025-06-20 10:10:51.586060,2330.0,88428.0,91057.0
2025-06-20 10:10:51.867415,2330.0,88436.0,90978.0
2025-06-20 10:10:52.963931,2330.0,88118.0,91214.0
2025-06-20 10:10:53.583800,2329.8,88118.0,91214.0
2025-06-20 10:10:53.981691,2329.5,88477.0,91040.0
2025-06-20 10:10:54.583688,2329.5,88477.0,91040.0
2025-06-20 10:10:54.963652,2329.5,88440.0,91069.0
2025-06-20 10:10:55.964853,2330.0,88494.0,91017.0
2025-06-20 10:10:56.590818,2330.0,88494.0,91017.0
2025-06-20 10:10:56.967386,2329.5,88062.0,91017.0
2025-06-20 10:10:57.583434,2329.5,88062.0,91017.0
2025-06-20 10:10:58.065836,2329.5,87824.0,90939.0
2025-06-20 10:10:58.594517,2330.0,87824.0,90939.0
2025-06-20 10:10:59.167932,2330.0,88037.0,90886.0
2025-06-20 10:10:59.588748,2329.5,88037.0,90886.0
2025-06-20 10:11:00.276387,2329.5,87759.0,91070.0
2025-06-20 10:11:01.597987,2329.5,87759.0,91070.0
2025-06-20 10:11:01.669666,2329.5,88023.0,91001.0
2025-06-20 10:11:02.587824,2329.5,88023.0,91001.0
2025-06-20 10:11:02.768928,2329.5,88035.0,91167.0
2025-06-20 10:11:03.769821,2329.5,87628.0,91194.0
2025-06-20 10:11:04.871163,2329.5,88105.0,90982.0
2025-06-20 10:11:05.588851,2330.0,88105.0,90982.0
2025-06-20 10:11:05.972419,2330.0,87471.0,91073.0
2025-06-20 10:11:06.596147,2330.0,87471.0,91073.0
2025-06-20 10:11:07.071156,2330.0,87406.0,91096.0
2025-06-20 10:11:08.172181,2330.0,87405.0,91331.0
2025-06-20 10:11:09.173381,2329.9,87543.0,91192.0
2025-06-20 10:11:09.619148,2329.3,87543.0,91192.0
2025-06-20 10:11:10.272825,2329.3,87626.0,91593.0
2025-06-20 10:11:10.626670,2329.3,87626.0,91593.0
2025-06-20 10:11:11.376781,2329.3,87670.0,91482.0
2025-06-20 10:11:12.478074,2329.3,87658.0,91453.0
2025-06-20 10:11:13.610467,2329.3,87908.0,91452.0
2025-06-20 10:11:14.582275,2329.3,87674.0,91352.0
2025-06-20 10:11:14.591132,2329.3,87674.0,91352.0
2025-06-20 10:11:15.677298,2329.3,87379.0,91360.0
2025-06-20 10:11:16.677539,2329.3,87770.0,91252.0
2025-06-20 10:11:17.678320,2329.3,87606.0,91313.0
2025-06-20 10:11:18.617820,2329.3,87606.0,91313.0
2025-06-20 10:11:19.309989,2329.3,87607.0,91079.0
2025-06-20 10:11:19.625436,2329.3,87607.0,91079.0
2025-06-20 10:11:19.780611,2329.9,87744.0,91178.0
2025-06-20 10:11:20.588164,2329.9,87744.0,91178.0
2025-06-20 10:11:20.678359,2329.9,87744.0,91276.0
2025-06-20 10:11:21.614755,2329.3,87744.0,91276.0
2025-06-20 10:11:21.680248,2329.9,87752.0,91373.0
2025-06-20 10:11:22.598560,2329.9,87752.0,91373.0
2025-06-20 10:11:22.681185,2329.9,87688.0,91322.0
2025-06-20 10:11:23.596879,2329.9,87688.0,91322.0
2025-06-20 10:11:23.779149,2329.9,87861.0,91059.0
2025-06-20 10:11:24.637423,2329.9,87861.0,91059.0
2025-06-20 10:11:24.885740,2329.9,87689.0,90858.0
2025-06-20 10:11:26.284576,2329.9,87889.0,90433.0
2025-06-20 10:11:26.598110,2329.9,87889.0,90433.0
2025-06-20 10:11:27.086720,2330.0,88194.0,90772.0
2025-06-20 10:11:27.598649,2330.0,88194.0,90772.0
2025-06-20 10:11:28.183232,2330.0,88203.0,90649.0
2025-06-20 10:11:28.847427,2330.0,88203.0,90649.0
2025-06-20 10:11:29.300556,2329.6,88387.0,90818.0
2025-06-20 10:11:29.593200,2329.6,88387.0,90818.0
2025-06-20 10:11:30.398798,2329.8,88157.0,90913.0
2025-06-20 10:11:30.593494,2329.8,88157.0,90913.0
2025-06-20 10:11:31.492623,2329.8,87964.0,90996.0
2025-06-20 10:11:32.609081,2329.8,88167.0,90963.0
2025-06-20 10:11:33.584182,2329.6,88167.0,90963.0
2025-06-20 10:11:33.693889,2329.6,88166.0,91018.0
2025-06-20 10:11:34.586221,2329.8,88166.0,91018.0
2025-06-20 10:11:34.797691,2329.8,88411.0,90925.0
2025-06-20 10:11:35.585038,2329.8,88411.0,90925.0
2025-06-20 10:11:35.996319,2329.6,88098.0,90846.0
2025-06-20 10:11:36.583427,2329.6,88098.0,90846.0
2025-06-20 10:11:36.870513,2329.8,88084.0,90854.0
2025-06-20 10:11:37.586152,2329.5,88084.0,90854.0
2025-06-20 10:11:37.992479,2329.5,87939.0,91345.0
2025-06-20 10:11:39.093375,2329.5,87724.0,91505.0
2025-06-20 10:11:40.193751,2329.5,87542.0,91479.0
2025-06-20 10:11:40.589541,2329.5,87542.0,91479.0
2025-06-20 10:11:41.337097,2329.5,87604.0,91361.0
2025-06-20 10:11:42.500937,2329.0,87000.0,92621.0
2025-06-20 10:11:42.592323,2329.0,87000.0,92621.0
2025-06-20 10:11:43.410780,2328.9,87753.0,91202.0
2025-06-20 10:11:43.593101,2328.9,87753.0,91202.0
2025-06-20 10:11:44.505345,2328.9,87774.0,91438.0
2025-06-20 10:11:45.591415,2328.8,87774.0,91438.0
2025-06-20 10:11:45.612009,2328.8,87941.0,91786.0
2025-06-20 10:11:46.586250,2329.5,87941.0,91786.0
2025-06-20 10:11:46.699089,2329.5,87595.0,91775.0
2025-06-20 10:11:47.588263,2329.5,87595.0,91775.0
2025-06-20 10:11:47.857210,2329.5,87601.0,91662.0
2025-06-20 10:11:48.930493,2329.5,86948.0,91914.0
2025-06-20 10:11:50.002474,2329.5,87313.0,91740.0
2025-06-20 10:11:51.100993,2329.5,87325.0,91754.0
2025-06-20 10:11:52.201668,2329.5,87352.0,91752.0
2025-06-20 10:11:52.587264,2328.5,87352.0,91752.0
2025-06-20 10:11:53.530669,2328.5,87375.0,91815.0
2025-06-20 10:11:54.317008,2329.6,87304.0,91756.0
2025-06-20 10:11:54.589978,2329.6,87304.0,91756.0
2025-06-20 10:11:55.488441,2329.6,87285.0,91907.0
2025-06-20 10:11:56.504160,2329.6,87240.0,91912.0
2025-06-20 10:11:57.614900,2329.6,88166.0,90654.0
2025-06-20 10:11:58.589083,2329.6,88166.0,90654.0
2025-06-20 10:11:58.706557,2329.6,88379.0,90245.0
2025-06-20 10:11:59.845020,2329.6,88372.0,89674.0
2025-06-20 10:12:00.714091,2330.1,88179.0,89538.0
2025-06-20 10:12:01.603559,2329.6,88179.0,89538.0
2025-06-20 10:12:01.923821,2329.6,88349.0,89775.0
2025-06-20 10:12:02.602244,2330.1,88349.0,89775.0
2025-06-20 10:12:02.937602,2330.1,88056.0,89709.0
2025-06-20 10:12:03.923748,2330.1,88286.0,89497.0
2025-06-20 10:12:05.011074,2330.1,87489.0,89743.0
2025-06-20 10:12:06.112665,2330.1,88096.0,89074.0
2025-06-20 10:12:07.110752,2330.1,88529.0,89103.0
2025-06-20 10:12:08.324330,2330.1,88438.0,89148.0
2025-06-20 10:12:08.599155,2330.2,88438.0,89148.0
2025-06-20 10:12:09.324259,2330.2,88520.0,89792.0
2025-06-20 10:12:09.599295,2330.2,88520.0,89792.0
2025-06-20 10:12:10.328451,2330.2,88590.0,89721.0
2025-06-20 10:12:11.325878,2330.0,88585.0,89820.0
2025-06-20 10:12:11.599319,2330.0,88585.0,89820.0
2025-06-20 10:12:12.327114,2330.3,89370.0,89318.0
2025-06-20 10:12:12.601677,2330.3,89370.0,89318.0
2025-06-20 10:12:13.518633,2330.3,89219.0,89532.0
2025-06-20 10:12:14.430414,2330.4,88952.0,89616.0
2025-06-20 10:12:14.624932,2330.4,88952.0,89616.0
2025-06-20 10:12:15.536550,2330.6,89584.0,88784.0
2025-06-20 10:12:15.597516,2330.6,89584.0,88784.0
2025-06-20 10:12:16.626608,2330.6,89697.0,88763.0
2025-06-20 10:12:17.607390,2331.1,89697.0,88763.0
2025-06-20 10:12:17.727581,2331.1,90748.0,88020.0
2025-06-20 10:12:18.752785,2331.1,91163.0,87548.0
2025-06-20 10:12:19.631996,2331.1,91545.0,87565.0
2025-06-20 10:12:20.600337,2331.6,91545.0,87565.0
2025-06-20 10:12:20.833275,2331.6,91330.0,87734.0
2025-06-20 10:12:21.600256,2332.4,91330.0,87734.0
2025-06-20 10:12:21.945059,2332.4,91053.0,87415.0
2025-06-20 10:12:22.832582,2332.4,92207.0,86562.0
2025-06-20 10:12:23.853052,2332.4,91719.0,86773.0
2025-06-20 10:12:24.833845,2332.4,91703.0,86755.0
2025-06-20 10:12:25.611948,2333.1,91703.0,86755.0
2025-06-20 10:12:25.836654,2333.2,91744.0,86930.0
2025-06-20 10:12:26.609730,2333.2,91744.0,86930.0
2025-06-20 10:12:27.059358,2333.5,92419.0,86456.0
2025-06-20 10:12:27.597350,2333.5,92419.0,86456.0
2025-06-20 10:12:28.025268,2333.5,92354.0,86444.0
2025-06-20 10:12:29.026096,2333.5,92127.0,86450.0
2025-06-20 10:12:29.593438,2333.5,92127.0,86450.0
2025-06-20 10:12:30.126484,2333.5,92237.0,86370.0
2025-06-20 10:12:31.228858,2333.5,91899.0,85875.0
2025-06-20 10:12:31.599416,2333.5,91899.0,85875.0
2025-06-20 10:12:32.226676,2333.5,92047.0,86035.0
2025-06-20 10:12:33.369132,2333.5,92615.0,86019.0
2025-06-20 10:12:33.598085,2333.5,92615.0,86019.0
2025-06-20 10:12:34.437927,2333.5,92571.0,85962.0
2025-06-20 10:12:35.531768,2333.5,92917.0,85709.0
2025-06-20 10:12:35.601598,2333.5,92917.0,85709.0
2025-06-20 10:12:36.606684,2333.6,92917.0,85709.0
2025-06-20 10:12:36.641543,2333.6,92810.0,86093.0
2025-06-20 10:12:37.605597,2333.6,92810.0,86093.0
2025-06-20 10:12:37.738703,2333.6,92713.0,86360.0
2025-06-20 10:12:38.737835,2333.6,92966.0,86328.0
2025-06-20 10:12:39.599643,2333.8,92966.0,86328.0
2025-06-20 10:12:39.860254,2333.8,92825.0,86260.0
2025-06-20 10:12:40.513494,2333.8,92825.0,86260.0
2025-06-20 10:12:40.940562,2333.8,92816.0,86304.0
2025-06-20 10:12:41.134612,2333.8,92816.0,86304.0
2025-06-20 10:12:42.032119,2333.8,93091.0,86113.0
2025-06-20 10:12:42.286643,2333.8,93091.0,86113.0
2025-06-20 10:12:43.136343,2333.8,93103.0,86140.0
2025-06-20 10:12:43.427782,2333.8,93103.0,86140.0
2025-06-20 10:12:44.595026,2334.0,92841.0,85949.0
2025-06-20 10:12:44.650913,2334.0,92841.0,85949.0
2025-06-20 10:12:44.676641,2334.0,92841.0,85949.0
2025-06-20 10:12:45.361137,2334.0,92841.0,85949.0
2025-06-20 10:12:45.637755,2334.0,92841.0,85949.0
2025-06-20 10:12:45.679806,2334.0,93387.0,86009.0
2025-06-20 10:12:46.662949,2334.0,93387.0,86009.0
2025-06-20 10:12:46.737121,2334.0,93331.0,86032.0
2025-06-20 10:12:47.604897,2333.8,93331.0,86032.0
2025-06-20 10:12:47.655977,2333.8,93331.0,86032.0
2025-06-20 10:12:47.871348,2333.8,93180.0,86053.0
2025-06-20 10:12:48.602689,2333.8,93180.0,86053.0
2025-06-20 10:12:48.939967,2333.8,92989.0,85635.0
2025-06-20 10:12:49.149361,2333.8,92989.0,85635.0
2025-06-20 10:12:50.037717,2333.8,92931.0,86311.0
2025-06-20 10:12:50.472478,2333.8,92931.0,86311.0
2025-06-20 10:12:50.597376,2333.7,92931.0,86311.0
2025-06-20 10:12:51.140976,2333.7,93103.0,86369.0
2025-06-20 10:12:51.611075,2333.6,93103.0,86369.0
2025-06-20 10:12:51.701790,2333.6,93103.0,86369.0
2025-06-20 10:12:52.241416,2333.6,93142.0,86989.0
2025-06-20 10:12:52.609417,2333.3,93142.0,86989.0
2025-06-20 10:12:53.256048,2333.3,93142.0,86989.0
2025-06-20 10:12:53.385694,2333.3,92983.0,87979.0
2025-06-20 10:12:54.447069,2333.1,92925.0,86659.0
2025-06-20 10:12:54.609180,2333.1,92925.0,86659.0
2025-06-20 10:12:55.545325,2333.1,93372.0,86373.0
2025-06-20 10:12:56.543651,2333.7,93139.0,86318.0
2025-06-20 10:12:56.605324,2333.7,93139.0,86318.0
2025-06-20 10:12:57.650914,2333.7,93490.0,86703.0
2025-06-20 10:12:58.745103,2333.7,92901.0,86560.0
2025-06-20 10:12:59.858273,2333.7,93118.0,86470.0
2025-06-20 10:13:00.944142,2333.7,93786.0,85395.0
2025-06-20 10:13:01.594760,2334.0,93786.0,85395.0
2025-06-20 10:13:01.948003,2334.0,93955.0,85627.0
2025-06-20 10:13:02.597811,2333.2,93955.0,85627.0
2025-06-20 10:13:03.048869,2333.2,93449.0,85645.0
2025-06-20 10:13:04.149096,2333.2,93834.0,85714.0
2025-06-20 10:13:05.250411,2334.0,93834.0,85743.0
2025-06-20 10:13:05.603493,2334.0,93834.0,85743.0
2025-06-20 10:13:06.363669,2334.0,93817.0,85733.0
2025-06-20 10:13:07.458810,2334.0,93914.0,85804.0
2025-06-20 10:13:07.595995,2334.0,93914.0,85804.0
2025-06-20 10:13:08.552026,2334.0,93427.0,85998.0
2025-06-20 10:13:09.641036,2333.3,93427.0,85998.0
2025-06-20 10:13:09.654078,2333.3,93463.0,85959.0
2025-06-20 10:13:10.754194,2333.3,93375.0,86103.0
2025-06-20 10:13:11.596518,2334.0,93375.0,86103.0
2025-06-20 10:13:11.754989,2334.0,91875.0,86391.0
2025-06-20 10:13:12.599490,2334.0,91875.0,86391.0
2025-06-20 10:13:12.868278,2334.0,92575.0,85905.0
2025-06-20 10:13:13.600074,2333.5,92575.0,85905.0
2025-06-20 10:13:13.958681,2333.5,92619.0,85928.0
2025-06-20 10:13:15.056656,2333.5,92908.0,85861.0
2025-06-20 10:13:16.158283,2333.5,92976.0,85848.0
2025-06-20 10:13:17.260587,2334.0,93532.0,85392.0
2025-06-20 10:13:17.598733,2334.0,93532.0,85392.0
2025-06-20 10:13:18.598351,2334.0,93532.0,85392.0
2025-06-20 10:13:18.877161,2334.0,92357.0,85936.0
2025-06-20 10:13:19.883914,2334.0,92538.0,86089.0
2025-06-20 10:13:20.602480,2334.0,92538.0,86089.0
2025-06-20 10:13:20.876689,2334.0,92527.0,86106.0
2025-06-20 10:13:21.601850,2334.0,92527.0,86106.0
2025-06-20 10:13:21.964624,2334.0,92521.0,86025.0
2025-06-20 10:13:22.963865,2334.0,92539.0,86029.0
2025-06-20 10:13:23.966486,2334.0,92545.0,86043.0
2025-06-20 10:13:24.601406,2334.0,92545.0,86043.0
2025-06-20 10:13:24.877832,2333.7,92340.0,85910.0
2025-06-20 10:13:25.597332,2333.7,92340.0,85910.0
2025-06-20 10:13:25.966565,2333.7,92578.0,85575.0
2025-06-20 10:13:26.606681,2334.2,92578.0,85575.0
2025-06-20 10:13:26.966576,2334.2,93502.0,84548.0
2025-06-20 10:13:27.598016,2334.0,93502.0,84548.0
2025-06-20 10:13:27.966804,2334.0,94290.0,84757.0
2025-06-20 10:13:28.596288,2333.5,94290.0,84757.0
2025-06-20 10:13:28.970728,2334.2,93044.0,85522.0
2025-06-20 10:13:29.598576,2334.2,93044.0,85522.0
2025-06-20 10:13:30.073473,2334.2,93534.0,85704.0
2025-06-20 10:13:30.599584,2333.6,93534.0,85704.0
2025-06-20 10:13:31.069551,2334.0,92822.0,86509.0
2025-06-20 10:13:31.598209,2336.2,92822.0,86509.0
2025-06-20 10:13:32.172087,2335.1,95226.0,82870.0
2025-06-20 10:13:32.601577,2335.1,95226.0,82870.0
2025-06-20 10:13:33.271195,2335.1,95126.0,84148.0
2025-06-20 10:13:33.596019,2335.1,95126.0,84148.0
2025-06-20 10:13:34.382833,2335.3,95189.0,84095.0
2025-06-20 10:13:34.597374,2335.3,95189.0,84095.0
2025-06-20 10:13:35.493445,2335.3,94667.0,84207.0
2025-06-20 10:13:35.599800,2335.3,94667.0,84207.0
2025-06-20 10:13:36.575467,2335.3,94879.0,84672.0
2025-06-20 10:13:36.603115,2334.8,94879.0,84672.0
2025-06-20 10:13:37.571076,2334.8,95236.0,84990.0
2025-06-20 10:13:37.601130,2334.8,95236.0,84990.0
2025-06-20 10:13:38.675049,2334.8,95279.0,84884.0
2025-06-20 10:13:39.596000,2335.3,95279.0,84884.0
2025-06-20 10:13:39.773444,2335.3,94724.0,85067.0
2025-06-20 10:13:40.890097,2335.3,94455.0,85196.0
2025-06-20 10:13:41.976090,2335.3,94514.0,85055.0
2025-06-20 10:13:42.599671,2334.8,94514.0,85055.0
2025-06-20 10:13:43.077913,2334.8,94488.0,85214.0
2025-06-20 10:13:43.981096,2334.8,95489.0,85203.0
2025-06-20 10:13:45.076700,2334.8,95487.0,85129.0
2025-06-20 10:13:45.603454,2334.6,95487.0,85129.0
2025-06-20 10:13:46.177985,2334.6,95415.0,85253.0
2025-06-20 10:13:47.279741,2334.6,95668.0,85211.0
2025-06-20 10:13:48.480389,2334.9,95518.0,85403.0
2025-06-20 10:13:48.606831,2334.9,95518.0,85403.0
2025-06-20 10:13:49.481460,2334.9,95803.0,85276.0
2025-06-20 10:13:50.583254,2334.9,95906.0,85508.0
2025-06-20 10:13:50.603027,2334.9,95906.0,85508.0
2025-06-20 10:13:51.682448,2334.9,95673.0,85429.0
2025-06-20 10:13:52.603265,2334.8,95673.0,85429.0
2025-06-20 10:13:52.785616,2334.8,95424.0,85744.0
2025-06-20 10:13:53.900021,2334.8,95424.0,85760.0
2025-06-20 10:13:54.984299,2334.8,95353.0,85743.0
2025-06-20 10:13:55.990313,2334.8,95552.0,85742.0
2025-06-20 10:13:57.091046,2334.8,95474.0,85343.0
2025-06-20 10:13:57.599905,2334.8,95474.0,85343.0
2025-06-20 10:13:58.186395,2334.8,95232.0,85573.0
2025-06-20 10:13:59.287553,2334.8,96212.0,85557.0
2025-06-20 10:14:00.297821,2334.8,96029.0,85424.0
2025-06-20 10:14:00.600582,2334.9,96029.0,85424.0
2025-06-20 10:14:01.187225,2334.9,95965.0,85280.0
2025-06-20 10:14:02.203331,2334.9,96025.0,85374.0
2025-06-20 10:14:02.654028,2334.9,96025.0,85374.0
2025-06-20 10:14:03.191526,2334.9,96238.0,85357.0
2025-06-20 10:14:03.607432,2334.9,96238.0,85357.0
2025-06-20 10:14:04.296264,2334.9,96233.0,85367.0
2025-06-20 10:14:05.415969,2334.9,96432.0,85431.0
2025-06-20 10:14:05.651523,2334.9,96432.0,85431.0
2025-06-20 10:14:06.404250,2335.0,96333.0,85402.0
2025-06-20 10:14:06.618238,2335.0,96333.0,85402.0
2025-06-20 10:14:07.497798,2335.0,97185.0,85124.0
2025-06-20 10:14:07.622116,2335.0,97185.0,85124.0
2025-06-20 10:14:08.594986,2334.9,97378.0,85079.0
2025-06-20 10:14:08.616815,2334.9,97378.0,85079.0
2025-06-20 10:14:09.599358,2334.9,97562.0,84796.0
2025-06-20 10:14:10.603429,2335.0,97562.0,84796.0
2025-06-20 10:14:10.692880,2335.0,97710.0,84864.0
2025-06-20 10:14:11.700453,2335.0,97500.0,84859.0
2025-06-20 10:14:12.613242,2335.5,97500.0,84859.0
2025-06-20 10:14:12.804423,2335.5,98466.0,83272.0
2025-06-20 10:14:13.621602,2335.6,98466.0,83272.0
2025-06-20 10:14:13.800806,2335.6,99334.0,83078.0
2025-06-20 10:14:14.804666,2335.6,99958.0,83119.0
2025-06-20 10:14:15.607305,2336.7,99958.0,83119.0
2025-06-20 10:14:15.910867,2336.7,99580.0,83116.0
2025-06-20 10:14:16.911363,2335.8,99798.0,82982.0
2025-06-20 10:14:17.600282,2335.8,99798.0,82982.0
2025-06-20 10:14:17.910638,2336.8,99744.0,82866.0
2025-06-20 10:14:18.600644,2336.8,99744.0,82866.0
2025-06-20 10:14:18.999726,2336.1,99850.0,82949.0
2025-06-20 10:14:19.649393,2336.1,99850.0,82949.0
2025-06-20 10:14:20.001107,2336.8,99375.0,83009.0
2025-06-20 10:14:20.608754,2336.8,99375.0,83009.0
2025-06-20 10:14:21.102924,2336.8,99352.0,82939.0
2025-06-20 10:14:21.609180,2336.8,99352.0,82939.0
2025-06-20 10:14:22.203810,2336.8,99218.0,82637.0
2025-06-20 10:14:23.616608,2336.8,99218.0,82637.0
2025-06-20 10:14:23.815372,2336.8,99306.0,82638.0
2025-06-20 10:14:24.602745,2336.8,99306.0,82638.0
2025-06-20 10:14:24.813755,2336.8,99017.0,82585.0
2025-06-20 10:14:25.813472,2336.8,99111.0,82681.0
2025-06-20 10:14:26.605292,2336.9,99111.0,82681.0
2025-06-20 10:14:27.005438,2336.9,98946.0,82739.0
2025-06-20 10:14:27.608902,2336.8,98946.0,82739.0
2025-06-20 10:14:28.009521,2336.8,99033.0,83166.0
2025-06-20 10:14:28.916212,2336.8,99241.0,82907.0
2025-06-20 10:14:29.602397,2336.7,99241.0,82907.0
2025-06-20 10:14:29.916696,2336.7,100418.0,83070.0
2025-06-20 10:14:30.917786,2336.7,100448.0,83054.0
2025-06-20 10:14:31.915763,2336.7,100403.0,82935.0
2025-06-20 10:14:32.921174,2336.7,100338.0,82926.0
2025-06-20 10:14:33.611991,2337.0,100338.0,82926.0
2025-06-20 10:14:33.938840,2337.0,100595.0,82811.0
2025-06-20 10:14:34.657876,2336.7,100595.0,82811.0
2025-06-20 10:14:34.916706,2336.7,100845.0,82370.0
2025-06-20 10:14:35.607051,2336.7,100845.0,82370.0
2025-06-20 10:14:36.026152,2336.7,100968.0,82650.0
2025-06-20 10:14:37.109076,2336.7,100809.0,82203.0
2025-06-20 10:14:37.604031,2336.7,100809.0,82203.0
2025-06-20 10:14:38.208879,2337.0,101432.0,82017.0
2025-06-20 10:14:38.608317,2337.0,101432.0,82017.0
2025-06-20 10:14:39.318897,2337.0,101212.0,81974.0
2025-06-20 10:14:39.603507,2337.0,101212.0,81974.0
2025-06-20 10:14:40.513652,2337.0,102085.0,81493.0
2025-06-20 10:14:41.514312,2337.0,102074.0,81434.0
2025-06-20 10:14:42.433854,2337.8,101471.0,81471.0
2025-06-20 10:14:42.604857,2337.8,101471.0,81471.0
2025-06-20 10:14:43.513193,2337.8,102041.0,81538.0
2025-06-20 10:14:43.607671,2337.8,102041.0,81538.0
2025-06-20 10:14:44.635379,2337.8,102011.0,81538.0
2025-06-20 10:14:45.718181,2337.8,101712.0,81212.0
2025-06-20 10:14:46.650747,2337.8,101810.0,81054.0
2025-06-20 10:14:47.659366,2337.6,101810.0,81054.0
2025-06-20 10:14:47.663551,2337.6,101978.0,81466.0
2025-06-20 10:14:48.606519,2338.0,101978.0,81466.0
2025-06-20 10:14:48.718902,2338.0,101625.0,81726.0
2025-06-20 10:14:49.603529,2338.0,101625.0,81726.0
2025-06-20 10:14:49.933671,2338.0,101482.0,81859.0
2025-06-20 10:14:50.602113,2338.0,101482.0,81859.0
2025-06-20 10:14:50.851183,2338.0,101637.0,81834.0
2025-06-20 10:14:51.720671,2338.0,101653.0,82025.0
2025-06-20 10:14:52.605172,2338.8,101653.0,82025.0
2025-06-20 10:14:52.833388,2338.8,101811.0,80977.0
2025-06-20 10:14:53.601068,2338.8,101811.0,80977.0
2025-06-20 10:14:53.850468,2338.8,102219.0,80887.0
2025-06-20 10:14:54.607849,2339.0,102219.0,80887.0
2025-06-20 10:14:54.851060,2339.0,101727.0,80801.0
2025-06-20 10:14:55.634478,2338.7,101727.0,80801.0
2025-06-20 10:14:55.865316,2338.7,103368.0,79018.0
2025-06-20 10:14:56.603512,2339.0,103368.0,79018.0
2025-06-20 10:14:56.859857,2338.5,103419.0,79240.0
2025-06-20 10:14:57.618642,2339.0,103419.0,79240.0
2025-06-20 10:14:57.864157,2339.0,103684.0,79441.0
2025-06-20 10:14:58.836597,2339.0,102594.0,79683.0
2025-06-20 10:14:59.605016,2339.0,102594.0,79683.0
2025-06-20 10:14:59.863578,2339.0,103096.0,79479.0
2025-06-20 10:15:00.605016,2338.9,103096.0,79479.0
2025-06-20 10:15:01.026397,2338.9,102700.0,79508.0
2025-06-20 10:15:01.673564,2338.9,102700.0,79508.0
2025-06-20 10:15:02.125982,2338.9,102760.0,79505.0
2025-06-20 10:15:02.606678,2338.8,102760.0,79505.0
2025-06-20 10:15:03.228358,2338.8,102780.0,79836.0
2025-06-20 10:15:03.645592,2338.7,102780.0,79836.0
2025-06-20 10:15:04.230111,2338.7,102585.0,79833.0
2025-06-20 10:15:05.340567,2338.7,102650.0,80200.0
2025-06-20 10:15:05.605996,2338.7,102650.0,80200.0
2025-06-20 10:15:06.339672,2338.7,102793.0,79752.0
2025-06-20 10:15:06.608542,2338.6,102793.0,79752.0
2025-06-20 10:15:07.341239,2338.6,102466.0,80439.0
2025-06-20 10:15:07.607882,2338.6,102466.0,80439.0
2025-06-20 10:15:08.553693,2338.6,101964.0,80908.0
2025-06-20 10:15:08.607337,2338.5,101964.0,80908.0
2025-06-20 10:15:09.446448,2338.6,102122.0,81025.0
2025-06-20 10:15:09.605363,2338.6,102122.0,81025.0
2025-06-20 10:15:10.532420,2338.4,102174.0,81068.0
2025-06-20 10:15:10.607606,2338.4,102174.0,81068.0
2025-06-20 10:15:11.605534,2338.3,102174.0,81068.0
2025-06-20 10:15:11.651649,2338.3,101923.0,81167.0
2025-06-20 10:15:12.605112,2338.4,101923.0,81167.0
2025-06-20 10:15:12.735170,2338.4,101800.0,81634.0
2025-06-20 10:15:13.849617,2338.4,102350.0,81513.0
2025-06-20 10:15:14.602624,2338.4,102350.0,81513.0
2025-06-20 10:15:14.935304,2338.4,102666.0,81476.0
2025-06-20 10:15:15.604048,2338.3,102666.0,81476.0
2025-06-20 10:15:16.035276,2338.3,102298.0,81420.0
2025-06-20 10:15:16.607292,2338.3,102298.0,81420.0
2025-06-20 10:15:16.940089,2338.3,102497.0,81446.0
2025-06-20 10:15:18.037091,2338.3,102326.0,81429.0
2025-06-20 10:15:18.607287,2338.5,102326.0,81429.0
2025-06-20 10:15:19.038600,2338.5,102056.0,81607.0
2025-06-20 10:15:20.039858,2338.5,102271.0,81777.0
2025-06-20 10:15:20.607723,2338.4,102271.0,81777.0
2025-06-20 10:15:21.145005,2338.4,102270.0,81957.0
2025-06-20 10:15:21.606863,2338.3,102270.0,81957.0
2025-06-20 10:15:22.246390,2338.3,102251.0,82003.0
2025-06-20 10:15:22.616135,2338.6,102251.0,82003.0
2025-06-20 10:15:23.354318,2338.6,102273.0,81469.0
2025-06-20 10:15:24.244568,2338.0,102392.0,81439.0
2025-06-20 10:15:24.610195,2338.0,102392.0,81439.0
2025-06-20 10:15:25.354740,2338.6,102327.0,81438.0
2025-06-20 10:15:25.606042,2338.6,102327.0,81438.0
2025-06-20 10:15:26.446936,2338.5,102417.0,81371.0
2025-06-20 10:15:26.607851,2338.5,102417.0,81371.0
2025-06-20 10:15:27.563709,2338.5,102446.0,81434.0
2025-06-20 10:15:27.608270,2338.5,102446.0,81434.0
2025-06-20 10:15:28.607343,2338.5,102446.0,81434.0
2025-06-20 10:15:28.650722,2338.5,102441.0,81407.0
2025-06-20 10:15:29.672874,2338.5,102424.0,81446.0
2025-06-20 10:15:30.609462,2339.0,102424.0,81446.0
2025-06-20 10:15:30.744964,2339.0,103836.0,79656.0
2025-06-20 10:15:31.607553,2339.2,103836.0,79656.0
2025-06-20 10:15:31.746522,2339.2,104390.0,78857.0
2025-06-20 10:15:32.861181,2339.7,104419.0,78920.0
2025-06-20 10:15:33.605912,2339.7,104419.0,78920.0
2025-06-20 10:15:33.947507,2339.7,104300.0,79110.0
2025-06-20 10:15:34.607547,2339.7,104300.0,79110.0
2025-06-20 10:15:34.951657,2339.7,104130.0,79175.0
2025-06-20 10:15:35.610291,2339.4,104130.0,79175.0
2025-06-20 10:15:35.863359,2339.4,104088.0,78972.0
2025-06-20 10:15:36.609958,2340.0,104088.0,78972.0
2025-06-20 10:15:36.938732,2340.0,103732.0,78817.0
2025-06-20 10:15:37.612909,2340.0,103732.0,78817.0
2025-06-20 10:15:37.963030,2339.2,103633.0,78942.0
2025-06-20 10:15:38.608201,2339.2,103633.0,78942.0
2025-06-20 10:15:38.954228,2339.2,103806.0,78788.0
2025-06-20 10:15:39.614997,2339.2,103806.0,78788.0
2025-06-20 10:15:39.954441,2339.2,103780.0,78826.0
2025-06-20 10:15:40.953777,2339.2,103737.0,79105.0
2025-06-20 10:15:40.959907,2339.2,103737.0,79105.0
2025-06-20 10:15:41.390156,2339.2,103737.0,79105.0
2025-06-20 10:15:41.609778,2339.7,103737.0,79105.0
2025-06-20 10:15:41.911377,2339.7,103737.0,79105.0
2025-06-20 10:15:42.054667,2339.7,103739.0,79182.0
2025-06-20 10:15:42.161414,2339.7,103739.0,79182.0
2025-06-20 10:15:43.074652,2339.7,103740.0,79195.0
2025-06-20 10:15:43.431931,2339.7,103740.0,79195.0
2025-06-20 10:15:43.611897,2339.4,103740.0,79195.0
2025-06-20 10:15:43.856477,2339.4,103740.0,79195.0
2025-06-20 10:15:44.058049,2339.4,104322.0,79335.0
2025-06-20 10:15:44.450869,2339.4,104322.0,79335.0
2025-06-20 10:15:44.609641,2340.0,104322.0,79335.0
2025-06-20 10:15:44.810349,2340.0,104322.0,79335.0
2025-06-20 10:15:45.163129,2340.0,104048.0,78945.0
2025-06-20 10:15:45.607530,2339.8,104048.0,78945.0
2025-06-20 10:15:45.765316,2339.8,104048.0,78945.0
2025-06-20 10:15:46.257343,2339.8,103782.0,79088.0
2025-06-20 10:15:46.608881,2339.8,103782.0,79088.0
2025-06-20 10:15:47.100498,2339.8,103782.0,79088.0
2025-06-20 10:15:47.257003,2341.0,104697.0,76314.0
2025-06-20 10:15:47.608878,2341.0,104697.0,76314.0
2025-06-20 10:15:48.073583,2341.0,104697.0,76314.0
2025-06-20 10:15:48.257869,2340.5,105729.0,76030.0
2025-06-20 10:15:48.607853,2341.0,105729.0,76030.0
2025-06-20 10:15:49.258020,2341.0,106050.0,76179.0
2025-06-20 10:15:49.646458,2341.0,106050.0,76179.0
2025-06-20 10:15:49.659993,2341.0,106050.0,76179.0
2025-06-20 10:15:50.258819,2341.0,105838.0,76418.0
2025-06-20 10:15:50.609747,2341.0,105838.0,76418.0
2025-06-20 10:15:50.872137,2341.0,105838.0,76418.0
2025-06-20 10:15:51.364167,2341.8,106416.0,75719.0
2025-06-20 10:15:51.609665,2341.8,106416.0,75719.0
2025-06-20 10:15:52.102575,2341.8,106416.0,75719.0
2025-06-20 10:15:52.370455,2341.8,106291.0,75815.0
2025-06-20 10:15:52.610043,2341.8,106291.0,75815.0
2025-06-20 10:15:53.364046,2341.7,106157.0,76022.0
2025-06-20 10:15:53.605427,2341.7,106157.0,76022.0
2025-06-20 10:15:53.685260,2341.7,106157.0,76022.0
2025-06-20 10:15:54.260841,2341.7,105779.0,76350.0
2025-06-20 10:15:55.796884,2341.6,105812.0,76528.0
2025-06-20 10:15:55.798694,2341.6,105812.0,76528.0
2025-06-20 10:15:56.262858,2341.6,105606.0,76334.0
2025-06-20 10:15:57.373068,2341.6,105661.0,76548.0
2025-06-20 10:15:58.472638,2341.6,105274.0,76703.0
2025-06-20 10:15:59.566657,2341.0,106022.0,76036.0
2025-06-20 10:15:59.610413,2341.0,106022.0,76036.0
2025-06-20 10:16:00.608049,2341.4,106022.0,76036.0
2025-06-20 10:16:01.273487,2342.0,105985.0,75423.0
2025-06-20 10:16:01.617897,2342.0,105985.0,75423.0
2025-06-20 10:16:02.274711,2341.8,106549.0,75012.0
2025-06-20 10:16:02.618739,2341.8,106549.0,75012.0
2025-06-20 10:16:03.382063,2342.7,106679.0,74747.0
2025-06-20 10:16:03.617813,2342.7,106679.0,74747.0
2025-06-20 10:16:04.471971,2342.8,106660.0,74730.0
2025-06-20 10:16:04.623630,2342.8,106660.0,74730.0
2025-06-20 10:16:05.572122,2342.7,106257.0,75137.0
2025-06-20 10:16:05.667360,2342.7,106257.0,75137.0
2025-06-20 10:16:06.568431,2343.0,105861.0,74620.0
2025-06-20 10:16:06.618746,2343.0,105861.0,74620.0
2025-06-20 10:16:07.572728,2343.0,105491.0,74890.0
2025-06-20 10:16:07.618005,2343.0,105491.0,74890.0
2025-06-20 10:16:08.570664,2342.9,106126.0,75007.0
2025-06-20 10:16:08.609352,2342.9,106126.0,75007.0
2025-06-20 10:16:09.617800,2343.0,106126.0,75007.0
2025-06-20 10:16:09.672764,2343.0,105852.0,75155.0
2025-06-20 10:16:10.620545,2343.0,105852.0,75155.0
2025-06-20 10:16:10.674541,2343.0,105932.0,75144.0
2025-06-20 10:16:11.614749,2343.0,105932.0,75144.0
2025-06-20 10:16:11.773401,2343.0,105696.0,75068.0
2025-06-20 10:16:12.617007,2343.0,105696.0,75068.0
2025-06-20 10:16:12.879996,2343.0,105700.0,75183.0
2025-06-20 10:16:13.613330,2342.7,105700.0,75183.0
2025-06-20 10:16:13.973702,2343.0,105438.0,75115.0
2025-06-20 10:16:14.616841,2343.0,105438.0,75115.0
2025-06-20 10:16:14.978073,2343.0,105656.0,75113.0
2025-06-20 10:16:15.976967,2343.0,105450.0,75267.0
2025-06-20 10:16:16.978094,2343.0,104495.0,75419.0
2025-06-20 10:16:17.622624,2343.0,104495.0,75419.0
2025-06-20 10:16:18.078016,2343.0,104742.0,75248.0
2025-06-20 10:16:18.622844,2343.0,104742.0,75248.0
2025-06-20 10:16:19.177478,2342.9,105528.0,74782.0
2025-06-20 10:16:19.615429,2343.5,105528.0,74782.0
2025-06-20 10:16:20.281171,2343.0,104696.0,75204.0
2025-06-20 10:16:20.619614,2343.0,104696.0,75204.0
2025-06-20 10:16:21.381153,2343.5,105755.0,74198.0
2025-06-20 10:16:21.615405,2343.5,105755.0,74198.0
2025-06-20 10:16:22.478781,2343.1,105488.0,74404.0
2025-06-20 10:16:22.618884,2343.1,105488.0,74404.0
2025-06-20 10:16:23.578463,2343.9,105136.0,74765.0
2025-06-20 10:16:23.613414,2343.9,105136.0,74765.0
2025-06-20 10:16:24.628937,2343.1,105136.0,74765.0
2025-06-20 10:16:24.679741,2344.0,104648.0,74555.0
2025-06-20 10:16:25.621989,2343.8,104648.0,74555.0
2025-06-20 10:16:25.680655,2343.8,105055.0,74677.0
2025-06-20 10:16:26.649545,2343.1,105055.0,74677.0
2025-06-20 10:16:26.784175,2343.1,104925.0,75465.0
2025-06-20 10:16:28.283100,2343.1,105121.0,75684.0
2025-06-20 10:16:29.482130,2343.5,105425.0,75526.0
2025-06-20 10:16:29.616864,2343.5,105425.0,75526.0
2025-06-20 10:16:30.614781,2343.3,105425.0,75526.0
2025-06-20 10:16:30.897869,2343.3,105175.0,75953.0
2025-06-20 10:16:31.646584,2343.3,105175.0,75953.0
2025-06-20 10:16:31.785021,2343.3,105117.0,75921.0
2025-06-20 10:16:32.615823,2343.3,105117.0,75921.0
2025-06-20 10:16:32.785475,2343.1,105125.0,75963.0
2025-06-20 10:16:33.615140,2343.2,105125.0,75963.0
2025-06-20 10:16:34.504345,2343.3,105445.0,75924.0
2025-06-20 10:16:34.664217,2343.3,105445.0,75924.0
2025-06-20 10:16:35.586604,2343.3,105435.0,75910.0
2025-06-20 10:16:35.617506,2343.3,105435.0,75910.0
2025-06-20 10:16:36.632106,2343.1,105435.0,75910.0
2025-06-20 10:16:36.692000,2343.3,105738.0,75647.0
2025-06-20 10:16:37.623024,2343.3,105738.0,75647.0
2025-06-20 10:16:37.692111,2343.3,105955.0,75642.0
2025-06-20 10:16:38.636350,2343.5,105955.0,75642.0
2025-06-20 10:16:38.689102,2343.5,105945.0,75643.0
2025-06-20 10:16:39.789972,2343.5,105938.0,75979.0
2025-06-20 10:16:40.617105,2343.5,105938.0,75979.0
2025-06-20 10:16:40.793726,2343.5,106083.0,75086.0
2025-06-20 10:16:41.620173,2344.0,106083.0,75086.0
2025-06-20 10:16:41.793375,2344.0,105766.0,75220.0
2025-06-20 10:16:42.620629,2343.6,105766.0,75220.0
2025-06-20 10:16:42.904684,2344.0,106047.0,75180.0
2025-06-20 10:16:43.616226,2344.0,106047.0,75180.0
2025-06-20 10:16:43.904206,2344.0,106077.0,75183.0
2025-06-20 10:16:44.668002,2344.0,106077.0,75183.0
2025-06-20 10:16:44.932023,2343.8,105998.0,75345.0
2025-06-20 10:16:45.622832,2343.6,105998.0,75345.0
2025-06-20 10:16:45.906227,2343.6,105765.0,75373.0
2025-06-20 10:16:46.903857,2343.6,105794.0,75088.0
2025-06-20 10:16:47.621652,2343.8,105794.0,75088.0
2025-06-20 10:16:47.797097,2343.8,105806.0,75233.0
2025-06-20 10:16:48.621909,2343.8,105806.0,75233.0
2025-06-20 10:16:48.796182,2343.8,105619.0,75166.0
2025-06-20 10:16:49.620585,2343.8,105619.0,75166.0
2025-06-20 10:16:49.910650,2343.8,105525.0,74994.0
2025-06-20 10:16:50.615507,2344.0,105525.0,74994.0
2025-06-20 10:16:50.928589,2344.0,105150.0,74838.0
2025-06-20 10:16:51.621880,2343.6,105150.0,74838.0
2025-06-20 10:16:52.447478,2343.6,104859.0,74986.0
2025-06-20 10:16:52.621682,2344.0,104859.0,74986.0
2025-06-20 10:16:53.419266,2344.0,104753.0,74817.0
2025-06-20 10:16:53.616280,2343.6,104753.0,74817.0
2025-06-20 10:16:54.657654,2343.9,104567.0,75159.0
2025-06-20 10:16:54.683080,2343.9,104567.0,75159.0
2025-06-20 10:16:55.430456,2343.9,104667.0,74939.0
2025-06-20 10:16:55.620110,2343.9,104667.0,74939.0
2025-06-20 10:16:56.505490,2344.0,104726.0,75011.0
2025-06-20 10:16:56.620183,2344.0,104726.0,75011.0
2025-06-20 10:16:57.657522,2344.0,104924.0,75006.0
2025-06-20 10:16:58.618254,2344.0,104924.0,75006.0
2025-06-20 10:16:58.716015,2344.0,104781.0,74753.0
2025-06-20 10:16:59.624373,2343.9,104781.0,74753.0
2025-06-20 10:16:59.706002,2343.9,103816.0,75075.0
2025-06-20 10:17:00.656897,2343.8,103816.0,75075.0
2025-06-20 10:17:01.315719,2343.6,103465.0,75727.0
2025-06-20 10:17:01.615206,2343.6,103465.0,75727.0
2025-06-20 10:17:02.314356,2343.6,103489.0,75795.0
2025-06-20 10:17:03.314566,2343.6,103950.0,75539.0
2025-06-20 10:17:03.614180,2343.0,103950.0,75539.0
2025-06-20 10:17:04.314404,2342.0,103706.0,77292.0
2025-06-20 10:17:04.617039,2342.0,103706.0,77292.0
2025-06-20 10:17:05.615010,2343.0,103706.0,77292.0
2025-06-20 10:17:06.316778,2343.2,103560.0,76255.0
2025-06-20 10:17:06.616816,2343.2,103560.0,76255.0
2025-06-20 10:17:07.318632,2343.2,103609.0,76295.0
2025-06-20 10:17:07.617917,2343.2,103609.0,76295.0
2025-06-20 10:17:08.317374,2343.2,103604.0,76312.0
2025-06-20 10:17:08.621766,2343.0,103604.0,76312.0
2025-06-20 10:17:09.316993,2343.0,103311.0,77060.0
2025-06-20 10:17:11.216008,2343.0,103420.0,76885.0
2025-06-20 10:17:11.615910,2342.8,103420.0,76885.0
2025-06-20 10:17:12.212063,2343.0,103463.0,76894.0
2025-06-20 10:17:12.626180,2342.9,103463.0,76894.0
2025-06-20 10:17:13.212098,2342.9,103549.0,76925.0
2025-06-20 10:17:13.616184,2342.2,103549.0,76925.0
2025-06-20 10:17:14.116823,2343.0,102693.0,76800.0
2025-06-20 10:17:14.636163,2342.2,102693.0,76800.0
2025-06-20 10:17:15.113099,2342.0,102547.0,76670.0
2025-06-20 10:17:15.615726,2342.0,102547.0,76670.0
2025-06-20 10:17:16.017153,2342.0,102271.0,76834.0
2025-06-20 10:17:16.615641,2342.8,102271.0,76834.0
2025-06-20 10:17:16.928678,2342.8,102501.0,76784.0
2025-06-20 10:17:17.628356,2342.9,102501.0,76784.0
2025-06-20 10:17:18.018996,2342.9,102573.0,76822.0
2025-06-20 10:17:18.619362,2342.9,102573.0,76822.0
2025-06-20 10:17:19.014921,2342.9,103051.0,76802.0
2025-06-20 10:17:19.618167,2343.0,103051.0,76802.0
2025-06-20 10:17:20.617379,2343.0,103051.0,76802.0
2025-06-20 10:17:20.834226,2343.0,102836.0,76780.0
2025-06-20 10:17:21.614877,2343.0,102836.0,76780.0
2025-06-20 10:17:21.830007,2343.0,102873.0,76733.0
2025-06-20 10:17:22.617215,2343.0,102873.0,76733.0
2025-06-20 10:17:22.727381,2343.0,102776.0,76716.0
2025-06-20 10:17:23.623866,2342.1,102776.0,76716.0
2025-06-20 10:17:26.623194,2342.8,102776.0,76716.0
2025-06-20 10:17:26.652008,2342.8,103063.0,76818.0
2025-06-20 10:17:27.623063,2342.8,103063.0,76818.0
2025-06-20 10:17:28.615284,2342.8,103063.0,76818.0
2025-06-20 10:17:29.618905,2342.8,103063.0,76818.0
2025-06-20 10:17:29.724240,2342.8,102825.0,77040.0
2025-06-20 10:17:30.725770,2342.8,102857.0,76854.0
2025-06-20 10:17:31.725642,2342.8,102993.0,76995.0
2025-06-20 10:17:32.616393,2342.8,102993.0,76995.0
2025-06-20 10:17:33.640851,2342.0,102993.0,76995.0
2025-06-20 10:17:33.642979,2342.0,102921.0,77232.0
2025-06-20 10:17:34.639068,2342.0,102809.0,77191.0
2025-06-20 10:17:35.633535,2342.0,102959.0,77128.0
2025-06-20 10:17:36.634181,2342.0,102801.0,77033.0
2025-06-20 10:17:37.616597,2342.8,102801.0,77033.0
2025-06-20 10:17:37.639114,2342.8,102527.0,76894.0
2025-06-20 10:17:39.623408,2342.3,102527.0,76894.0
2025-06-20 10:17:41.441398,2342.3,103224.0,76582.0
2025-06-20 10:17:42.620451,2342.8,103224.0,76582.0
2025-06-20 10:17:43.688896,2342.3,103224.0,76582.0
2025-06-20 10:17:44.616267,2342.8,103224.0,76582.0
2025-06-20 10:17:45.345214,2342.9,104152.0,75849.0
2025-06-20 10:17:45.618942,2342.6,104152.0,75849.0
2025-06-20 10:17:46.357352,2342.8,103776.0,76199.0
2025-06-20 10:17:46.617772,2342.3,103776.0,76199.0
2025-06-20 10:17:47.346981,2342.3,103765.0,76408.0
2025-06-20 10:17:48.355316,2342.3,103672.0,76428.0
2025-06-20 10:17:48.620037,2342.4,103672.0,76428.0
2025-06-20 10:17:49.365226,2342.8,103887.0,76430.0
2025-06-20 10:17:49.621431,2342.8,103887.0,76430.0
2025-06-20 10:17:50.368146,2342.8,103806.0,76341.0
2025-06-20 10:17:51.238490,2343.0,104335.0,74452.0
2025-06-20 10:17:51.620767,2342.7,104335.0,74452.0
2025-06-20 10:17:53.346026,2343.0,104348.0,74894.0
2025-06-20 10:17:53.623116,2343.0,104348.0,74894.0
2025-06-20 10:17:54.350750,2343.0,103870.0,74878.0
2025-06-20 10:17:54.620457,2343.0,103870.0,74878.0
2025-06-20 10:17:55.357473,2343.0,103482.0,75058.0
2025-06-20 10:17:55.620114,2343.0,103482.0,75058.0
2025-06-20 10:17:56.359778,2343.0,103496.0,74949.0
2025-06-20 10:17:56.622841,2343.0,103496.0,74949.0
2025-06-20 10:17:57.238004,2343.0,103963.0,74593.0
2025-06-20 10:17:57.622686,2343.1,103963.0,74593.0
2025-06-20 10:17:58.140515,2343.1,103459.0,75339.0
2025-06-20 10:17:58.621460,2343.0,103459.0,75339.0
2025-06-20 10:17:59.043225,2343.0,103477.0,75373.0
2025-06-20 10:17:59.620968,2343.1,103477.0,75373.0
2025-06-20 10:18:01.056552,2343.1,103694.0,74976.0
2025-06-20 10:18:01.620379,2343.1,103694.0,74976.0
2025-06-20 10:18:02.040841,2343.0,103876.0,74742.0
2025-06-20 10:18:02.622001,2342.9,103876.0,74742.0
2025-06-20 10:18:03.043046,2342.9,103896.0,74855.0
2025-06-20 10:18:03.942206,2342.9,103863.0,74859.0
2025-06-20 10:18:04.945000,2342.9,104305.0,74747.0
2025-06-20 10:18:05.621186,2343.2,104305.0,74747.0
2025-06-20 10:18:05.953622,2343.2,104287.0,74526.0
2025-06-20 10:18:06.619625,2343.5,104287.0,74526.0
2025-06-20 10:18:06.947087,2343.5,104080.0,74780.0
2025-06-20 10:18:07.857767,2343.5,104078.0,74756.0
2025-06-20 10:18:08.861002,2343.5,104760.0,73612.0
2025-06-20 10:18:09.619302,2343.5,104760.0,73612.0
2025-06-20 10:18:09.746794,2343.5,104758.0,73966.0
2025-06-20 10:18:10.619668,2343.5,104758.0,73966.0
2025-06-20 10:18:10.746730,2343.5,104155.0,73882.0
2025-06-20 10:18:11.748307,2343.5,104433.0,73967.0
2025-06-20 10:18:12.619840,2344.0,104433.0,73967.0
2025-06-20 10:18:12.748491,2344.0,105209.0,73634.0
2025-06-20 10:18:13.618477,2344.0,105209.0,73634.0
2025-06-20 10:18:13.747955,2344.0,105539.0,73872.0
2025-06-20 10:18:14.750462,2344.0,105797.0,73847.0
2025-06-20 10:18:15.618139,2343.9,105797.0,73847.0
2025-06-20 10:18:15.750667,2343.9,103681.0,73609.0
2025-06-20 10:18:16.619540,2343.8,103681.0,73609.0
2025-06-20 10:18:16.753468,2343.8,105076.0,73670.0
2025-06-20 10:18:17.621057,2344.0,105076.0,73670.0
2025-06-20 10:18:17.752367,2344.0,104997.0,73586.0
2025-06-20 10:18:18.620590,2344.0,104997.0,73586.0
2025-06-20 10:18:18.753923,2344.0,105387.0,73461.0
2025-06-20 10:18:19.621041,2344.0,105387.0,73461.0
2025-06-20 10:18:19.754905,2343.1,104617.0,73755.0
2025-06-20 10:18:20.621774,2344.0,104617.0,73755.0
2025-06-20 10:18:20.754830,2344.0,104737.0,73997.0
2025-06-20 10:18:21.660908,2344.0,104527.0,74004.0
2025-06-20 10:18:22.654546,2344.0,104562.0,73966.0
2025-06-20 10:18:23.621047,2344.0,104562.0,73966.0
2025-06-20 10:18:23.664285,2344.0,104608.0,73884.0
2025-06-20 10:18:24.656816,2344.0,104714.0,73924.0
2025-06-20 10:18:25.625812,2343.3,104714.0,73924.0
2025-06-20 10:18:25.660795,2343.3,104603.0,73837.0
2025-06-20 10:18:26.651916,2344.0,104603.0,73837.0
2025-06-20 10:18:26.663499,2344.0,104635.0,73846.0
2025-06-20 10:18:27.621860,2343.3,104635.0,73846.0
2025-06-20 10:18:27.659424,2343.3,104779.0,73975.0
2025-06-20 10:18:28.556536,2343.1,104948.0,74260.0
2025-06-20 10:18:28.623396,2343.1,104948.0,74260.0
2025-06-20 10:18:29.565382,2343.9,104932.0,74265.0
2025-06-20 10:18:29.619947,2343.9,104932.0,74265.0
2025-06-20 10:18:30.570582,2344.0,104694.0,73910.0
2025-06-20 10:18:30.620456,2344.0,104694.0,73910.0
2025-06-20 10:18:31.561162,2343.9,104658.0,74043.0
2025-06-20 10:18:31.626390,2343.9,104658.0,74043.0
2025-06-20 10:18:32.558573,2343.9,104898.0,74073.0
2025-06-20 10:18:32.623597,2343.9,104898.0,74073.0
2025-06-20 10:18:33.558744,2343.9,102842.0,74229.0
2025-06-20 10:18:33.620108,2343.9,102842.0,74229.0
2025-06-20 10:18:34.559750,2343.9,104902.0,74194.0
2025-06-20 10:18:34.630107,2343.9,104902.0,74194.0
2025-06-20 10:18:35.461461,2343.9,104940.0,74211.0
2025-06-20 10:18:35.622715,2343.9,104940.0,74211.0
2025-06-20 10:18:36.460210,2343.9,104940.0,74211.0
2025-06-20 10:18:37.460798,2343.6,105075.0,73912.0
2025-06-20 10:18:37.623296,2343.2,105075.0,73912.0
2025-06-20 10:18:38.462592,2343.2,103796.0,75048.0
2025-06-20 10:18:39.464701,2343.8,104023.0,75031.0
2025-06-20 10:18:39.622920,2343.8,104023.0,75031.0
2025-06-20 10:18:40.462735,2343.8,103863.0,74901.0
2025-06-20 10:18:41.576622,2343.8,103863.0,74901.0
2025-06-20 10:18:41.590952,2343.3,103663.0,74824.0
2025-06-20 10:18:41.621284,2343.3,103663.0,74824.0
2025-06-20 10:18:41.669504,2343.3,103663.0,74824.0
2025-06-20 10:18:42.119704,2343.3,103663.0,74824.0
2025-06-20 10:18:42.528036,2343.3,103917.0,74753.0
2025-06-20 10:18:42.677756,2343.3,103917.0,74753.0
2025-06-20 10:18:42.727192,2343.3,103917.0,74753.0
2025-06-20 10:18:43.300493,2343.3,103917.0,74753.0
2025-06-20 10:18:43.472504,2343.3,103740.0,74743.0
2025-06-20 10:18:43.945224,2343.3,103740.0,74743.0
2025-06-20 10:18:44.434893,2343.3,103740.0,74743.0
2025-06-20 10:18:44.466644,2343.4,103964.0,74720.0
2025-06-20 10:18:44.690361,2343.4,103964.0,74720.0
2025-06-20 10:18:45.013972,2343.4,103964.0,74720.0
2025-06-20 10:18:45.420784,2343.4,103964.0,74720.0
2025-06-20 10:18:45.441139,2343.6,103907.0,74903.0
2025-06-20 10:18:45.639830,2343.7,103907.0,74903.0
2025-06-20 10:18:46.346449,2343.7,103907.0,74903.0
2025-06-20 10:18:46.467483,2343.7,104091.0,75015.0
2025-06-20 10:18:46.624344,2343.2,104091.0,75015.0
2025-06-20 10:18:47.380749,2343.2,104053.0,75083.0
2025-06-20 10:18:47.622587,2343.7,104053.0,75083.0
2025-06-20 10:18:47.678871,2343.7,104053.0,75083.0
2025-06-20 10:18:48.383396,2343.7,104057.0,74844.0
2025-06-20 10:18:48.682231,2343.7,104057.0,74844.0
2025-06-20 10:18:49.382753,2343.6,103950.0,75410.0
2025-06-20 10:18:49.651619,2343.6,103950.0,75410.0
2025-06-20 10:18:50.199484,2343.6,103950.0,75410.0
2025-06-20 10:18:50.383419,2343.3,102982.0,75149.0
2025-06-20 10:18:50.625806,2343.3,102982.0,75149.0
2025-06-20 10:18:51.379223,2343.9,103830.0,74766.0
2025-06-20 10:18:51.458599,2343.9,103830.0,74766.0
2025-06-20 10:18:51.627734,2343.9,103830.0,74766.0
2025-06-20 10:18:52.271446,2343.9,103816.0,74523.0
2025-06-20 10:18:52.713680,2343.9,103816.0,74523.0
2025-06-20 10:18:53.271645,2343.9,103694.0,74774.0
2025-06-20 10:18:53.629211,2343.3,103694.0,74774.0
2025-06-20 10:18:54.276723,2343.9,103646.0,74953.0
2025-06-20 10:18:54.380601,2343.9,103646.0,74953.0
2025-06-20 10:18:54.628821,2343.9,103646.0,74953.0
2025-06-20 10:18:55.271854,2343.9,103767.0,74944.0
2025-06-20 10:18:56.271939,2343.0,103772.0,74493.0
2025-06-20 10:18:56.622464,2343.0,103772.0,74493.0
2025-06-20 10:18:57.271471,2343.0,103830.0,74519.0
2025-06-20 10:18:58.175385,2343.9,103411.0,74658.0
2025-06-20 10:18:58.631749,2343.9,103411.0,74658.0
2025-06-20 10:18:59.174734,2343.8,103460.0,74738.0
2025-06-20 10:18:59.638456,2343.2,103460.0,74738.0
2025-06-20 10:19:00.173345,2343.8,103487.0,75034.0
2025-06-20 10:19:01.175887,2343.1,103137.0,75787.0
2025-06-20 10:19:01.640910,2343.1,103137.0,75787.0
2025-06-20 10:19:02.275674,2342.8,102823.0,76704.0
2025-06-20 10:19:02.638176,2342.8,102823.0,76704.0
2025-06-20 10:19:03.391780,2342.8,102741.0,76280.0
2025-06-20 10:19:04.476271,2342.8,102877.0,76220.0
2025-06-20 10:19:04.640466,2342.6,102877.0,76220.0
2025-06-20 10:19:05.476688,2342.5,103082.0,76353.0
2025-06-20 10:19:05.650306,2342.5,103082.0,76353.0
2025-06-20 10:19:06.584722,2342.5,102766.0,76529.0
2025-06-20 10:19:06.633665,2342.5,102766.0,76529.0
2025-06-20 10:19:07.632945,2342.7,102766.0,76529.0
2025-06-20 10:19:07.676828,2342.7,102950.0,76762.0
2025-06-20 10:19:08.628860,2342.3,102950.0,76762.0
2025-06-20 10:19:08.778026,2342.3,103571.0,76943.0
2025-06-20 10:19:09.778866,2342.0,103490.0,76825.0
2025-06-20 10:19:10.670454,2342.0,103490.0,76825.0
2025-06-20 10:19:10.778891,2342.0,103780.0,76884.0
2025-06-20 10:19:11.641344,2342.0,103780.0,76884.0
2025-06-20 10:19:11.890438,2342.0,101878.0,78102.0
2025-06-20 10:19:12.628689,2341.1,101878.0,78102.0
2025-06-20 10:19:12.980694,2340.6,101650.0,79248.0
2025-06-20 10:19:13.643854,2340.6,101650.0,79248.0
2025-06-20 10:19:14.079848,2340.6,99827.0,79598.0
2025-06-20 10:19:15.180801,2340.5,100913.0,79077.0
2025-06-20 10:19:15.662741,2340.5,100913.0,79077.0
2025-06-20 10:19:16.282247,2340.5,101362.0,79248.0
2025-06-20 10:19:17.416664,2340.7,101849.0,78336.0
2025-06-20 10:19:17.658233,2340.7,101849.0,78336.0
2025-06-20 10:19:18.485562,2341.0,101745.0,78224.0
2025-06-20 10:19:18.739106,2341.0,101745.0,78224.0
2025-06-20 10:19:19.585807,2341.0,102296.0,78182.0
2025-06-20 10:19:20.685505,2341.0,102123.0,78224.0
2025-06-20 10:19:21.786698,2341.0,101353.0,78200.0
2025-06-20 10:19:22.898026,2341.0,101021.0,78440.0
2025-06-20 10:19:23.645143,2341.5,101021.0,78440.0
2025-06-20 10:19:23.989228,2341.7,101124.0,77958.0
2025-06-20 10:19:24.886537,2341.7,101124.0,77958.0
2025-06-20 10:19:24.992222,2341.7,101307.0,78271.0
2025-06-20 10:19:25.693858,2341.1,101307.0,78271.0
2025-06-20 10:19:26.094400,2341.1,100278.0,78238.0
2025-06-20 10:19:27.194354,2341.1,101250.0,78122.0
2025-06-20 10:19:28.295470,2341.1,101382.0,79422.0
2025-06-20 10:19:29.445028,2341.8,101562.0,78798.0
2025-06-20 10:19:29.877738,2341.8,101562.0,78798.0
2025-06-20 10:19:30.497295,2341.8,101619.0,80361.0
2025-06-20 10:19:31.598448,2341.8,101629.0,80292.0
2025-06-20 10:19:32.698957,2341.8,101528.0,80109.0
2025-06-20 10:19:33.695582,2341.5,101528.0,80109.0
2025-06-20 10:19:33.799241,2341.5,101402.0,80402.0
2025-06-20 10:19:34.639225,2341.8,101402.0,80402.0
2025-06-20 10:19:34.935710,2341.8,101778.0,79827.0
2025-06-20 10:19:35.644271,2341.8,101778.0,79827.0
2025-06-20 10:19:35.803678,2341.8,101814.0,80128.0
2025-06-20 10:19:37.003429,2341.8,101783.0,80109.0
2025-06-20 10:19:37.703387,2341.8,101783.0,80109.0
2025-06-20 10:19:38.101861,2341.8,101805.0,80162.0
2025-06-20 10:19:38.637077,2341.8,101805.0,80162.0
2025-06-20 10:19:39.207562,2341.8,101848.0,80157.0
2025-06-20 10:19:39.637154,2341.8,101848.0,80157.0
2025-06-20 10:19:40.310466,2341.8,101517.0,80012.0
2025-06-20 10:19:41.324368,2341.8,101312.0,79918.0
2025-06-20 10:19:41.678417,2341.8,101312.0,79918.0
2025-06-20 10:19:42.308761,2341.8,100284.0,79987.0
2025-06-20 10:19:43.414728,2341.5,101500.0,80415.0
2025-06-20 10:19:43.630725,2341.5,101500.0,80415.0
2025-06-20 10:19:44.508912,2341.5,101564.0,80132.0
2025-06-20 10:19:44.633758,2341.8,101564.0,80132.0
2025-06-20 10:19:45.612359,2341.8,101470.0,80207.0
2025-06-20 10:19:46.642742,2341.8,101470.0,80207.0
2025-06-20 10:19:46.711307,2341.8,101184.0,80162.0
2025-06-20 10:19:47.644530,2341.1,101184.0,80162.0
2025-06-20 10:19:47.724620,2342.0,101218.0,80262.0
2025-06-20 10:19:48.642174,2342.0,101218.0,80262.0
2025-06-20 10:19:48.829398,2342.0,101032.0,80227.0
2025-06-20 10:19:50.026106,2342.0,101229.0,79928.0
2025-06-20 10:19:51.118354,2341.2,101084.0,80141.0
2025-06-20 10:19:51.641833,2341.2,101084.0,80141.0
2025-06-20 10:19:52.220485,2341.2,101035.0,80643.0
2025-06-20 10:19:53.218225,2341.2,101249.0,80774.0
2025-06-20 10:19:54.320760,2341.0,101109.0,80884.0
2025-06-20 10:19:54.646643,2341.6,101109.0,80884.0
2025-06-20 10:19:55.326055,2341.6,101120.0,80417.0
2025-06-20 10:19:56.435356,2341.7,101006.0,80247.0
2025-06-20 10:19:56.636083,2341.7,101006.0,80247.0
2025-06-20 10:19:57.623931,2341.7,101024.0,80245.0
2025-06-20 10:19:58.627461,2341.7,100971.0,80068.0
2025-06-20 10:19:59.628635,2341.7,100126.0,80390.0
2025-06-20 10:19:59.637397,2341.7,100126.0,80390.0
2025-06-20 10:20:01.033069,2341.2,101182.0,79991.0
2025-06-20 10:20:01.637167,2341.2,101182.0,79991.0
2025-06-20 10:20:01.934915,2341.2,100951.0,78687.0
2025-06-20 10:20:02.940315,2341.2,102037.0,78974.0
2025-06-20 10:20:03.635087,2341.7,102037.0,78974.0
2025-06-20 10:20:03.940118,2341.9,103107.0,79113.0
2025-06-20 10:20:04.634255,2341.8,103107.0,79113.0
2025-06-20 10:20:04.944987,2341.8,103268.0,79210.0
2025-06-20 10:20:05.636228,2341.9,103268.0,79210.0
2025-06-20 10:20:05.837144,2341.5,102543.0,79132.0
2025-06-20 10:20:06.634972,2341.5,102543.0,79132.0
2025-06-20 10:20:06.746427,2341.5,102509.0,79328.0
2025-06-20 10:20:07.634077,2341.2,102509.0,79328.0
2025-06-20 10:20:07.751049,2341.2,101853.0,79225.0
2025-06-20 10:20:08.636364,2341.7,101853.0,79225.0
2025-06-20 10:20:08.677578,2341.7,101898.0,79507.0
2025-06-20 10:20:09.537119,2342.0,102022.0,79286.0
2025-06-20 10:20:09.635016,2342.0,102022.0,79286.0
2025-06-20 10:20:10.539246,2341.3,101929.0,79746.0
2025-06-20 10:20:10.634805,2341.3,101929.0,79746.0
2025-06-20 10:20:11.581989,2341.3,101785.0,79619.0
2025-06-20 10:20:12.438498,2341.3,101982.0,79704.0
2025-06-20 10:20:13.537159,2341.3,102029.0,79767.0
2025-06-20 10:20:14.444455,2341.3,101916.0,79763.0
2025-06-20 10:20:15.446850,2341.5,101750.0,79992.0
2025-06-20 10:20:15.635387,2341.4,101750.0,79992.0
2025-06-20 10:20:16.365460,2341.4,101006.0,80651.0
2025-06-20 10:20:16.637095,2341.2,101006.0,80651.0
2025-06-20 10:20:17.346446,2341.4,101215.0,80547.0
2025-06-20 10:20:17.645064,2341.4,101215.0,80547.0
2025-06-20 10:20:18.240463,2341.3,101083.0,80958.0
2025-06-20 10:20:18.635449,2341.3,101083.0,80958.0
2025-06-20 10:20:19.143374,2341.3,101080.0,80987.0
2025-06-20 10:20:19.636433,2341.3,101080.0,80987.0
2025-06-20 10:20:20.143861,2341.3,101345.0,80763.0
2025-06-20 10:20:21.145697,2341.3,101377.0,80656.0
2025-06-20 10:20:21.637007,2341.3,101377.0,80656.0
2025-06-20 10:20:22.044429,2341.3,101643.0,80719.0
2025-06-20 10:20:22.635953,2341.3,101643.0,80719.0
2025-06-20 10:20:23.047758,2341.3,102360.0,79807.0
2025-06-20 10:20:24.044577,2341.4,103041.0,79637.0
2025-06-20 10:20:24.639103,2341.4,103041.0,79637.0
2025-06-20 10:20:25.049813,2341.4,103021.0,79693.0
2025-06-20 10:20:26.048094,2341.5,102975.0,79690.0
2025-06-20 10:20:26.636840,2341.5,102975.0,79690.0
2025-06-20 10:20:27.049271,2341.5,103099.0,79756.0
2025-06-20 10:20:27.697005,2341.4,103099.0,79756.0
2025-06-20 10:20:28.154363,2341.4,103104.0,79681.0
2025-06-20 10:20:28.637960,2341.5,103104.0,79681.0
2025-06-20 10:20:29.051189,2341.6,102844.0,79192.0
2025-06-20 10:20:29.636011,2341.6,102844.0,79192.0
2025-06-20 10:20:29.966742,2341.6,103216.0,79285.0
2025-06-20 10:20:30.637064,2342.0,103216.0,79285.0
2025-06-20 10:20:30.957783,2342.0,104093.0,78002.0
2025-06-20 10:20:31.639986,2342.2,104093.0,78002.0
2025-06-20 10:20:31.954401,2342.2,103084.0,78397.0
2025-06-20 10:20:32.955275,2341.7,103039.0,78295.0
2025-06-20 10:20:33.637487,2341.7,103039.0,78295.0
2025-06-20 10:20:33.969300,2342.3,102671.0,78444.0
2025-06-20 10:20:34.636306,2342.3,102671.0,78444.0
2025-06-20 10:20:34.959455,2342.3,102610.0,78551.0
2025-06-20 10:20:35.636871,2342.3,102610.0,78551.0
2025-06-20 10:20:35.963010,2342.3,102424.0,78601.0
2025-06-20 10:20:36.964437,2342.3,102428.0,78576.0
2025-06-20 10:20:37.642282,2342.3,102428.0,78576.0
2025-06-20 10:20:37.961555,2342.4,102821.0,78483.0
2025-06-20 10:20:38.638199,2342.4,102821.0,78483.0
2025-06-20 10:20:38.974105,2342.4,102746.0,78746.0
2025-06-20 10:20:39.640941,2342.7,102746.0,78746.0
2025-06-20 10:20:39.965647,2342.7,102902.0,78501.0
2025-06-20 10:20:40.966085,2342.7,102806.0,78738.0
2025-06-20 10:20:42.063955,2342.7,102832.0,78680.0
2025-06-20 10:20:43.060635,2342.7,102854.0,78765.0
2025-06-20 10:20:43.639333,2342.7,102854.0,78765.0
2025-06-20 10:20:44.061300,2342.7,102607.0,78881.0
2025-06-20 10:20:44.640255,2342.7,102607.0,78881.0
2025-06-20 10:20:45.061275,2342.7,102802.0,78923.0
2025-06-20 10:20:45.652579,2342.5,102802.0,78923.0
2025-06-20 10:20:46.061790,2342.6,102357.0,79351.0
2025-06-20 10:20:46.639156,2342.5,102357.0,79351.0
2025-06-20 10:20:47.066316,2342.5,102350.0,79395.0
2025-06-20 10:20:47.639387,2342.3,102350.0,79395.0
2025-06-20 10:20:48.164677,2342.6,102378.0,79268.0
2025-06-20 10:20:48.639200,2342.6,102378.0,79268.0
2025-06-20 10:20:49.064087,2342.6,102488.0,79337.0
2025-06-20 10:20:49.693218,2342.6,102488.0,79337.0
2025-06-20 10:20:50.065891,2342.6,102477.0,79334.0
2025-06-20 10:20:51.068130,2342.4,102103.0,79931.0
2025-06-20 10:20:51.638458,2342.4,102103.0,79931.0
2025-06-20 10:20:52.168050,2342.4,102393.0,80080.0
2025-06-20 10:20:52.639893,2342.4,102393.0,80080.0
2025-06-20 10:20:53.167981,2342.4,102643.0,80053.0
2025-06-20 10:20:54.166587,2342.4,102526.0,80144.0
2025-06-20 10:20:55.273626,2342.4,102719.0,80158.0
2025-06-20 10:20:56.273789,2342.4,102747.0,80166.0
2025-06-20 10:20:56.638186,2342.1,102747.0,80166.0
2025-06-20 10:20:57.382989,2342.1,102749.0,80123.0
2025-06-20 10:20:58.470851,2342.1,102810.0,80194.0
2025-06-20 10:20:59.573320,2342.4,102703.0,79981.0
2025-06-20 10:20:59.642786,2342.4,102703.0,79981.0
2025-06-20 10:21:01.182423,2342.1,102969.0,80308.0
2025-06-20 10:21:01.647169,2342.1,102969.0,80308.0
2025-06-20 10:21:02.176322,2342.1,102935.0,80401.0
2025-06-20 10:21:02.650538,2342.0,102935.0,80401.0
2025-06-20 10:21:03.172488,2342.0,103072.0,80338.0
2025-06-20 10:21:03.646311,2342.4,103072.0,80338.0
2025-06-20 10:21:04.072207,2342.4,102868.0,80272.0
2025-06-20 10:21:04.654039,2342.0,102868.0,80272.0
2025-06-20 10:21:05.072708,2342.0,102120.0,81136.0
2025-06-20 10:21:05.644713,2342.1,102120.0,81136.0
2025-06-20 10:21:06.075313,2341.7,102156.0,80891.0
2025-06-20 10:21:06.640382,2341.7,102156.0,80891.0
2025-06-20 10:21:06.975698,2341.7,102190.0,80780.0
2025-06-20 10:21:07.670506,2341.8,102190.0,80780.0
2025-06-20 10:21:08.076367,2341.8,102211.0,80687.0
2025-06-20 10:21:08.642955,2342.1,102211.0,80687.0
2025-06-20 10:21:09.075797,2342.1,102196.0,80714.0
2025-06-20 10:21:10.112884,2342.1,102221.0,80976.0
2025-06-20 10:21:10.644346,2341.8,102221.0,80976.0
2025-06-20 10:21:10.982140,2341.8,102214.0,80904.0
2025-06-20 10:21:11.641547,2342.1,102214.0,80904.0
2025-06-20 10:21:11.989112,2342.1,102239.0,80952.0
2025-06-20 10:21:12.643828,2341.8,102239.0,80952.0
2025-06-20 10:21:12.892403,2341.8,102260.0,80734.0
2025-06-20 10:21:13.654643,2342.1,102260.0,80734.0
2025-06-20 10:21:13.780051,2342.1,102271.0,80738.0
2025-06-20 10:21:14.650522,2341.8,102271.0,80738.0
2025-06-20 10:21:14.793389,2341.8,102374.0,81426.0
2025-06-20 10:21:15.701143,2341.8,102374.0,81426.0
2025-06-20 10:21:15.706633,2341.8,102395.0,81413.0
2025-06-20 10:21:16.654088,2341.9,102395.0,81413.0
2025-06-20 10:21:16.686380,2341.9,102318.0,81326.0
2025-06-20 10:21:17.584028,2341.9,102349.0,81409.0
2025-06-20 10:21:18.583445,2341.9,100330.0,81478.0
2025-06-20 10:21:18.643884,2341.9,100330.0,81478.0
2025-06-20 10:21:19.486275,2341.6,102178.0,81760.0
2025-06-20 10:21:19.644569,2341.4,102178.0,81760.0
2025-06-20 10:21:20.484448,2341.4,102165.0,81867.0
2025-06-20 10:21:20.655550,2341.4,102165.0,81867.0
2025-06-20 10:21:21.615507,2341.6,102172.0,81671.0
2025-06-20 10:21:21.643275,2341.4,102172.0,81671.0
2025-06-20 10:21:22.487303,2341.6,102709.0,81667.0
2025-06-20 10:21:22.647159,2341.4,102709.0,81667.0
2025-06-20 10:21:23.622289,2341.5,102664.0,81821.0
2025-06-20 10:21:23.657740,2341.6,102664.0,81821.0
2025-06-20 10:21:24.410503,2341.6,102702.0,81271.0
2025-06-20 10:21:25.294338,2341.6,103461.0,81234.0
2025-06-20 10:21:25.653282,2341.4,103461.0,81234.0
2025-06-20 10:21:26.292007,2341.5,103300.0,81076.0
2025-06-20 10:21:26.644858,2341.5,103300.0,81076.0
2025-06-20 10:21:27.293019,2341.4,103284.0,81043.0
2025-06-20 10:21:27.642812,2341.5,103284.0,81043.0
2025-06-20 10:21:28.292915,2341.5,103211.0,81190.0
2025-06-20 10:21:29.293221,2341.3,103217.0,80953.0
2025-06-20 10:21:29.650539,2341.5,103217.0,80953.0
2025-06-20 10:21:30.192859,2341.4,103204.0,80866.0
2025-06-20 10:21:30.650030,2341.4,103204.0,80866.0
2025-06-20 10:21:31.194118,2341.5,103199.0,81093.0
2025-06-20 10:21:32.159766,2341.5,103199.0,81093.0
2025-06-20 10:21:33.196911,2341.5,103576.0,81167.0
2025-06-20 10:21:33.648997,2341.2,103576.0,81167.0
2025-06-20 10:21:34.196003,2341.5,103409.0,81112.0
2025-06-20 10:21:34.640867,2341.5,103409.0,81112.0
2025-06-20 10:21:35.094892,2341.5,103433.0,81112.0
2025-06-20 10:21:36.092420,2341.5,103475.0,81049.0
2025-06-20 10:21:36.642802,2341.2,103475.0,81049.0
2025-06-20 10:21:37.115851,2341.2,103294.0,81089.0
2025-06-20 10:21:37.691440,2341.2,103294.0,81089.0
2025-06-20 10:21:37.905202,2341.2,103332.0,81150.0
2025-06-20 10:21:38.793184,2341.2,103292.0,81218.0
2025-06-20 10:21:39.643524,2341.4,103292.0,81218.0
2025-06-20 10:21:39.694616,2341.4,103330.0,81168.0
2025-06-20 10:21:40.694451,2341.4,103360.0,81234.0
2025-06-20 10:21:41.598112,2341.3,103254.0,81221.0
2025-06-20 10:21:41.642530,2341.3,103254.0,81221.0
2025-06-20 10:21:41.835912,2341.3,103254.0,81221.0
2025-06-20 10:21:42.169479,2341.3,103254.0,81221.0
2025-06-20 10:21:42.598576,2341.2,103398.0,81204.0
2025-06-20 10:21:42.658913,2341.2,103398.0,81204.0
2025-06-20 10:21:42.793512,2341.2,103398.0,81204.0
2025-06-20 10:21:43.091439,2341.2,103398.0,81204.0
2025-06-20 10:21:43.501537,2341.2,103609.0,81301.0
2025-06-20 10:21:43.650904,2341.4,103609.0,81301.0
2025-06-20 10:21:43.721053,2341.4,103609.0,81301.0
2025-06-20 10:21:44.434303,2341.4,103609.0,81301.0
2025-06-20 10:21:44.499520,2341.4,103525.0,81313.0
2025-06-20 10:21:44.836094,2341.4,103525.0,81313.0
2025-06-20 10:21:45.456176,2341.4,103525.0,81313.0
2025-06-20 10:21:45.503711,2341.4,103537.0,81223.0
2025-06-20 10:21:45.705500,2341.3,103537.0,81223.0
2025-06-20 10:21:45.822755,2341.3,103537.0,81223.0
2025-06-20 10:21:46.648904,2341.2,103525.0,81263.0
2025-06-20 10:21:46.687756,2341.2,103525.0,81263.0
2025-06-20 10:21:46.822677,2341.2,103525.0,81263.0
2025-06-20 10:21:47.700647,2341.2,103535.0,81204.0
2025-06-20 10:21:48.132759,2341.2,103535.0,81204.0
2025-06-20 10:21:48.806754,2341.4,103556.0,81127.0
2025-06-20 10:21:49.110387,2341.4,103556.0,81127.0
2025-06-20 10:21:49.691430,2341.4,103556.0,81127.0
2025-06-20 10:21:49.703025,2341.4,103579.0,81365.0
2025-06-20 10:21:50.659930,2341.4,103579.0,81365.0
2025-06-20 10:21:50.696258,2341.4,103579.0,81365.0
2025-06-20 10:21:50.721082,2341.4,103602.0,81109.0
2025-06-20 10:21:51.705731,2341.4,103602.0,81146.0
2025-06-20 10:21:51.949782,2341.4,103602.0,81146.0
2025-06-20 10:21:52.706947,2341.4,103602.0,81146.0
2025-06-20 10:21:52.805663,2341.4,103511.0,81241.0
2025-06-20 10:21:53.186197,2341.4,103511.0,81241.0
2025-06-20 10:21:53.642634,2341.4,103511.0,81241.0
2025-06-20 10:21:53.937223,2341.4,103525.0,81234.0
2025-06-20 10:21:54.664332,2341.3,103525.0,81234.0
2025-06-20 10:21:54.790642,2341.3,103525.0,81234.0
2025-06-20 10:21:54.941574,2341.3,103543.0,81341.0
2025-06-20 10:21:56.010573,2341.4,103564.0,81172.0
2025-06-20 10:21:56.657204,2341.3,103564.0,81172.0
2025-06-20 10:21:57.107820,2341.3,103573.0,81211.0
2025-06-20 10:21:57.649922,2341.4,103573.0,81211.0
2025-06-20 10:21:58.109013,2341.4,103543.0,81142.0
2025-06-20 10:21:59.211156,2341.4,103542.0,81198.0
2025-06-20 10:21:59.689702,2341.4,103542.0,81198.0
2025-06-20 10:22:00.210096,2341.4,103543.0,81353.0
2025-06-20 10:22:01.694383,2341.4,103543.0,81353.0
2025-06-20 10:22:04.649535,2341.4,103543.0,81353.0
2025-06-20 10:22:06.713187,2341.4,103785.0,81231.0
2025-06-20 10:22:07.995842,2341.3,103785.0,81231.0
2025-06-20 10:22:11.294099,2341.4,103785.0,81231.0
2025-06-20 10:22:12.516755,2340.7,101211.0,83622.0
2025-06-20 10:22:13.702277,2340.7,101211.0,83622.0
2025-06-20 10:22:16.664692,2340.6,101211.0,83622.0
2025-06-20 10:22:18.818846,2340.3,101837.0,82417.0
2025-06-20 10:22:19.653946,2340.4,101837.0,82417.0
2025-06-20 10:22:22.681518,2340.5,101837.0,82417.0
2025-06-20 10:22:24.949547,2340.7,102008.0,82157.0
2025-06-20 10:22:25.654448,2341.0,102008.0,82157.0
2025-06-20 10:22:28.680041,2341.0,102008.0,82157.0
2025-06-20 10:22:31.182588,2341.0,102005.0,81998.0
2025-06-20 10:22:31.696928,2341.0,102005.0,81998.0
2025-06-20 10:22:36.941192,2341.0,102068.0,82013.0
2025-06-20 10:22:37.657573,2341.0,102068.0,82013.0
2025-06-20 10:22:41.702312,2341.0,102068.0,82013.0
2025-06-20 10:22:42.634300,2341.0,102565.0,82329.0
2025-06-20 10:22:43.663968,2340.8,102565.0,82329.0
2025-06-20 10:22:45.654558,2340.9,102565.0,82329.0
2025-06-20 10:22:47.658700,2340.1,102565.0,82329.0
2025-06-20 10:22:48.242007,2340.1,102138.0,82612.0
2025-06-20 10:22:49.659621,2340.8,102138.0,82612.0
2025-06-20 10:22:51.687400,2341.0,102138.0,82612.0
2025-06-20 10:22:53.658194,2341.9,102138.0,82612.0
2025-06-20 10:22:54.040331,2341.9,102630.0,91273.0
2025-06-20 10:22:55.660079,2341.3,102630.0,91273.0
2025-06-20 10:22:57.657451,2341.8,102630.0,91273.0
2025-06-20 10:23:00.344468,2341.8,102259.0,91294.0
2025-06-20 10:23:01.543586,2341.8,102070.0,91242.0
2025-06-20 10:23:02.543886,2341.8,102073.0,91239.0
2025-06-20 10:23:03.445093,2341.8,102084.0,91201.0
2025-06-20 10:23:04.445827,2341.8,102080.0,91418.0
2025-06-20 10:23:04.660613,2341.8,102080.0,91418.0
2025-06-20 10:23:05.470653,2341.8,102129.0,91433.0
2025-06-20 10:23:05.655704,2341.8,102129.0,91433.0
2025-06-20 10:23:06.350817,2341.6,101748.0,92065.0
2025-06-20 10:23:06.661647,2341.6,101748.0,92065.0
2025-06-20 10:23:07.414370,2341.6,101815.0,91786.0
2025-06-20 10:23:08.255187,2341.6,101804.0,91786.0
2025-06-20 10:23:09.246466,2341.6,101831.0,91828.0
2025-06-20 10:23:10.179023,2341.6,101843.0,91847.0
2025-06-20 10:23:11.047609,2341.6,101852.0,91851.0
2025-06-20 10:23:11.734904,2340.6,101852.0,91851.0
2025-06-20 10:23:12.049868,2340.6,101636.0,92117.0
2025-06-20 10:23:12.659793,2341.6,101636.0,92117.0
2025-06-20 10:23:13.049702,2341.6,101593.0,91928.0
2025-06-20 10:23:14.051624,2341.6,101612.0,91938.0
2025-06-20 10:23:14.656976,2341.6,101612.0,91938.0
2025-06-20 10:23:15.052223,2341.6,101431.0,91786.0
2025-06-20 10:23:16.052891,2340.7,101369.0,91916.0
2025-06-20 10:23:16.656302,2340.7,101369.0,91916.0
2025-06-20 10:23:16.953904,2340.7,101313.0,93108.0
2025-06-20 10:23:17.652836,2340.7,101313.0,93108.0
2025-06-20 10:23:17.972258,2340.7,101285.0,93096.0
2025-06-20 10:23:18.713079,2340.2,101285.0,93096.0
2025-06-20 10:23:19.023216,2340.2,104812.0,93160.0
2025-06-20 10:23:19.666974,2340.1,104812.0,93160.0
2025-06-20 10:23:19.972269,2340.1,105047.0,93241.0
2025-06-20 10:23:20.955400,2340.1,105052.0,93287.0
2025-06-20 10:23:21.863180,2340.1,105114.0,93285.0
2025-06-20 10:23:22.867593,2340.6,104891.0,92268.0
2025-06-20 10:23:23.657601,2340.6,104891.0,92268.0
2025-06-20 10:23:23.864007,2340.6,105216.0,92263.0
2025-06-20 10:23:24.655988,2340.2,105216.0,92263.0
2025-06-20 10:23:24.866556,2340.2,105232.0,92284.0
2025-06-20 10:23:25.661106,2340.2,105232.0,92284.0
2025-06-20 10:23:25.865773,2340.2,105165.0,92003.0
2025-06-20 10:23:26.656838,2340.2,105165.0,92003.0
2025-06-20 10:23:26.760068,2340.2,105093.0,92671.0
2025-06-20 10:23:27.654549,2340.1,105093.0,92671.0
2025-06-20 10:23:27.760294,2340.1,104927.0,92973.0
2025-06-20 10:23:28.674018,2340.6,104927.0,92973.0
2025-06-20 10:23:28.774737,2340.6,104981.0,92175.0
2025-06-20 10:23:29.657353,2340.2,104981.0,92175.0
2025-06-20 10:23:29.665444,2340.2,105006.0,92489.0
2025-06-20 10:23:30.655606,2340.1,105006.0,92489.0
2025-06-20 10:23:30.671387,2340.1,105103.0,92652.0
2025-06-20 10:23:31.683618,2340.1,105103.0,92652.0
2025-06-20 10:23:31.703476,2340.1,104926.0,92738.0
2025-06-20 10:23:32.659395,2340.1,104926.0,92738.0
2025-06-20 10:23:32.678855,2340.1,104640.0,93124.0
2025-06-20 10:23:33.656951,2340.1,104640.0,93124.0
2025-06-20 10:23:33.679230,2340.1,104921.0,93046.0
2025-06-20 10:23:34.564820,2340.0,104397.0,93415.0
2025-06-20 10:23:34.662159,2339.7,104397.0,93415.0
2025-06-20 10:23:35.662984,2339.5,104397.0,93415.0
2025-06-20 10:23:35.698977,2339.5,102859.0,94569.0
2025-06-20 10:23:36.661472,2339.5,102859.0,94569.0
2025-06-20 10:23:36.674892,2339.5,102999.0,93745.0
2025-06-20 10:23:37.568630,2340.0,102992.0,93716.0
2025-06-20 10:23:37.656992,2340.0,102992.0,93716.0
2025-06-20 10:23:38.569546,2339.9,102884.0,94028.0
2025-06-20 10:23:38.659413,2339.9,102884.0,94028.0
2025-06-20 10:23:39.569544,2339.6,102815.0,94353.0
2025-06-20 10:23:39.658868,2339.6,102815.0,94353.0
2025-06-20 10:23:40.582474,2339.6,102827.0,94343.0
2025-06-20 10:23:41.656414,2339.6,102827.0,94343.0
2025-06-20 10:23:42.472144,2339.6,102844.0,94173.0
2025-06-20 10:23:42.658187,2339.6,102844.0,94173.0
2025-06-20 10:23:43.473027,2339.6,102650.0,94247.0
2025-06-20 10:23:44.472700,2339.6,102839.0,94322.0
2025-06-20 10:23:44.663665,2339.5,102839.0,94322.0
2025-06-20 10:23:45.387154,2339.5,102731.0,94554.0
2025-06-20 10:23:45.672400,2339.5,102731.0,94554.0
2025-06-20 10:23:46.273590,2339.5,102680.0,94660.0
2025-06-20 10:23:47.274249,2339.5,102666.0,94482.0
2025-06-20 10:23:48.175895,2339.6,102680.0,94527.0
2025-06-20 10:23:48.669722,2339.6,102680.0,94527.0
2025-06-20 10:23:49.089116,2339.6,102665.0,94501.0
2025-06-20 10:23:50.076185,2339.1,102645.0,94378.0
2025-06-20 10:23:50.661160,2339.1,102645.0,94378.0
2025-06-20 10:23:51.102643,2339.1,102546.0,94332.0
2025-06-20 10:23:52.109527,2339.1,102596.0,94115.0
2025-06-20 10:23:53.108651,2339.6,102662.0,94122.0
2025-06-20 10:23:53.658813,2339.6,102662.0,94122.0
2025-06-20 10:23:54.078164,2339.6,102615.0,94151.0
2025-06-20 10:23:54.666073,2339.6,102615.0,94151.0
2025-06-20 10:23:55.077095,2339.6,102616.0,94175.0
2025-06-20 10:23:56.079230,2339.6,102665.0,94075.0
2025-06-20 10:23:56.661268,2339.2,102665.0,94075.0
2025-06-20 10:23:57.658411,2339.2,102665.0,94075.0
2025-06-20 10:23:57.980500,2339.2,102751.0,94548.0
2025-06-20 10:23:58.659730,2339.1,102751.0,94548.0
2025-06-20 10:23:58.982478,2339.1,102278.0,94839.0
2025-06-20 10:23:59.658521,2339.2,102278.0,94839.0
2025-06-20 10:23:59.898440,2339.2,102384.0,94637.0
2025-06-20 10:24:01.397990,2339.0,102493.0,94521.0
2025-06-20 10:24:01.663142,2338.8,102493.0,94521.0
2025-06-20 10:24:02.629629,2338.8,102495.0,94519.0
2025-06-20 10:24:03.623995,2338.9,102337.0,94531.0
2025-06-20 10:24:03.658753,2338.9,102337.0,94531.0
2025-06-20 10:24:04.587174,2338.9,102721.0,94546.0
2025-06-20 10:24:05.663286,2338.9,102721.0,94546.0
2025-06-20 10:24:05.704369,2338.9,102567.0,94713.0
2025-06-20 10:24:06.664355,2338.2,102567.0,94713.0
2025-06-20 10:24:06.874706,2338.2,102273.0,93766.0
2025-06-20 10:24:07.720095,2338.6,102273.0,93766.0
2025-06-20 10:24:08.407014,2338.6,102149.0,94566.0
2025-06-20 10:24:08.659488,2338.6,102149.0,94566.0
2025-06-20 10:24:09.484665,2338.6,102199.0,94551.0
2025-06-20 10:24:09.765253,2338.6,102199.0,94551.0
2025-06-20 10:24:10.569990,2337.9,102093.0,94555.0
2025-06-20 10:24:10.926967,2337.9,102093.0,94555.0
2025-06-20 10:24:11.590257,2337.9,102280.0,94408.0
2025-06-20 10:24:12.661005,2337.9,102146.0,94435.0
2025-06-20 10:24:14.130228,2337.9,102078.0,94447.0
2025-06-20 10:24:14.715232,2337.9,102113.0,94345.0
2025-06-20 10:24:15.654669,2338.0,102113.0,94345.0
2025-06-20 10:24:15.792184,2338.0,102210.0,93926.0
2025-06-20 10:24:16.746228,2338.0,102210.0,93926.0
2025-06-20 10:24:16.907020,2338.0,102165.0,94187.0
2025-06-20 10:24:17.995723,2338.0,102190.0,94132.0
2025-06-20 10:24:18.699565,2339.0,102190.0,94132.0
2025-06-20 10:24:19.098825,2339.0,104117.0,92487.0
2025-06-20 10:24:20.194491,2339.0,104039.0,92482.0
2025-06-20 10:24:21.197530,2339.0,103484.0,92532.0
2025-06-20 10:24:22.345039,2339.0,103530.0,92618.0
2025-06-20 10:24:23.426256,2339.0,103529.0,92619.0
2025-06-20 10:24:24.498590,2338.6,103364.0,92973.0
2025-06-20 10:24:24.667610,2338.6,103364.0,92973.0
2025-06-20 10:24:25.601162,2339.5,103388.0,92962.0
2025-06-20 10:24:25.668875,2339.5,103388.0,92962.0
2025-06-20 10:24:26.501746,2339.5,103642.0,92994.0
2025-06-20 10:24:26.657768,2339.5,103642.0,92994.0
2025-06-20 10:24:27.601148,2339.5,103669.0,93007.0
2025-06-20 10:24:28.660005,2339.5,103669.0,93007.0
2025-06-20 10:24:28.702365,2339.5,103605.0,92912.0
2025-06-20 10:24:29.665620,2339.5,103605.0,92912.0
2025-06-20 10:24:29.803379,2339.3,103107.0,93297.0
2025-06-20 10:24:30.658561,2339.3,103107.0,93297.0
2025-06-20 10:24:30.941110,2339.3,103097.0,93283.0
2025-06-20 10:24:31.659337,2339.0,103097.0,93283.0
2025-06-20 10:24:32.004727,2339.0,103112.0,93885.0
2025-06-20 10:24:33.003983,2339.0,103507.0,93987.0
2025-06-20 10:24:34.109343,2339.0,103382.0,94087.0
2025-06-20 10:24:35.203959,2339.0,103401.0,94118.0
2025-06-20 10:24:35.658488,2339.0,103401.0,94118.0
2025-06-20 10:24:36.306506,2339.0,103388.0,94090.0
2025-06-20 10:24:37.428965,2339.0,103380.0,94102.0
2025-06-20 10:24:37.658864,2339.0,103380.0,94102.0
2025-06-20 10:24:38.507052,2339.0,103456.0,93988.0
2025-06-20 10:24:38.661717,2339.0,103456.0,93988.0
2025-06-20 10:24:39.607121,2339.0,103459.0,93966.0
2025-06-20 10:24:39.658758,2339.0,103459.0,93966.0
2025-06-20 10:24:40.716927,2339.0,103436.0,93986.0
2025-06-20 10:24:41.662336,2339.0,103436.0,93986.0
2025-06-20 10:24:41.809005,2339.0,103292.0,94002.0
2025-06-20 10:24:42.290858,2339.0,103292.0,94002.0
2025-06-20 10:24:42.658411,2339.0,103292.0,94002.0
2025-06-20 10:24:42.922926,2339.0,103506.0,94023.0
2025-06-20 10:24:42.959650,2339.0,103506.0,94023.0
2025-06-20 10:24:43.496741,2339.0,103506.0,94023.0
2025-06-20 10:24:43.815221,2339.0,103531.0,93951.0
2025-06-20 10:24:44.034943,2339.0,103531.0,93951.0
2025-06-20 10:24:44.946903,2339.0,103597.0,93959.0
2025-06-20 10:24:45.056696,2339.0,103597.0,93959.0
2025-06-20 10:24:45.660029,2339.3,103597.0,93959.0
2025-06-20 10:24:46.009890,2339.3,105081.0,92231.0
2025-06-20 10:24:46.076311,2339.3,105081.0,92231.0
2025-06-20 10:24:46.658974,2339.4,105081.0,92231.0
2025-06-20 10:24:47.113408,2339.4,104696.0,92355.0
2025-06-20 10:24:47.648019,2339.4,104696.0,92355.0
2025-06-20 10:24:47.702822,2339.4,104696.0,92355.0
2025-06-20 10:24:48.210650,2339.4,104655.0,92345.0
2025-06-20 10:24:48.660388,2339.4,104655.0,92345.0
2025-06-20 10:24:48.784258,2339.4,104655.0,92345.0
2025-06-20 10:24:49.211838,2339.4,104752.0,92250.0
2025-06-20 10:24:49.783640,2339.4,104752.0,92250.0
2025-06-20 10:24:50.210784,2339.4,104772.0,92286.0
2025-06-20 10:24:50.659731,2339.4,104772.0,92286.0
2025-06-20 10:24:51.292670,2339.4,104772.0,92286.0
2025-06-20 10:24:51.326869,2339.2,104541.0,92317.0
2025-06-20 10:24:51.658492,2339.2,104541.0,92317.0
2025-06-20 10:24:52.425862,2339.2,104537.0,92357.0
2025-06-20 10:24:52.568739,2339.2,104537.0,92357.0
2025-06-20 10:24:53.514159,2339.4,104695.0,92308.0
2025-06-20 10:24:53.666470,2339.4,104695.0,92308.0
2025-06-20 10:24:53.832638,2339.4,104695.0,92308.0
2025-06-20 10:24:54.613673,2339.4,104490.0,92316.0
2025-06-20 10:24:55.423071,2339.4,104490.0,92316.0
2025-06-20 10:24:55.681480,2339.4,104490.0,92316.0
2025-06-20 10:24:55.721712,2339.4,104496.0,92274.0
2025-06-20 10:24:56.815531,2339.4,104389.0,92296.0
2025-06-20 10:24:57.664631,2339.4,104389.0,92296.0
2025-06-20 10:24:57.927888,2339.4,104271.0,92114.0
2025-06-20 10:24:59.014455,2339.4,104399.0,92221.0
2025-06-20 10:25:00.116602,2339.4,104391.0,92234.0
2025-06-20 10:25:01.233918,2339.4,104172.0,92279.0
2025-06-20 10:25:01.665272,2339.4,104172.0,92279.0
2025-06-20 10:25:03.669943,2339.4,104172.0,92279.0
2025-06-20 10:25:05.658899,2339.4,104172.0,92279.0
2025-06-20 10:25:07.329256,2339.4,104030.0,92283.0
2025-06-20 10:25:07.667020,2339.4,104030.0,92283.0
2025-06-20 10:25:12.670724,2339.4,104030.0,92283.0
2025-06-20 10:25:13.530209,2339.4,103213.0,93146.0
2025-06-20 10:25:15.665018,2339.4,103213.0,93146.0
2025-06-20 10:25:18.664434,2339.3,103213.0,93146.0
2025-06-20 10:25:19.718049,2339.3,103156.0,92967.0
2025-06-20 10:25:21.658332,2339.4,103156.0,92967.0
2025-06-20 10:25:24.670239,2339.1,103156.0,92967.0
2025-06-20 10:25:25.746594,2339.1,102927.0,93155.0
2025-06-20 10:25:27.711323,2339.2,102927.0,93155.0
2025-06-20 10:25:30.667154,2339.2,102927.0,93155.0
2025-06-20 10:25:31.736771,2339.2,102957.0,93470.0
2025-06-20 10:25:36.665728,2339.0,102957.0,93470.0
2025-06-20 10:25:38.145001,2339.0,103200.0,93433.0
2025-06-20 10:25:42.692101,2339.2,103200.0,93433.0
2025-06-20 10:25:44.351800,2339.2,102598.0,93725.0
2025-06-20 10:25:45.664054,2339.2,102598.0,93725.0
2025-06-20 10:25:48.676206,2339.0,102598.0,93725.0
2025-06-20 10:25:50.463352,2339.0,103290.0,93691.0
2025-06-20 10:25:51.676431,2338.7,103290.0,93691.0
2025-06-20 10:25:54.671535,2339.0,103290.0,93691.0
2025-06-20 10:25:56.467706,2339.0,103275.0,93225.0
2025-06-20 10:25:57.673583,2339.0,103275.0,93225.0
2025-06-20 10:26:00.658433,2338.7,103275.0,93225.0
2025-06-20 10:26:02.164454,2339.0,103583.0,93064.0
2025-06-20 10:26:03.671499,2339.0,103583.0,93064.0
2025-06-20 10:26:06.667487,2338.7,103583.0,93064.0
2025-06-20 10:26:08.367169,2338.7,103327.0,92922.0
2025-06-20 10:26:09.670472,2338.9,103327.0,92922.0
2025-06-20 10:26:12.664151,2338.9,103327.0,92922.0
2025-06-20 10:26:14.772591,2338.9,103426.0,92991.0
2025-06-20 10:26:15.668443,2338.9,103426.0,92991.0
2025-06-20 10:26:18.670483,2338.9,103426.0,92991.0
2025-06-20 10:26:20.981147,2338.9,103230.0,93374.0
2025-06-20 10:26:21.667756,2338.9,103230.0,93374.0
2025-06-20 10:26:24.668540,2338.9,103230.0,93374.0
2025-06-20 10:26:27.282136,2338.7,103075.0,93549.0
2025-06-20 10:26:27.683899,2338.7,103075.0,93549.0
2025-06-20 10:26:30.679882,2338.9,103075.0,93549.0
2025-06-20 10:26:33.295418,2338.9,102972.0,93536.0
2025-06-20 10:26:33.667308,2338.8,102972.0,93536.0
2025-06-20 10:26:36.675448,2338.8,102972.0,93536.0
2025-06-20 10:26:39.679220,2339.0,102972.0,93536.0
2025-06-20 10:26:39.723417,2339.0,102938.0,93245.0
2025-06-20 10:26:42.710204,2339.0,102938.0,93245.0
2025-06-20 10:26:45.672701,2338.7,102938.0,93245.0
2025-06-20 10:26:46.098741,2338.7,102401.0,92949.0
2025-06-20 10:26:48.669407,2338.9,102401.0,92949.0
2025-06-20 10:26:51.745224,2338.9,102401.0,92949.0
2025-06-20 10:26:52.205988,2338.9,103339.0,92905.0
2025-06-20 10:26:54.704682,2338.8,103339.0,92905.0
2025-06-20 10:26:57.699292,2338.7,103339.0,92905.0
2025-06-20 10:26:58.417920,2338.6,102717.0,93237.0
2025-06-20 10:27:00.663084,2338.9,102717.0,93237.0
2025-06-20 10:27:01.219235,2339.0,102891.0,93153.0
2025-06-20 10:27:01.688866,2339.0,102891.0,93153.0
2025-06-20 10:27:02.308109,2338.7,102910.0,93163.0
2025-06-20 10:27:02.767318,2338.7,102910.0,93163.0
2025-06-20 10:27:03.423560,2338.7,103141.0,93124.0
2025-06-20 10:27:04.523361,2338.7,103151.0,93326.0
2025-06-20 10:27:05.610469,2338.7,103126.0,93300.0
2025-06-20 10:27:06.612887,2338.7,103196.0,93238.0
2025-06-20 10:27:06.700577,2338.7,103196.0,93238.0
2025-06-20 10:27:07.612463,2339.0,103346.0,93089.0
2025-06-20 10:27:07.690430,2339.0,103346.0,93089.0
2025-06-20 10:27:08.612066,2339.0,103358.0,93140.0
2025-06-20 10:27:09.688558,2339.3,103358.0,93140.0
2025-06-20 10:27:09.724867,2339.3,104117.0,92092.0
2025-06-20 10:27:10.684620,2339.2,104117.0,92092.0
2025-06-20 10:27:10.751157,2339.2,103722.0,92356.0
2025-06-20 10:27:11.673042,2339.0,103722.0,92356.0
2025-06-20 10:27:11.814805,2339.0,103735.0,92405.0
2025-06-20 10:27:12.950417,2339.0,103769.0,92354.0
2025-06-20 10:27:14.153263,2339.0,103791.0,92356.0
2025-06-20 10:27:14.671265,2339.0,103791.0,92356.0
2025-06-20 10:27:15.116703,2339.5,104469.0,91463.0
2025-06-20 10:27:15.665015,2339.6,104469.0,91463.0
2025-06-20 10:27:16.221951,2339.6,104064.0,91534.0
2025-06-20 10:27:17.317579,2339.6,103957.0,91546.0
2025-06-20 10:27:18.316501,2339.6,103781.0,91745.0
2025-06-20 10:27:19.455867,2339.6,103848.0,91749.0
2025-06-20 10:27:20.523897,2340.1,103833.0,91847.0
2025-06-20 10:27:20.671304,2340.1,103833.0,91847.0
2025-06-20 10:27:21.619557,2340.0,103631.0,91772.0
2025-06-20 10:27:21.664298,2340.0,103631.0,91772.0
2025-06-20 10:27:22.732345,2340.0,103512.0,91840.0
2025-06-20 10:27:24.135245,2340.0,103512.0,91840.0
2025-06-20 10:27:24.170972,2340.0,104433.0,91541.0
2025-06-20 10:27:25.344657,2340.3,104433.0,91541.0
2025-06-20 10:27:25.476148,2340.0,103426.0,92005.0
2025-06-20 10:27:25.674993,2340.0,103426.0,92005.0
2025-06-20 10:27:26.623765,2340.0,101821.0,93367.0
2025-06-20 10:27:26.668205,2340.0,101821.0,93367.0
2025-06-20 10:27:27.670932,2339.7,101821.0,93367.0
2025-06-20 10:27:28.124313,2339.7,102226.0,93162.0
2025-06-20 10:27:28.686764,2339.7,102226.0,93162.0
2025-06-20 10:27:29.229814,2339.7,102547.0,93042.0
2025-06-20 10:27:30.226895,2339.4,102704.0,93028.0
2025-06-20 10:27:31.344273,2339.4,102704.0,93028.0
2025-06-20 10:27:31.353512,2339.4,102731.0,93132.0
2025-06-20 10:27:32.234651,2339.4,102797.0,93233.0
2025-06-20 10:27:33.331739,2339.4,102733.0,93186.0
2025-06-20 10:27:34.535530,2339.4,102759.0,93168.0
2025-06-20 10:27:34.690837,2339.3,102759.0,93168.0
2025-06-20 10:27:35.538350,2339.3,102520.0,93651.0
2025-06-20 10:27:35.668372,2339.3,102520.0,93651.0
2025-06-20 10:27:36.632938,2339.3,102673.0,93631.0
2025-06-20 10:27:36.691289,2339.3,102673.0,93631.0
2025-06-20 10:27:37.555856,2339.3,102683.0,93478.0
2025-06-20 10:27:38.681491,2339.3,102694.0,93510.0
2025-06-20 10:27:39.749835,2339.3,102543.0,93521.0
2025-06-20 10:27:40.682623,2339.3,102543.0,93521.0
2025-06-20 10:27:40.845634,2339.3,102453.0,93441.0
2025-06-20 10:27:41.952698,2339.3,102719.0,93808.0
2025-06-20 10:27:42.663516,2339.3,102719.0,93808.0
2025-06-20 10:27:43.021245,2339.3,102719.0,93808.0
2025-06-20 10:27:43.054020,2338.8,102510.0,93887.0
2025-06-20 10:27:43.322223,2338.8,102510.0,93887.0
2025-06-20 10:27:43.677405,2338.8,102510.0,93887.0
2025-06-20 10:27:43.688126,2338.8,102510.0,93887.0
2025-06-20 10:27:44.041548,2338.7,102741.0,93852.0
2025-06-20 10:27:44.238601,2338.7,102741.0,93852.0
2025-06-20 10:27:44.670252,2338.7,102741.0,93852.0
2025-06-20 10:27:45.144037,2338.8,102774.0,93771.0
2025-06-20 10:27:45.268588,2338.8,102774.0,93771.0
2025-06-20 10:27:45.678109,2338.8,102774.0,93771.0
2025-06-20 10:27:45.738854,2338.8,102774.0,93771.0
2025-06-20 10:27:46.244376,2338.8,102719.0,93837.0
2025-06-20 10:27:46.285923,2338.8,102719.0,93837.0
2025-06-20 10:27:46.673137,2338.7,102719.0,93837.0
2025-06-20 10:27:46.736705,2338.7,102719.0,93837.0
2025-06-20 10:27:47.345878,2338.6,102501.0,93817.0
2025-06-20 10:27:47.687297,2338.6,102501.0,93817.0
2025-06-20 10:27:47.721671,2338.6,102501.0,93817.0
2025-06-20 10:27:48.459543,2338.5,101031.0,94553.0
2025-06-20 10:27:48.676670,2338.6,101031.0,94553.0
2025-06-20 10:27:49.006633,2338.6,101031.0,94553.0
2025-06-20 10:27:49.546317,2338.0,101259.0,94383.0
2025-06-20 10:27:49.677449,2338.0,101259.0,94383.0
2025-06-20 10:27:50.018346,2338.0,101259.0,94383.0
2025-06-20 10:27:50.549128,2338.2,101703.0,94405.0
2025-06-20 10:27:50.677387,2338.2,101703.0,94405.0
2025-06-20 10:27:51.502812,2338.2,101703.0,94405.0
2025-06-20 10:27:51.553619,2338.2,101557.0,94497.0
2025-06-20 10:27:51.679281,2337.6,101557.0,94497.0
2025-06-20 10:27:52.675386,2337.6,101557.0,94497.0
2025-06-20 10:27:52.834930,2337.6,101557.0,94497.0
2025-06-20 10:27:53.249915,2337.9,101246.0,94624.0
2025-06-20 10:27:53.670517,2337.7,101246.0,94624.0
2025-06-20 10:27:54.021665,2337.7,101246.0,94624.0
2025-06-20 10:27:54.349279,2337.7,101666.0,94560.0
2025-06-20 10:27:54.680372,2337.7,101666.0,94560.0
2025-06-20 10:27:55.484499,2337.7,101710.0,94533.0
2025-06-20 10:27:55.613391,2337.7,101710.0,94533.0
2025-06-20 10:27:55.707337,2337.7,101710.0,94533.0
2025-06-20 10:27:56.485250,2337.7,101709.0,94428.0
2025-06-20 10:27:57.553693,2337.7,101766.0,94474.0
2025-06-20 10:27:58.565840,2337.5,101829.0,94513.0
2025-06-20 10:27:58.671015,2337.9,101829.0,94513.0
2025-06-20 10:27:59.553899,2337.9,102192.0,94414.0
2025-06-20 10:27:59.669204,2337.9,102192.0,94414.0
2025-06-20 10:28:01.157318,2337.8,101391.0,94457.0
2025-06-20 10:28:01.717354,2337.8,101391.0,94457.0
2025-06-20 10:28:02.263296,2337.8,101406.0,94521.0
2025-06-20 10:28:02.670561,2337.7,101406.0,94521.0
2025-06-20 10:28:03.156766,2337.7,101541.0,94672.0
2025-06-20 10:28:04.269792,2337.8,102746.0,94302.0
2025-06-20 10:28:04.671804,2337.5,102746.0,94302.0
2025-06-20 10:28:05.359731,2337.8,102459.0,94295.0
2025-06-20 10:28:05.673050,2337.9,102459.0,94295.0
2025-06-20 10:28:06.469421,2337.5,102498.0,93984.0
2025-06-20 10:28:06.673486,2337.5,102498.0,93984.0
2025-06-20 10:28:07.472725,2337.5,102500.0,94599.0
2025-06-20 10:28:08.562765,2337.9,102514.0,94593.0
2025-06-20 10:28:08.672383,2337.9,102514.0,94593.0
2025-06-20 10:28:09.664116,2337.9,102306.0,94807.0
2025-06-20 10:28:10.673726,2338.1,102306.0,94807.0
2025-06-20 10:28:10.763654,2338.1,101869.0,94538.0
2025-06-20 10:28:11.669721,2338.1,101869.0,94538.0
2025-06-20 10:28:11.863862,2338.1,101721.0,94694.0
2025-06-20 10:28:12.674055,2338.1,101721.0,94694.0
2025-06-20 10:28:13.061767,2338.1,101702.0,94603.0
2025-06-20 10:28:13.675343,2338.1,101702.0,94603.0
2025-06-20 10:28:14.163351,2338.1,101845.0,94570.0
2025-06-20 10:28:14.671717,2338.1,101845.0,94570.0
2025-06-20 10:28:15.276446,2338.1,102460.0,94676.0
2025-06-20 10:28:15.674141,2338.1,102460.0,94676.0
2025-06-20 10:28:16.366600,2338.2,102763.0,93413.0
2025-06-20 10:28:16.670387,2338.2,102763.0,93413.0
2025-06-20 10:28:17.478876,2338.2,102328.0,93811.0
2025-06-20 10:28:18.566786,2338.2,101919.0,93779.0
2025-06-20 10:28:19.571614,2338.2,102309.0,93591.0
2025-06-20 10:28:19.738727,2338.1,102309.0,93591.0
2025-06-20 10:28:20.674434,2338.2,102309.0,93591.0
2025-06-20 10:28:20.767651,2338.2,102003.0,93942.0
2025-06-20 10:28:21.768374,2338.2,102242.0,94246.0
2025-06-20 10:28:22.716939,2338.3,102242.0,94246.0
2025-06-20 10:28:22.770986,2338.3,102855.0,93567.0
2025-06-20 10:28:23.691859,2339.4,102855.0,93567.0
2025-06-20 10:28:23.884503,2339.4,102226.0,93488.0
2025-06-20 10:28:24.982945,2339.4,101805.0,93508.0
2025-06-20 10:28:26.074950,2339.4,101876.0,93557.0
2025-06-20 10:28:27.182548,2339.4,102031.0,93460.0
2025-06-20 10:28:28.279305,2339.4,102035.0,93556.0
2025-06-20 10:28:29.378660,2339.4,101992.0,93559.0
2025-06-20 10:28:30.484024,2339.4,102095.0,93009.0
2025-06-20 10:28:30.673426,2339.4,102095.0,93009.0
2025-06-20 10:28:31.580636,2339.4,102163.0,92913.0
2025-06-20 10:28:32.674391,2339.4,102163.0,92913.0
2025-06-20 10:28:32.706946,2339.4,102045.0,93198.0
2025-06-20 10:28:33.699265,2339.4,101977.0,93546.0
2025-06-20 10:28:34.695095,2339.4,102050.0,93457.0
2025-06-20 10:28:35.675552,2339.3,102050.0,93457.0
2025-06-20 10:28:35.716285,2339.3,102064.0,93487.0
2025-06-20 10:28:36.685045,2339.0,102064.0,93487.0
2025-06-20 10:28:36.784068,2339.0,102076.0,93494.0
2025-06-20 10:28:38.133844,2339.0,102082.0,93447.0
2025-06-20 10:28:39.127229,2339.0,102079.0,93445.0
2025-06-20 10:28:39.693782,2339.0,102079.0,93445.0
2025-06-20 10:28:39.985287,2339.0,102001.0,93668.0
2025-06-20 10:28:41.086963,2339.0,102546.0,93608.0
2025-06-20 10:28:42.090477,2339.0,102566.0,93608.0
2025-06-20 10:28:43.185344,2339.0,102714.0,93446.0
2025-06-20 10:28:43.674790,2338.7,102714.0,93446.0
2025-06-20 10:28:44.186644,2339.0,102613.0,93482.0
2025-06-20 10:28:44.673565,2339.0,102613.0,93482.0
2025-06-20 10:28:45.189166,2339.0,103137.0,92729.0
2025-06-20 10:28:45.681101,2339.0,103137.0,92729.0
2025-06-20 10:28:46.188556,2339.0,103299.0,92469.0
2025-06-20 10:28:46.676953,2339.1,103299.0,92469.0
2025-06-20 10:28:47.300106,2339.1,103291.0,92629.0
2025-06-20 10:28:47.674483,2339.2,103291.0,92629.0
2025-06-20 10:28:48.392166,2339.2,102962.0,92720.0
2025-06-20 10:28:49.493350,2339.0,102911.0,92530.0
2025-06-20 10:28:49.686367,2339.0,102911.0,92530.0
2025-06-20 10:28:50.705420,2339.3,103820.0,92229.0
2025-06-20 10:28:50.738716,2339.3,103820.0,92229.0
2025-06-20 10:28:51.679058,2339.6,103820.0,92229.0
2025-06-20 10:28:51.710861,2339.6,103812.0,92021.0
2025-06-20 10:28:52.696608,2339.6,103699.0,91898.0
2025-06-20 10:28:53.790356,2339.6,103593.0,92200.0
2025-06-20 10:28:54.894403,2339.6,104020.0,92199.0
2025-06-20 10:28:55.671454,2339.9,104020.0,92199.0
2025-06-20 10:28:55.993440,2339.9,103273.0,92284.0
2025-06-20 10:28:57.095176,2339.9,103347.0,92360.0
2025-06-20 10:28:57.686791,2339.9,103347.0,92360.0
2025-06-20 10:28:58.195921,2339.9,103226.0,92305.0
2025-06-20 10:28:58.678791,2339.9,103226.0,92305.0
2025-06-20 10:28:59.295772,2340.0,103266.0,91964.0
2025-06-20 10:28:59.674294,2340.2,103266.0,91964.0
2025-06-20 10:29:00.399511,2340.3,103735.0,91575.0
2025-06-20 10:29:01.594769,2340.8,103947.0,91282.0
2025-06-20 10:29:01.672951,2340.8,103947.0,91282.0
2025-06-20 10:29:02.704731,2340.8,104141.0,91091.0
2025-06-20 10:29:03.793882,2340.8,104129.0,91022.0
2025-06-20 10:29:04.795557,2340.7,104537.0,90536.0
2025-06-20 10:29:05.674178,2340.9,104537.0,90536.0
2025-06-20 10:29:05.796565,2340.9,104064.0,90946.0
2025-06-20 10:29:06.795825,2340.9,104182.0,91124.0
2025-06-20 10:29:07.672983,2341.0,104182.0,91124.0
2025-06-20 10:29:07.796790,2341.0,103843.0,91027.0
2025-06-20 10:29:08.798082,2341.0,103756.0,91161.0
2025-06-20 10:29:09.713123,2341.0,103849.0,91072.0
2025-06-20 10:29:10.677665,2341.6,103849.0,91072.0
2025-06-20 10:29:10.708888,2341.6,104089.0,90395.0
2025-06-20 10:29:11.682349,2341.6,104089.0,90395.0
2025-06-20 10:29:11.715642,2341.6,104207.0,90628.0
2025-06-20 10:29:12.723169,2341.6,104182.0,90494.0
2025-06-20 10:29:13.712576,2341.6,104174.0,90522.0
2025-06-20 10:29:14.673912,2341.1,104174.0,90522.0
2025-06-20 10:29:14.717485,2341.1,103737.0,90882.0
2025-06-20 10:29:15.677869,2341.5,103737.0,90882.0
2025-06-20 10:29:15.716912,2341.5,103678.0,90881.0
2025-06-20 10:29:16.716441,2341.5,103657.0,90898.0
2025-06-20 10:29:17.738969,2341.5,103645.0,90912.0
2025-06-20 10:29:18.966155,2341.5,103645.0,90912.0
2025-06-20 10:29:18.990575,2341.5,103755.0,90782.0
2025-06-20 10:29:19.806671,2341.5,103996.0,90759.0
2025-06-20 10:29:20.676428,2341.5,103996.0,90759.0
2025-06-20 10:29:20.808916,2341.5,103969.0,90681.0
2025-06-20 10:29:21.675280,2341.5,103969.0,90681.0
2025-06-20 10:29:21.718961,2341.5,104293.0,90511.0
2025-06-20 10:29:22.689529,2341.6,104293.0,90511.0
2025-06-20 10:29:22.721576,2341.6,104209.0,90373.0
2025-06-20 10:29:23.720439,2341.6,104179.0,90389.0
2025-06-20 10:29:24.812308,2341.6,104126.0,90403.0
2025-06-20 10:29:25.676629,2342.1,104126.0,90403.0
2025-06-20 10:29:25.931328,2342.4,103658.0,90341.0
2025-06-20 10:29:26.676669,2342.4,103658.0,90341.0
2025-06-20 10:29:27.022706,2342.4,103467.0,90405.0
2025-06-20 10:29:27.680534,2342.4,103467.0,90405.0
2025-06-20 10:29:28.159285,2342.4,103453.0,90537.0
2025-06-20 10:29:29.047372,2342.4,103427.0,90571.0
2025-06-20 10:29:30.042780,2342.4,104452.0,89419.0
2025-06-20 10:29:30.721443,2342.4,104452.0,89419.0
2025-06-20 10:29:31.118480,2342.0,103482.0,90933.0
2025-06-20 10:29:31.678379,2341.6,103482.0,90933.0
2025-06-20 10:29:32.118503,2341.6,103050.0,90887.0
2025-06-20 10:29:33.219765,2341.6,103124.0,91001.0
2025-06-20 10:29:34.320441,2341.7,103102.0,91003.0
2025-06-20 10:29:34.674779,2341.7,103102.0,91003.0
2025-06-20 10:29:35.435251,2341.7,103068.0,91432.0
2025-06-20 10:29:36.536243,2341.7,103147.0,91103.0
2025-06-20 10:29:37.623708,2341.7,103098.0,90957.0
2025-06-20 10:29:38.735750,2341.7,103201.0,90598.0
2025-06-20 10:29:39.679597,2341.2,103201.0,90598.0
2025-06-20 10:29:39.737058,2341.2,103377.0,90285.0
2025-06-20 10:29:40.677265,2341.6,103377.0,90285.0
2025-06-20 10:29:40.825679,2341.6,103372.0,90474.0
2025-06-20 10:29:41.684249,2341.2,103372.0,90474.0
2025-06-20 10:29:41.940765,2341.2,103319.0,90892.0
2025-06-20 10:29:43.037729,2341.2,103344.0,91091.0
2025-06-20 10:29:44.127839,2341.2,103302.0,90791.0
2025-06-20 10:29:44.752492,2341.2,103302.0,90791.0
2025-06-20 10:29:45.082516,2341.2,103316.0,90763.0
2025-06-20 10:29:46.094714,2341.2,103319.0,90748.0
2025-06-20 10:29:47.166654,2341.7,103268.0,90988.0
2025-06-20 10:29:47.680284,2341.6,103268.0,90988.0
2025-06-20 10:29:48.230550,2341.6,103250.0,90777.0
2025-06-20 10:29:48.676234,2341.5,103250.0,90777.0
2025-06-20 10:29:49.329459,2341.5,103099.0,90809.0
2025-06-20 10:29:50.330176,2341.5,103200.0,90864.0
2025-06-20 10:29:51.334043,2341.5,103260.0,91046.0
2025-06-20 10:29:51.708925,2341.5,103260.0,91046.0
2025-06-20 10:29:52.331702,2341.5,103271.0,90973.0
2025-06-20 10:29:52.678689,2341.5,103271.0,90973.0
2025-06-20 10:29:53.353487,2341.5,103222.0,91016.0
2025-06-20 10:29:54.444457,2341.5,103232.0,91016.0
2025-06-20 10:29:55.658446,2341.5,103302.0,90522.0
2025-06-20 10:29:55.708495,2341.5,103302.0,90522.0
2025-06-20 10:29:56.481770,2341.5,103391.0,90719.0
2025-06-20 10:29:57.534357,2341.5,103321.0,90754.0
2025-06-20 10:29:57.679764,2341.5,103321.0,90754.0
2025-06-20 10:29:58.636369,2341.5,103330.0,90805.0
2025-06-20 10:29:59.739542,2341.5,103340.0,90857.0
2025-06-20 10:30:01.392695,2341.5,103360.0,90868.0
2025-06-20 10:30:01.678890,2341.5,103360.0,90868.0
2025-06-20 10:30:02.340562,2341.5,103391.0,90842.0
2025-06-20 10:30:02.681756,2341.5,103391.0,90842.0
2025-06-20 10:30:03.351514,2341.5,103389.0,90844.0
2025-06-20 10:30:04.342752,2341.5,103402.0,90772.0
2025-06-20 10:30:04.674568,2341.5,103402.0,90772.0
2025-06-20 10:30:05.472264,2341.5,103416.0,90772.0
2025-06-20 10:30:05.699739,2341.5,103416.0,90772.0
2025-06-20 10:30:06.486226,2341.5,103402.0,90676.0
2025-06-20 10:30:06.680015,2341.5,103402.0,90676.0
2025-06-20 10:30:07.542957,2341.4,103288.0,90769.0
2025-06-20 10:30:07.686939,2341.4,103288.0,90769.0
2025-06-20 10:30:08.546497,2341.5,103445.0,90866.0
2025-06-20 10:30:08.673917,2341.4,103445.0,90866.0
2025-06-20 10:30:09.627403,2341.5,103468.0,90835.0
2025-06-20 10:30:09.744490,2341.5,103468.0,90835.0
2025-06-20 10:30:10.549860,2341.4,103821.0,91008.0
2025-06-20 10:30:10.703651,2341.4,103821.0,91008.0
2025-06-20 10:30:11.549949,2341.4,103776.0,90988.0
2025-06-20 10:30:12.549220,2341.4,103784.0,90978.0
2025-06-20 10:30:12.686519,2341.3,103784.0,90978.0
2025-06-20 10:30:13.550616,2341.3,103761.0,91133.0
2025-06-20 10:30:13.723843,2341.3,103761.0,91133.0
2025-06-20 10:30:14.479631,2341.3,103749.0,91125.0
2025-06-20 10:30:14.692490,2341.3,103749.0,91125.0
2025-06-20 10:30:15.550942,2341.3,103750.0,91126.0
2025-06-20 10:30:15.698702,2341.3,103750.0,91126.0
2025-06-20 10:30:16.729977,2341.3,103742.0,91126.0
2025-06-20 10:30:17.691033,2341.4,103742.0,91126.0
2025-06-20 10:30:17.750482,2341.4,103744.0,91110.0
2025-06-20 10:30:18.789842,2341.4,103744.0,91110.0
2025-06-20 10:30:18.850904,2341.4,103726.0,91009.0
2025-06-20 10:30:19.697456,2341.3,103726.0,91009.0
2025-06-20 10:30:19.755838,2341.4,103741.0,91143.0
2025-06-20 10:30:20.681878,2341.4,103741.0,91143.0
2025-06-20 10:30:20.856425,2341.4,103845.0,91150.0
2025-06-20 10:30:21.968012,2341.4,103875.0,91271.0
2025-06-20 10:30:22.679025,2341.4,103875.0,91271.0
2025-06-20 10:30:23.055007,2341.4,103880.0,90991.0
2025-06-20 10:30:24.153428,2341.4,103895.0,91242.0
2025-06-20 10:30:25.255348,2341.4,103908.0,90993.0
2025-06-20 10:30:26.256747,2341.4,103890.0,91047.0
2025-06-20 10:30:27.357125,2341.3,103889.0,91351.0
2025-06-20 10:30:27.701665,2341.3,103889.0,91351.0
2025-06-20 10:30:28.471095,2340.9,102749.0,91948.0
2025-06-20 10:30:28.696762,2340.8,102749.0,91948.0
2025-06-20 10:30:29.558196,2340.7,103091.0,91978.0
2025-06-20 10:30:29.717850,2340.7,103091.0,91978.0
2025-06-20 10:30:31.330084,2340.2,103091.0,91978.0
2025-06-20 10:30:31.364740,2340.6,103002.0,91873.0
2025-06-20 10:30:31.682392,2340.3,103002.0,91873.0
2025-06-20 10:30:32.063403,2340.3,103298.0,91899.0
2025-06-20 10:30:33.174475,2340.8,103247.0,91368.0
2025-06-20 10:30:33.681948,2340.8,103247.0,91368.0
2025-06-20 10:30:34.262203,2340.8,103883.0,91457.0
2025-06-20 10:30:35.363849,2340.3,103850.0,91528.0
2025-06-20 10:30:35.686623,2340.8,103850.0,91528.0
2025-06-20 10:30:36.366577,2340.8,103876.0,91662.0
2025-06-20 10:30:36.678482,2340.8,103876.0,91662.0
2025-06-20 10:30:37.476436,2340.8,104013.0,91623.0
2025-06-20 10:30:37.681177,2340.8,104013.0,91623.0
2025-06-20 10:30:38.565952,2340.8,103997.0,91521.0
2025-06-20 10:30:39.672205,2340.8,104297.0,91195.0
2025-06-20 10:30:39.687057,2340.8,104297.0,91195.0
2025-06-20 10:30:40.689400,2340.3,104297.0,91195.0
2025-06-20 10:30:40.771565,2340.3,103901.0,91716.0
2025-06-20 10:30:41.866795,2341.6,104700.0,88538.0
2025-06-20 10:30:42.678636,2341.6,104700.0,88538.0
2025-06-20 10:30:42.870049,2341.6,104527.0,88955.0
2025-06-20 10:30:43.173228,2341.6,104527.0,88955.0
2025-06-20 10:30:43.980567,2341.6,104437.0,88977.0
2025-06-20 10:30:44.211870,2341.6,104437.0,88977.0
2025-06-20 10:30:44.680487,2342.4,104437.0,88977.0
2025-06-20 10:30:44.917111,2342.4,104437.0,88977.0
2025-06-20 10:30:45.071050,2342.0,104860.0,89011.0
2025-06-20 10:30:45.304476,2342.0,104860.0,89011.0
2025-06-20 10:30:45.688834,2342.0,104860.0,89011.0
2025-06-20 10:30:46.006186,2342.0,104860.0,89011.0
2025-06-20 10:30:46.215243,2342.0,105106.0,88834.0
2025-06-20 10:30:46.472609,2342.0,105106.0,88834.0
2025-06-20 10:30:47.274675,2341.6,104492.0,88898.0
2025-06-20 10:30:47.658914,2341.6,104492.0,88898.0
2025-06-20 10:30:47.702746,2341.6,104492.0,88898.0
2025-06-20 10:30:48.381783,2341.6,104492.0,88898.0
2025-06-20 10:30:48.418231,2341.6,104340.0,88891.0
2025-06-20 10:30:49.484063,2341.6,104524.0,88902.0
2025-06-20 10:30:49.724870,2341.6,104524.0,88902.0
2025-06-20 10:30:50.585198,2342.0,104008.0,88877.0
2025-06-20 10:30:50.686182,2342.0,104008.0,88877.0
2025-06-20 10:30:50.745753,2342.0,104008.0,88877.0
2025-06-20 10:30:51.687611,2342.0,104302.0,88783.0
2025-06-20 10:30:52.251556,2342.0,104302.0,88783.0
2025-06-20 10:30:52.785232,2342.0,104475.0,88567.0
2025-06-20 10:30:53.528905,2342.0,104475.0,88567.0
2025-06-20 10:30:53.732320,2342.3,104475.0,88567.0
2025-06-20 10:30:53.875637,2342.3,104909.0,87996.0
2025-06-20 10:30:54.800371,2342.3,104909.0,87996.0
2025-06-20 10:30:55.011295,2342.3,104766.0,88351.0
2025-06-20 10:30:56.078719,2342.3,104578.0,88364.0
2025-06-20 10:30:56.489550,2342.3,104578.0,88364.0
2025-06-20 10:30:56.691620,2342.8,104578.0,88364.0
2025-06-20 10:30:57.217037,2343.0,105168.0,87523.0
2025-06-20 10:30:57.716077,2342.6,105168.0,87523.0
2025-06-20 10:30:58.277511,2342.6,104945.0,87437.0
2025-06-20 10:30:58.686909,2342.6,104945.0,87437.0
2025-06-20 10:30:59.377278,2343.0,104876.0,87397.0
2025-06-20 10:30:59.687391,2343.0,104876.0,87397.0
2025-06-20 10:31:00.679350,2342.8,104876.0,87397.0
2025-06-20 10:31:00.697606,2342.8,104842.0,87575.0
2025-06-20 10:31:01.692089,2342.6,104842.0,87575.0
2025-06-20 10:31:01.778392,2342.6,104883.0,87445.0
2025-06-20 10:31:02.778349,2342.6,104907.0,87443.0
2025-06-20 10:31:03.989856,2342.8,105186.0,87263.0
2025-06-20 10:31:04.691921,2342.8,105186.0,87263.0
2025-06-20 10:31:05.079494,2342.8,105503.0,86751.0
2025-06-20 10:31:05.694415,2342.9,105503.0,86751.0
2025-06-20 10:31:06.180252,2342.9,104803.0,87478.0
2025-06-20 10:31:06.697424,2342.9,104803.0,87478.0
2025-06-20 10:31:07.080009,2342.9,104871.0,87671.0
2025-06-20 10:31:08.085719,2342.9,105304.0,87480.0
2025-06-20 10:31:09.184507,2342.9,105287.0,87785.0
2025-06-20 10:31:09.947894,2342.9,105287.0,87785.0
2025-06-20 10:31:10.286132,2342.9,104915.0,87425.0
2025-06-20 10:31:10.705479,2342.8,104915.0,87425.0
2025-06-20 10:31:11.286915,2342.8,104902.0,87881.0
2025-06-20 10:31:12.288122,2342.9,104914.0,87855.0
2025-06-20 10:31:12.699206,2342.8,104914.0,87855.0
2025-06-20 10:31:13.191757,2342.9,103789.0,87071.0
2025-06-20 10:31:13.760350,2343.0,103789.0,87071.0
2025-06-20 10:31:14.300078,2343.0,105614.0,86876.0
2025-06-20 10:31:14.703341,2343.0,105614.0,86876.0
2025-06-20 10:31:15.400775,2343.0,105618.0,86856.0
2025-06-20 10:31:15.693833,2343.0,105618.0,86856.0
2025-06-20 10:31:16.502251,2343.0,105804.0,86847.0
2025-06-20 10:31:17.596954,2343.9,105638.0,85930.0
2025-06-20 10:31:17.693791,2343.9,105638.0,85930.0
2025-06-20 10:31:18.596383,2343.7,105540.0,86004.0
2025-06-20 10:31:18.734268,2343.7,105540.0,86004.0
2025-06-20 10:31:19.605340,2343.9,105268.0,86171.0
2025-06-20 10:31:19.696387,2343.9,105268.0,86171.0
2025-06-20 10:31:20.696324,2343.9,105268.0,86171.0
2025-06-20 10:31:20.708827,2343.9,105298.0,86107.0
2025-06-20 10:31:21.797695,2343.9,105181.0,86505.0
2025-06-20 10:31:22.731874,2343.9,105181.0,86505.0
2025-06-20 10:31:22.896679,2343.9,105721.0,86485.0
2025-06-20 10:31:24.006460,2343.9,105692.0,86370.0
2025-06-20 10:31:25.004006,2343.9,105692.0,86313.0
2025-06-20 10:31:26.096407,2344.0,105608.0,86463.0
2025-06-20 10:31:26.690250,2344.0,105608.0,86463.0
2025-06-20 10:31:27.200970,2344.0,105549.0,86464.0
2025-06-20 10:31:28.303225,2344.0,105503.0,85558.0
2025-06-20 10:31:29.518468,2343.7,105898.0,84273.0
2025-06-20 10:31:29.743853,2344.0,105898.0,84273.0
2025-06-20 10:31:30.440244,2343.8,105691.0,84556.0
2025-06-20 10:31:30.720093,2344.0,105691.0,84556.0
2025-06-20 10:31:31.501813,2344.0,105307.0,84370.0
2025-06-20 10:31:32.633940,2343.7,105314.0,84404.0
2025-06-20 10:31:32.719258,2343.7,105314.0,84404.0
2025-06-20 10:31:33.735176,2344.0,105314.0,84404.0
2025-06-20 10:31:33.745366,2344.0,104766.0,84932.0
2025-06-20 10:31:34.805525,2344.0,104887.0,85053.0
2025-06-20 10:31:35.916552,2344.0,104726.0,85054.0
2025-06-20 10:31:36.707996,2344.0,104726.0,85054.0
2025-06-20 10:31:37.148893,2344.0,104763.0,84955.0
2025-06-20 10:31:38.013730,2344.0,104725.0,84888.0
2025-06-20 10:31:38.717170,2343.9,104725.0,84888.0
2025-06-20 10:31:39.107339,2343.9,104621.0,85054.0
2025-06-20 10:31:39.748601,2343.9,104621.0,85054.0
2025-06-20 10:31:40.309936,2343.9,104751.0,84867.0
2025-06-20 10:31:41.311690,2343.8,105291.0,84706.0
2025-06-20 10:31:41.733468,2343.8,105291.0,84706.0
2025-06-20 10:31:42.321942,2343.9,105059.0,84760.0
2025-06-20 10:31:42.695333,2343.8,105059.0,84760.0
2025-06-20 10:31:43.438458,2343.8,104945.0,84596.0
2025-06-20 10:31:43.732229,2343.8,104945.0,84596.0
2025-06-20 10:31:44.513031,2343.9,104892.0,84702.0
2025-06-20 10:31:44.699993,2343.8,104892.0,84702.0
2025-06-20 10:31:45.613246,2344.0,104949.0,84795.0
2025-06-20 10:31:45.732189,2344.0,104949.0,84795.0
2025-06-20 10:31:46.700314,2343.9,104949.0,84795.0
2025-06-20 10:31:46.722636,2343.9,105012.0,84830.0
2025-06-20 10:31:47.717186,2343.8,105012.0,84830.0
2025-06-20 10:31:47.829582,2343.8,105032.0,85014.0
2025-06-20 10:31:48.706294,2343.8,105032.0,85014.0
2025-06-20 10:31:48.821490,2343.8,105009.0,84938.0
2025-06-20 10:31:49.700476,2343.8,105009.0,84938.0
2025-06-20 10:31:50.141397,2343.8,104819.0,85131.0
2025-06-20 10:31:50.707859,2343.8,104819.0,85131.0
2025-06-20 10:31:51.021787,2343.8,104681.0,85137.0
2025-06-20 10:31:51.697675,2343.8,104681.0,85137.0
2025-06-20 10:31:52.115649,2343.8,104738.0,85380.0
2025-06-20 10:31:52.710938,2343.7,104738.0,85380.0
2025-06-20 10:31:53.223025,2343.4,103455.0,85883.0
2025-06-20 10:31:53.689401,2343.3,103455.0,85883.0
2025-06-20 10:31:54.219217,2343.3,103858.0,86543.0
2025-06-20 10:31:55.343583,2343.3,104106.0,86426.0
2025-06-20 10:31:55.710200,2342.9,104106.0,86426.0
2025-06-20 10:31:56.437106,2342.9,103104.0,86383.0
2025-06-20 10:31:56.692238,2342.9,103104.0,86383.0
2025-06-20 10:31:57.521854,2342.9,104324.0,86640.0
2025-06-20 10:31:57.718632,2342.8,104324.0,86640.0
2025-06-20 10:31:58.620402,2342.5,103758.0,87596.0
2025-06-20 10:31:58.700082,2342.5,103758.0,87596.0
2025-06-20 10:31:59.687818,2342.7,103758.0,87596.0
2025-06-20 10:31:59.719264,2342.7,104128.0,87219.0
2025-06-20 10:32:00.688033,2342.6,104128.0,87219.0
2025-06-20 10:32:01.544279,2342.6,104640.0,86309.0
2025-06-20 10:32:01.730035,2342.7,104640.0,86309.0
2025-06-20 10:32:02.523110,2342.7,104734.0,86457.0
2025-06-20 10:32:02.705931,2342.5,104734.0,86457.0
2025-06-20 10:32:03.651131,2342.5,104707.0,86589.0
2025-06-20 10:32:04.450874,2342.7,105474.0,86741.0
2025-06-20 10:32:04.704529,2342.7,105474.0,86741.0
2025-06-20 10:32:05.552964,2342.1,105255.0,86738.0
2025-06-20 10:32:05.699152,2342.1,105255.0,86738.0
2025-06-20 10:32:06.557716,2342.1,105587.0,86836.0
2025-06-20 10:32:07.647505,2342.5,105622.0,86729.0
2025-06-20 10:32:07.728946,2342.5,105622.0,86729.0
2025-06-20 10:32:08.439957,2342.5,105675.0,86900.0
2025-06-20 10:32:08.695903,2342.5,105675.0,86900.0
