timestamp,ltp,bid_qty,ask_qty
2025-06-20 10:10:48.253233,330.75,706258.0,872887.0
2025-06-20 10:10:49.592749,330.7,706258.0,872887.0
2025-06-20 10:10:50.770589,330.7,711527.0,869422.0
2025-06-20 10:10:51.597471,330.75,711527.0,869422.0
2025-06-20 10:10:53.587406,330.75,711527.0,869422.0
2025-06-20 10:10:55.593488,330.75,711527.0,869422.0
2025-06-20 10:10:56.468073,330.75,711905.0,870077.0
2025-06-20 10:10:57.597801,330.75,711905.0,870077.0
2025-06-20 10:10:59.594872,330.75,711905.0,870077.0
2025-06-20 10:11:01.661378,330.75,711905.0,870077.0
2025-06-20 10:11:01.775388,330.75,709539.0,870424.0
2025-06-20 10:11:05.603596,330.75,709539.0,870424.0
2025-06-20 10:11:07.620720,330.75,709539.0,870424.0
2025-06-20 10:11:07.879357,330.75,711316.0,871402.0
2025-06-20 10:11:09.628765,330.7,711316.0,871402.0
2025-06-20 10:11:11.843561,330.7,711316.0,871402.0
2025-06-20 10:11:13.642944,330.7,711316.0,871402.0
2025-06-20 10:11:13.778920,330.7,711207.0,872226.0
2025-06-20 10:11:15.639021,330.65,711207.0,872226.0
2025-06-20 10:11:17.619875,330.65,711207.0,872226.0
2025-06-20 10:11:19.314108,330.65,718187.0,875797.0
2025-06-20 10:11:21.659220,330.65,718187.0,875797.0
2025-06-20 10:11:22.670760,330.65,718187.0,875797.0
2025-06-20 10:11:24.287831,330.65,715268.0,871968.0
2025-06-20 10:11:26.258018,330.65,715268.0,871968.0
2025-06-20 10:11:27.667303,330.65,715268.0,871968.0
2025-06-20 10:11:29.613734,330.65,715268.0,871968.0
2025-06-20 10:11:29.987273,330.75,718093.0,868912.0
2025-06-20 10:11:31.602743,330.75,718093.0,868912.0
2025-06-20 10:11:33.601798,330.65,718093.0,868912.0
2025-06-20 10:11:35.497271,330.65,724967.0,872569.0
2025-06-20 10:11:35.608039,330.65,724967.0,872569.0
2025-06-20 10:11:37.610320,330.75,724967.0,872569.0
2025-06-20 10:11:39.598526,330.65,724967.0,872569.0
2025-06-20 10:11:41.409686,330.75,724654.0,873290.0
2025-06-20 10:11:41.597077,330.75,724654.0,873290.0
2025-06-20 10:11:45.597691,330.6,724654.0,873290.0
2025-06-20 10:11:47.420940,330.6,722095.0,875143.0
2025-06-20 10:11:51.602235,330.65,722095.0,875143.0
2025-06-20 10:11:53.205361,330.6,717486.0,880553.0
2025-06-20 10:11:53.622339,330.7,717486.0,880553.0
2025-06-20 10:11:55.603266,330.7,717486.0,880553.0
2025-06-20 10:11:57.602413,330.8,717486.0,880553.0
2025-06-20 10:11:59.106213,331.0,729754.0,832485.0
2025-06-20 10:11:59.602336,331.0,729754.0,832485.0
2025-06-20 10:12:03.605369,330.95,729754.0,832485.0
2025-06-20 10:12:05.624310,330.95,726433.0,855636.0
2025-06-20 10:12:07.599202,331.1,726433.0,855636.0
2025-06-20 10:12:09.602009,331.15,726433.0,855636.0
2025-06-20 10:12:12.356332,331.1,731157.0,851365.0
2025-06-20 10:12:13.601095,331.15,731157.0,851365.0
2025-06-20 10:12:15.608936,331.1,731157.0,851365.0
2025-06-20 10:12:18.517607,331.0,729234.0,855378.0
2025-06-20 10:12:18.614924,331.0,729234.0,855378.0
2025-06-20 10:12:22.600118,331.15,729234.0,855378.0
2025-06-20 10:12:24.835586,331.05,736920.0,849724.0
2025-06-20 10:12:25.613790,331.05,736920.0,849724.0
2025-06-20 10:12:27.602157,331.15,736920.0,849724.0
2025-06-20 10:12:31.027367,331.0,734160.0,851540.0
2025-06-20 10:12:31.604523,331.0,734160.0,851540.0
2025-06-20 10:12:37.030516,331.15,735300.0,852755.0
2025-06-20 10:12:37.610697,331.15,735300.0,852755.0
2025-06-20 10:12:40.512662,331.15,735300.0,852755.0
2025-06-20 10:12:41.133426,331.15,735300.0,852755.0
2025-06-20 10:12:42.285722,331.15,735300.0,852755.0
2025-06-20 10:12:42.865380,331.15,738955.0,851694.0
2025-06-20 10:12:42.948010,331.15,738955.0,851694.0
2025-06-20 10:12:43.427441,331.15,738955.0,851694.0
2025-06-20 10:12:43.600387,331.15,738955.0,851694.0
2025-06-20 10:12:43.934326,331.15,738955.0,851694.0
2025-06-20 10:12:44.649848,331.15,738955.0,851694.0
2025-06-20 10:12:45.359660,331.15,738955.0,851694.0
2025-06-20 10:12:46.661540,331.15,738955.0,851694.0
2025-06-20 10:12:47.609374,331.05,738955.0,851694.0
2025-06-20 10:12:47.655643,331.05,738955.0,851694.0
2025-06-20 10:12:48.737696,331.05,739877.0,852506.0
2025-06-20 10:12:49.148440,331.05,739877.0,852506.0
2025-06-20 10:12:49.604060,331.15,739877.0,852506.0
2025-06-20 10:12:50.471997,331.15,739877.0,852506.0
2025-06-20 10:12:51.619050,331.05,739877.0,852506.0
2025-06-20 10:12:51.700970,331.05,739877.0,852506.0
2025-06-20 10:12:53.254739,331.05,739877.0,852506.0
2025-06-20 10:12:53.620026,331.0,739877.0,852506.0
2025-06-20 10:12:54.548746,331.0,739339.0,855777.0
2025-06-20 10:12:55.604754,331.0,739339.0,855777.0
2025-06-20 10:12:57.642632,331.15,739339.0,855777.0
2025-06-20 10:12:59.606608,331.05,739339.0,855777.0
2025-06-20 10:13:00.245448,331.05,740294.0,853141.0
2025-06-20 10:13:01.602653,331.05,740294.0,853141.0
2025-06-20 10:13:03.605971,331.0,740294.0,853141.0
2025-06-20 10:13:05.613241,331.0,740294.0,853141.0
2025-06-20 10:13:05.753506,331.0,740361.0,851126.0
2025-06-20 10:13:09.647466,331.0,740361.0,851126.0
2025-06-20 10:13:11.559927,331.15,739432.0,852236.0
2025-06-20 10:13:11.602710,331.15,739432.0,852236.0
2025-06-20 10:13:13.606537,331.0,739432.0,852236.0
2025-06-20 10:13:15.612128,331.05,739432.0,852236.0
2025-06-20 10:13:17.404036,331.25,741873.0,847678.0
2025-06-20 10:13:17.610627,331.25,741873.0,847678.0
2025-06-20 10:13:19.609600,331.05,741873.0,847678.0
2025-06-20 10:13:21.607670,331.2,741873.0,847678.0
2025-06-20 10:13:23.470826,331.2,743852.0,852342.0
2025-06-20 10:13:25.603907,331.05,743852.0,852342.0
2025-06-20 10:13:29.608985,331.05,743852.0,852342.0
2025-06-20 10:13:29.668815,331.05,725513.0,863239.0
2025-06-20 10:13:31.614680,330.9,725513.0,863239.0
2025-06-20 10:13:33.607160,331.05,725513.0,863239.0
2025-06-20 10:13:35.610250,331.05,725513.0,863239.0
2025-06-20 10:13:35.894067,331.05,732932.0,861331.0
2025-06-20 10:13:37.627168,331.05,732932.0,861331.0
2025-06-20 10:13:39.602020,330.9,732932.0,861331.0
2025-06-20 10:13:41.620270,331.0,732932.0,861331.0
2025-06-20 10:13:42.076679,331.0,733762.0,860789.0
2025-06-20 10:13:45.633106,330.9,733762.0,860789.0
2025-06-20 10:13:47.638691,331.0,733762.0,860789.0
2025-06-20 10:13:47.980105,331.0,733742.0,860201.0
2025-06-20 10:13:51.607735,330.9,733742.0,860201.0
2025-06-20 10:13:53.289969,331.0,729860.0,864083.0
2025-06-20 10:13:53.610174,331.0,729860.0,864083.0
2025-06-20 10:13:55.605846,331.0,729860.0,864083.0
2025-06-20 10:13:57.612508,330.9,729860.0,864083.0
2025-06-20 10:13:58.988976,331.0,729037.0,866168.0
2025-06-20 10:13:59.606178,331.0,729037.0,866168.0
2025-06-20 10:14:01.605676,330.95,729037.0,866168.0
2025-06-20 10:14:03.609763,331.05,729037.0,866168.0
2025-06-20 10:14:04.593648,331.05,730884.0,857397.0
2025-06-20 10:14:05.654109,331.05,730884.0,857397.0
2025-06-20 10:14:07.631508,331.05,730884.0,857397.0
2025-06-20 10:14:09.623654,331.05,730884.0,857397.0
2025-06-20 10:14:10.296664,331.05,731347.0,856664.0
2025-06-20 10:14:11.622712,331.05,731347.0,856664.0
2025-06-20 10:14:13.622927,331.05,731347.0,856664.0
2025-06-20 10:14:15.618689,331.0,731347.0,856664.0
2025-06-20 10:14:16.199262,331.0,732642.0,858394.0
2025-06-20 10:14:19.653587,331.05,732642.0,858394.0
2025-06-20 10:14:21.619725,331.0,732642.0,858394.0
2025-06-20 10:14:22.005209,331.0,737411.0,855847.0
2025-06-20 10:14:25.610142,331.05,737411.0,855847.0
2025-06-20 10:14:28.105305,331.05,736282.0,857821.0
2025-06-20 10:14:31.668115,331.0,736282.0,857821.0
2025-06-20 10:14:33.613105,331.05,736282.0,857821.0
2025-06-20 10:14:33.939539,331.0,737796.0,855959.0
2025-06-20 10:14:35.618695,331.15,737796.0,855959.0
2025-06-20 10:14:37.605826,331.0,737796.0,855959.0
2025-06-20 10:14:39.319777,331.0,738312.0,854102.0
2025-06-20 10:14:39.608853,331.0,738312.0,854102.0
2025-06-20 10:14:41.611214,331.0,738312.0,854102.0
2025-06-20 10:14:43.618596,331.15,738312.0,854102.0
2025-06-20 10:14:45.251734,331.15,742661.0,857635.0
2025-06-20 10:14:45.664196,331.15,742661.0,857635.0
2025-06-20 10:14:49.607240,331.0,742661.0,857635.0
2025-06-20 10:14:50.719947,331.1,743168.0,860342.0
2025-06-20 10:14:51.614843,331.1,743168.0,860342.0
2025-06-20 10:14:53.601692,330.95,743168.0,860342.0
2025-06-20 10:14:55.637946,331.05,743168.0,860342.0
2025-06-20 10:14:56.724807,331.15,743183.0,852235.0
2025-06-20 10:14:57.632581,331.05,743183.0,852235.0
2025-06-20 10:15:01.681081,331.0,743183.0,852235.0
2025-06-20 10:15:03.130024,331.0,750617.0,851876.0
2025-06-20 10:15:03.664184,331.0,750617.0,851876.0
2025-06-20 10:15:05.619802,331.15,750617.0,851876.0
2025-06-20 10:15:07.618881,331.1,750617.0,851876.0
2025-06-20 10:15:09.613908,331.1,750617.0,851876.0
2025-06-20 10:15:09.642292,331.1,749398.0,854986.0
2025-06-20 10:15:11.615148,331.0,749398.0,854986.0
2025-06-20 10:15:13.612010,331.0,749398.0,854986.0
2025-06-20 10:15:15.618130,331.15,749398.0,854986.0
2025-06-20 10:15:15.847986,331.15,751607.0,858010.0
2025-06-20 10:15:17.614432,331.05,751607.0,858010.0
2025-06-20 10:15:19.612537,331.15,751607.0,858010.0
2025-06-20 10:15:21.623689,331.05,751607.0,858010.0
2025-06-20 10:15:22.249316,331.05,756343.0,856316.0
2025-06-20 10:15:23.609744,331.05,756343.0,856316.0
2025-06-20 10:15:25.616470,331.15,756343.0,856316.0
2025-06-20 10:15:27.657679,331.1,756343.0,856316.0
2025-06-20 10:15:28.745450,331.1,759456.0,850567.0
2025-06-20 10:15:29.622236,331.2,759456.0,850567.0
2025-06-20 10:15:31.622212,331.1,759456.0,850567.0
2025-06-20 10:15:33.609155,331.25,759456.0,850567.0
2025-06-20 10:15:34.752400,331.15,759358.0,845873.0
2025-06-20 10:15:35.619658,331.15,759358.0,845873.0
2025-06-20 10:15:37.620680,331.25,759358.0,845873.0
2025-06-20 10:15:39.639220,331.4,759358.0,845873.0
2025-06-20 10:15:40.755031,331.4,765159.0,838216.0
2025-06-20 10:15:40.959339,331.4,765159.0,838216.0
2025-06-20 10:15:41.389656,331.4,765159.0,838216.0
2025-06-20 10:15:41.616780,331.4,765159.0,838216.0
2025-06-20 10:15:41.910642,331.4,765159.0,838216.0
2025-06-20 10:15:42.160302,331.4,765159.0,838216.0
2025-06-20 10:15:43.431013,331.4,765159.0,838216.0
2025-06-20 10:15:43.618367,331.45,765159.0,838216.0
2025-06-20 10:15:43.856286,331.45,765159.0,838216.0
2025-06-20 10:15:44.449860,331.45,765159.0,838216.0
2025-06-20 10:15:45.617115,331.35,765159.0,838216.0
2025-06-20 10:15:45.764009,331.35,765159.0,838216.0
2025-06-20 10:15:46.559027,331.45,769166.0,833956.0
2025-06-20 10:15:47.099043,331.45,769166.0,833956.0
2025-06-20 10:15:47.616515,331.5,769166.0,833956.0
2025-06-20 10:15:48.073016,331.5,769166.0,833956.0
2025-06-20 10:15:49.583778,331.5,769166.0,833956.0
2025-06-20 10:15:50.615253,331.55,769166.0,833956.0
2025-06-20 10:15:50.871725,331.55,769166.0,833956.0
2025-06-20 10:15:52.101364,331.55,769166.0,833956.0
2025-06-20 10:15:52.762071,331.45,769210.0,816637.0
2025-06-20 10:15:53.612155,331.45,769210.0,816637.0
2025-06-20 10:15:53.684963,331.45,769210.0,816637.0
2025-06-20 10:15:55.847511,331.5,769210.0,816637.0
2025-06-20 10:15:59.287869,331.6,775112.0,813002.0
2025-06-20 10:15:59.616460,331.6,775112.0,813002.0
2025-06-20 10:16:01.619518,331.75,775112.0,813002.0
2025-06-20 10:16:05.273332,331.75,780738.0,809427.0
2025-06-20 10:16:05.671531,331.75,780738.0,809427.0
2025-06-20 10:16:09.620312,331.75,780738.0,809427.0
2025-06-20 10:16:11.270750,331.75,785425.0,809534.0
2025-06-20 10:16:13.614149,331.6,785425.0,809534.0
2025-06-20 10:16:17.578116,331.45,772021.0,824613.0
2025-06-20 10:16:17.625082,331.45,772021.0,824613.0
2025-06-20 10:16:21.616491,331.65,772021.0,824613.0
2025-06-20 10:16:24.082692,331.5,765777.0,829393.0
2025-06-20 10:16:24.631218,331.55,765777.0,829393.0
2025-06-20 10:16:26.652318,331.6,765777.0,829393.0
2025-06-20 10:16:29.638769,331.55,765777.0,829393.0
2025-06-20 10:16:30.482552,331.55,773817.0,820966.0
2025-06-20 10:16:33.615401,331.55,773817.0,820966.0
2025-06-20 10:16:36.633512,331.45,773817.0,820966.0
2025-06-20 10:16:36.993725,331.45,774541.0,824075.0
2025-06-20 10:16:38.648603,331.55,774541.0,824075.0
2025-06-20 10:16:41.625673,331.5,774541.0,824075.0
2025-06-20 10:16:43.198543,331.5,777743.0,823409.0
2025-06-20 10:16:44.672504,331.55,777743.0,823409.0
2025-06-20 10:16:47.625250,331.45,777743.0,823409.0
2025-06-20 10:16:49.500639,331.45,774214.0,830546.0
2025-06-20 10:16:51.622804,331.5,774214.0,830546.0
2025-06-20 10:16:55.709239,331.5,776699.0,826422.0
2025-06-20 10:16:57.665049,331.5,776699.0,826422.0
2025-06-20 10:16:59.625389,331.5,776699.0,826422.0
2025-06-20 10:17:01.607637,331.45,777228.0,826307.0
2025-06-20 10:17:01.619312,331.45,777228.0,826307.0
2025-06-20 10:17:03.617093,331.45,777228.0,826307.0
2025-06-20 10:17:05.619981,331.5,777228.0,826307.0
2025-06-20 10:17:07.620915,331.45,777027.0,827783.0
2025-06-20 10:17:07.622701,331.45,777027.0,827783.0
2025-06-20 10:17:09.631834,331.5,777027.0,827783.0
2025-06-20 10:17:11.630961,331.5,777027.0,827783.0
2025-06-20 10:17:13.620121,331.55,777027.0,827783.0
2025-06-20 10:17:13.712520,331.55,783035.0,820269.0
2025-06-20 10:17:15.622859,331.5,783035.0,820269.0
2025-06-20 10:17:17.635140,331.6,783035.0,820269.0
2025-06-20 10:17:19.628227,331.5,783035.0,820269.0
2025-06-20 10:17:19.900547,331.5,782543.0,822077.0
2025-06-20 10:17:23.630085,331.5,782543.0,822077.0
2025-06-20 10:17:25.524370,331.55,781601.0,822186.0
2025-06-20 10:17:25.641192,331.55,781601.0,822186.0
2025-06-20 10:17:27.628523,331.6,781601.0,822186.0
2025-06-20 10:17:30.623412,331.55,781601.0,822186.0
2025-06-20 10:17:31.838681,331.55,779844.0,822859.0
2025-06-20 10:17:33.642551,331.55,779844.0,822859.0
2025-06-20 10:17:37.619253,331.7,779844.0,822859.0
2025-06-20 10:17:37.871937,331.7,784195.0,820321.0
2025-06-20 10:17:39.631311,331.7,784195.0,820321.0
2025-06-20 10:17:42.627972,331.75,784195.0,820321.0
2025-06-20 10:17:43.693452,331.75,784422.0,816393.0
2025-06-20 10:17:45.634916,331.6,784422.0,816393.0
2025-06-20 10:17:48.627596,331.6,784422.0,816393.0
2025-06-20 10:17:49.646305,331.6,783054.0,817986.0
2025-06-20 10:17:51.632768,331.55,783054.0,817986.0
2025-06-20 10:17:54.625844,331.65,783054.0,817986.0
2025-06-20 10:17:55.853110,331.65,785187.0,818668.0
2025-06-20 10:17:58.627563,331.55,785187.0,818668.0
2025-06-20 10:18:00.631002,331.55,785187.0,818668.0
2025-06-20 10:18:02.144548,331.55,786354.0,820438.0
2025-06-20 10:18:04.624645,331.7,786354.0,820438.0
2025-06-20 10:18:08.547654,331.7,788231.0,818291.0
2025-06-20 10:18:09.633296,331.7,788231.0,818291.0
2025-06-20 10:18:13.627348,331.75,788231.0,818291.0
2025-06-20 10:18:14.362903,331.65,786457.0,816191.0
2025-06-20 10:18:16.624458,331.75,786457.0,816191.0
2025-06-20 10:18:18.643329,331.65,786457.0,816191.0
2025-06-20 10:18:20.155773,331.75,788679.0,816275.0
2025-06-20 10:18:21.628498,331.65,788679.0,816275.0
2025-06-20 10:18:25.634287,331.65,788679.0,816275.0
2025-06-20 10:18:26.958891,331.65,789570.0,823196.0
2025-06-20 10:18:27.632422,331.65,789570.0,823196.0
2025-06-20 10:18:30.663854,331.65,789570.0,823196.0
2025-06-20 10:18:33.561895,331.65,789202.0,822187.0
2025-06-20 10:18:34.637721,331.65,789202.0,822187.0
2025-06-20 10:18:39.466915,331.65,784187.0,818721.0
2025-06-20 10:18:41.574527,331.65,784187.0,818721.0
2025-06-20 10:18:42.119133,331.65,784187.0,818721.0
2025-06-20 10:18:42.684334,331.75,784187.0,818721.0
2025-06-20 10:18:42.726185,331.75,784187.0,818721.0
2025-06-20 10:18:43.299932,331.75,784187.0,818721.0
2025-06-20 10:18:44.434261,331.75,784187.0,818721.0
2025-06-20 10:18:45.420088,331.75,784187.0,818721.0
2025-06-20 10:18:45.441949,331.6,782482.0,820044.0
2025-06-20 10:18:45.652812,331.6,782482.0,820044.0
2025-06-20 10:18:46.345648,331.6,782482.0,820044.0
2025-06-20 10:18:47.678119,331.6,782482.0,820044.0
2025-06-20 10:18:48.682060,331.6,782482.0,820044.0
2025-06-20 10:18:49.656797,331.7,782482.0,820044.0
2025-06-20 10:18:50.198647,331.7,782482.0,820044.0
2025-06-20 10:18:51.174527,331.6,782961.0,821565.0
2025-06-20 10:18:51.457848,331.6,782961.0,821565.0
2025-06-20 10:18:51.638249,331.6,782961.0,821565.0
2025-06-20 10:18:52.712741,331.6,782961.0,821565.0
2025-06-20 10:18:54.378556,331.6,782961.0,821565.0
2025-06-20 10:18:54.665873,331.65,782961.0,821565.0
2025-06-20 10:18:57.074820,331.85,792641.0,805771.0
2025-06-20 10:18:57.642816,331.85,792641.0,805771.0
2025-06-20 10:19:00.645781,331.8,792641.0,805771.0
2025-06-20 10:19:03.616803,331.85,783802.0,811873.0
2025-06-20 10:19:04.642052,331.8,783802.0,811873.0
2025-06-20 10:19:07.634510,331.7,783802.0,811873.0
2025-06-20 10:19:09.635104,331.85,783802.0,811873.0
2025-06-20 10:19:09.881933,331.85,788701.0,803926.0
2025-06-20 10:19:13.651209,331.8,788701.0,803926.0
2025-06-20 10:19:15.783267,331.85,788124.0,805454.0
2025-06-20 10:19:16.651603,331.85,788124.0,805454.0
2025-06-20 10:19:18.785368,331.85,788124.0,805454.0
2025-06-20 10:19:21.901347,331.8,794194.0,808075.0
2025-06-20 10:19:22.684657,331.8,794194.0,808075.0
2025-06-20 10:19:24.910285,331.85,794194.0,808075.0
2025-06-20 10:19:27.699042,331.9,794194.0,808075.0
2025-06-20 10:19:27.922611,331.9,800265.0,805941.0
2025-06-20 10:19:30.643704,331.9,800265.0,805941.0
2025-06-20 10:19:34.101975,331.9,795699.0,807519.0
2025-06-20 10:19:34.644565,331.9,795699.0,807519.0
2025-06-20 10:19:36.655624,331.95,795699.0,807519.0
2025-06-20 10:19:39.642118,331.85,795699.0,807519.0
2025-06-20 10:19:40.207593,331.85,795159.0,806577.0
2025-06-20 10:19:43.632615,331.9,795159.0,806577.0
2025-06-20 10:19:45.641340,331.85,795159.0,806577.0
2025-06-20 10:19:46.218641,331.95,795154.0,803830.0
2025-06-20 10:19:48.646406,331.9,795154.0,803830.0
2025-06-20 10:19:51.624435,331.85,794001.0,806130.0
2025-06-20 10:19:52.702296,331.85,794001.0,806130.0
2025-06-20 10:19:57.626506,331.85,797115.0,808062.0
2025-06-20 10:19:57.668255,331.85,797115.0,808062.0
2025-06-20 10:20:00.670614,331.85,797115.0,808062.0
2025-06-20 10:20:02.684549,332.1,797115.0,808062.0
2025-06-20 10:20:03.741166,332.0,804581.0,793772.0
2025-06-20 10:20:05.678913,332.1,804581.0,793772.0
2025-06-20 10:20:08.680822,332.1,804581.0,793772.0
2025-06-20 10:20:10.446177,332.05,800270.0,799971.0
2025-06-20 10:20:12.679122,332.05,800270.0,799971.0
2025-06-20 10:20:14.688235,332.1,800270.0,799971.0
2025-06-20 10:20:16.942548,332.1,800358.0,801118.0
2025-06-20 10:20:18.639976,332.05,800358.0,801118.0
2025-06-20 10:20:20.671434,332.15,800358.0,801118.0
2025-06-20 10:20:23.049680,332.2,805268.0,790640.0
2025-06-20 10:20:23.651640,332.2,805268.0,790640.0
2025-06-20 10:20:27.708134,332.25,805268.0,790640.0
2025-06-20 10:20:28.885142,332.3,811758.0,784326.0
2025-06-20 10:20:30.644832,332.35,811758.0,784326.0
2025-06-20 10:20:32.716703,332.25,811758.0,784326.0
2025-06-20 10:20:35.159755,332.25,806895.0,785602.0
2025-06-20 10:20:35.650316,332.35,806895.0,785602.0
2025-06-20 10:20:39.656962,332.35,806895.0,785602.0
2025-06-20 10:20:41.265381,332.35,808160.0,785753.0
2025-06-20 10:20:44.652233,332.3,808160.0,785753.0
2025-06-20 10:20:47.166488,332.2,801275.0,805434.0
2025-06-20 10:20:48.649550,332.2,801275.0,805434.0
2025-06-20 10:20:51.646816,332.15,801275.0,805434.0
2025-06-20 10:20:53.279051,332.1,801712.0,816785.0
2025-06-20 10:20:53.662623,332.15,801712.0,816785.0
2025-06-20 10:20:57.650433,332.1,801712.0,816785.0
2025-06-20 10:20:59.577063,332.15,799675.0,819475.0
2025-06-20 10:20:59.662352,332.15,799675.0,819475.0
2025-06-20 10:21:03.653030,332.05,799675.0,819475.0
2025-06-20 10:21:05.883848,332.05,801686.0,818262.0
2025-06-20 10:21:08.676192,332.1,801686.0,818262.0
2025-06-20 10:21:12.179285,332.05,798661.0,827475.0
2025-06-20 10:21:12.649292,332.0,798661.0,827475.0
2025-06-20 10:21:14.658538,332.05,798661.0,827475.0
2025-06-20 10:21:18.393132,332.05,806613.0,823471.0
2025-06-20 10:21:18.647786,332.05,806613.0,823471.0
2025-06-20 10:21:20.702887,332.05,806613.0,823471.0
2025-06-20 10:21:23.663885,332.05,806613.0,823471.0
2025-06-20 10:21:24.188220,332.05,798909.0,832921.0
2025-06-20 10:21:26.652419,332.05,798909.0,832921.0
2025-06-20 10:21:29.660324,332.0,798909.0,832921.0
2025-06-20 10:21:30.294093,332.0,799286.0,826320.0
2025-06-20 10:21:32.697082,332.0,799286.0,826320.0
2025-06-20 10:21:35.657610,332.05,799286.0,826320.0
2025-06-20 10:21:36.298698,332.05,800917.0,827118.0
2025-06-20 10:21:38.650191,332.05,800917.0,827118.0
2025-06-20 10:21:41.814609,332.05,800917.0,827118.0
2025-06-20 10:21:42.168174,332.05,800917.0,827118.0
2025-06-20 10:21:42.204543,332.1,809619.0,802960.0
2025-06-20 10:21:42.477366,332.1,809619.0,802960.0
2025-06-20 10:21:42.663148,332.1,809619.0,802960.0
2025-06-20 10:21:42.792992,332.1,809619.0,802960.0
2025-06-20 10:21:43.090205,332.1,809619.0,802960.0
2025-06-20 10:21:44.433189,332.1,809619.0,802960.0
2025-06-20 10:21:44.651391,332.15,809619.0,802960.0
2025-06-20 10:21:44.835670,332.15,809619.0,802960.0
2025-06-20 10:21:45.455108,332.15,809619.0,802960.0
2025-06-20 10:21:46.820245,332.15,809619.0,802960.0
2025-06-20 10:21:48.011633,332.1,808866.0,801951.0
2025-06-20 10:21:48.131762,332.1,808866.0,801951.0
2025-06-20 10:21:48.662748,332.15,808866.0,801951.0
2025-06-20 10:21:49.108364,332.15,808866.0,801951.0
2025-06-20 10:21:50.683937,332.1,808866.0,801951.0
2025-06-20 10:21:50.695982,332.1,808866.0,801951.0
2025-06-20 10:21:51.949012,332.1,808866.0,801951.0
2025-06-20 10:21:53.184968,332.1,808866.0,801951.0
2025-06-20 10:21:53.650191,332.1,808866.0,801951.0
2025-06-20 10:21:53.708432,332.1,809650.0,805475.0
2025-06-20 10:21:54.789828,332.1,809650.0,805475.0
2025-06-20 10:21:56.662075,332.15,809650.0,805475.0
2025-06-20 10:21:59.213559,332.25,811302.0,805132.0
2025-06-20 10:21:59.711856,332.25,811302.0,805132.0
2025-06-20 10:22:02.697037,332.15,811302.0,805132.0
2025-06-20 10:22:05.112911,332.1,814235.0,801097.0
2025-06-20 10:22:06.663544,332.15,814235.0,801097.0
2025-06-20 10:22:08.723752,332.25,814235.0,801097.0
2025-06-20 10:22:11.511663,332.25,814077.0,798479.0
2025-06-20 10:22:12.693696,332.15,814077.0,798479.0
2025-06-20 10:22:15.653509,332.25,814077.0,798479.0
2025-06-20 10:22:17.117892,332.25,814786.0,801862.0
2025-06-20 10:22:17.684592,332.15,814786.0,801862.0
2025-06-20 10:22:21.665012,332.25,814786.0,801862.0
2025-06-20 10:22:23.224504,332.3,823378.0,794897.0
2025-06-20 10:22:23.658776,332.25,823378.0,794897.0
2025-06-20 10:22:26.656197,332.35,823378.0,794897.0
2025-06-20 10:22:29.530101,332.25,835297.0,798732.0
2025-06-20 10:22:29.694850,332.25,835297.0,798732.0
2025-06-20 10:22:32.695756,332.25,835297.0,798732.0
2025-06-20 10:22:35.445083,332.35,831190.0,798829.0
2025-06-20 10:22:35.677510,332.35,831190.0,798829.0
2025-06-20 10:22:38.677310,332.35,831190.0,798829.0
2025-06-20 10:22:40.738764,332.4,831190.0,798829.0
2025-06-20 10:22:41.140073,332.4,832889.0,799933.0
2025-06-20 10:22:42.704129,332.3,832889.0,799933.0
2025-06-20 10:22:44.692695,332.35,832889.0,799933.0
2025-06-20 10:22:46.684449,332.4,832889.0,799933.0
2025-06-20 10:22:46.741274,332.4,830945.0,798884.0
2025-06-20 10:22:48.665178,332.4,830945.0,798884.0
2025-06-20 10:22:50.655770,332.45,830945.0,798884.0
2025-06-20 10:22:52.449685,332.45,831957.0,804188.0
2025-06-20 10:22:52.658342,332.45,831957.0,804188.0
2025-06-20 10:22:56.658434,332.5,831957.0,804188.0
2025-06-20 10:22:58.680781,332.45,831957.0,804188.0
2025-06-20 10:22:58.755717,332.45,832998.0,803633.0
2025-06-20 10:23:00.652568,332.5,832998.0,803633.0
2025-06-20 10:23:02.655856,332.45,832998.0,803633.0
2025-06-20 10:23:04.663299,332.45,835268.0,805237.0
2025-06-20 10:23:04.664847,332.45,835268.0,805237.0
2025-06-20 10:23:10.454374,332.45,836393.0,806574.0
2025-06-20 10:23:10.657639,332.45,836393.0,806574.0
2025-06-20 10:23:12.662010,332.5,836393.0,806574.0
2025-06-20 10:23:14.659041,332.45,836393.0,806574.0
2025-06-20 10:23:15.953543,332.45,835048.0,807331.0
2025-06-20 10:23:16.659446,332.5,835048.0,807331.0
2025-06-20 10:23:18.715361,332.45,835048.0,807331.0
2025-06-20 10:23:20.660278,332.4,835048.0,807331.0
2025-06-20 10:23:21.958456,332.35,832703.0,810447.0
2025-06-20 10:23:22.657425,332.35,832703.0,810447.0
2025-06-20 10:23:24.659239,332.35,832703.0,810447.0
2025-06-20 10:23:26.660762,332.45,832703.0,810447.0
2025-06-20 10:23:27.763558,332.35,828556.0,810113.0
2025-06-20 10:23:28.676783,332.35,828556.0,810113.0
2025-06-20 10:23:30.658069,332.45,828556.0,810113.0
2025-06-20 10:23:32.667785,332.45,828556.0,810113.0
2025-06-20 10:23:33.592423,332.45,827175.0,813165.0
2025-06-20 10:23:36.664355,332.4,827175.0,813165.0
2025-06-20 10:23:38.663216,332.4,827175.0,813165.0
2025-06-20 10:23:39.276307,332.4,824753.0,815787.0
2025-06-20 10:23:40.765651,332.4,824753.0,815787.0
2025-06-20 10:23:42.662622,332.3,824753.0,815787.0
2025-06-20 10:23:44.667613,332.3,824753.0,815787.0
2025-06-20 10:23:45.475025,332.3,824629.0,817311.0
2025-06-20 10:23:46.667652,332.3,824629.0,817311.0
2025-06-20 10:23:48.678122,332.3,824629.0,817311.0
2025-06-20 10:23:50.668739,332.25,824629.0,817311.0
2025-06-20 10:23:51.279275,332.25,824333.0,824961.0
2025-06-20 10:23:52.659620,332.25,824333.0,824961.0
2025-06-20 10:23:54.670366,332.25,824333.0,824961.0
2025-06-20 10:23:56.664381,332.3,824333.0,824961.0
2025-06-20 10:23:56.908588,332.3,824859.0,827125.0
2025-06-20 10:23:58.662359,332.3,824859.0,827125.0
2025-06-20 10:24:00.677094,332.25,824859.0,827125.0
2025-06-20 10:24:02.630910,332.25,826075.0,826074.0
2025-06-20 10:24:02.672381,332.25,826075.0,826074.0
2025-06-20 10:24:04.666042,332.3,826075.0,826074.0
2025-06-20 10:24:06.668698,332.3,826075.0,826074.0
2025-06-20 10:24:07.993964,332.3,827099.0,829143.0
2025-06-20 10:24:10.932923,332.25,827099.0,829143.0
2025-06-20 10:24:14.165846,332.3,828183.0,827497.0
2025-06-20 10:24:14.714712,332.3,828183.0,827497.0
2025-06-20 10:24:16.773585,332.3,828183.0,827497.0
2025-06-20 10:24:18.703541,332.35,828183.0,827497.0
2025-06-20 10:24:19.440369,332.35,829901.0,826179.0
2025-06-20 10:24:20.702961,332.35,829901.0,826179.0
2025-06-20 10:24:22.661140,332.4,829901.0,826179.0
2025-06-20 10:24:25.001854,332.4,836167.0,823741.0
2025-06-20 10:24:26.662437,332.4,836167.0,823741.0
2025-06-20 10:24:28.671059,332.4,836167.0,823741.0
2025-06-20 10:24:30.697345,332.4,836167.0,823741.0
2025-06-20 10:24:30.716206,332.4,836192.0,822561.0
2025-06-20 10:24:32.666310,332.4,836192.0,822561.0
2025-06-20 10:24:34.667901,332.4,836192.0,822561.0
2025-06-20 10:24:36.509153,332.4,835525.0,822895.0
2025-06-20 10:24:36.696426,332.4,835525.0,822895.0
2025-06-20 10:24:42.290545,332.4,835525.0,822895.0
2025-06-20 10:24:42.424150,332.4,835215.0,823556.0
2025-06-20 10:24:42.655992,332.4,835215.0,823556.0
2025-06-20 10:24:42.697784,332.4,835215.0,823556.0
2025-06-20 10:24:42.959004,332.4,835215.0,823556.0
2025-06-20 10:24:43.496072,332.4,835215.0,823556.0
2025-06-20 10:24:44.034166,332.4,835215.0,823556.0
2025-06-20 10:24:44.707611,332.4,835215.0,823556.0
2025-06-20 10:24:45.055800,332.4,835215.0,823556.0
2025-06-20 10:24:45.668069,332.4,835215.0,823556.0
2025-06-20 10:24:46.075386,332.4,835215.0,823556.0
2025-06-20 10:24:47.645849,332.4,835215.0,823556.0
2025-06-20 10:24:48.211529,332.4,834735.0,823610.0
2025-06-20 10:24:48.666910,332.4,834735.0,823610.0
2025-06-20 10:24:48.783770,332.4,834735.0,823610.0
2025-06-20 10:24:49.783344,332.4,834735.0,823610.0
2025-06-20 10:24:50.662438,332.3,834735.0,823610.0
2025-06-20 10:24:51.292243,332.3,834735.0,823610.0
2025-06-20 10:24:52.567632,332.3,834735.0,823610.0
2025-06-20 10:24:53.832212,332.3,834735.0,823610.0
2025-06-20 10:24:54.013900,332.4,834563.0,823677.0
2025-06-20 10:24:54.665044,332.4,834563.0,823677.0
2025-06-20 10:24:55.422700,332.4,834563.0,823677.0
2025-06-20 10:24:56.660070,332.4,834563.0,823677.0
2025-06-20 10:24:58.664632,332.4,834563.0,823677.0
2025-06-20 10:24:59.722126,332.4,834503.0,824712.0
2025-06-20 10:25:00.658355,332.3,834503.0,824712.0
2025-06-20 10:25:05.722537,332.3,831479.0,823986.0
2025-06-20 10:25:08.669773,332.4,831479.0,823986.0
2025-06-20 10:25:10.719256,332.3,831479.0,823986.0
2025-06-20 10:25:11.829278,332.25,828104.0,827337.0
2025-06-20 10:25:14.664486,332.35,828104.0,827337.0
2025-06-20 10:25:17.661595,332.3,828104.0,827337.0
2025-06-20 10:25:18.030650,332.3,822698.0,834458.0
2025-06-20 10:25:20.355056,332.25,822698.0,834458.0
2025-06-20 10:25:24.241998,332.25,823561.0,831303.0
2025-06-20 10:25:25.684059,332.2,823561.0,831303.0
2025-06-20 10:25:28.664732,332.3,823561.0,831303.0
2025-06-20 10:25:30.266194,332.2,821770.0,832694.0
2025-06-20 10:25:32.666042,332.2,821770.0,832694.0
2025-06-20 10:25:35.667840,332.2,821770.0,832694.0
2025-06-20 10:25:36.344741,332.2,824025.0,832755.0
2025-06-20 10:25:37.665462,332.2,824025.0,832755.0
2025-06-20 10:25:40.674912,332.2,824025.0,832755.0
2025-06-20 10:25:42.685186,332.3,822225.0,833165.0
2025-06-20 10:25:44.670978,332.15,822225.0,833165.0
2025-06-20 10:25:47.666197,332.25,822225.0,833165.0
2025-06-20 10:25:48.857922,332.25,822494.0,838056.0
2025-06-20 10:25:50.671083,332.3,822494.0,838056.0
2025-06-20 10:25:53.664747,332.2,822494.0,838056.0
2025-06-20 10:25:54.858961,332.2,825589.0,830777.0
2025-06-20 10:25:56.665295,332.35,825589.0,830777.0
2025-06-20 10:25:58.675934,332.2,825589.0,830777.0
2025-06-20 10:26:00.661915,332.2,824524.0,833125.0
2025-06-20 10:26:01.669255,332.2,824524.0,833125.0
2025-06-20 10:26:05.662749,332.35,824524.0,833125.0
2025-06-20 10:26:06.670434,332.35,826315.0,831702.0
2025-06-20 10:26:08.666924,332.2,826315.0,831702.0
2025-06-20 10:26:11.661967,332.2,826315.0,831702.0
2025-06-20 10:26:13.071015,332.2,824702.0,829743.0
2025-06-20 10:26:16.671228,332.3,824702.0,829743.0
2025-06-20 10:26:19.374424,332.3,829724.0,823516.0
2025-06-20 10:26:19.670492,332.3,829724.0,823516.0
2025-06-20 10:26:22.669983,332.3,829724.0,823516.0
2025-06-20 10:26:25.587728,332.3,831988.0,822859.0
2025-06-20 10:26:28.674648,332.3,831988.0,822859.0
2025-06-20 10:26:31.692313,332.3,832812.0,821740.0
2025-06-20 10:26:32.671740,332.3,832812.0,821740.0
2025-06-20 10:26:37.987838,332.3,835359.0,820557.0
2025-06-20 10:26:38.719039,332.4,835359.0,820557.0
2025-06-20 10:26:40.670408,332.4,835359.0,820557.0
2025-06-20 10:26:43.712335,332.35,835359.0,820557.0
2025-06-20 10:26:44.501275,332.35,837833.0,818267.0
2025-06-20 10:26:47.691066,332.4,837833.0,818267.0
2025-06-20 10:26:50.602044,332.4,839254.0,818319.0
2025-06-20 10:26:52.917729,332.4,839254.0,818319.0
2025-06-20 10:26:56.103435,332.4,839254.0,818319.0
2025-06-20 10:26:57.017894,332.4,842701.0,817713.0
2025-06-20 10:27:01.701236,332.4,842701.0,817713.0
2025-06-20 10:27:03.010042,332.55,846465.0,799423.0
2025-06-20 10:27:05.697152,332.6,846465.0,799423.0
2025-06-20 10:27:07.717755,332.7,846465.0,799423.0
2025-06-20 10:27:09.515925,332.6,847327.0,793135.0
2025-06-20 10:27:10.704936,332.7,847327.0,793135.0
2025-06-20 10:27:13.717448,332.7,847327.0,793135.0
2025-06-20 10:27:16.135272,332.65,848043.0,787999.0
2025-06-20 10:27:17.669134,332.65,848043.0,787999.0
2025-06-20 10:27:20.674423,332.65,848043.0,787999.0
2025-06-20 10:27:22.735712,332.8,846645.0,791872.0
2025-06-20 10:27:24.138300,332.8,846645.0,791872.0
2025-06-20 10:27:26.671565,332.8,846645.0,791872.0
2025-06-20 10:27:29.329256,332.8,847622.0,796702.0
2025-06-20 10:27:29.808944,332.8,847622.0,796702.0
2025-06-20 10:27:33.667127,332.8,847622.0,796702.0
2025-06-20 10:27:35.678601,332.7,847622.0,796702.0
2025-06-20 10:27:36.034130,332.7,848490.0,796951.0
2025-06-20 10:27:39.697329,332.7,848490.0,796951.0
2025-06-20 10:27:42.639800,332.8,848195.0,799801.0
2025-06-20 10:27:42.662348,332.8,848195.0,799801.0
2025-06-20 10:27:42.739985,332.8,848195.0,799801.0
2025-06-20 10:27:43.020217,332.8,848195.0,799801.0
2025-06-20 10:27:44.237200,332.8,848195.0,799801.0
2025-06-20 10:27:45.267655,332.8,848195.0,799801.0
2025-06-20 10:27:46.284399,332.8,848195.0,799801.0
2025-06-20 10:27:46.733929,332.8,848195.0,799801.0
2025-06-20 10:27:46.736050,332.8,848195.0,799801.0
2025-06-20 10:27:47.686103,332.8,848195.0,799801.0
2025-06-20 10:27:48.979845,332.8,845076.0,803458.0
2025-06-20 10:27:49.006410,332.8,845076.0,803458.0
2025-06-20 10:27:51.501641,332.8,845076.0,803458.0
2025-06-20 10:27:52.682127,332.8,845076.0,803458.0
2025-06-20 10:27:52.834374,332.8,845076.0,803458.0
2025-06-20 10:27:54.021471,332.8,845076.0,803458.0
2025-06-20 10:27:55.352484,332.7,847961.0,802398.0
2025-06-20 10:27:55.612264,332.7,847961.0,802398.0
2025-06-20 10:27:56.677281,332.8,847961.0,802398.0
2025-06-20 10:28:01.710660,332.7,846830.0,801556.0
2025-06-20 10:28:01.743640,332.7,846830.0,801556.0
2025-06-20 10:28:03.687328,332.8,846830.0,801556.0
2025-06-20 10:28:05.676587,332.8,846830.0,801556.0
2025-06-20 10:28:07.680625,332.8,846830.0,801556.0
2025-06-20 10:28:07.762585,332.8,848689.0,802347.0
2025-06-20 10:28:09.673773,332.7,848689.0,802347.0
2025-06-20 10:28:11.674799,332.7,848689.0,802347.0
2025-06-20 10:28:13.680795,332.7,848195.0,803127.0
2025-06-20 10:28:15.678290,332.65,848195.0,803127.0
2025-06-20 10:28:19.742946,332.55,848195.0,803127.0
2025-06-20 10:28:19.887050,332.55,830714.0,822362.0
2025-06-20 10:28:21.675915,332.65,830714.0,822362.0
2025-06-20 10:28:25.676783,332.55,830714.0,822362.0
2025-06-20 10:28:25.787349,332.55,830239.0,831306.0
2025-06-20 10:28:27.675974,332.55,830239.0,831306.0
2025-06-20 10:28:31.676760,332.55,830239.0,831306.0
2025-06-20 10:28:32.109453,332.55,833463.0,822382.0
2025-06-20 10:28:34.675408,332.75,833463.0,822382.0
2025-06-20 10:28:37.675102,332.75,833463.0,822382.0
2025-06-20 10:28:38.137265,332.75,832433.0,822412.0
2025-06-20 10:28:40.678684,332.7,832433.0,822412.0
2025-06-20 10:28:44.187869,332.7,833402.0,824244.0
2025-06-20 10:28:49.689789,332.7,833402.0,824244.0
2025-06-20 10:28:50.703658,332.7,836948.0,819328.0
2025-06-20 10:28:51.683278,332.7,836948.0,819328.0
2025-06-20 10:28:54.681395,332.7,836948.0,819328.0
2025-06-20 10:28:56.595903,332.7,837387.0,813031.0
2025-06-20 10:28:57.691936,332.75,837387.0,813031.0
2025-06-20 10:29:00.684041,332.8,837387.0,813031.0
2025-06-20 10:29:02.599270,332.8,838039.0,808261.0
2025-06-20 10:29:02.684707,332.8,838039.0,808261.0
2025-06-20 10:29:04.717567,332.9,838039.0,808261.0
2025-06-20 10:29:06.682712,333.2,838039.0,808261.0
2025-06-20 10:29:08.500584,333.1,845917.0,789287.0
2025-06-20 10:29:08.676788,333.1,845917.0,789287.0
2025-06-20 10:29:12.721510,333.2,845917.0,789287.0
2025-06-20 10:29:14.683353,333.1,845917.0,789287.0
2025-06-20 10:29:14.806185,333.1,846767.0,789005.0
2025-06-20 10:29:16.687686,333.2,846767.0,789005.0
2025-06-20 10:29:18.987417,333.1,846767.0,789005.0
2025-06-20 10:29:20.717937,333.2,846767.0,789005.0
2025-06-20 10:29:20.811616,333.2,845935.0,788533.0
2025-06-20 10:29:22.695058,333.3,845935.0,788533.0
2025-06-20 10:29:24.714039,333.2,845935.0,788533.0
2025-06-20 10:29:26.443225,333.1,840475.0,797613.0
2025-06-20 10:29:26.688797,333.1,840475.0,797613.0
2025-06-20 10:29:30.728602,333.1,840475.0,797613.0
2025-06-20 10:29:32.119223,333.1,840835.0,806472.0
2025-06-20 10:29:32.684898,333.15,840835.0,806472.0
2025-06-20 10:29:34.681707,333.1,840835.0,806472.0
2025-06-20 10:29:36.681326,333.1,840835.0,806472.0
2025-06-20 10:29:37.820974,333.1,839873.0,809212.0
2025-06-20 10:29:42.691926,333.15,839873.0,809212.0
2025-06-20 10:29:43.824942,333.15,829669.0,810028.0
2025-06-20 10:29:45.713930,333.05,829669.0,810028.0
2025-06-20 10:29:48.825615,333.0,829669.0,810028.0
2025-06-20 10:29:49.729840,333.0,831605.0,816361.0
2025-06-20 10:29:51.717046,333.0,831605.0,816361.0
2025-06-20 10:29:54.688471,333.0,831605.0,816361.0
2025-06-20 10:29:55.660347,333.0,827120.0,823713.0
2025-06-20 10:29:57.711680,333.0,827120.0,823713.0
2025-06-20 10:30:00.702833,333.0,827120.0,823713.0
2025-06-20 10:30:01.518385,333.0,826991.0,822981.0
2025-06-20 10:30:01.680807,333.0,826991.0,822981.0
2025-06-20 10:30:02.452594,333.0,828087.0,819698.0
2025-06-20 10:30:03.467160,333.0,829331.0,816289.0
2025-06-20 10:30:03.683553,333.0,829331.0,816289.0
2025-06-20 10:30:04.344310,333.1,832122.0,810518.0
2025-06-20 10:30:04.676578,333.25,832122.0,810518.0
2025-06-20 10:30:05.481776,333.15,831090.0,800127.0
2025-06-20 10:30:05.701587,333.15,831090.0,800127.0
2025-06-20 10:30:06.543148,333.15,831972.0,800449.0
2025-06-20 10:30:07.647191,333.3,839552.0,800580.0
2025-06-20 10:30:07.687926,333.3,839552.0,800580.0
2025-06-20 10:30:08.649784,333.3,839523.0,796890.0
2025-06-20 10:30:08.675261,333.3,839523.0,796890.0
2025-06-20 10:30:09.713052,333.3,838069.0,801191.0
2025-06-20 10:30:09.772459,333.3,838069.0,801191.0
2025-06-20 10:30:10.653520,333.3,837901.0,799914.0
2025-06-20 10:30:10.705116,333.3,837901.0,799914.0
2025-06-20 10:30:11.667915,333.3,836893.0,795984.0
2025-06-20 10:30:11.704030,333.3,836893.0,795984.0
2025-06-20 10:30:12.650041,333.3,837314.0,796497.0
2025-06-20 10:30:12.719765,333.3,837314.0,796497.0
2025-06-20 10:30:13.650545,333.3,835052.0,798310.0
2025-06-20 10:30:14.551890,333.35,833275.0,798673.0
2025-06-20 10:30:14.697205,333.35,833275.0,798673.0
2025-06-20 10:30:15.651938,333.3,832488.0,797003.0
2025-06-20 10:30:15.700811,333.3,832488.0,797003.0
2025-06-20 10:30:16.959849,333.35,832488.0,797003.0
2025-06-20 10:30:17.059322,333.35,831577.0,800207.0
2025-06-20 10:30:18.154793,333.25,832063.0,801752.0
2025-06-20 10:30:18.790975,333.25,832063.0,801752.0
2025-06-20 10:30:19.252274,333.25,831926.0,799303.0
2025-06-20 10:30:19.698674,333.25,831926.0,799303.0
2025-06-20 10:30:20.249779,333.25,832072.0,801283.0
2025-06-20 10:30:20.683161,333.25,832072.0,801283.0
2025-06-20 10:30:21.352231,333.1,822766.0,814002.0
2025-06-20 10:30:21.705277,333.2,822766.0,814002.0
2025-06-20 10:30:22.480683,333.1,824895.0,811599.0
2025-06-20 10:30:22.681047,333.1,824895.0,811599.0
2025-06-20 10:30:23.554253,333.1,828763.0,811326.0
2025-06-20 10:30:24.654012,333.25,828763.0,810971.0
2025-06-20 10:30:24.701633,333.25,828763.0,810971.0
2025-06-20 10:30:25.655527,333.25,829791.0,810351.0
2025-06-20 10:30:25.713864,333.25,829791.0,810351.0
2025-06-20 10:30:26.723324,333.1,829791.0,810351.0
2025-06-20 10:30:26.755852,333.2,828082.0,811354.0
2025-06-20 10:30:27.706534,333.05,828082.0,811354.0
2025-06-20 10:30:27.855751,333.05,829975.0,811722.0
2025-06-20 10:30:28.698511,333.05,829975.0,811722.0
2025-06-20 10:30:28.994915,333.05,830651.0,812214.0
2025-06-20 10:30:29.718843,333.0,830651.0,812214.0
2025-06-20 10:30:29.970111,333.0,828297.0,814416.0
2025-06-20 10:30:31.331510,333.0,828297.0,814416.0
2025-06-20 10:30:31.365294,333.0,828840.0,813968.0
2025-06-20 10:30:31.707890,333.0,828840.0,813968.0
2025-06-20 10:30:32.065071,333.0,825786.0,813566.0
2025-06-20 10:30:32.711309,333.0,825786.0,813566.0
2025-06-20 10:30:33.177015,333.0,827972.0,815878.0
2025-06-20 10:30:33.683286,333.1,827972.0,815878.0
2025-06-20 10:30:34.264682,333.1,828994.0,812500.0
2025-06-20 10:30:35.366480,333.1,832516.0,812947.0
2025-06-20 10:30:35.688167,333.1,832516.0,812947.0
2025-06-20 10:30:36.488257,333.05,832416.0,813161.0
2025-06-20 10:30:36.680655,333.25,832416.0,813161.0
2025-06-20 10:30:37.478629,333.05,832482.0,812617.0
2025-06-20 10:30:37.682393,333.05,832482.0,812617.0
2025-06-20 10:30:38.568072,333.05,832331.0,812641.0
2025-06-20 10:30:38.683831,333.05,832331.0,812641.0
2025-06-20 10:30:39.674355,333.05,832058.0,812591.0
2025-06-20 10:30:40.690876,333.05,832058.0,812591.0
2025-06-20 10:30:40.773769,333.05,830741.0,812679.0
2025-06-20 10:30:41.683518,333.25,830741.0,812679.0
2025-06-20 10:30:41.980593,333.25,832290.0,812551.0
2025-06-20 10:30:42.870562,333.25,834602.0,811421.0
2025-06-20 10:30:43.172535,333.25,834602.0,811421.0
2025-06-20 10:30:43.682760,333.25,834602.0,811421.0
2025-06-20 10:30:43.848426,333.25,834602.0,811421.0
2025-06-20 10:30:43.982754,333.15,835415.0,810927.0
2025-06-20 10:30:44.211570,333.15,835415.0,810927.0
2025-06-20 10:30:44.682245,333.15,835415.0,810927.0
2025-06-20 10:30:44.916644,333.15,835415.0,810927.0
2025-06-20 10:30:45.182730,333.15,835827.0,811167.0
2025-06-20 10:30:45.303858,333.15,835827.0,811167.0
2025-06-20 10:30:45.690823,333.15,835827.0,811167.0
2025-06-20 10:30:45.994297,333.15,835827.0,811167.0
2025-06-20 10:30:46.217260,333.15,836261.0,811561.0
2025-06-20 10:30:46.471625,333.15,836261.0,811561.0
2025-06-20 10:30:47.276738,333.15,837508.0,811566.0
2025-06-20 10:30:47.657908,333.15,837508.0,811566.0
2025-06-20 10:30:48.380671,333.15,837508.0,811566.0
2025-06-20 10:30:48.418533,333.15,839540.0,811080.0
2025-06-20 10:30:49.486224,333.15,841334.0,811001.0
2025-06-20 10:30:49.684480,333.15,841334.0,811001.0
2025-06-20 10:30:49.724509,333.15,841334.0,811001.0
2025-06-20 10:30:50.586947,333.1,841414.0,812220.0
2025-06-20 10:30:50.688132,333.1,841414.0,812220.0
2025-06-20 10:30:50.745271,333.1,841414.0,812220.0
2025-06-20 10:30:51.685510,333.2,841414.0,812220.0
2025-06-20 10:30:51.688402,333.2,846981.0,810351.0
2025-06-20 10:30:52.250065,333.2,846981.0,810351.0
2025-06-20 10:30:52.697051,333.3,846981.0,810351.0
2025-06-20 10:30:52.785695,333.3,847106.0,806862.0
2025-06-20 10:30:53.528051,333.3,847106.0,806862.0
2025-06-20 10:30:53.733567,333.2,847106.0,806862.0
2025-06-20 10:30:53.877688,333.2,847637.0,803770.0
2025-06-20 10:30:54.683811,333.2,847637.0,803770.0
2025-06-20 10:30:54.799679,333.2,847637.0,803770.0
2025-06-20 10:30:55.012674,333.3,843861.0,805768.0
2025-06-20 10:30:55.691077,333.2,843861.0,805768.0
2025-06-20 10:30:56.252084,333.2,843339.0,805941.0
2025-06-20 10:30:56.488063,333.2,843339.0,805941.0
2025-06-20 10:30:56.701779,333.3,843339.0,805941.0
2025-06-20 10:30:57.218573,333.35,844377.0,793235.0
2025-06-20 10:30:57.717334,333.4,844377.0,793235.0
2025-06-20 10:30:58.278379,333.4,839962.0,797707.0
2025-06-20 10:30:58.688742,333.3,839962.0,797707.0
2025-06-20 10:30:59.485023,333.3,841184.0,799152.0
2025-06-20 10:30:59.689052,333.3,841184.0,799152.0
2025-06-20 10:31:01.376593,333.4,840451.0,799404.0
2025-06-20 10:31:01.694290,333.4,840451.0,799404.0
2025-06-20 10:31:02.487036,333.4,840527.0,802144.0
2025-06-20 10:31:02.697774,333.4,840527.0,802144.0
2025-06-20 10:31:03.577056,333.3,839985.0,802986.0
2025-06-20 10:31:03.689902,333.3,839985.0,802986.0
2025-06-20 10:31:04.580432,333.4,840086.0,802697.0
2025-06-20 10:31:04.695243,333.4,840086.0,802697.0
2025-06-20 10:31:05.696123,333.3,840086.0,802697.0
2025-06-20 10:31:05.786015,333.3,840553.0,802901.0
2025-06-20 10:31:06.698965,333.3,840553.0,802901.0
2025-06-20 10:31:06.724010,333.3,839670.0,802879.0
2025-06-20 10:31:07.702435,333.3,840505.0,803313.0
2025-06-20 10:31:08.805716,333.3,840010.0,802000.0
2025-06-20 10:31:09.949162,333.4,840010.0,802000.0
2025-06-20 10:31:09.955331,333.4,840272.0,801128.0
2025-06-20 10:31:10.708112,333.3,840272.0,801128.0
2025-06-20 10:31:10.885814,333.3,839986.0,803406.0
2025-06-20 10:31:11.730453,333.4,839986.0,803406.0
2025-06-20 10:31:11.888239,333.4,840113.0,802767.0
2025-06-20 10:31:12.706675,333.4,840113.0,802767.0
2025-06-20 10:31:12.793985,333.4,840399.0,802957.0
2025-06-20 10:31:13.764551,333.3,840399.0,802957.0
2025-06-20 10:31:13.894692,333.3,840499.0,803037.0
2025-06-20 10:31:14.704757,333.3,840499.0,803037.0
2025-06-20 10:31:14.999866,333.3,840868.0,803055.0
2025-06-20 10:31:15.695921,333.4,840868.0,803055.0
2025-06-20 10:31:16.091306,333.4,840138.0,802987.0
2025-06-20 10:31:16.706703,333.3,840138.0,802987.0
2025-06-20 10:31:17.193233,333.3,839892.0,802756.0
2025-06-20 10:31:17.695615,333.4,839892.0,802756.0
2025-06-20 10:31:18.298856,333.4,840474.0,800864.0
2025-06-20 10:31:18.736751,333.4,840474.0,800864.0
2025-06-20 10:31:19.192638,333.4,840639.0,800774.0
2025-06-20 10:31:19.698026,333.4,840639.0,800774.0
2025-06-20 10:31:20.297676,333.4,840499.0,800773.0
2025-06-20 10:31:20.697006,333.4,840499.0,800773.0
2025-06-20 10:31:21.404502,333.4,840030.0,800380.0
2025-06-20 10:31:21.706180,333.4,840030.0,800380.0
2025-06-20 10:31:22.494072,333.4,839744.0,800515.0
2025-06-20 10:31:22.735103,333.4,839744.0,800515.0
2025-06-20 10:31:23.595756,333.4,839742.0,800531.0
2025-06-20 10:31:24.595066,333.4,839750.0,800614.0
2025-06-20 10:31:25.687308,333.3,839750.0,800614.0
2025-06-20 10:31:25.706728,333.4,840892.0,798438.0
2025-06-20 10:31:26.692655,333.3,840892.0,798438.0
2025-06-20 10:31:26.797376,333.3,841365.0,799821.0
2025-06-20 10:31:27.733038,333.4,841365.0,799821.0
2025-06-20 10:31:27.906992,333.4,840715.0,802211.0
2025-06-20 10:31:28.740801,333.4,840715.0,802211.0
2025-06-20 10:31:29.154400,333.4,840430.0,802119.0
2025-06-20 10:31:29.747404,333.25,840430.0,802119.0
2025-06-20 10:31:30.097658,333.3,840372.0,798573.0
2025-06-20 10:31:30.722459,333.25,840372.0,798573.0
2025-06-20 10:31:31.101206,333.25,839948.0,799164.0
2025-06-20 10:31:31.761815,333.25,839948.0,799164.0
2025-06-20 10:31:32.201534,333.25,840395.0,798987.0
2025-06-20 10:31:32.758269,333.4,840395.0,798987.0
2025-06-20 10:31:33.320324,333.4,838133.0,801605.0
2025-06-20 10:31:34.509182,333.4,837771.0,802633.0
2025-06-20 10:31:35.509986,333.4,838043.0,801631.0
2025-06-20 10:31:36.505968,333.4,838218.0,801353.0
2025-06-20 10:31:36.709911,333.4,838218.0,801353.0
2025-06-20 10:31:37.606357,333.4,839329.0,800817.0
2025-06-20 10:31:38.731083,333.4,839281.0,800969.0
2025-06-20 10:31:39.756163,333.3,839281.0,800969.0
2025-06-20 10:31:40.205795,333.3,839718.0,801005.0
2025-06-20 10:31:41.043639,333.3,839718.0,801005.0
2025-06-20 10:31:41.051166,333.3,839233.0,801724.0
2025-06-20 10:31:41.736033,333.2,839233.0,801724.0
2025-06-20 10:31:42.016080,333.2,837520.0,802278.0
2025-06-20 10:31:43.012305,333.4,837380.0,802380.0
2025-06-20 10:31:43.734095,333.4,837380.0,802380.0
2025-06-20 10:31:44.180367,333.4,837788.0,802175.0
2025-06-20 10:31:45.211108,333.2,836665.0,802043.0
2025-06-20 10:31:45.756261,333.2,836665.0,802043.0
2025-06-20 10:31:46.322429,333.4,839352.0,801901.0
2025-06-20 10:31:46.702645,333.25,839352.0,801901.0
2025-06-20 10:31:47.511464,333.4,839397.0,800865.0
2025-06-20 10:31:47.719320,333.4,839397.0,800865.0
2025-06-20 10:31:48.441595,333.4,829268.0,801102.0
2025-06-20 10:31:49.517981,333.4,839210.0,802156.0
2025-06-20 10:31:49.702295,333.4,839210.0,802156.0
2025-06-20 10:31:50.635263,333.25,838633.0,802087.0
2025-06-20 10:31:50.709907,333.25,838633.0,802087.0
2025-06-20 10:31:51.699612,333.35,838633.0,802087.0
2025-06-20 10:31:51.727180,333.35,835662.0,804921.0
2025-06-20 10:31:52.712871,333.4,835662.0,804921.0
2025-06-20 10:31:52.812386,333.4,861646.0,796850.0
2025-06-20 10:31:53.692492,333.3,861646.0,796850.0
2025-06-20 10:31:53.970261,333.3,862829.0,798507.0
2025-06-20 10:31:54.715595,333.3,862829.0,798507.0
2025-06-20 10:31:55.020630,333.3,857413.0,800745.0
2025-06-20 10:31:55.741337,333.4,857413.0,800745.0
2025-06-20 10:31:56.021786,333.4,859072.0,801192.0
2025-06-20 10:31:56.693487,333.4,859072.0,801192.0
2025-06-20 10:31:57.118542,333.45,859215.0,799758.0
2025-06-20 10:31:57.719751,333.4,859215.0,799758.0
2025-06-20 10:31:58.219546,333.4,859942.0,799944.0
2025-06-20 10:31:58.701088,333.4,859942.0,799944.0
2025-06-20 10:31:59.348198,333.4,855513.0,811926.0
2025-06-20 10:31:59.691584,333.35,855513.0,811926.0
2025-06-20 10:32:02.708842,333.3,855513.0,811926.0
2025-06-20 10:32:04.939586,333.3,855481.0,817185.0
2025-06-20 10:32:05.704481,333.3,855481.0,817185.0
2025-06-20 10:32:10.717306,333.2,855481.0,817185.0
2025-06-20 10:32:11.352356,333.25,856786.0,824508.0
2025-06-20 10:32:14.689630,333.25,856786.0,824508.0
2025-06-20 10:32:17.636658,333.2,858231.0,827490.0
2025-06-20 10:32:17.696489,333.2,858231.0,827490.0
2025-06-20 10:32:21.697589,333.2,858231.0,827490.0
2025-06-20 10:32:23.963321,333.3,859493.0,824755.0
2025-06-20 10:32:25.739914,333.3,859493.0,824755.0
2025-06-20 10:32:29.901822,333.3,859493.0,824755.0
2025-06-20 10:32:30.044095,333.3,854091.0,822700.0
2025-06-20 10:32:31.762501,333.15,854091.0,822700.0
2025-06-20 10:32:34.702857,333.2,854091.0,822700.0
2025-06-20 10:32:36.472572,333.2,856862.0,823378.0
2025-06-20 10:32:37.729303,333.4,856862.0,823378.0
2025-06-20 10:32:40.743796,333.2,856862.0,823378.0
2025-06-20 10:32:42.349420,333.35,855759.0,825765.0
2025-06-20 10:32:43.699025,333.15,855759.0,825765.0
2025-06-20 10:32:46.735399,333.3,855759.0,825765.0
2025-06-20 10:32:48.151699,333.3,862556.0,814277.0
2025-06-20 10:32:50.695840,333.25,862556.0,814277.0
2025-06-20 10:32:53.745578,333.45,862556.0,814277.0
2025-06-20 10:32:54.556524,333.45,862449.0,810240.0
2025-06-20 10:32:55.698057,333.4,862449.0,810240.0
2025-06-20 10:32:58.713163,333.4,862449.0,810240.0
2025-06-20 10:33:00.562606,333.4,861445.0,808378.0
2025-06-20 10:33:01.715820,333.4,861445.0,808378.0
2025-06-20 10:33:04.716681,333.45,861445.0,808378.0
2025-06-20 10:33:06.270217,333.4,860507.0,808060.0
2025-06-20 10:33:07.743807,333.4,860507.0,808060.0
2025-06-20 10:33:11.736672,333.45,860507.0,808060.0
2025-06-20 10:33:12.065280,333.45,862671.0,806129.0
2025-06-20 10:33:15.696178,333.5,862671.0,806129.0
2025-06-20 10:33:17.705753,333.4,862671.0,806129.0
2025-06-20 10:33:17.874343,333.4,865749.0,803989.0
2025-06-20 10:33:19.729425,333.35,865749.0,803989.0
2025-06-20 10:33:21.697060,333.35,865749.0,803989.0
2025-06-20 10:33:23.772414,333.5,865749.0,803989.0
2025-06-20 10:33:23.783256,333.5,866105.0,802885.0
2025-06-20 10:33:25.756011,333.35,866105.0,802885.0
2025-06-20 10:33:27.697015,333.45,866105.0,802885.0
2025-06-20 10:33:29.718602,333.25,866105.0,802885.0
2025-06-20 10:33:29.880998,333.25,859955.0,818873.0
2025-06-20 10:33:31.700049,333.35,859955.0,818873.0
2025-06-20 10:33:33.719078,333.35,859955.0,818873.0
2025-06-20 10:33:35.865800,333.35,859955.0,818873.0
2025-06-20 10:33:35.989519,333.35,870311.0,817763.0
2025-06-20 10:33:37.700018,333.4,870311.0,817763.0
2025-06-20 10:33:41.691521,333.4,870311.0,817763.0
2025-06-20 10:33:41.886123,333.4,882984.0,818404.0
2025-06-20 10:33:43.644683,333.4,882984.0,818404.0
2025-06-20 10:33:44.033434,333.4,882984.0,818404.0
2025-06-20 10:33:45.024383,333.4,882984.0,818404.0
2025-06-20 10:33:46.377347,333.4,882984.0,818404.0
2025-06-20 10:33:47.412267,333.4,882984.0,818404.0
2025-06-20 10:33:47.692134,333.25,882984.0,818404.0
2025-06-20 10:33:47.693832,333.25,884129.0,817568.0
2025-06-20 10:33:47.823794,333.25,884129.0,817568.0
2025-06-20 10:33:48.824788,333.25,884129.0,817568.0
2025-06-20 10:33:49.694989,333.2,884129.0,817568.0
2025-06-20 10:33:50.132033,333.2,884129.0,817568.0
2025-06-20 10:33:51.346705,333.2,884129.0,817568.0
2025-06-20 10:33:52.663131,333.2,884129.0,817568.0
2025-06-20 10:33:52.715138,333.2,884129.0,817568.0
2025-06-20 10:33:53.623628,333.2,880778.0,825664.0
2025-06-20 10:33:53.949647,333.2,880778.0,825664.0
2025-06-20 10:33:55.226935,333.2,880778.0,825664.0
2025-06-20 10:33:55.694122,333.35,880778.0,825664.0
2025-06-20 10:33:56.828064,333.35,880778.0,825664.0
2025-06-20 10:33:58.698750,333.35,880778.0,825664.0
2025-06-20 10:33:59.597465,333.35,886755.0,821139.0
2025-06-20 10:34:01.698658,333.35,886755.0,821139.0
2025-06-20 10:34:04.701041,333.4,886755.0,821139.0
2025-06-20 10:34:05.007538,333.4,891413.0,820121.0
2025-06-20 10:34:08.696225,333.4,891413.0,820121.0
2025-06-20 10:34:11.009470,333.4,899336.0,808367.0
2025-06-20 10:34:11.718467,333.5,899336.0,808367.0
2025-06-20 10:34:13.698088,333.4,899336.0,808367.0
2025-06-20 10:34:16.748822,333.4,899336.0,808367.0
2025-06-20 10:34:17.044809,333.4,899853.0,808039.0
2025-06-20 10:34:19.695715,333.4,899853.0,808039.0
2025-06-20 10:34:22.614619,333.4,898750.0,809476.0
2025-06-20 10:34:23.740227,333.4,898750.0,809476.0
2025-06-20 10:34:28.213752,333.4,897540.0,809605.0
2025-06-20 10:34:28.721959,333.4,897540.0,809605.0
2025-06-20 10:34:32.696238,333.4,897540.0,809605.0
2025-06-20 10:34:33.820582,333.4,897971.0,813428.0
2025-06-20 10:34:34.707129,333.4,897971.0,813428.0
2025-06-20 10:34:38.741543,333.5,897971.0,813428.0
2025-06-20 10:34:39.523323,333.5,898863.0,813595.0
2025-06-20 10:34:40.739555,333.5,898863.0,813595.0
2025-06-20 10:34:44.081338,333.4,898863.0,813595.0
2025-06-20 10:34:45.421535,333.4,895379.0,815912.0
2025-06-20 10:34:46.726173,333.4,895379.0,815912.0
2025-06-20 10:34:49.753294,333.4,895379.0,815912.0
2025-06-20 10:34:50.760804,333.4,894911.0,817600.0
2025-06-20 10:34:53.744417,333.4,894911.0,817600.0
2025-06-20 10:34:55.754262,333.4,894911.0,817600.0
2025-06-20 10:34:56.336084,333.4,893783.0,817762.0
2025-06-20 10:34:57.740151,333.4,893783.0,817762.0
2025-06-20 10:34:59.707776,333.4,893783.0,817762.0
2025-06-20 10:35:01.630307,333.35,893549.0,816432.0
2025-06-20 10:35:01.695018,333.35,893549.0,816432.0
2025-06-20 10:35:03.701798,333.35,893549.0,816432.0
2025-06-20 10:35:05.705792,333.4,893549.0,816432.0
2025-06-20 10:35:07.248896,333.4,893395.0,817616.0
2025-06-20 10:35:07.703185,333.35,893395.0,817616.0
2025-06-20 10:35:10.705805,333.35,893395.0,817616.0
2025-06-20 10:35:12.842507,333.35,893812.0,823976.0
2025-06-20 10:35:14.701410,333.35,893812.0,823976.0
2025-06-20 10:35:17.004860,333.35,893812.0,823976.0
2025-06-20 10:35:19.381920,333.35,885989.0,829156.0
2025-06-20 10:35:20.699951,333.35,885989.0,829156.0
2025-06-20 10:35:22.805859,333.35,885989.0,829156.0
2025-06-20 10:35:24.654381,333.3,885104.0,830420.0
2025-06-20 10:35:24.701945,333.3,885104.0,830420.0
2025-06-20 10:35:26.705699,333.3,885104.0,830420.0
2025-06-20 10:35:30.465894,333.3,885278.0,833427.0
2025-06-20 10:35:30.708086,333.3,885278.0,833427.0
2025-06-20 10:35:32.705671,333.2,885278.0,833427.0
2025-06-20 10:35:36.492536,333.3,886573.0,833507.0
2025-06-20 10:35:36.704842,333.3,886573.0,833507.0
2025-06-20 10:35:38.708730,333.3,886573.0,833507.0
2025-06-20 10:35:40.706350,333.3,886573.0,833507.0
2025-06-20 10:35:42.265953,333.3,884690.0,834494.0
2025-06-20 10:35:42.700264,333.3,884690.0,834494.0
2025-06-20 10:35:44.714497,333.2,884690.0,834494.0
2025-06-20 10:35:46.696179,333.2,884690.0,834494.0
2025-06-20 10:35:48.068040,333.25,874488.0,841037.0
2025-06-20 10:35:48.698658,333.25,874488.0,841037.0
2025-06-20 10:35:50.703895,333.15,874488.0,841037.0
2025-06-20 10:35:52.754404,333.15,874488.0,841037.0
2025-06-20 10:35:54.067571,333.15,875662.0,844538.0
2025-06-20 10:35:54.708709,333.2,875662.0,844538.0
2025-06-20 10:35:58.700298,333.05,875662.0,844538.0
2025-06-20 10:35:59.774516,333.05,874978.0,847358.0
2025-06-20 10:36:00.696657,333.05,874978.0,847358.0
2025-06-20 10:36:04.704235,333.05,874978.0,847358.0
2025-06-20 10:36:05.504845,333.05,873464.0,847661.0
2025-06-20 10:36:06.719387,333.05,873464.0,847661.0
2025-06-20 10:36:10.699967,333.0,873464.0,847661.0
2025-06-20 10:36:11.575856,333.0,869658.0,853864.0
2025-06-20 10:36:15.702344,333.1,869658.0,853864.0
2025-06-20 10:36:17.577226,333.1,872674.0,848853.0
2025-06-20 10:36:18.714660,333.1,872674.0,848853.0
2025-06-20 10:36:21.705949,333.1,872674.0,848853.0
2025-06-20 10:36:23.382724,332.95,868242.0,847405.0
2025-06-20 10:36:24.721120,332.95,868242.0,847405.0
2025-06-20 10:36:27.704599,333.1,868242.0,847405.0
2025-06-20 10:36:29.384653,333.1,866325.0,850638.0
2025-06-20 10:36:30.727019,333.05,866325.0,850638.0
2025-06-20 10:36:34.708568,332.95,866325.0,850638.0
2025-06-20 10:36:35.591773,332.95,867539.0,852797.0
2025-06-20 10:36:41.594041,333.1,866368.0,852392.0
2025-06-20 10:36:42.730137,333.1,866368.0,852392.0
2025-06-20 10:36:44.139636,333.1,866368.0,852392.0
2025-06-20 10:36:45.231228,333.1,866368.0,852392.0
2025-06-20 10:36:45.706547,333.0,866368.0,852392.0
2025-06-20 10:36:45.882476,333.0,866368.0,852392.0
2025-06-20 10:36:46.281156,333.0,866368.0,852392.0
2025-06-20 10:36:47.198036,332.9,866697.0,852816.0
2025-06-20 10:36:47.402047,332.9,866697.0,852816.0
2025-06-20 10:36:47.699565,332.9,866697.0,852816.0
2025-06-20 10:36:47.991113,332.9,866697.0,852816.0
2025-06-20 10:36:48.386072,332.9,866697.0,852816.0
2025-06-20 10:36:49.342813,332.9,866697.0,852816.0
2025-06-20 10:36:50.683402,332.9,866697.0,852816.0
2025-06-20 10:36:51.683165,332.9,866697.0,852816.0
2025-06-20 10:36:51.711605,333.0,866697.0,852816.0
2025-06-20 10:36:53.012787,332.9,867700.0,853735.0
2025-06-20 10:36:53.219519,332.9,867700.0,853735.0
2025-06-20 10:36:53.709850,332.9,867700.0,853735.0
2025-06-20 10:36:54.509421,332.9,867700.0,853735.0
2025-06-20 10:36:55.750662,332.9,867700.0,853735.0
2025-06-20 10:36:57.368314,332.9,867700.0,853735.0
2025-06-20 10:36:57.708886,333.0,867700.0,853735.0
2025-06-20 10:36:58.417879,333.0,864347.0,854612.0
2025-06-20 10:37:01.708563,332.95,864347.0,854612.0
2025-06-20 10:37:03.712391,332.9,864347.0,854612.0
2025-06-20 10:37:04.308714,332.9,867776.0,855864.0
2025-06-20 10:37:05.708891,333.0,867776.0,855864.0
2025-06-20 10:37:07.713861,332.95,867776.0,855864.0
2025-06-20 10:37:09.711838,332.9,867776.0,855864.0
2025-06-20 10:37:10.448391,332.9,868010.0,853703.0
2025-06-20 10:37:15.711658,332.9,868010.0,853703.0
2025-06-20 10:37:16.113896,332.9,867145.0,855619.0
2025-06-20 10:37:17.707362,332.9,867145.0,855619.0
2025-06-20 10:37:21.618888,332.95,868257.0,855236.0
2025-06-20 10:37:21.708007,332.95,868257.0,855236.0
2025-06-20 10:37:26.711179,332.95,868257.0,855236.0
2025-06-20 10:37:27.433347,332.95,865213.0,858696.0
2025-06-20 10:37:29.720517,332.95,865213.0,858696.0
2025-06-20 10:37:32.937793,332.95,867501.0,859229.0
2025-06-20 10:37:33.705984,332.95,867501.0,859229.0
2025-06-20 10:37:35.713859,332.9,867501.0,859229.0
2025-06-20 10:37:38.439287,332.95,871102.0,860374.0
2025-06-20 10:37:38.711128,332.95,871102.0,860374.0
2025-06-20 10:37:42.712603,332.95,871102.0,860374.0
2025-06-20 10:37:44.136498,332.9,871077.0,862797.0
2025-06-20 10:37:44.713870,332.8,871077.0,862797.0
2025-06-20 10:37:48.709789,332.9,871077.0,862797.0
2025-06-20 10:37:49.876485,332.95,871011.0,861172.0
2025-06-20 10:37:50.713447,332.95,871011.0,861172.0
2025-06-20 10:37:53.715843,332.95,871011.0,861172.0
2025-06-20 10:37:55.345408,332.95,870995.0,863463.0
2025-06-20 10:37:56.716767,332.95,870995.0,863463.0
2025-06-20 10:37:59.715797,332.9,870995.0,863463.0
2025-06-20 10:38:01.050894,332.9,867489.0,863803.0
2025-06-20 10:38:03.708269,332.9,867489.0,863803.0
2025-06-20 10:38:06.752835,332.9,854054.0,864697.0
2025-06-20 10:38:08.711349,332.9,854054.0,864697.0
2025-06-20 10:38:10.709591,332.95,854054.0,864697.0
2025-06-20 10:38:12.357947,332.95,852919.0,863955.0
2025-06-20 10:38:12.712622,332.95,852919.0,863955.0
2025-06-20 10:38:14.714620,332.95,852919.0,863955.0
2025-06-20 10:38:16.714561,332.8,852919.0,863955.0
2025-06-20 10:38:18.061026,332.8,852311.0,865375.0
2025-06-20 10:38:18.713870,332.8,852311.0,865375.0
2025-06-20 10:38:20.717501,332.8,852311.0,865375.0
2025-06-20 10:38:22.717478,332.8,852311.0,865375.0
2025-06-20 10:38:23.565735,332.8,851645.0,873766.0
2025-06-20 10:38:24.709396,332.85,851645.0,873766.0
2025-06-20 10:38:26.713362,332.85,851645.0,873766.0
2025-06-20 10:38:28.713339,332.9,851645.0,873766.0
2025-06-20 10:38:29.016021,332.9,852475.0,873885.0
2025-06-20 10:38:30.711711,332.8,852475.0,873885.0
2025-06-20 10:38:34.503205,332.8,852327.0,873788.0
2025-06-20 10:38:34.713648,332.8,852327.0,873788.0
2025-06-20 10:38:36.706521,332.8,852327.0,873788.0
2025-06-20 10:38:38.711618,332.85,852327.0,873788.0
2025-06-20 10:38:40.208691,332.85,854993.0,873957.0
2025-06-20 10:38:42.712370,332.85,854993.0,873957.0
2025-06-20 10:38:46.021926,332.85,856033.0,873100.0
2025-06-20 10:38:46.718679,332.9,856033.0,873100.0
2025-06-20 10:38:48.711520,332.85,856033.0,873100.0
2025-06-20 10:38:51.389161,332.85,857019.0,873560.0
2025-06-20 10:38:52.710885,332.85,857019.0,873560.0
2025-06-20 10:38:54.765512,332.9,857019.0,873560.0
2025-06-20 10:38:56.788264,332.85,857019.0,873560.0
2025-06-20 10:38:56.893363,332.85,857111.0,873225.0
2025-06-20 10:38:58.714457,332.8,857111.0,873225.0
2025-06-20 10:39:00.710821,332.8,857111.0,873225.0
2025-06-20 10:39:02.401924,332.8,855423.0,873322.0
2025-06-20 10:39:02.735654,332.8,855423.0,873322.0
2025-06-20 10:39:04.715736,332.9,855423.0,873322.0
2025-06-20 10:39:06.722623,332.9,855423.0,873322.0
2025-06-20 10:39:08.202004,332.9,855283.0,873831.0
2025-06-20 10:39:08.716733,332.9,855283.0,873831.0
2025-06-20 10:39:10.717082,332.8,855283.0,873831.0
2025-06-20 10:39:12.719846,332.9,855283.0,873831.0
2025-06-20 10:39:13.926849,332.8,857593.0,873750.0
2025-06-20 10:39:14.726309,332.8,857593.0,873750.0
2025-06-20 10:39:16.718932,332.8,857593.0,873750.0
2025-06-20 10:39:18.713227,332.8,857593.0,873750.0
2025-06-20 10:39:19.323874,332.9,857514.0,873660.0
2025-06-20 10:39:20.718355,332.85,857514.0,873660.0
2025-06-20 10:39:22.713623,332.9,857514.0,873660.0
2025-06-20 10:39:24.923853,332.9,858153.0,873811.0
2025-06-20 10:39:26.713107,332.8,858153.0,873811.0
2025-06-20 10:39:28.769396,332.9,858153.0,873811.0
2025-06-20 10:39:30.719136,332.8,858153.0,873811.0
2025-06-20 10:39:30.733825,332.8,857762.0,877477.0
2025-06-20 10:39:32.713831,332.85,857762.0,877477.0
2025-06-20 10:39:34.713639,332.85,857762.0,877477.0
2025-06-20 10:39:36.716794,332.9,857762.0,877477.0
2025-06-20 10:39:36.934405,332.9,858024.0,878278.0
2025-06-20 10:39:38.719379,332.85,858024.0,878278.0
2025-06-20 10:39:40.720901,332.85,858024.0,878278.0
2025-06-20 10:39:43.047981,332.85,855474.0,881408.0
2025-06-20 10:39:44.634181,332.85,855474.0,881408.0
2025-06-20 10:39:44.715691,332.85,855474.0,881408.0
2025-06-20 10:39:45.039074,332.85,855474.0,881408.0
2025-06-20 10:39:46.058956,332.85,855474.0,881408.0
2025-06-20 10:39:46.797590,332.85,855474.0,881408.0
2025-06-20 10:39:46.956111,332.85,855474.0,881408.0
2025-06-20 10:39:47.419660,332.85,855474.0,881408.0
2025-06-20 10:39:48.442009,332.85,855474.0,881408.0
2025-06-20 10:39:48.766637,332.7,855474.0,881408.0
2025-06-20 10:39:48.858313,332.7,855474.0,881408.0
2025-06-20 10:39:49.135155,332.7,852232.0,884538.0
2025-06-20 10:39:49.807613,332.7,852232.0,884538.0
2025-06-20 10:39:51.246818,332.7,852232.0,884538.0
2025-06-20 10:39:52.161162,332.7,852232.0,884538.0
2025-06-20 10:39:52.723831,332.75,852232.0,884538.0
2025-06-20 10:39:53.828819,332.75,852232.0,884538.0
2025-06-20 10:39:54.731574,332.55,852232.0,884538.0
2025-06-20 10:39:54.941592,332.55,840981.0,895875.0
2025-06-20 10:39:55.031255,332.55,840981.0,895875.0
2025-06-20 10:39:56.233672,332.55,840981.0,895875.0
2025-06-20 10:39:56.717487,332.7,840981.0,895875.0
2025-06-20 10:39:57.874039,332.7,840981.0,895875.0
2025-06-20 10:39:58.731651,332.55,840981.0,895875.0
2025-06-20 10:40:00.718511,332.55,840981.0,895875.0
2025-06-20 10:40:00.752947,332.55,833082.0,895132.0
2025-06-20 10:40:02.729477,332.65,833082.0,895132.0
2025-06-20 10:40:04.769346,332.7,833082.0,895132.0
2025-06-20 10:40:06.755467,332.7,833082.0,895132.0
2025-06-20 10:40:06.848508,332.7,853149.0,881891.0
2025-06-20 10:40:08.733671,332.7,853149.0,881891.0
2025-06-20 10:40:10.723889,332.7,853149.0,881891.0
2025-06-20 10:40:12.732279,332.7,853149.0,881891.0
2025-06-20 10:40:12.852145,332.7,854678.0,880019.0
2025-06-20 10:40:15.736595,332.75,854678.0,880019.0
2025-06-20 10:40:18.738139,332.85,854678.0,880019.0
2025-06-20 10:40:18.859737,332.85,857801.0,880320.0
2025-06-20 10:40:21.731647,332.85,857801.0,880320.0
2025-06-20 10:40:24.664456,332.85,855612.0,881515.0
2025-06-20 10:40:25.725642,332.85,855612.0,881515.0
2025-06-20 10:40:27.756187,332.7,855612.0,881515.0
2025-06-20 10:40:29.746239,332.85,855612.0,881515.0
2025-06-20 10:40:30.509834,332.85,855534.0,886867.0
2025-06-20 10:40:31.739977,332.85,855534.0,886867.0
2025-06-20 10:40:35.758129,332.7,855534.0,886867.0
2025-06-20 10:40:35.873117,332.7,849408.0,892421.0
2025-06-20 10:40:37.726949,332.75,849408.0,892421.0
2025-06-20 10:40:39.739768,332.65,849408.0,892421.0
2025-06-20 10:40:41.573804,332.65,846963.0,899632.0
2025-06-20 10:40:41.733811,332.65,846963.0,899632.0
2025-06-20 10:40:43.730373,332.6,846963.0,899632.0
2025-06-20 10:40:45.734127,332.7,846963.0,899632.0
2025-06-20 10:40:47.079083,332.7,847538.0,899088.0
2025-06-20 10:40:47.741752,332.7,847538.0,899088.0
2025-06-20 10:40:49.727512,332.7,847538.0,899088.0
2025-06-20 10:40:51.727234,332.65,847538.0,899088.0
2025-06-20 10:40:52.884714,332.6,844810.0,901461.0
2025-06-20 10:40:55.736668,332.65,844810.0,901461.0
2025-06-20 10:40:58.593068,332.65,843522.0,900262.0
2025-06-20 10:41:00.734687,332.55,843522.0,900262.0
2025-06-20 10:41:04.590695,332.75,856916.0,891719.0
2025-06-20 10:41:04.730205,332.75,856916.0,891719.0
2025-06-20 10:41:08.730153,332.75,856916.0,891719.0
2025-06-20 10:41:10.900457,332.7,857767.0,891869.0
2025-06-20 10:41:11.736339,332.7,857767.0,891869.0
2025-06-20 10:41:13.734513,332.75,857767.0,891869.0
2025-06-20 10:41:16.736918,332.7,857767.0,891869.0
2025-06-20 10:41:17.011655,332.7,856606.0,891817.0
2025-06-20 10:41:19.754687,332.75,856606.0,891817.0
2025-06-20 10:41:22.617621,332.75,858569.0,890695.0
2025-06-20 10:41:23.728104,332.75,858569.0,890695.0
2025-06-20 10:41:25.732349,332.6,858569.0,890695.0
2025-06-20 10:41:28.615099,332.7,854190.0,892150.0
2025-06-20 10:41:28.748537,332.7,854190.0,892150.0
2025-06-20 10:41:32.740345,332.7,854190.0,892150.0
2025-06-20 10:41:34.816777,332.7,855464.0,895721.0
2025-06-20 10:41:36.735241,332.7,855464.0,895721.0
2025-06-20 10:41:40.755932,332.55,855464.0,895721.0
2025-06-20 10:41:41.388601,332.55,852743.0,899020.0
2025-06-20 10:41:45.742126,332.7,852743.0,899020.0
2025-06-20 10:41:47.221471,332.7,853910.0,897278.0
2025-06-20 10:41:47.740017,332.7,853910.0,897278.0
2025-06-20 10:41:49.794281,332.55,853910.0,897278.0
2025-06-20 10:41:51.763681,332.55,853910.0,897278.0
2025-06-20 10:41:52.648298,332.55,854829.0,898929.0
2025-06-20 10:41:53.760795,332.55,854829.0,898929.0
2025-06-20 10:41:55.758950,332.55,854829.0,898929.0
2025-06-20 10:41:57.761346,332.7,854829.0,898929.0
2025-06-20 10:41:57.824071,332.7,855198.0,899119.0
2025-06-20 10:41:59.739541,332.55,855198.0,899119.0
2025-06-20 10:42:01.769815,332.55,855198.0,899119.0
2025-06-20 10:42:02.987161,332.55,857140.0,899250.0
2025-06-20 10:42:03.802240,332.5,857140.0,899250.0
2025-06-20 10:42:05.739530,332.6,857140.0,899250.0
2025-06-20 10:42:07.749124,332.6,857140.0,899250.0
2025-06-20 10:42:08.547620,332.55,854292.0,910040.0
2025-06-20 10:42:09.733052,332.55,854292.0,910040.0
2025-06-20 10:42:11.746682,332.55,854292.0,910040.0
2025-06-20 10:42:14.050562,332.55,865207.0,907626.0
2025-06-20 10:42:15.735967,332.55,865207.0,907626.0
2025-06-20 10:42:17.746784,332.55,865207.0,907626.0
2025-06-20 10:42:19.750640,332.4,865207.0,907626.0
2025-06-20 10:42:19.762585,332.4,856913.0,910090.0
2025-06-20 10:42:21.735057,332.4,856913.0,910090.0
2025-06-20 10:42:23.731544,332.4,856913.0,910090.0
2025-06-20 10:42:25.555818,332.4,858901.0,908252.0
2025-06-20 10:42:25.731677,332.4,858901.0,908252.0
2025-06-20 10:42:27.748555,332.55,858901.0,908252.0
2025-06-20 10:42:29.752594,332.35,858901.0,908252.0
2025-06-20 10:42:31.350548,332.5,859384.0,903888.0
2025-06-20 10:42:31.793803,332.5,859384.0,903888.0
2025-06-20 10:42:33.778738,332.4,859384.0,903888.0
2025-06-20 10:42:35.778100,332.4,859384.0,903888.0
2025-06-20 10:42:37.253838,332.55,863089.0,908327.0
2025-06-20 10:42:37.781434,332.55,863089.0,908327.0
2025-06-20 10:42:39.798026,332.55,863089.0,908327.0
2025-06-20 10:42:43.138270,332.5,858927.0,907280.0
2025-06-20 10:42:44.807477,332.35,858927.0,907280.0
2025-06-20 10:42:45.069335,332.35,858927.0,907280.0
2025-06-20 10:42:46.128484,332.35,858927.0,907280.0
2025-06-20 10:42:47.395637,332.35,858927.0,907280.0
2025-06-20 10:42:47.800754,332.35,858927.0,907280.0
2025-06-20 10:42:48.069198,332.35,858927.0,907280.0
2025-06-20 10:42:48.858149,332.4,857708.0,909879.0
2025-06-20 10:42:49.084563,332.4,857708.0,909879.0
2025-06-20 10:42:50.479679,332.4,857708.0,909879.0
2025-06-20 10:42:50.812810,332.35,857708.0,909879.0
2025-06-20 10:42:51.867428,332.35,857708.0,909879.0
2025-06-20 10:42:52.800728,332.35,857708.0,909879.0
2025-06-20 10:42:52.861255,332.35,857708.0,909879.0
2025-06-20 10:42:54.356379,332.35,857708.0,909879.0
2025-06-20 10:42:54.741455,332.4,857708.0,909879.0
2025-06-20 10:42:54.768050,332.4,858984.0,909869.0
2025-06-20 10:42:55.635119,332.4,858984.0,909869.0
2025-06-20 10:42:56.735489,332.35,858984.0,909869.0
2025-06-20 10:42:56.890539,332.35,858984.0,909869.0
2025-06-20 10:42:58.555157,332.35,858984.0,909869.0
2025-06-20 10:42:58.741882,332.4,858984.0,909869.0
2025-06-20 10:43:01.247775,332.35,858301.0,909470.0
2025-06-20 10:43:01.249597,332.35,858301.0,909470.0
2025-06-20 10:43:02.753567,332.35,858301.0,909470.0
2025-06-20 10:43:04.734889,332.4,858301.0,909470.0
2025-06-20 10:43:05.569037,332.35,857850.0,908142.0
2025-06-20 10:43:06.745068,332.35,857850.0,908142.0
2025-06-20 10:43:08.740855,332.4,857850.0,908142.0
2025-06-20 10:43:10.742168,332.35,857850.0,908142.0
2025-06-20 10:43:10.866020,332.35,859363.0,907671.0
2025-06-20 10:43:12.748210,332.4,859363.0,907671.0
2025-06-20 10:43:14.758326,332.4,859363.0,907671.0
2025-06-20 10:43:16.271501,332.4,860136.0,906519.0
2025-06-20 10:43:16.751609,332.4,860136.0,906519.0
2025-06-20 10:43:18.748033,332.4,860136.0,906519.0
2025-06-20 10:43:20.747142,332.4,860136.0,906519.0
2025-06-20 10:43:22.082925,332.4,861505.0,905801.0
2025-06-20 10:43:22.741652,332.4,861505.0,905801.0
2025-06-20 10:43:26.736576,332.45,861505.0,905801.0
2025-06-20 10:43:27.788056,332.45,861667.0,905490.0
2025-06-20 10:43:30.769342,332.45,861667.0,905490.0
2025-06-20 10:43:33.289323,332.45,860242.0,905928.0
2025-06-20 10:43:34.740501,332.4,860242.0,905928.0
2025-06-20 10:43:36.765434,332.4,860242.0,905928.0
2025-06-20 10:43:38.746857,332.4,860242.0,905928.0
2025-06-20 10:43:39.017039,332.4,853467.0,912204.0
2025-06-20 10:43:40.740293,332.35,853467.0,912204.0
2025-06-20 10:43:42.776226,332.4,853467.0,912204.0
2025-06-20 10:43:44.199440,332.4,853267.0,913848.0
2025-06-20 10:43:44.739648,332.4,853267.0,913848.0
2025-06-20 10:43:46.771042,332.4,853267.0,913848.0
2025-06-20 10:43:48.763844,332.35,853267.0,913848.0
2025-06-20 10:43:49.724184,332.35,852422.0,914035.0
2025-06-20 10:43:50.753327,332.35,852422.0,914035.0
2025-06-20 10:43:54.750950,332.4,852422.0,914035.0
2025-06-20 10:43:55.404942,332.4,851268.0,914885.0
2025-06-20 10:43:56.754923,332.3,851268.0,914885.0
2025-06-20 10:44:00.976621,332.4,851268.0,914885.0
2025-06-20 10:44:00.978610,332.4,850423.0,913146.0
2025-06-20 10:44:02.756125,332.4,850423.0,913146.0
2025-06-20 10:44:04.775645,332.4,850423.0,913146.0
2025-06-20 10:44:06.432447,332.4,850937.0,912841.0
2025-06-20 10:44:06.761391,332.3,850937.0,912841.0
2025-06-20 10:44:10.792814,332.4,850937.0,912841.0
2025-06-20 10:44:11.809412,332.25,852440.0,912820.0
2025-06-20 10:44:12.763249,332.25,852440.0,912820.0
2025-06-20 10:44:14.757205,332.3,852440.0,912820.0
2025-06-20 10:44:16.780321,332.25,852440.0,912820.0
2025-06-20 10:44:17.717928,332.25,855040.0,912547.0
2025-06-20 10:44:18.759211,332.25,855040.0,912547.0
2025-06-20 10:44:20.784813,332.25,855040.0,912547.0
2025-06-20 10:44:22.787286,332.3,855040.0,912547.0
2025-06-20 10:44:23.325946,332.3,854412.0,912377.0
2025-06-20 10:44:24.748653,332.3,854412.0,912377.0
2025-06-20 10:44:28.933808,332.3,855162.0,909817.0
2025-06-20 10:44:30.766100,332.4,855162.0,909817.0
2025-06-20 10:44:32.763160,332.3,855162.0,909817.0
2025-06-20 10:44:34.437363,332.3,856294.0,910475.0
2025-06-20 10:44:34.952821,332.4,856294.0,910475.0
2025-06-20 10:44:36.762961,332.3,856294.0,910475.0
2025-06-20 10:44:38.792302,332.3,856294.0,910475.0
2025-06-20 10:44:39.945888,332.3,856566.0,908728.0
2025-06-20 10:44:40.759174,332.4,856566.0,908728.0
2025-06-20 10:44:42.748982,332.3,856566.0,908728.0
2025-06-20 10:44:44.747323,332.4,856566.0,908728.0
2025-06-20 10:44:45.334351,332.25,850607.0,912186.0
2025-06-20 10:44:46.768403,332.25,850607.0,912186.0
2025-06-20 10:44:50.633846,332.25,853262.0,915124.0
2025-06-20 10:44:52.744961,332.3,853262.0,915124.0
2025-06-20 10:44:55.742027,332.25,858687.0,912869.0
2025-06-20 10:44:56.747779,332.4,858687.0,912869.0
2025-06-20 10:45:00.744316,332.4,858687.0,912869.0
2025-06-20 10:45:00.952400,332.4,859468.0,914084.0
2025-06-20 10:45:02.761410,332.3,859468.0,914084.0
2025-06-20 10:45:06.660131,332.4,858802.0,912125.0
2025-06-20 10:45:08.752153,332.4,858802.0,912125.0
2025-06-20 10:45:11.972421,332.35,859405.0,906787.0
2025-06-20 10:45:12.771040,332.35,859405.0,906787.0
2025-06-20 10:45:14.777696,332.4,859405.0,906787.0
2025-06-20 10:45:17.578607,332.3,861318.0,907097.0
2025-06-20 10:45:17.777368,332.3,861318.0,907097.0
2025-06-20 10:45:20.764224,332.4,861318.0,907097.0
2025-06-20 10:45:23.257921,332.4,860429.0,906560.0
2025-06-20 10:45:26.764329,332.4,860429.0,906560.0
2025-06-20 10:45:28.578615,332.4,861951.0,904302.0
2025-06-20 10:45:30.755215,332.3,861951.0,904302.0
2025-06-20 10:45:32.796501,332.4,861951.0,904302.0
2025-06-20 10:45:33.668674,332.3,859540.0,907187.0
2025-06-20 10:45:34.760363,332.3,859540.0,907187.0
2025-06-20 10:45:36.759602,332.3,859540.0,907187.0
2025-06-20 10:45:38.758876,332.3,859540.0,907187.0
2025-06-20 10:45:38.870420,332.3,860671.0,906638.0
2025-06-20 10:45:40.755757,332.3,860671.0,906638.0
2025-06-20 10:45:44.589525,332.3,860413.0,907806.0
2025-06-20 10:45:44.752002,332.3,860413.0,907806.0
2025-06-20 10:45:45.441061,332.3,860413.0,907806.0
2025-06-20 10:45:46.170810,332.3,860413.0,907806.0
2025-06-20 10:45:46.765715,332.4,860413.0,907806.0
2025-06-20 10:45:46.873471,332.4,860413.0,907806.0
2025-06-20 10:45:47.178578,332.4,860413.0,907806.0
2025-06-20 10:45:48.242996,332.4,860413.0,907806.0
2025-06-20 10:45:48.750498,332.3,860413.0,907806.0
2025-06-20 10:45:49.300187,332.3,860413.0,907806.0
2025-06-20 10:45:49.931239,332.3,860553.0,908523.0
2025-06-20 10:45:50.681291,332.3,860553.0,908523.0
2025-06-20 10:45:50.752500,332.3,860553.0,908523.0
2025-06-20 10:45:52.148358,332.3,860553.0,908523.0
2025-06-20 10:45:52.750043,332.4,860553.0,908523.0
2025-06-20 10:45:53.077378,332.4,860553.0,908523.0
2025-06-20 10:45:54.634773,332.4,860553.0,908523.0
2025-06-20 10:45:55.484151,332.4,858034.0,908067.0
2025-06-20 10:45:55.873359,332.4,858034.0,908067.0
2025-06-20 10:45:57.206785,332.4,858034.0,908067.0
2025-06-20 10:45:58.789698,332.4,858034.0,908067.0
2025-06-20 10:46:00.743663,332.3,858034.0,908067.0
2025-06-20 10:46:00.988186,332.3,862441.0,907762.0
2025-06-20 10:46:02.808601,332.45,862441.0,907762.0
2025-06-20 10:46:04.750352,332.45,862441.0,907762.0
2025-06-20 10:46:06.206116,332.35,862819.0,903568.0
2025-06-20 10:46:06.751532,332.35,862819.0,903568.0
2025-06-20 10:46:08.760543,332.45,862819.0,903568.0
2025-06-20 10:46:10.753564,332.4,862819.0,903568.0
2025-06-20 10:46:11.694635,332.4,865924.0,899814.0
2025-06-20 10:46:12.759192,332.4,865924.0,899814.0
2025-06-20 10:46:14.752815,332.45,865924.0,899814.0
2025-06-20 10:46:16.752081,332.4,865924.0,899814.0
2025-06-20 10:46:17.096462,332.4,867675.0,897128.0
2025-06-20 10:46:18.799078,332.4,867675.0,897128.0
2025-06-20 10:46:20.756840,332.45,867675.0,897128.0
2025-06-20 10:46:22.609603,332.35,859795.0,906693.0
2025-06-20 10:46:22.754102,332.35,859795.0,906693.0
2025-06-20 10:46:25.804566,332.35,859795.0,906693.0
2025-06-20 10:46:28.709746,332.35,861020.0,904790.0
2025-06-20 10:46:28.762609,332.35,861020.0,904790.0
2025-06-20 10:46:31.761731,332.5,861020.0,904790.0
2025-06-20 10:46:34.221202,332.5,862609.0,904233.0
2025-06-20 10:46:34.783704,332.5,862609.0,904233.0
2025-06-20 10:46:37.751572,332.5,862609.0,904233.0
2025-06-20 10:46:39.429843,332.5,863226.0,904371.0
2025-06-20 10:46:39.749842,332.5,863226.0,904371.0
2025-06-20 10:46:41.754655,332.5,863226.0,904371.0
2025-06-20 10:46:43.757319,332.45,863226.0,904371.0
2025-06-20 10:46:44.621625,332.35,858615.0,908224.0
2025-06-20 10:46:45.782839,332.35,858615.0,908224.0
2025-06-20 10:46:47.821986,332.35,858615.0,908224.0
2025-06-20 10:46:49.766553,332.35,858615.0,908224.0
2025-06-20 10:46:50.224559,332.35,861254.0,905584.0
2025-06-20 10:46:51.761785,332.5,861254.0,905584.0
2025-06-20 10:46:53.761466,332.5,861254.0,905584.0
2025-06-20 10:46:55.564755,332.5,860545.0,908202.0
2025-06-20 10:46:55.777924,332.5,860545.0,908202.0
2025-06-20 10:46:57.760923,332.35,860545.0,908202.0
2025-06-20 10:47:00.728944,332.5,862838.0,905692.0
2025-06-20 10:47:01.761687,332.5,862838.0,905692.0
2025-06-20 10:47:03.762155,332.5,862838.0,905692.0
2025-06-20 10:47:05.770349,332.5,862838.0,905692.0
2025-06-20 10:47:06.068481,332.5,862193.0,908346.0
2025-06-20 10:47:11.336379,332.35,863274.0,907413.0
2025-06-20 10:47:11.778025,332.5,863274.0,907413.0
2025-06-20 10:47:13.776682,332.45,863274.0,907413.0
2025-06-20 10:47:15.784709,332.35,863274.0,907413.0
2025-06-20 10:47:16.836573,332.35,861507.0,908760.0
2025-06-20 10:47:17.759293,332.35,861507.0,908760.0
2025-06-20 10:47:19.786783,332.35,861507.0,908760.0
2025-06-20 10:47:21.763884,332.3,861507.0,908760.0
2025-06-20 10:47:22.579612,332.3,842810.0,917234.0
2025-06-20 10:47:24.771954,332.25,842810.0,917234.0
2025-06-20 10:47:27.775129,332.25,842810.0,917234.0
2025-06-20 10:47:28.749864,332.3,842236.0,920351.0
2025-06-20 10:47:30.794707,332.2,842236.0,920351.0
2025-06-20 10:47:33.778187,332.2,842236.0,920351.0
2025-06-20 10:47:34.471259,332.2,842958.0,920729.0
2025-06-20 10:47:36.803955,332.3,842958.0,920729.0
2025-06-20 10:47:39.762464,332.2,842958.0,920729.0
2025-06-20 10:47:39.785403,332.2,842569.0,919642.0
2025-06-20 10:47:41.770933,332.3,842569.0,919642.0
2025-06-20 10:47:43.757881,332.3,842569.0,919642.0
2025-06-20 10:47:45.162095,332.2,841942.0,920965.0
2025-06-20 10:47:45.763702,332.2,841942.0,920965.0
2025-06-20 10:47:49.756449,332.2,841942.0,920965.0
2025-06-20 10:47:50.574303,332.2,841433.0,921976.0
2025-06-20 10:47:53.768889,332.3,841433.0,921976.0
2025-06-20 10:47:55.759435,332.35,841433.0,921976.0
2025-06-20 10:47:56.370807,332.35,842231.0,917588.0
2025-06-20 10:48:02.077528,332.35,842024.0,921705.0
2025-06-20 10:48:03.772164,332.2,842024.0,921705.0
2025-06-20 10:48:05.807076,332.2,842024.0,921705.0
2025-06-20 10:48:07.792108,332.2,841857.0,922889.0
2025-06-20 10:48:11.764590,332.3,841857.0,922889.0
2025-06-20 10:48:13.279052,332.2,841635.0,924095.0
2025-06-20 10:48:13.776314,332.3,841635.0,924095.0
2025-06-20 10:48:15.782193,332.3,841635.0,924095.0
2025-06-20 10:48:17.763086,332.2,841635.0,924095.0
2025-06-20 10:48:18.585468,332.2,842523.0,921515.0
2025-06-20 10:48:19.770207,332.2,842523.0,921515.0
2025-06-20 10:48:21.784966,332.2,842523.0,921515.0
2025-06-20 10:48:23.780961,332.2,842523.0,921515.0
2025-06-20 10:48:23.996827,332.2,842493.0,920832.0
2025-06-20 10:48:25.764132,332.3,842493.0,920832.0
2025-06-20 10:48:29.769538,332.2,842493.0,920832.0
2025-06-20 10:48:29.796132,332.2,842630.0,924461.0
2025-06-20 10:48:31.771690,332.2,842630.0,924461.0
2025-06-20 10:48:35.187139,332.2,842788.0,921668.0
2025-06-20 10:48:35.787188,332.2,842788.0,921668.0
2025-06-20 10:48:37.827881,332.2,842788.0,921668.0
2025-06-20 10:48:39.770000,332.2,842788.0,921668.0
2025-06-20 10:48:40.595865,332.3,841900.0,923365.0
2025-06-20 10:48:41.767259,332.3,841900.0,923365.0
2025-06-20 10:48:45.770516,332.2,841900.0,923365.0
2025-06-20 10:48:45.970992,332.2,841900.0,923365.0
2025-06-20 10:48:46.195526,332.3,842317.0,923177.0
2025-06-20 10:48:46.352691,332.3,842317.0,923177.0
2025-06-20 10:48:47.095159,332.3,842317.0,923177.0
2025-06-20 10:48:47.764689,332.2,842317.0,923177.0
2025-06-20 10:48:48.103125,332.2,842317.0,923177.0
2025-06-20 10:48:49.319197,332.2,842317.0,923177.0
2025-06-20 10:48:49.765575,332.2,842317.0,923177.0
2025-06-20 10:48:49.880188,332.2,842317.0,923177.0
2025-06-20 10:48:50.307159,332.2,842317.0,923177.0
2025-06-20 10:48:51.268962,332.2,842317.0,923177.0
2025-06-20 10:48:51.700306,332.3,843542.0,919945.0
2025-06-20 10:48:51.770037,332.3,843542.0,919945.0
2025-06-20 10:48:52.690660,332.3,843542.0,919945.0
2025-06-20 10:48:53.610990,332.3,843542.0,919945.0
2025-06-20 10:48:53.782834,332.2,843542.0,919945.0
2025-06-20 10:48:55.169447,332.2,843542.0,919945.0
2025-06-20 10:48:56.493793,332.2,843542.0,919945.0
2025-06-20 10:48:57.203536,332.2,843163.0,920783.0
2025-06-20 10:48:57.708170,332.2,843163.0,920783.0
2025-06-20 10:48:59.323193,332.2,843163.0,920783.0
2025-06-20 10:48:59.773316,332.2,843163.0,920783.0
2025-06-20 10:49:02.613486,332.3,844079.0,919509.0
2025-06-20 10:49:03.760947,332.3,844079.0,919509.0
2025-06-20 10:49:05.775101,332.2,844079.0,919509.0
2025-06-20 10:49:08.520934,332.2,842480.0,919838.0
2025-06-20 10:49:08.772461,332.2,842480.0,919838.0
2025-06-20 10:49:11.775203,332.3,842480.0,919838.0
2025-06-20 10:49:14.115990,332.2,842430.0,920074.0
2025-06-20 10:49:14.792597,332.2,842430.0,920074.0
2025-06-20 10:49:17.782958,332.2,842430.0,920074.0
2025-06-20 10:49:19.565065,332.2,839621.0,920625.0
2025-06-20 10:49:20.766842,332.2,839621.0,920625.0
2025-06-20 10:49:22.773722,332.3,839621.0,920625.0
2025-06-20 10:49:24.767971,332.2,839621.0,920625.0
2025-06-20 10:49:25.066990,332.2,840817.0,918985.0
2025-06-20 10:49:26.780328,332.2,840817.0,918985.0
2025-06-20 10:49:28.769762,332.2,840817.0,918985.0
2025-06-20 10:49:30.781074,332.2,840817.0,918985.0
2025-06-20 10:49:30.825075,332.2,839942.0,919274.0
2025-06-20 10:49:32.786605,332.2,839942.0,919274.0
2025-06-20 10:49:36.331325,332.3,840890.0,919391.0
2025-06-20 10:49:36.767471,332.3,840890.0,919391.0
2025-06-20 10:49:38.777664,332.2,840890.0,919391.0
2025-06-20 10:49:40.778185,332.2,840890.0,919391.0
2025-06-20 10:49:41.742349,332.2,840262.0,919997.0
2025-06-20 10:49:42.782365,332.2,840262.0,919997.0
2025-06-20 10:49:47.053952,332.2,840506.0,916991.0
2025-06-20 10:49:50.794666,332.15,840506.0,916991.0
2025-06-20 10:49:52.449285,332.2,840396.0,918197.0
2025-06-20 10:49:52.767861,332.2,840396.0,918197.0
2025-06-20 10:49:54.810003,332.15,840396.0,918197.0
2025-06-20 10:49:56.783458,332.2,840396.0,918197.0
2025-06-20 10:49:57.654358,332.2,838176.0,917908.0
2025-06-20 10:50:00.827279,332.15,838176.0,917908.0
2025-06-20 10:50:02.793390,332.15,838176.0,917908.0
2025-06-20 10:50:02.850432,332.15,836778.0,918926.0
2025-06-20 10:50:04.828213,332.2,836778.0,918926.0
2025-06-20 10:50:06.805745,332.15,836778.0,918926.0
2025-06-20 10:50:08.159142,332.15,836031.0,918980.0
2025-06-20 10:50:08.797364,332.15,836031.0,918980.0
2025-06-20 10:50:10.783463,332.2,836031.0,918980.0
2025-06-20 10:50:12.794257,332.2,836031.0,918980.0
2025-06-20 10:50:13.389414,332.2,836653.0,919036.0
2025-06-20 10:50:15.220792,332.15,836653.0,919036.0
2025-06-20 10:50:18.811037,332.15,836653.0,919036.0
2025-06-20 10:50:19.170603,332.15,836304.0,919068.0
2025-06-20 10:50:20.837016,332.2,836304.0,919068.0
2025-06-20 10:50:22.812401,332.15,836304.0,919068.0
2025-06-20 10:50:24.667910,332.2,836311.0,919174.0
2025-06-20 10:50:25.009133,332.2,836311.0,919174.0
2025-06-20 10:50:26.878714,332.15,836311.0,919174.0
2025-06-20 10:50:29.012332,332.2,836311.0,919174.0
2025-06-20 10:50:29.880172,332.15,836823.0,919036.0
2025-06-20 10:50:30.829501,332.15,836823.0,919036.0
2025-06-20 10:50:32.813635,332.2,836823.0,919036.0
2025-06-20 10:50:35.380427,332.15,836234.0,920121.0
2025-06-20 10:50:36.816354,332.2,836234.0,920121.0
2025-06-20 10:50:41.003772,332.15,835813.0,920603.0
2025-06-20 10:50:42.779598,332.15,835813.0,920603.0
2025-06-20 10:50:45.775976,332.15,835813.0,920603.0
2025-06-20 10:50:46.596316,332.25,836749.0,919511.0
2025-06-20 10:50:48.789273,332.25,836749.0,919511.0
2025-06-20 10:50:50.787033,332.2,836749.0,919511.0
2025-06-20 10:50:51.984972,332.2,837865.0,920759.0
2025-06-20 10:50:52.816121,332.2,837865.0,920759.0
2025-06-20 10:50:56.781212,332.3,837865.0,920759.0
2025-06-20 10:50:57.395762,332.3,840526.0,919559.0
2025-06-20 10:50:58.776352,332.3,840526.0,919559.0
2025-06-20 10:51:00.775864,332.2,840526.0,919559.0
2025-06-20 10:51:02.699838,332.2,840065.0,920032.0
2025-06-20 10:51:08.414059,332.3,841103.0,917810.0
2025-06-20 10:51:08.775218,332.3,841103.0,917810.0
2025-06-20 10:51:10.781686,332.25,841103.0,917810.0
2025-06-20 10:51:13.839638,332.25,841387.0,916285.0
2025-06-20 10:51:14.830744,332.25,841387.0,916285.0
2025-06-20 10:51:16.792966,332.25,841387.0,916285.0
2025-06-20 10:51:18.801214,332.25,841387.0,916285.0
2025-06-20 10:51:19.109441,332.25,842787.0,915203.0
2025-06-20 10:51:20.809040,332.25,842787.0,915203.0
2025-06-20 10:51:24.714061,332.3,849918.0,917059.0
2025-06-20 10:51:24.796843,332.3,849918.0,917059.0
2025-06-20 10:51:26.789776,332.25,849918.0,917059.0
2025-06-20 10:51:28.834297,332.3,849918.0,917059.0
2025-06-20 10:51:30.114743,332.25,851155.0,915704.0
2025-06-20 10:51:30.826282,332.25,851155.0,915704.0
2025-06-20 10:51:32.793009,332.25,851155.0,915704.0
2025-06-20 10:51:34.795127,332.3,851155.0,915704.0
2025-06-20 10:51:35.720979,332.35,850782.0,913984.0
2025-06-20 10:51:36.787820,332.3,850782.0,913984.0
2025-06-20 10:51:38.790489,332.3,850782.0,913984.0
2025-06-20 10:51:40.798548,332.3,850782.0,913984.0
2025-06-20 10:51:41.321122,332.3,855702.0,913032.0
2025-06-20 10:51:42.814931,332.3,855702.0,913032.0
2025-06-20 10:51:44.818977,332.3,855702.0,913032.0
2025-06-20 10:51:46.464826,332.3,855702.0,913032.0
2025-06-20 10:51:46.831501,332.3,856310.0,912148.0
2025-06-20 10:51:46.848745,332.3,856310.0,912148.0
2025-06-20 10:51:47.183430,332.3,856310.0,912148.0
2025-06-20 10:51:48.208503,332.3,856310.0,912148.0
2025-06-20 10:51:49.279405,332.3,856310.0,912148.0
2025-06-20 10:51:50.328666,332.3,856310.0,912148.0
2025-06-20 10:51:50.781434,332.35,856310.0,912148.0
2025-06-20 10:51:51.773951,332.35,856310.0,912148.0
2025-06-20 10:51:52.735076,332.35,852713.0,914964.0
2025-06-20 10:51:53.275468,332.35,852713.0,914964.0
2025-06-20 10:51:54.030832,332.35,852713.0,914964.0
2025-06-20 10:51:54.782095,332.35,852713.0,914964.0
2025-06-20 10:51:55.620047,332.35,852713.0,914964.0
2025-06-20 10:51:56.803826,332.25,852713.0,914964.0
2025-06-20 10:51:56.842310,332.25,852713.0,914964.0
2025-06-20 10:51:58.108131,332.25,852713.0,914964.0
2025-06-20 10:51:58.444848,332.25,846757.0,929718.0
2025-06-20 10:51:59.730842,332.25,846757.0,929718.0
2025-06-20 10:52:00.790501,332.2,846757.0,929718.0
2025-06-20 10:52:02.799707,332.15,846757.0,929718.0
2025-06-20 10:52:04.237377,332.15,845566.0,929455.0
2025-06-20 10:52:04.791646,332.15,845566.0,929455.0
2025-06-20 10:52:06.801642,332.15,845566.0,929455.0
2025-06-20 10:52:09.847516,332.1,845279.0,928801.0
2025-06-20 10:52:10.798564,332.2,845279.0,928801.0
2025-06-20 10:52:12.803750,332.1,845279.0,928801.0
2025-06-20 10:52:14.799156,332.1,845279.0,928801.0
2025-06-20 10:52:15.454066,332.1,844466.0,929368.0
2025-06-20 10:52:18.824851,332.1,844466.0,929368.0
2025-06-20 10:52:20.791713,332.1,844466.0,929368.0
2025-06-20 10:52:21.065264,332.1,845152.0,927759.0
2025-06-20 10:52:24.783339,332.2,845152.0,927759.0
2025-06-20 10:52:26.457461,332.2,845503.0,923761.0
2025-06-20 10:52:28.788360,332.15,845503.0,923761.0
2025-06-20 10:52:30.797571,332.15,845503.0,923761.0
2025-06-20 10:52:31.754865,332.2,848411.0,924499.0
2025-06-20 10:52:32.786974,332.2,848411.0,924499.0
2025-06-20 10:52:34.836773,332.15,848411.0,924499.0
2025-06-20 10:52:37.354624,332.15,842248.0,924620.0
2025-06-20 10:52:38.790617,332.1,842248.0,924620.0
2025-06-20 10:52:40.785233,332.1,842248.0,924620.0
2025-06-20 10:52:42.858693,332.1,842380.0,924562.0
2025-06-20 10:52:44.786638,332.1,842380.0,924562.0
2025-06-20 10:52:46.798923,332.2,842380.0,924562.0
2025-06-20 10:52:48.168348,332.2,840934.0,924208.0
2025-06-20 10:52:50.784326,332.15,840934.0,924208.0
2025-06-20 10:52:53.593602,332.15,841859.0,923827.0
2025-06-20 10:52:54.894563,332.2,841859.0,923827.0
2025-06-20 10:52:56.792315,332.2,841859.0,923827.0
2025-06-20 10:52:58.876392,332.2,842032.0,916032.0
2025-06-20 10:53:00.791904,332.2,842032.0,916032.0
2025-06-20 10:53:02.787926,332.15,842032.0,916032.0
2025-06-20 10:53:04.588010,332.15,842704.0,920372.0
2025-06-20 10:53:06.786885,332.15,842704.0,920372.0
2025-06-20 10:53:08.791435,332.15,842704.0,920372.0
2025-06-20 10:53:10.791982,332.2,843708.0,918818.0
2025-06-20 10:53:10.792349,332.2,843708.0,918818.0
2025-06-20 10:53:12.805884,332.15,843708.0,918818.0
2025-06-20 10:53:14.807873,332.15,843708.0,918818.0
2025-06-20 10:53:16.684376,332.15,839946.0,918861.0
2025-06-20 10:53:18.787508,332.15,839946.0,918861.0
2025-06-20 10:53:20.806390,332.2,839946.0,918861.0
2025-06-20 10:53:22.185699,332.2,840380.0,918634.0
2025-06-20 10:53:22.810817,332.15,840380.0,918634.0
2025-06-20 10:53:27.692064,332.15,845153.0,913049.0
2025-06-20 10:53:28.787650,332.2,845153.0,913049.0
2025-06-20 10:53:30.789241,332.2,845153.0,913049.0
2025-06-20 10:53:32.789126,332.2,845153.0,913049.0
2025-06-20 10:53:33.194734,332.2,848142.0,916254.0
2025-06-20 10:53:34.789809,332.2,848142.0,916254.0
2025-06-20 10:53:36.794869,332.2,848142.0,916254.0
2025-06-20 10:53:38.699633,332.4,851593.0,914214.0
2025-06-20 10:53:38.789801,332.4,851593.0,914214.0
2025-06-20 10:53:42.869597,332.2,851593.0,914214.0
2025-06-20 10:53:44.216065,332.2,850205.0,919095.0
2025-06-20 10:53:44.791495,332.2,850205.0,919095.0
2025-06-20 10:53:46.792046,332.25,850205.0,919095.0
2025-06-20 10:53:49.612878,332.2,851825.0,919483.0
2025-06-20 10:53:50.839220,332.2,851825.0,919483.0
2025-06-20 10:53:52.803860,332.2,851825.0,919483.0
2025-06-20 10:53:54.809367,332.35,851825.0,919483.0
2025-06-20 10:53:55.221184,332.35,851389.0,915828.0
2025-06-20 10:53:56.805850,332.35,851389.0,915828.0
2025-06-20 10:53:58.801376,332.2,851389.0,915828.0
2025-06-20 10:54:00.714832,332.2,850766.0,918924.0
2025-06-20 10:54:00.805207,332.2,850766.0,918924.0
2025-06-20 10:54:02.805677,332.2,850766.0,918924.0
2025-06-20 10:54:04.791204,332.35,850766.0,918924.0
2025-06-20 10:54:06.434970,332.3,850339.0,916565.0
2025-06-20 10:54:06.802453,332.3,850339.0,916565.0
2025-06-20 10:54:10.792905,332.2,850339.0,916565.0
2025-06-20 10:54:12.015943,332.2,850914.0,918936.0
2025-06-20 10:54:14.791677,332.2,850914.0,918936.0
2025-06-20 10:54:16.806982,332.2,850914.0,918936.0
2025-06-20 10:54:17.222007,332.2,846606.0,922208.0
2025-06-20 10:54:18.803835,332.2,846606.0,922208.0
2025-06-20 10:54:20.791544,332.2,846606.0,922208.0
2025-06-20 10:54:22.526985,332.2,846150.0,921906.0
2025-06-20 10:54:24.798901,332.25,846150.0,921906.0
2025-06-20 10:54:26.800346,332.2,846150.0,921906.0
2025-06-20 10:54:27.830031,332.2,843549.0,931990.0
2025-06-20 10:54:28.813016,332.15,843549.0,931990.0
2025-06-20 10:54:30.801552,332.15,843549.0,931990.0
2025-06-20 10:54:32.811669,332.2,843549.0,931990.0
2025-06-20 10:54:33.234910,332.15,843981.0,933293.0
2025-06-20 10:54:34.808937,332.1,843981.0,933293.0
2025-06-20 10:54:36.795257,332.05,843981.0,933293.0
2025-06-20 10:54:38.640233,332.05,840454.0,933824.0
2025-06-20 10:54:38.788040,332.05,840454.0,933824.0
2025-06-20 10:54:40.812984,332.05,840454.0,933824.0
2025-06-20 10:54:42.803311,332.2,840454.0,933824.0
2025-06-20 10:54:44.056583,332.2,840524.0,931867.0
2025-06-20 10:54:44.807865,332.2,840524.0,931867.0
2025-06-20 10:54:46.827330,332.05,840524.0,931867.0
2025-06-20 10:54:47.358640,332.05,840524.0,931867.0
2025-06-20 10:54:48.249382,332.05,840524.0,931867.0
2025-06-20 10:54:48.835879,332.05,840524.0,931867.0
2025-06-20 10:54:48.857224,332.05,840524.0,931867.0
2025-06-20 10:54:49.278647,332.05,840524.0,931867.0
2025-06-20 10:54:49.658214,332.05,838714.0,931356.0
2025-06-20 10:54:49.951225,332.05,838714.0,931356.0
2025-06-20 10:54:50.615385,332.05,838714.0,931356.0
2025-06-20 10:54:50.812339,332.2,838714.0,931356.0
2025-06-20 10:54:51.157159,332.2,838714.0,931356.0
2025-06-20 10:54:52.521111,332.2,838714.0,931356.0
2025-06-20 10:54:52.804102,332.15,838714.0,931356.0
2025-06-20 10:54:53.883939,332.15,838714.0,931356.0
2025-06-20 10:54:54.804698,332.2,838714.0,931356.0
2025-06-20 10:54:54.850048,332.2,843915.0,925980.0
2025-06-20 10:54:54.859211,332.2,843915.0,925980.0
2025-06-20 10:54:56.430710,332.2,843915.0,925980.0
2025-06-20 10:54:56.806589,332.15,843915.0,925980.0
2025-06-20 10:54:57.686643,332.15,843915.0,925980.0
2025-06-20 10:54:58.808211,332.15,843915.0,925980.0
2025-06-20 10:54:58.991677,332.15,843915.0,925980.0
2025-06-20 10:55:00.252258,332.15,846009.0,925908.0
2025-06-20 10:55:00.636000,332.15,846009.0,925908.0
2025-06-20 10:55:00.792222,332.15,846009.0,925908.0
2025-06-20 10:55:02.803339,332.2,846009.0,925908.0
2025-06-20 10:55:03.816219,332.2,846009.0,925908.0
2025-06-20 10:55:05.759793,332.2,846791.0,925782.0
2025-06-20 10:55:06.849214,332.15,846791.0,925782.0
2025-06-20 10:55:08.811064,332.2,846791.0,925782.0
2025-06-20 10:55:11.359975,332.2,847328.0,925961.0
2025-06-20 10:55:12.799053,332.2,847328.0,925961.0
2025-06-20 10:55:14.808480,332.1,847328.0,925961.0
2025-06-20 10:55:16.819624,332.15,847328.0,925961.0
2025-06-20 10:55:17.166977,332.15,844432.0,925288.0
2025-06-20 10:55:18.821756,332.15,844432.0,925288.0
2025-06-20 10:55:20.801499,332.15,844432.0,925288.0
2025-06-20 10:55:22.673257,332.15,844427.0,931122.0
2025-06-20 10:55:22.814421,332.15,844427.0,931122.0
2025-06-20 10:55:26.797408,332.1,844427.0,931122.0
2025-06-20 10:55:28.375290,332.1,844116.0,927181.0
2025-06-20 10:55:28.800081,332.1,844116.0,927181.0
2025-06-20 10:55:30.800285,332.1,844116.0,927181.0
2025-06-20 10:55:34.181084,332.1,844947.0,928032.0
2025-06-20 10:55:38.796127,332.15,844947.0,928032.0
2025-06-20 10:55:39.612946,332.2,847138.0,927669.0
2025-06-20 10:55:40.808169,332.2,847138.0,927669.0
2025-06-20 10:55:42.805517,332.15,847138.0,927669.0
2025-06-20 10:55:44.803698,332.15,846363.0,927230.0
2025-06-20 10:55:44.807383,332.15,846363.0,927230.0
2025-06-20 10:55:46.798094,332.15,846363.0,927230.0
2025-06-20 10:55:48.809269,332.2,846363.0,927230.0
2025-06-20 10:55:49.988130,332.2,846769.0,926688.0
2025-06-20 10:55:50.801633,332.15,846769.0,926688.0
2025-06-20 10:55:53.313012,332.2,846769.0,926688.0
2025-06-20 10:55:54.802094,332.2,846769.0,926688.0
2025-06-20 10:55:55.123810,332.2,846704.0,926843.0
2025-06-20 10:55:56.806017,332.15,846704.0,926843.0
2025-06-20 10:55:58.796607,332.2,846704.0,926843.0
2025-06-20 10:56:00.109301,332.15,846513.0,926607.0
2025-06-20 10:56:00.819516,332.15,846513.0,926607.0
2025-06-20 10:56:02.818888,332.2,846513.0,926607.0
2025-06-20 10:56:04.803876,332.2,846513.0,926607.0
2025-06-20 10:56:05.197988,332.2,845978.0,926988.0
2025-06-20 10:56:08.806278,332.2,845978.0,926988.0
2025-06-20 10:56:10.455868,332.2,845973.0,926144.0
2025-06-20 10:56:12.805113,332.2,845973.0,926144.0
2025-06-20 10:56:14.817647,332.15,845973.0,926144.0
2025-06-20 10:56:15.626115,332.15,845514.0,925011.0
2025-06-20 10:56:16.804004,332.15,845514.0,925011.0
2025-06-20 10:56:18.819588,332.2,845514.0,925011.0
2025-06-20 10:56:20.820069,332.2,844119.0,927424.0
2025-06-20 11:07:08.603896,332.9,904826.0,891259.0
2025-06-20 11:07:09.856731,332.75,904826.0,891259.0
2025-06-20 12:03:29.541537,332.8,884169.0,971696.0
2025-06-20 12:03:30.080663,332.85,884169.0,971696.0
2025-06-20 12:03:31.037058,332.85,886222.0,970728.0
2025-06-20 12:03:32.107632,332.85,886222.0,970728.0
2025-06-20 12:03:34.219689,332.85,886222.0,970728.0
2025-06-20 12:03:35.673461,332.85,886089.0,970952.0
2025-06-20 12:03:36.073871,332.85,886089.0,970952.0
2025-06-20 12:03:38.092502,332.8,886089.0,970952.0
2025-06-20 12:03:40.075069,332.8,886089.0,970952.0
2025-06-20 12:03:40.716516,332.85,885582.0,971949.0
2025-06-20 12:03:42.099430,332.9,885582.0,971949.0
2025-06-20 12:03:44.078182,332.85,885582.0,971949.0
2025-06-20 12:03:45.379398,332.85,884594.0,973466.0
2025-06-20 12:03:46.082652,332.85,884594.0,973466.0
2025-06-20 12:03:48.125958,332.75,884594.0,973466.0
2025-06-20 12:03:50.073357,332.75,884594.0,973466.0
2025-06-20 12:03:50.178123,332.75,884687.0,973066.0
2025-06-20 12:03:52.093346,332.75,884687.0,973066.0
2025-06-20 12:03:54.094676,332.85,884687.0,973066.0
2025-06-20 12:03:55.386857,332.75,885757.0,973705.0
2025-06-20 12:03:58.078413,332.85,885757.0,973705.0
2025-06-20 12:03:58.386949,332.85,885757.0,973705.0
2025-06-20 12:03:59.066302,332.85,885757.0,973705.0
2025-06-20 12:04:00.092333,332.75,885757.0,973705.0
2025-06-20 12:04:00.306504,332.75,885757.0,973705.0
2025-06-20 12:04:00.592602,332.75,885493.0,973633.0
2025-06-20 12:04:00.674411,332.75,885493.0,973633.0
2025-06-20 12:04:01.122483,332.75,885493.0,973633.0
2025-06-20 12:04:02.083110,332.75,885493.0,973633.0
2025-06-20 12:04:02.307408,332.75,885493.0,973633.0
2025-06-20 12:04:03.342769,332.75,885493.0,973633.0
2025-06-20 12:04:04.106518,332.75,885493.0,973633.0
2025-06-20 12:04:04.333064,332.75,885493.0,973633.0
2025-06-20 12:04:05.659052,332.75,885493.0,973633.0
2025-06-20 12:04:05.893915,332.75,882220.0,974853.0
2025-06-20 12:04:06.093009,332.75,882220.0,974853.0
2025-06-20 12:04:06.688866,332.75,882220.0,974853.0
2025-06-20 12:04:08.134296,332.85,882220.0,974853.0
2025-06-20 12:04:08.300569,332.85,882220.0,974853.0
2025-06-20 12:04:09.641567,332.85,882220.0,974853.0
2025-06-20 12:04:10.089415,332.8,882220.0,974853.0
2025-06-20 12:04:10.959816,332.8,882220.0,974853.0
2025-06-20 12:04:11.395221,332.8,884121.0,972158.0
2025-06-20 12:04:12.080374,332.8,884121.0,972158.0
2025-06-20 12:04:12.741474,332.8,884121.0,972158.0
2025-06-20 12:04:14.077962,332.75,884121.0,972158.0
2025-06-20 12:04:16.116340,332.8,884121.0,972158.0
2025-06-20 12:04:16.396483,332.75,884969.0,973133.0
2025-06-20 12:04:18.077093,332.75,884969.0,973133.0
2025-06-20 12:04:20.081637,332.75,884969.0,973133.0
2025-06-20 12:04:21.402675,332.8,899201.0,972662.0
2025-06-20 12:04:22.086333,332.8,899201.0,972662.0
2025-06-20 12:04:24.079097,332.75,899201.0,972662.0
2025-06-20 12:04:26.805763,332.85,898856.0,971866.0
2025-06-20 12:04:28.098213,332.75,898856.0,971866.0
2025-06-20 12:04:30.079719,332.75,898856.0,971866.0
2025-06-20 12:04:32.086061,332.85,898856.0,971866.0
2025-06-20 12:04:32.536566,332.8,896768.0,974493.0
2025-06-20 12:04:34.082145,332.75,896768.0,974493.0
2025-06-20 12:04:36.112898,332.75,896768.0,974493.0
2025-06-20 12:04:38.082728,332.8,896768.0,974493.0
2025-06-20 12:04:38.416420,332.8,898112.0,973104.0
2025-06-20 12:04:40.076882,332.8,898112.0,973104.0
2025-06-20 12:04:42.131341,332.8,898112.0,973104.0
2025-06-20 12:04:43.925029,332.8,898473.0,973014.0
2025-06-20 12:04:44.078397,332.8,898473.0,973014.0
2025-06-20 12:04:46.079780,332.75,898473.0,973014.0
2025-06-20 12:04:48.081015,332.75,898473.0,973014.0
2025-06-20 12:04:48.923353,332.75,872513.0,981531.0
2025-06-20 12:04:50.079372,332.75,872513.0,981531.0
2025-06-20 12:04:52.085980,332.75,872513.0,981531.0
2025-06-20 12:04:54.082325,332.7,872513.0,981531.0
2025-06-20 12:04:54.217943,332.75,878953.0,978980.0
2025-06-20 12:04:56.080270,332.75,878953.0,978980.0
2025-06-20 12:04:58.081500,332.8,878953.0,978980.0
2025-06-20 12:04:59.123353,332.75,878539.0,972633.0
2025-06-20 12:05:00.086286,332.75,878539.0,972633.0
2025-06-20 12:05:02.087237,332.85,878539.0,972633.0
2025-06-20 12:05:03.938444,332.85,875250.0,973182.0
2025-06-20 12:05:04.081926,332.85,875250.0,973182.0
2025-06-20 12:05:06.084555,332.75,875250.0,973182.0
2025-06-20 12:05:08.083128,332.75,875250.0,973182.0
2025-06-20 12:05:08.734953,332.85,875686.0,973366.0
2025-06-20 12:05:10.082437,332.75,875686.0,973366.0
2025-06-20 12:05:12.081986,332.75,875686.0,973366.0
