timestamp,ltp,bid_qty,ask_qty
2025-06-20 10:10:48.252619,250.74,911509.0,1919535.0
2025-06-20 10:10:51.565367,250.76,908888.0,1919135.0
2025-06-20 10:10:51.599589,250.76,908888.0,1919135.0
2025-06-20 10:10:55.595464,250.76,908888.0,1919135.0
2025-06-20 10:10:57.268562,250.76,910646.0,1918343.0
2025-06-20 10:10:57.598848,250.76,910646.0,1918343.0
2025-06-20 10:11:01.663241,250.76,910646.0,1918343.0
2025-06-20 10:11:02.570348,250.76,907809.0,1916883.0
2025-06-20 10:11:03.605650,250.77,907809.0,1916883.0
2025-06-20 10:11:05.604377,250.72,907809.0,1916883.0
2025-06-20 10:11:07.621904,250.75,907809.0,1916883.0
2025-06-20 10:11:08.868768,250.77,911758.0,1914264.0
2025-06-20 10:11:09.631667,250.72,911758.0,1914264.0
2025-06-20 10:11:14.584375,250.76,914816.0,1915186.0
2025-06-20 10:11:15.640769,250.75,914816.0,1915186.0
2025-06-20 10:11:17.620820,250.76,914816.0,1915186.0
2025-06-20 10:11:19.637905,250.76,914816.0,1915186.0
2025-06-20 10:11:19.981657,250.76,915988.0,1916041.0
2025-06-20 10:11:21.662436,250.74,915988.0,1916041.0
2025-06-20 10:11:23.709242,250.76,915988.0,1916041.0
2025-06-20 10:11:25.108883,250.83,925035.0,1901446.0
2025-06-20 10:11:26.260227,250.83,925035.0,1901446.0
2025-06-20 10:11:29.702949,250.82,925035.0,1901446.0
2025-06-20 10:11:30.870277,250.82,924806.0,1904020.0
2025-06-20 10:11:33.603478,250.84,924806.0,1904020.0
2025-06-20 10:11:36.193225,250.78,919308.0,1904104.0
2025-06-20 10:11:37.611931,250.77,919308.0,1904104.0
2025-06-20 10:11:42.197322,250.77,912356.0,1910407.0
2025-06-20 10:11:43.605164,250.77,912356.0,1910407.0
2025-06-20 10:11:45.601527,250.76,912356.0,1910407.0
2025-06-20 10:11:47.598479,250.8,912356.0,1910407.0
2025-06-20 10:11:48.101284,250.78,926323.0,1911994.0
2025-06-20 10:11:49.608012,250.8,926323.0,1911994.0
2025-06-20 10:11:53.623150,250.83,926323.0,1911994.0
2025-06-20 10:11:54.010801,250.83,934356.0,1901605.0
2025-06-20 10:11:57.603361,250.85,934356.0,1901605.0
2025-06-20 10:11:59.604044,251.08,934356.0,1901605.0
2025-06-20 10:12:00.007524,251.13,965507.0,1850314.0
2025-06-20 10:12:04.613943,251.04,965507.0,1850314.0
2025-06-20 10:12:06.523795,251.23,998069.0,1835513.0
2025-06-20 10:12:07.600514,251.27,998069.0,1835513.0
2025-06-20 10:12:10.602711,251.27,998069.0,1835513.0
2025-06-20 10:12:13.219362,251.23,999160.0,1850158.0
2025-06-20 10:12:13.601796,251.23,999160.0,1850158.0
2025-06-20 10:12:16.602281,251.12,999160.0,1850158.0
2025-06-20 10:12:19.429516,251.27,1016062.0,1828140.0
2025-06-20 10:12:19.598576,251.27,1016062.0,1828140.0
2025-06-20 10:12:22.602075,251.35,1016062.0,1828140.0
2025-06-20 10:12:25.617955,251.29,1016062.0,1828140.0
2025-06-20 10:12:25.637641,251.29,1022330.0,1819509.0
2025-06-20 10:12:27.636761,251.36,1022330.0,1819509.0
2025-06-20 10:12:29.600325,251.39,1022330.0,1819509.0
2025-06-20 10:12:31.605135,251.28,1022330.0,1819509.0
2025-06-20 10:12:31.852197,251.28,1026412.0,1820923.0
2025-06-20 10:12:35.645542,251.43,1026412.0,1820923.0
2025-06-20 10:12:37.611889,251.42,1026412.0,1820923.0
2025-06-20 10:12:37.841841,251.42,1032257.0,1817729.0
2025-06-20 10:12:39.605375,251.43,1032257.0,1817729.0
2025-06-20 10:12:40.548426,251.43,1032257.0,1817729.0
2025-06-20 10:12:41.163238,251.43,1032257.0,1817729.0
2025-06-20 10:12:41.609195,251.34,1032257.0,1817729.0
2025-06-20 10:12:41.696877,251.34,1032257.0,1817729.0
2025-06-20 10:12:42.299588,251.34,1032257.0,1817729.0
2025-06-20 10:12:43.439213,251.34,1032257.0,1817729.0
2025-06-20 10:12:43.600954,251.32,1032257.0,1817729.0
2025-06-20 10:12:43.651141,251.32,1030019.0,1822566.0
2025-06-20 10:12:43.943236,251.32,1030019.0,1822566.0
2025-06-20 10:12:44.653771,251.32,1030019.0,1822566.0
2025-06-20 10:12:45.419088,251.32,1030019.0,1822566.0
2025-06-20 10:12:45.642832,251.31,1030019.0,1822566.0
2025-06-20 10:12:46.683229,251.31,1030019.0,1822566.0
2025-06-20 10:12:47.611123,251.39,1030019.0,1822566.0
2025-06-20 10:12:47.650132,251.39,1030019.0,1822566.0
2025-06-20 10:12:49.154412,251.39,1030019.0,1822566.0
2025-06-20 10:12:49.543707,251.39,1029599.0,1826209.0
2025-06-20 10:12:50.478102,251.39,1029599.0,1826209.0
2025-06-20 10:12:51.716204,251.39,1029599.0,1826209.0
2025-06-20 10:12:53.264742,251.39,1029599.0,1826209.0
2025-06-20 10:12:53.620371,251.4,1029599.0,1826209.0
2025-06-20 10:12:55.359689,251.42,1029448.0,1825182.0
2025-06-20 10:12:55.607536,251.42,1029448.0,1825182.0
2025-06-20 10:12:57.643928,251.4,1029448.0,1825182.0
2025-06-20 10:12:59.608574,251.4,1029448.0,1825182.0
2025-06-20 10:13:01.045947,251.4,1029760.0,1825972.0
2025-06-20 10:13:02.050437,251.4,1029802.0,1825358.0
2025-06-20 10:13:02.601523,251.42,1029802.0,1825358.0
2025-06-20 10:13:03.150036,251.4,1025814.0,1830894.0
2025-06-20 10:13:03.603661,251.4,1025814.0,1830894.0
2025-06-20 10:13:04.250670,251.31,1026265.0,1830240.0
2025-06-20 10:13:04.601146,251.31,1026265.0,1830240.0
2025-06-20 10:13:05.363883,251.31,1025086.0,1830338.0
2025-06-20 10:13:06.455266,251.31,1027420.0,1829960.0
2025-06-20 10:13:07.551169,251.31,1027420.0,1830022.0
2025-06-20 10:13:08.656284,251.31,1028044.0,1829861.0
2025-06-20 10:13:09.753982,251.31,1028144.0,1830070.0
2025-06-20 10:13:10.606951,251.31,1028144.0,1830070.0
2025-06-20 10:13:10.883233,251.31,1026035.0,1832587.0
2025-06-20 10:13:11.868708,251.31,1027080.0,1833567.0
2025-06-20 10:13:12.602211,251.39,1027080.0,1833567.0
2025-06-20 10:13:12.959664,251.39,1028368.0,1830352.0
2025-06-20 10:13:14.069637,251.31,1028169.0,1830049.0
2025-06-20 10:13:14.604381,251.31,1028169.0,1830049.0
2025-06-20 10:13:15.160088,251.31,1026751.0,1831690.0
2025-06-20 10:13:15.604423,251.31,1026751.0,1831690.0
2025-06-20 10:13:16.263057,251.31,1025969.0,1832182.0
2025-06-20 10:13:16.610129,251.4,1025969.0,1832182.0
2025-06-20 10:13:17.402951,251.4,1030684.0,1828820.0
2025-06-20 10:13:18.465450,251.4,1030522.0,1824498.0
2025-06-20 10:13:18.599055,251.31,1030522.0,1824498.0
2025-06-20 10:13:19.464064,251.31,1030771.0,1828027.0
2025-06-20 10:13:20.465052,251.31,1031795.0,1823858.0
2025-06-20 10:13:21.462706,251.4,1032659.0,1826281.0
2025-06-20 10:13:21.603378,251.4,1032659.0,1826281.0
2025-06-20 10:13:22.563861,251.39,1026774.0,1829274.0
2025-06-20 10:13:22.609012,251.39,1026774.0,1829274.0
2025-06-20 10:13:23.575504,251.32,1026536.0,1830127.0
2025-06-20 10:13:23.614967,251.32,1026536.0,1830127.0
2025-06-20 10:13:24.569759,251.32,1026540.0,1832220.0
2025-06-20 10:13:25.566768,251.31,1025418.0,1831867.0
2025-06-20 10:13:25.601054,251.31,1025418.0,1831867.0
2025-06-20 10:13:26.568715,251.4,1026121.0,1829922.0
2025-06-20 10:13:26.609525,251.4,1026121.0,1829922.0
2025-06-20 10:13:27.567315,251.4,1026121.0,1829585.0
2025-06-20 10:13:27.601563,251.4,1026121.0,1829585.0
2025-06-20 10:13:28.567570,251.4,1021226.0,1831710.0
2025-06-20 10:13:29.602975,251.24,1021226.0,1831710.0
2025-06-20 10:13:29.667933,251.24,1002146.0,1842983.0
2025-06-20 10:13:30.671666,251.24,1004444.0,1847036.0
2025-06-20 10:13:31.772825,251.15,1001370.0,1848849.0
2025-06-20 10:13:32.610942,251.15,1001370.0,1848849.0
2025-06-20 10:13:32.894412,251.15,1003645.0,1848951.0
2025-06-20 10:13:33.970736,251.15,1003645.0,1850087.0
2025-06-20 10:13:35.077325,251.15,1003131.0,1849931.0
2025-06-20 10:13:36.176159,251.16,1003021.0,1850273.0
2025-06-20 10:13:36.606852,251.16,1003021.0,1850273.0
2025-06-20 10:13:37.073595,251.16,1003192.0,1850280.0
2025-06-20 10:13:37.609393,251.16,1003192.0,1850280.0
2025-06-20 10:13:38.272787,251.16,1002505.0,1851619.0
2025-06-20 10:13:39.387550,251.16,1007027.0,1848706.0
2025-06-20 10:13:40.477476,251.2,1009282.0,1846733.0
2025-06-20 10:13:40.605674,251.2,1009282.0,1846733.0
2025-06-20 10:13:41.577059,251.24,1010817.0,1841405.0
2025-06-20 10:13:41.605966,251.24,1010817.0,1841405.0
2025-06-20 10:13:42.601933,251.24,1010817.0,1841405.0
2025-06-20 10:13:42.676773,251.24,1020386.0,1835518.0
2025-06-20 10:13:43.578941,251.39,1022263.0,1831148.0
2025-06-20 10:13:43.601800,251.39,1022263.0,1831148.0
2025-06-20 10:13:44.607436,251.28,1022263.0,1831148.0
2025-06-20 10:13:44.676380,251.28,1021531.0,1836620.0
2025-06-20 10:13:45.606350,251.38,1021531.0,1836620.0
2025-06-20 10:13:45.779226,251.38,1018561.0,1836872.0
2025-06-20 10:13:46.601149,251.38,1018561.0,1836872.0
2025-06-20 10:13:46.888975,251.38,1018773.0,1836785.0
2025-06-20 10:13:47.978807,251.38,1018773.0,1836545.0
2025-06-20 10:13:48.607259,251.28,1018773.0,1836545.0
2025-06-20 10:13:48.980351,251.28,1019058.0,1834267.0
2025-06-20 10:13:49.645202,251.28,1019058.0,1834267.0
2025-06-20 10:13:50.179344,251.38,1019367.0,1835058.0
2025-06-20 10:13:50.606189,251.38,1019367.0,1835058.0
2025-06-20 10:13:51.283315,251.38,1020041.0,1835572.0
2025-06-20 10:13:52.415164,251.38,1017001.0,1838144.0
2025-06-20 10:13:52.612114,251.3,1017001.0,1838144.0
2025-06-20 10:13:53.484770,251.3,1016983.0,1837495.0
2025-06-20 10:13:54.584629,251.3,1016838.0,1837730.0
2025-06-20 10:13:55.585999,251.25,1014368.0,1836799.0
2025-06-20 10:13:55.597710,251.25,1014368.0,1836799.0
2025-06-20 10:13:56.606822,251.25,1014368.0,1836799.0
2025-06-20 10:13:56.685200,251.23,1013141.0,1838276.0
2025-06-20 10:13:57.609904,251.3,1013141.0,1838276.0
2025-06-20 10:13:57.787396,251.3,1014981.0,1839538.0
2025-06-20 10:13:58.609897,251.3,1014981.0,1839538.0
2025-06-20 10:13:58.915352,251.3,1014938.0,1839469.0
2025-06-20 10:13:59.603936,251.3,1014938.0,1839469.0
2025-06-20 10:13:59.987946,251.3,1014615.0,1839008.0
2025-06-20 10:14:03.610174,251.31,1014615.0,1839008.0
2025-06-20 10:14:05.416505,251.29,1018346.0,1829715.0
2025-06-20 10:14:05.655777,251.29,1018346.0,1829715.0
2025-06-20 10:14:07.632525,251.3,1018346.0,1829715.0
2025-06-20 10:14:11.098423,251.26,1019162.0,1833540.0
2025-06-20 10:14:11.697577,251.26,1019162.0,1833540.0
2025-06-20 10:14:13.631722,251.35,1019162.0,1833540.0
2025-06-20 10:14:15.620077,251.33,1019162.0,1833540.0
2025-06-20 10:14:17.001115,251.35,1020670.0,1832398.0
2025-06-20 10:14:17.603328,251.35,1020670.0,1832398.0
2025-06-20 10:14:19.655939,251.35,1020670.0,1832398.0
2025-06-20 10:14:22.812345,251.35,1018827.0,1834679.0
2025-06-20 10:14:23.617607,251.36,1018827.0,1834679.0
2025-06-20 10:14:25.611769,251.29,1018827.0,1834679.0
2025-06-20 10:14:27.615000,251.37,1018827.0,1834679.0
2025-06-20 10:14:28.916904,251.28,1021111.0,1834878.0
2025-06-20 10:14:29.606751,251.28,1021111.0,1834878.0
2025-06-20 10:14:31.669008,251.36,1021111.0,1834878.0
2025-06-20 10:14:33.619637,251.27,1021111.0,1834878.0
2025-06-20 10:14:34.664545,251.27,1016163.0,1841308.0
2025-06-20 10:14:35.624554,251.34,1016163.0,1841308.0
2025-06-20 10:14:37.607448,251.27,1016163.0,1841308.0
2025-06-20 10:14:39.611398,251.32,1016163.0,1841308.0
2025-06-20 10:14:40.111008,251.22,1017988.0,1846519.0
2025-06-20 10:14:41.612540,251.32,1017988.0,1846519.0
2025-06-20 10:14:43.619365,251.33,1017988.0,1846519.0
2025-06-20 10:14:46.061744,251.33,1020008.0,1846718.0
2025-06-20 10:14:47.662630,251.4,1020008.0,1846718.0
2025-06-20 10:14:51.518319,251.36,1031771.0,1833231.0
2025-06-20 10:14:51.617431,251.4,1031771.0,1833231.0
2025-06-20 10:14:55.639120,251.4,1031771.0,1833231.0
2025-06-20 10:14:57.634619,251.49,1031771.0,1833231.0
2025-06-20 10:14:57.644638,251.49,1042133.0,1817644.0
2025-06-20 10:14:59.607801,251.49,1042133.0,1817644.0
2025-06-20 10:15:03.664663,251.49,1042133.0,1817644.0
2025-06-20 10:15:03.933038,251.49,1041203.0,1819354.0
2025-06-20 10:15:05.620473,251.49,1041203.0,1819354.0
2025-06-20 10:15:07.620047,251.52,1041203.0,1819354.0
2025-06-20 10:15:09.615626,251.58,1041203.0,1819354.0
2025-06-20 10:15:10.438875,251.58,1050644.0,1781618.0
2025-06-20 10:15:11.616030,251.53,1050644.0,1781618.0
2025-06-20 10:15:13.612490,251.63,1050644.0,1781618.0
2025-06-20 10:15:15.619066,251.59,1050644.0,1781618.0
2025-06-20 10:15:16.736517,251.6,1053451.0,1772026.0
2025-06-20 10:15:17.615739,251.65,1053451.0,1772026.0
2025-06-20 10:15:19.614374,251.58,1053451.0,1772026.0
2025-06-20 10:15:21.625128,251.44,1053451.0,1772026.0
2025-06-20 10:15:23.047392,251.44,1041241.0,1789569.0
2025-06-20 10:15:23.612745,251.41,1041241.0,1789569.0
2025-06-20 10:15:25.618000,251.49,1041241.0,1789569.0
2025-06-20 10:15:27.658354,251.64,1041241.0,1789569.0
2025-06-20 10:15:29.447256,251.55,1051185.0,1776319.0
2025-06-20 10:15:29.623623,251.55,1051185.0,1776319.0
2025-06-20 10:15:31.622875,251.65,1051185.0,1776319.0
2025-06-20 10:15:35.551438,251.64,1053464.0,1780854.0
2025-06-20 10:15:35.621480,251.64,1053464.0,1780854.0
2025-06-20 10:15:37.622109,251.54,1053464.0,1780854.0
2025-06-20 10:15:39.640190,251.65,1053464.0,1780854.0
2025-06-20 10:15:40.968222,251.65,1053464.0,1780854.0
2025-06-20 10:15:41.363728,251.65,1053464.0,1780854.0
2025-06-20 10:15:41.556121,251.56,1053405.0,1780343.0
2025-06-20 10:15:41.576659,251.56,1053405.0,1780343.0
2025-06-20 10:15:41.617536,251.65,1053405.0,1780343.0
2025-06-20 10:15:41.916491,251.65,1053405.0,1780343.0
2025-06-20 10:15:42.173180,251.65,1053405.0,1780343.0
2025-06-20 10:15:43.463927,251.65,1053405.0,1780343.0
2025-06-20 10:15:43.618574,251.68,1053405.0,1780343.0
2025-06-20 10:15:43.858648,251.68,1053405.0,1780343.0
2025-06-20 10:15:44.464005,251.68,1053405.0,1780343.0
2025-06-20 10:15:45.618706,251.55,1053405.0,1780343.0
2025-06-20 10:15:45.782305,251.55,1053405.0,1780343.0
2025-06-20 10:15:47.115765,251.55,1053405.0,1780343.0
2025-06-20 10:15:47.370957,251.55,1054540.0,1782910.0
2025-06-20 10:15:47.617197,251.55,1054540.0,1782910.0
2025-06-20 10:15:48.076165,251.55,1054540.0,1782910.0
2025-06-20 10:15:49.654471,251.55,1054540.0,1782910.0
2025-06-20 10:15:50.617038,251.65,1054540.0,1782910.0
2025-06-20 10:15:50.882431,251.65,1054540.0,1782910.0
2025-06-20 10:15:52.127638,251.65,1054540.0,1782910.0
2025-06-20 10:15:53.561812,251.7,1070274.0,1762212.0
2025-06-20 10:15:53.612411,251.7,1070274.0,1762212.0
2025-06-20 10:15:53.707009,251.7,1070274.0,1762212.0
2025-06-20 10:15:56.615959,251.6,1070274.0,1762212.0
2025-06-20 10:15:59.617405,251.73,1070274.0,1762212.0
2025-06-20 10:16:00.168731,251.66,1078058.0,1761060.0
2025-06-20 10:16:02.623339,251.75,1078058.0,1761060.0
2025-06-20 10:16:05.672001,251.75,1078058.0,1761060.0
2025-06-20 10:16:06.073127,251.75,1075843.0,1763127.0
2025-06-20 10:16:10.621022,251.7,1075843.0,1763127.0
2025-06-20 10:16:11.973597,251.67,1077598.0,1764028.0
2025-06-20 10:16:14.617477,251.69,1077598.0,1764028.0
2025-06-20 10:16:18.480737,251.65,1072545.0,1776858.0
2025-06-20 10:16:18.623003,251.65,1072545.0,1776858.0
2025-06-20 10:16:21.616766,251.7,1072545.0,1776858.0
2025-06-20 10:16:24.631580,251.51,1072545.0,1776858.0
2025-06-20 10:16:24.988760,251.61,1068614.0,1784617.0
2025-06-20 10:16:27.625827,251.61,1068614.0,1784617.0
2025-06-20 10:16:30.615053,251.59,1068614.0,1784617.0
2025-06-20 10:16:31.418413,251.59,1051984.0,1793874.0
2025-06-20 10:16:33.618681,251.44,1051984.0,1793874.0
2025-06-20 10:16:36.633703,251.4,1051984.0,1793874.0
2025-06-20 10:16:37.794798,251.48,1041374.0,1808169.0
2025-06-20 10:16:39.653749,251.48,1041374.0,1808169.0
2025-06-20 10:16:42.621679,251.4,1041374.0,1808169.0
2025-06-20 10:16:43.997184,251.43,1034271.0,1810637.0
2025-06-20 10:16:45.623669,251.4,1034271.0,1810637.0
2025-06-20 10:16:48.622032,251.36,1034271.0,1810637.0
2025-06-20 10:16:50.408426,251.39,1023177.0,1826804.0
2025-06-20 10:16:51.623194,251.38,1023177.0,1826804.0
2025-06-20 10:16:53.616947,251.37,1023177.0,1826804.0
2025-06-20 10:16:55.627562,251.36,1023177.0,1826804.0
2025-06-20 10:16:56.603526,251.31,1017516.0,1834231.0
2025-06-20 10:16:57.665367,251.3,1017516.0,1834231.0
2025-06-20 10:16:59.626045,251.3,1017516.0,1834231.0
2025-06-20 10:17:01.605413,251.32,1018568.0,1836676.0
2025-06-20 10:17:01.617547,251.32,1018568.0,1836676.0
2025-06-20 10:17:02.605739,251.3,1018086.0,1836070.0
2025-06-20 10:17:02.619524,251.3,1018086.0,1836070.0
2025-06-20 10:17:03.606790,251.3,1018373.0,1836990.0
2025-06-20 10:17:04.607104,251.32,1019528.0,1835718.0
2025-06-20 10:17:04.619576,251.32,1019528.0,1835718.0
2025-06-20 10:17:06.620075,251.3,1019528.0,1835718.0
2025-06-20 10:17:06.621568,251.3,1018826.0,1834805.0
2025-06-20 10:17:07.616685,251.3,1019171.0,1833195.0
2025-06-20 10:17:07.619957,251.3,1019171.0,1833195.0
2025-06-20 10:17:08.621068,251.32,1019364.0,1833969.0
2025-06-20 10:17:08.630187,251.32,1019364.0,1833969.0
2025-06-20 10:17:09.512373,251.32,1019363.0,1836237.0
2025-06-20 10:17:10.511515,251.32,1019363.0,1836946.0
2025-06-20 10:17:11.624293,251.32,1019363.0,1836946.0
2025-06-20 10:17:12.629285,251.28,1019363.0,1836946.0
2025-06-20 10:17:13.512185,251.28,1017351.0,1837295.0
2025-06-20 10:17:14.498718,251.32,1017351.0,1836845.0
2025-06-20 10:17:14.639082,251.28,1017351.0,1836845.0
2025-06-20 10:17:15.322684,251.28,1017020.0,1837663.0
2025-06-20 10:17:15.619011,251.28,1017020.0,1837663.0
2025-06-20 10:17:16.327600,251.28,1017509.0,1836327.0
2025-06-20 10:17:17.426556,251.28,1016915.0,1836394.0
2025-06-20 10:17:17.631851,251.4,1016915.0,1836394.0
2025-06-20 10:17:18.325586,251.4,1020408.0,1822675.0
2025-06-20 10:17:18.622976,251.44,1020408.0,1822675.0
2025-06-20 10:17:19.624107,251.36,1020408.0,1822675.0
2025-06-20 10:17:20.220491,251.36,1023303.0,1822134.0
2025-06-20 10:17:20.623842,251.36,1023303.0,1822134.0
2025-06-20 10:17:21.219365,251.49,1022956.0,1819743.0
2025-06-20 10:17:21.617065,251.49,1022956.0,1819743.0
2025-06-20 10:17:22.121954,251.49,1023296.0,1820522.0
2025-06-20 10:17:22.620252,251.49,1023296.0,1820522.0
2025-06-20 10:17:23.022017,251.49,1026411.0,1819020.0
2025-06-20 10:17:23.625128,251.49,1026411.0,1819020.0
2025-06-20 10:17:24.023035,251.43,1023489.0,1819457.0
2025-06-20 10:17:24.621148,251.49,1023489.0,1819457.0
2025-06-20 10:17:25.022045,251.49,1028158.0,1812415.0
2025-06-20 10:17:25.637544,251.5,1028158.0,1812415.0
2025-06-20 10:17:26.153963,251.51,1038741.0,1801356.0
2025-06-20 10:17:26.629756,251.59,1038741.0,1801356.0
2025-06-20 10:17:26.949117,251.59,1033308.0,1805140.0
2025-06-20 10:17:27.627050,251.48,1033308.0,1805140.0
2025-06-20 10:17:28.023305,251.48,1032142.0,1810247.0
2025-06-20 10:17:29.623045,251.55,1032142.0,1810247.0
2025-06-20 10:17:30.620062,251.45,1032142.0,1810247.0
2025-06-20 10:17:32.617348,251.47,1032142.0,1810247.0
2025-06-20 10:17:33.061555,251.47,1036676.0,1809648.0
2025-06-20 10:17:33.641754,251.47,1036676.0,1809648.0
2025-06-20 10:17:33.926202,251.47,1036611.0,1810819.0
2025-06-20 10:17:34.635254,251.6,1036611.0,1810819.0
2025-06-20 10:17:35.929827,251.6,1039880.0,1805420.0
2025-06-20 10:17:37.619002,251.5,1039880.0,1805420.0
2025-06-20 10:17:37.871072,251.5,1039329.0,1806052.0
2025-06-20 10:17:39.731760,251.5,1040355.0,1806624.0
2025-06-20 10:17:40.632560,251.51,1040355.0,1806624.0
2025-06-20 10:17:40.731301,251.51,1039578.0,1807334.0
2025-06-20 10:17:42.623370,251.48,1039578.0,1807334.0
2025-06-20 10:17:42.665257,251.48,1039531.0,1805440.0
2025-06-20 10:17:43.533922,251.5,1040796.0,1806752.0
2025-06-20 10:17:43.693174,251.5,1040796.0,1806752.0
2025-06-20 10:17:44.620173,251.52,1040796.0,1806752.0
2025-06-20 10:17:45.628007,251.52,1040796.0,1806752.0
2025-06-20 10:17:46.534210,251.52,1040862.0,1803377.0
2025-06-20 10:17:46.621282,251.52,1040862.0,1803377.0
2025-06-20 10:17:47.536487,251.62,1041371.0,1805022.0
2025-06-20 10:17:47.618228,251.52,1041371.0,1805022.0
2025-06-20 10:17:48.622076,251.5,1041371.0,1805022.0
2025-06-20 10:17:49.644349,251.5,1041231.0,1803882.0
2025-06-20 10:17:50.626747,251.5,1041231.0,1803882.0
2025-06-20 10:17:52.536400,251.5,1040621.0,1805557.0
2025-06-20 10:17:53.536938,251.5,1040613.0,1808468.0
2025-06-20 10:17:54.622172,251.58,1040613.0,1808468.0
2025-06-20 10:17:54.646849,251.58,1038366.0,1808682.0
2025-06-20 10:17:55.643877,251.58,1038866.0,1810508.0
2025-06-20 10:17:56.627028,251.51,1038866.0,1810508.0
2025-06-20 10:17:56.649057,251.51,1039819.0,1809615.0
2025-06-20 10:17:57.538086,251.5,1041691.0,1811505.0
2025-06-20 10:17:57.624920,251.5,1041691.0,1811505.0
2025-06-20 10:17:58.471903,251.48,1042371.0,1811762.0
2025-06-20 10:17:58.625926,251.48,1042371.0,1811762.0
2025-06-20 10:17:59.350729,251.48,1042372.0,1811528.0
2025-06-20 10:18:00.352256,251.48,1042667.0,1810410.0
2025-06-20 10:18:01.542400,251.51,1041221.0,1811879.0
2025-06-20 10:18:01.623437,251.51,1041221.0,1811879.0
2025-06-20 10:18:02.544315,251.7,1058018.0,1788350.0
2025-06-20 10:18:02.627890,251.7,1058018.0,1788350.0
2025-06-20 10:18:03.542437,251.63,1059899.0,1789463.0
2025-06-20 10:18:03.624743,251.63,1059899.0,1789463.0
2025-06-20 10:18:04.454914,251.63,1058388.0,1789703.0
2025-06-20 10:18:05.547258,251.63,1059100.0,1790031.0
2025-06-20 10:18:05.625039,251.7,1059100.0,1790031.0
2025-06-20 10:18:06.459019,251.7,1060957.0,1789558.0
2025-06-20 10:18:07.445246,251.66,1059287.0,1790604.0
2025-06-20 10:18:07.620953,251.66,1059287.0,1790604.0
2025-06-20 10:18:08.372634,251.66,1053916.0,1792051.0
2025-06-20 10:18:09.373452,251.7,1055300.0,1792618.0
2025-06-20 10:18:09.624043,251.7,1055300.0,1792618.0
2025-06-20 10:18:10.248906,251.7,1056408.0,1792862.0
2025-06-20 10:18:10.624597,251.7,1056408.0,1792862.0
2025-06-20 10:18:11.252839,251.7,1054521.0,1794754.0
2025-06-20 10:18:12.250200,251.7,1055484.0,1795393.0
2025-06-20 10:18:12.622679,251.7,1055484.0,1795393.0
2025-06-20 10:18:13.248411,251.7,1055301.0,1792342.0
2025-06-20 10:18:13.625572,251.7,1055301.0,1792342.0
2025-06-20 10:18:14.250417,251.7,1055347.0,1792716.0
2025-06-20 10:18:15.252571,251.66,1054879.0,1795179.0
2025-06-20 10:18:15.622026,251.66,1054879.0,1795179.0
2025-06-20 10:18:16.251653,251.66,1055133.0,1793182.0
2025-06-20 10:18:17.255442,251.66,1057038.0,1792957.0
2025-06-20 10:18:18.253108,251.66,1055442.0,1794527.0
2025-06-20 10:18:18.629047,251.66,1055442.0,1794527.0
2025-06-20 10:18:19.255209,251.65,1057723.0,1794768.0
2025-06-20 10:18:19.627034,251.65,1057723.0,1794768.0
2025-06-20 10:18:20.255651,251.65,1056844.0,1795674.0
2025-06-20 10:18:20.626404,251.63,1056844.0,1795674.0
2025-06-20 10:18:21.157982,251.63,1054069.0,1795265.0
2025-06-20 10:18:21.624668,251.69,1054069.0,1795265.0
2025-06-20 10:18:22.156500,251.7,1055397.0,1784156.0
2025-06-20 10:18:22.625144,251.7,1055397.0,1784156.0
2025-06-20 10:18:23.156958,251.7,1056511.0,1786106.0
2025-06-20 10:18:23.624888,251.69,1056511.0,1786106.0
2025-06-20 10:18:24.157228,251.69,1057387.0,1785761.0
2025-06-20 10:18:24.625586,251.69,1057387.0,1785761.0
2025-06-20 10:18:25.156370,251.69,1055976.0,1791663.0
2025-06-20 10:18:25.631894,251.75,1055976.0,1791663.0
2025-06-20 10:18:26.158568,251.75,1062607.0,1779577.0
2025-06-20 10:18:26.656293,251.75,1062607.0,1779577.0
2025-06-20 10:18:27.157432,251.7,1063913.0,1779666.0
2025-06-20 10:18:27.625570,251.69,1063913.0,1779666.0
2025-06-20 10:18:28.158148,251.7,1058544.0,1781319.0
2025-06-20 10:18:28.627359,251.75,1058544.0,1781319.0
2025-06-20 10:18:29.058054,251.75,1059778.0,1780572.0
2025-06-20 10:18:30.058920,251.75,1061766.0,1782736.0
2025-06-20 10:18:30.624343,251.75,1061766.0,1782736.0
2025-06-20 10:18:31.061962,251.69,1060855.0,1783250.0
2025-06-20 10:18:31.631934,251.69,1060855.0,1783250.0
2025-06-20 10:18:32.060945,251.69,1060291.0,1784124.0
2025-06-20 10:18:33.060107,251.75,1063277.0,1782485.0
2025-06-20 10:18:33.626103,251.75,1063277.0,1782485.0
2025-06-20 10:18:34.060737,251.75,1060453.0,1784993.0
2025-06-20 10:18:34.634377,251.75,1060453.0,1784993.0
2025-06-20 10:18:34.961692,251.75,1060258.0,1790726.0
2025-06-20 10:18:35.628138,251.73,1060258.0,1790726.0
2025-06-20 10:18:35.961023,251.73,1055809.0,1791431.0
2025-06-20 10:18:36.627363,251.69,1055809.0,1791431.0
2025-06-20 10:18:36.962782,251.65,1052269.0,1796689.0
2025-06-20 10:18:37.626630,251.65,1052269.0,1796689.0
2025-06-20 10:18:37.962540,251.65,1056445.0,1797076.0
2025-06-20 10:18:38.628077,251.65,1056445.0,1797076.0
2025-06-20 10:18:38.964894,251.65,1056323.0,1796932.0
2025-06-20 10:18:39.627829,251.65,1056323.0,1796932.0
2025-06-20 10:18:39.966758,251.65,1056012.0,1796136.0
2025-06-20 10:18:40.632212,251.65,1056012.0,1796136.0
2025-06-20 10:18:40.966110,251.65,1057987.0,1790355.0
2025-06-20 10:18:41.585652,251.65,1057987.0,1790355.0
2025-06-20 10:18:41.976243,251.65,1065592.0,1789933.0
2025-06-20 10:18:42.123482,251.65,1065592.0,1789933.0
2025-06-20 10:18:42.975526,251.7,1067045.0,1792632.0
2025-06-20 10:18:43.306351,251.7,1067045.0,1792632.0
2025-06-20 10:18:43.627448,251.7,1067045.0,1792632.0
2025-06-20 10:18:43.950410,251.7,1067045.0,1792632.0
2025-06-20 10:18:43.971264,251.7,1069821.0,1792051.0
2025-06-20 10:18:44.440180,251.7,1069821.0,1792051.0
2025-06-20 10:18:44.696844,251.73,1069821.0,1792051.0
2025-06-20 10:18:45.017030,251.73,1069821.0,1792051.0
2025-06-20 10:18:45.031551,251.73,1067363.0,1791197.0
2025-06-20 10:18:45.442337,251.73,1067363.0,1791197.0
2025-06-20 10:18:45.644717,251.7,1067363.0,1791197.0
2025-06-20 10:18:45.874846,251.7,1066297.0,1791622.0
2025-06-20 10:18:46.384083,251.7,1066297.0,1791622.0
2025-06-20 10:18:46.631459,251.74,1066297.0,1791622.0
2025-06-20 10:18:46.877513,251.74,1065914.0,1791687.0
2025-06-20 10:18:47.691167,251.74,1065914.0,1791687.0
2025-06-20 10:18:47.875675,251.74,1065707.0,1791407.0
2025-06-20 10:18:48.628678,251.74,1065707.0,1791407.0
2025-06-20 10:18:48.693170,251.74,1065707.0,1791407.0
2025-06-20 10:18:48.884828,251.74,1065518.0,1791063.0
2025-06-20 10:18:49.654432,251.7,1065518.0,1791063.0
2025-06-20 10:18:49.900168,251.7,1065764.0,1791199.0
2025-06-20 10:18:50.225948,251.7,1065764.0,1791199.0
2025-06-20 10:18:50.631653,251.74,1065764.0,1791199.0
2025-06-20 10:18:50.872276,251.74,1065480.0,1791649.0
2025-06-20 10:18:51.466629,251.74,1065480.0,1791649.0
2025-06-20 10:18:51.635183,251.7,1065480.0,1791649.0
2025-06-20 10:18:51.878896,251.7,1065903.0,1791694.0
2025-06-20 10:18:52.626186,251.74,1065903.0,1791694.0
2025-06-20 10:18:52.723199,251.74,1065903.0,1791694.0
2025-06-20 10:18:52.773429,251.71,1067497.0,1779544.0
2025-06-20 10:18:53.639182,251.71,1067497.0,1779544.0
2025-06-20 10:18:53.772760,251.71,1068579.0,1780492.0
2025-06-20 10:18:54.432075,251.71,1068579.0,1780492.0
2025-06-20 10:18:54.653652,251.65,1068579.0,1780492.0
2025-06-20 10:18:54.774468,251.65,1061213.0,1792834.0
2025-06-20 10:18:55.773551,251.65,1064303.0,1785530.0
2025-06-20 10:18:56.627615,251.74,1064303.0,1785530.0
2025-06-20 10:18:56.774917,251.7,1064023.0,1780129.0
2025-06-20 10:18:57.636233,251.74,1064023.0,1780129.0
2025-06-20 10:18:57.774272,251.74,1060408.0,1784793.0
2025-06-20 10:18:58.641484,251.7,1060408.0,1784793.0
2025-06-20 10:18:58.673687,251.7,1061393.0,1783185.0
2025-06-20 10:18:59.643006,251.69,1061393.0,1783185.0
2025-06-20 10:18:59.680845,251.69,1061089.0,1782910.0
2025-06-20 10:19:04.406042,251.66,1055937.0,1800386.0
2025-06-20 10:19:04.642736,251.63,1055937.0,1800386.0
2025-06-20 10:19:07.665853,251.66,1055937.0,1800386.0
2025-06-20 10:19:10.673624,251.56,1055937.0,1800386.0
2025-06-20 10:19:10.681281,251.56,1059956.0,1798718.0
2025-06-20 10:19:16.653155,251.56,1059956.0,1798718.0
2025-06-20 10:19:16.685521,251.56,1055376.0,1803150.0
2025-06-20 10:19:19.635830,251.56,1055376.0,1803150.0
2025-06-20 10:19:22.686074,251.56,1055376.0,1803150.0
2025-06-20 10:19:22.692995,251.56,1054788.0,1810074.0
2025-06-20 10:19:25.696693,251.64,1054788.0,1810074.0
2025-06-20 10:19:28.689236,251.52,1054788.0,1810074.0
2025-06-20 10:19:28.794389,251.6,1048613.0,1810091.0
2025-06-20 10:19:31.672891,251.56,1048613.0,1810091.0
2025-06-20 10:19:34.645599,251.55,1048613.0,1810091.0
2025-06-20 10:19:35.001622,251.56,1044702.0,1815613.0
2025-06-20 10:19:37.705727,251.56,1044702.0,1815613.0
2025-06-20 10:19:40.908767,251.56,1044702.0,1815613.0
2025-06-20 10:19:41.184126,251.52,1042962.0,1831391.0
2025-06-20 10:19:43.633906,251.5,1042962.0,1831391.0
2025-06-20 10:19:46.645604,251.52,1042962.0,1831391.0
2025-06-20 10:19:46.921678,251.52,1041230.0,1831051.0
2025-06-20 10:19:52.430643,251.43,1028395.0,1845578.0
2025-06-20 10:19:52.704513,251.43,1028395.0,1845578.0
2025-06-20 10:19:55.641941,251.43,1028395.0,1845578.0
2025-06-20 10:19:58.434599,251.43,1039135.0,1839269.0
2025-06-20 10:19:58.636043,251.43,1039135.0,1839269.0
2025-06-20 10:20:01.433344,251.49,1038932.0,1819138.0
2025-06-20 10:20:01.678949,251.54,1038932.0,1819138.0
2025-06-20 10:20:02.332961,251.58,1045328.0,1807960.0
2025-06-20 10:20:02.641658,251.58,1045328.0,1807960.0
2025-06-20 10:20:03.335276,251.6,1041435.0,1809521.0
2025-06-20 10:20:03.639493,251.6,1041435.0,1809521.0
2025-06-20 10:20:04.338112,251.6,1042441.0,1816442.0
2025-06-20 10:20:05.338404,251.6,1048871.0,1809007.0
2025-06-20 10:20:05.641489,251.67,1048871.0,1809007.0
2025-06-20 10:20:06.233611,251.67,1046916.0,1811785.0
2025-06-20 10:20:06.638336,251.7,1046916.0,1811785.0
2025-06-20 10:20:07.135785,251.7,1045412.0,1812340.0
2025-06-20 10:20:07.637673,251.68,1045412.0,1812340.0
2025-06-20 10:20:08.134370,251.68,1043233.0,1816138.0
2025-06-20 10:20:09.035090,251.68,1042972.0,1814892.0
2025-06-20 10:20:09.935714,251.68,1042305.0,1815445.0
2025-06-20 10:20:11.024180,251.68,1041898.0,1815843.0
2025-06-20 10:20:11.685203,251.55,1041898.0,1815843.0
2025-06-20 10:20:12.676752,251.53,1041898.0,1815843.0
2025-06-20 10:20:12.682875,251.53,1045135.0,1822474.0
2025-06-20 10:20:13.676503,251.53,1045135.0,1822474.0
2025-06-20 10:20:14.101614,251.53,1045726.0,1821530.0
2025-06-20 10:20:14.650363,251.55,1045726.0,1821530.0
2025-06-20 10:20:14.905869,251.55,1044524.0,1817031.0
2025-06-20 10:20:15.849371,251.55,1042365.0,1824138.0
2025-06-20 10:20:16.767627,251.55,1042798.0,1827300.0
2025-06-20 10:20:17.649417,251.52,1042798.0,1827300.0
2025-06-20 10:20:17.804238,251.52,1033825.0,1831425.0
2025-06-20 10:20:18.639367,251.55,1033825.0,1831425.0
2025-06-20 10:20:18.668262,251.55,1044298.0,1829013.0
2025-06-20 10:20:19.541207,251.49,1043265.0,1827723.0
2025-06-20 10:20:19.640373,251.49,1043265.0,1827723.0
2025-06-20 10:20:20.541750,251.52,1044067.0,1826756.0
2025-06-20 10:20:20.641053,251.52,1044067.0,1826756.0
2025-06-20 10:20:21.542823,251.52,1044173.0,1824853.0
2025-06-20 10:20:23.354868,251.52,1045852.0,1828974.0
2025-06-20 10:20:24.247695,251.52,1045783.0,1828977.0
2025-06-20 10:20:25.464641,251.52,1045842.0,1829785.0
2025-06-20 10:20:25.643682,251.5,1045842.0,1829785.0
2025-06-20 10:20:26.360200,251.5,1045581.0,1829110.0
2025-06-20 10:20:26.640996,251.5,1045581.0,1829110.0
2025-06-20 10:20:27.362802,251.5,1047712.0,1828853.0
2025-06-20 10:20:27.702936,251.75,1047712.0,1828853.0
2025-06-20 10:20:28.531045,251.7,1057578.0,1792202.0
2025-06-20 10:20:28.647865,251.7,1057578.0,1792202.0
2025-06-20 10:20:29.362461,251.7,1060501.0,1796533.0
2025-06-20 10:20:30.252890,251.64,1060052.0,1798488.0
2025-06-20 10:20:30.642632,251.64,1060052.0,1798488.0
2025-06-20 10:20:31.257015,251.64,1057891.0,1794879.0
2025-06-20 10:20:32.254166,251.65,1059117.0,1795019.0
2025-06-20 10:20:32.707765,251.65,1059117.0,1795019.0
2025-06-20 10:20:33.156434,251.66,1058124.0,1794328.0
2025-06-20 10:20:33.642056,251.66,1058124.0,1794328.0
2025-06-20 10:20:34.159147,251.66,1058133.0,1794618.0
2025-06-20 10:20:35.158036,251.66,1058927.0,1795096.0
2025-06-20 10:20:35.641896,251.76,1058927.0,1795096.0
2025-06-20 10:20:36.164201,251.76,1057851.0,1795764.0
2025-06-20 10:20:37.159963,251.76,1058826.0,1796845.0
2025-06-20 10:20:38.162314,251.7,1059706.0,1790921.0
2025-06-20 10:20:38.644702,251.7,1059706.0,1790921.0
2025-06-20 10:20:39.262483,251.79,1061265.0,1791896.0
2025-06-20 10:20:39.645637,251.79,1061265.0,1791896.0
2025-06-20 10:20:40.163906,251.7,1060871.0,1793636.0
2025-06-20 10:20:40.646116,251.7,1060871.0,1793636.0
2025-06-20 10:20:41.162140,251.7,1063849.0,1791521.0
2025-06-20 10:20:41.640691,251.79,1063849.0,1791521.0
2025-06-20 10:20:42.266820,251.79,1063965.0,1789673.0
2025-06-20 10:20:42.641937,251.71,1063965.0,1789673.0
2025-06-20 10:20:43.269094,251.71,1064017.0,1793187.0
2025-06-20 10:20:43.647793,251.67,1064017.0,1793187.0
2025-06-20 10:20:44.267138,251.67,1064119.0,1796471.0
2025-06-20 10:20:44.646121,251.7,1064119.0,1796471.0
2025-06-20 10:20:45.270034,251.66,1059850.0,1797506.0
2025-06-20 10:20:45.659965,251.7,1059850.0,1797506.0
2025-06-20 10:20:46.267678,251.7,1061643.0,1797797.0
2025-06-20 10:20:47.268468,251.7,1062609.0,1797797.0
2025-06-20 10:20:47.647380,251.7,1062609.0,1797797.0
2025-06-20 10:20:48.269502,251.7,1059196.0,1803846.0
2025-06-20 10:20:48.645455,251.64,1059196.0,1803846.0
2025-06-20 10:20:49.276012,251.64,1059064.0,1805125.0
2025-06-20 10:20:49.700542,251.7,1059064.0,1805125.0
2025-06-20 10:20:50.271828,251.7,1058054.0,1804839.0
2025-06-20 10:20:51.271657,251.7,1058454.0,1804896.0
2025-06-20 10:20:52.394952,251.7,1060186.0,1802791.0
2025-06-20 10:20:52.644912,251.7,1060186.0,1802791.0
2025-06-20 10:20:53.609211,251.74,1061064.0,1801674.0
2025-06-20 10:20:53.649876,251.74,1061064.0,1801674.0
2025-06-20 10:20:54.379765,251.74,1059360.0,1805570.0
2025-06-20 10:20:55.469586,251.65,1059453.0,1806209.0
2025-06-20 10:20:55.655479,251.65,1059453.0,1806209.0
2025-06-20 10:20:56.612587,251.65,1059313.0,1805815.0
2025-06-20 10:20:56.656111,251.65,1059313.0,1805815.0
2025-06-20 10:20:57.575249,251.64,1058931.0,1806592.0
2025-06-20 10:20:57.647482,251.64,1058931.0,1806592.0
2025-06-20 10:20:58.684328,251.64,1058394.0,1806853.0
2025-06-20 10:20:59.654657,251.69,1058394.0,1806853.0
2025-06-20 10:20:59.771895,251.69,1059397.0,1806605.0
2025-06-20 10:21:01.396906,251.69,1060091.0,1807045.0
2025-06-20 10:21:02.277019,251.7,1060852.0,1807391.0
2025-06-20 10:21:02.653879,251.7,1060852.0,1807391.0
2025-06-20 10:21:03.276078,251.66,1060458.0,1807754.0
2025-06-20 10:21:03.647316,251.66,1060458.0,1807754.0
2025-06-20 10:21:04.172773,251.7,1061342.0,1805471.0
2025-06-20 10:21:04.655995,251.64,1061342.0,1805471.0
2025-06-20 10:21:05.172770,251.64,1061065.0,1807248.0
2025-06-20 10:21:06.179894,251.61,1058487.0,1808524.0
2025-06-20 10:21:06.642840,251.61,1058487.0,1808524.0
2025-06-20 10:21:07.174908,251.61,1059420.0,1807372.0
2025-06-20 10:21:08.276443,251.7,1059031.0,1809671.0
2025-06-20 10:21:08.645412,251.7,1059031.0,1809671.0
2025-06-20 10:21:09.176124,251.65,1061134.0,1806483.0
2025-06-20 10:21:09.644711,251.65,1061134.0,1806483.0
2025-06-20 10:21:10.115833,251.65,1061208.0,1807034.0
2025-06-20 10:21:10.983945,251.65,1059992.0,1809392.0
2025-06-20 10:21:11.643981,251.7,1059992.0,1809392.0
2025-06-20 10:21:11.993522,251.7,1062803.0,1805633.0
2025-06-20 10:21:12.981735,251.7,1050434.0,1813496.0
2025-06-20 10:21:13.659794,251.7,1050434.0,1813496.0
2025-06-20 10:21:13.892079,251.57,1050482.0,1818308.0
2025-06-20 10:21:14.653891,251.64,1050482.0,1818308.0
2025-06-20 10:21:15.124120,251.64,1053151.0,1816133.0
2025-06-20 10:21:15.702296,251.64,1053151.0,1816133.0
2025-06-20 10:21:15.785986,251.64,1053324.0,1815706.0
2025-06-20 10:21:16.655888,251.64,1053324.0,1815706.0
2025-06-20 10:21:16.782587,251.64,1052310.0,1817159.0
2025-06-20 10:21:17.684576,251.64,1052310.0,1817322.0
2025-06-20 10:21:18.645516,251.64,1052310.0,1817322.0
2025-06-20 10:21:18.683286,251.64,1055093.0,1816023.0
2025-06-20 10:21:20.585107,251.55,1049274.0,1820598.0
2025-06-20 10:21:20.658247,251.55,1049274.0,1820598.0
2025-06-20 10:21:21.617910,251.55,1051888.0,1821023.0
2025-06-20 10:21:21.646906,251.55,1051888.0,1821023.0
2025-06-20 10:21:22.587791,251.64,1047775.0,1820935.0
2025-06-20 10:21:22.649625,251.64,1047775.0,1820935.0
2025-06-20 10:21:23.627051,251.62,1049942.0,1822904.0
2025-06-20 10:21:23.658617,251.63,1049942.0,1822904.0
2025-06-20 10:21:24.488810,251.63,1051970.0,1812917.0
2025-06-20 10:21:24.648710,251.55,1051970.0,1812917.0
2025-06-20 10:21:25.488374,251.55,1055691.0,1815590.0
2025-06-20 10:21:25.656187,251.55,1055691.0,1815590.0
2025-06-20 10:21:26.402996,251.55,1052041.0,1816975.0
2025-06-20 10:21:27.490873,251.55,1047323.0,1822168.0
2025-06-20 10:21:28.612079,251.64,1049501.0,1821658.0
2025-06-20 10:21:28.655557,251.64,1049501.0,1821658.0
2025-06-20 10:21:29.427554,251.64,1051216.0,1820275.0
2025-06-20 10:21:30.292325,251.64,1053314.0,1816123.0
2025-06-20 10:21:31.305831,251.64,1054650.0,1813192.0
2025-06-20 10:21:32.636000,251.64,1055477.0,1813475.0
2025-06-20 10:21:33.378441,251.59,1053072.0,1815719.0
2025-06-20 10:21:33.653333,251.59,1053072.0,1815719.0
2025-06-20 10:21:34.295559,251.63,1052711.0,1818616.0
2025-06-20 10:21:34.644941,251.63,1052711.0,1818616.0
2025-06-20 10:21:35.193562,251.63,1054081.0,1820054.0
2025-06-20 10:21:35.643018,251.63,1054081.0,1820054.0
2025-06-20 10:21:36.194327,251.63,1053775.0,1820424.0
2025-06-20 10:21:37.117564,251.63,1053517.0,1820613.0
2025-06-20 10:21:37.993874,251.63,1053513.0,1820651.0
2025-06-20 10:21:38.643217,251.64,1053513.0,1820651.0
2025-06-20 10:21:38.941458,251.64,1053782.0,1821177.0
2025-06-20 10:21:39.645499,251.57,1053782.0,1821177.0
2025-06-20 10:21:39.795775,251.57,1053777.0,1821265.0
2025-06-20 10:21:40.800176,251.57,1055643.0,1819736.0
2025-06-20 10:21:41.643343,251.57,1055643.0,1819736.0
2025-06-20 10:21:41.697849,251.57,1055621.0,1819538.0
2025-06-20 10:21:41.849898,251.57,1055621.0,1819538.0
2025-06-20 10:21:42.202122,251.57,1055621.0,1819538.0
2025-06-20 10:21:42.659865,251.58,1055621.0,1819538.0
2025-06-20 10:21:42.696702,251.58,1051721.0,1815768.0
2025-06-20 10:21:42.802029,251.58,1051721.0,1815768.0
2025-06-20 10:21:43.098661,251.58,1051721.0,1815768.0
2025-06-20 10:21:44.454968,251.58,1051721.0,1815768.0
2025-06-20 10:21:44.602261,251.6,1056178.0,1815533.0
2025-06-20 10:21:44.646858,251.6,1056178.0,1815533.0
2025-06-20 10:21:44.841678,251.6,1056178.0,1815533.0
2025-06-20 10:21:45.479647,251.6,1056178.0,1815533.0
2025-06-20 10:21:45.698237,251.65,1054308.0,1818540.0
2025-06-20 10:21:45.707313,251.65,1054308.0,1818540.0
2025-06-20 10:21:45.826337,251.65,1054308.0,1818540.0
2025-06-20 10:21:46.689894,251.58,1054308.0,1818540.0
2025-06-20 10:21:46.746132,251.58,1054357.0,1818238.0
2025-06-20 10:21:46.843774,251.58,1054357.0,1818238.0
2025-06-20 10:21:47.658678,251.65,1054357.0,1818238.0
2025-06-20 10:21:47.801295,251.65,1054554.0,1819026.0
2025-06-20 10:21:48.139972,251.65,1054554.0,1819026.0
2025-06-20 10:21:48.659265,251.65,1054554.0,1819026.0
2025-06-20 10:21:48.932379,251.65,1055046.0,1818979.0
2025-06-20 10:21:49.144887,251.65,1055046.0,1818979.0
2025-06-20 10:21:49.694062,251.58,1055046.0,1818979.0
2025-06-20 10:21:49.804810,251.58,1056907.0,1820427.0
2025-06-20 10:21:50.708033,251.58,1056907.0,1820427.0
2025-06-20 10:21:50.801952,251.58,1056907.0,1822325.0
2025-06-20 10:21:51.696800,251.65,1056907.0,1822325.0
2025-06-20 10:21:51.803173,251.65,1058617.0,1819716.0
2025-06-20 10:21:51.987954,251.65,1058617.0,1819716.0
2025-06-20 10:21:52.708991,251.65,1058617.0,1819716.0
2025-06-20 10:21:52.937078,251.57,1054204.0,1820108.0
2025-06-20 10:21:53.219609,251.57,1054204.0,1820108.0
2025-06-20 10:21:53.644467,251.57,1054204.0,1820108.0
2025-06-20 10:21:54.007935,251.58,1056157.0,1819648.0
2025-06-20 10:21:54.666120,251.58,1056157.0,1819648.0
2025-06-20 10:21:54.801043,251.58,1056157.0,1819648.0
2025-06-20 10:21:55.013273,251.58,1057915.0,1818554.0
2025-06-20 10:21:56.109269,251.58,1059750.0,1817567.0
2025-06-20 10:21:56.659314,251.65,1059750.0,1817567.0
2025-06-20 10:21:57.209335,251.65,1056052.0,1816985.0
2025-06-20 10:21:58.209001,251.6,1051684.0,1816966.0
2025-06-20 10:21:58.646907,251.6,1051684.0,1816966.0
2025-06-20 10:21:59.311221,251.6,1053577.0,1817939.0
2025-06-20 10:22:00.646518,251.65,1053577.0,1817939.0
2025-06-20 10:22:03.648922,251.65,1053577.0,1817939.0
2025-06-20 10:22:05.946475,251.6,1054797.0,1819971.0
2025-06-20 10:22:06.664759,251.57,1054797.0,1819971.0
2025-06-20 10:22:09.659488,251.57,1054797.0,1819971.0
2025-06-20 10:22:11.729501,251.6,1053506.0,1821448.0
2025-06-20 10:22:12.694725,251.6,1053506.0,1821448.0
2025-06-20 10:22:15.654898,251.63,1053506.0,1821448.0
2025-06-20 10:22:18.052894,251.58,1036967.0,1827700.0
2025-06-20 10:22:18.691715,251.58,1036967.0,1827700.0
2025-06-20 10:22:21.670188,251.5,1036967.0,1827700.0
2025-06-20 10:22:24.124369,251.59,1049427.0,1826648.0
2025-06-20 10:22:24.657672,251.59,1049427.0,1826648.0
2025-06-20 10:22:27.650944,251.56,1049427.0,1826648.0
2025-06-20 10:22:29.695504,251.57,1049427.0,1826648.0
2025-06-20 10:22:30.345961,251.57,1066681.0,1822369.0
2025-06-20 10:22:33.667173,251.65,1066681.0,1822369.0
2025-06-20 10:22:36.231826,251.65,1064756.0,1835561.0
2025-06-20 10:22:38.677672,251.55,1064756.0,1835561.0
2025-06-20 10:22:40.938526,251.53,1064756.0,1835561.0
2025-06-20 10:22:41.834457,251.53,1064465.0,1831883.0
2025-06-20 10:22:44.693603,251.67,1064465.0,1831883.0
2025-06-20 10:22:46.685246,251.57,1064465.0,1831883.0
2025-06-20 10:22:47.538274,251.57,1065363.0,1831030.0
2025-06-20 10:22:48.666245,251.7,1065363.0,1831030.0
2025-06-20 10:22:50.657032,251.68,1065363.0,1831030.0
2025-06-20 10:22:53.242518,251.7,1068643.0,1817082.0
2025-06-20 10:22:54.679693,251.68,1068643.0,1817082.0
2025-06-20 10:22:56.688772,251.66,1068643.0,1817082.0
2025-06-20 10:22:59.545911,251.75,1071475.0,1818669.0
2025-06-20 10:23:00.655661,251.75,1071475.0,1818669.0
2025-06-20 10:23:02.658423,251.75,1071475.0,1818669.0
2025-06-20 10:23:04.666225,251.67,1071475.0,1818669.0
2025-06-20 10:23:05.546415,251.67,1073888.0,1824936.0
2025-06-20 10:23:06.664440,251.75,1073888.0,1824936.0
2025-06-20 10:23:10.660686,251.75,1073888.0,1824936.0
2025-06-20 10:23:11.251185,251.75,1070634.0,1826737.0
2025-06-20 10:23:12.664078,251.66,1070634.0,1826737.0
2025-06-20 10:23:14.660652,251.66,1070634.0,1826737.0
2025-06-20 10:23:16.757826,251.66,1072953.0,1823309.0
2025-06-20 10:23:18.716394,251.66,1072953.0,1823309.0
2025-06-20 10:23:20.662255,251.66,1072953.0,1823309.0
2025-06-20 10:23:22.659120,251.74,1072953.0,1823309.0
2025-06-20 10:23:22.757538,251.74,1065544.0,1828859.0
2025-06-20 10:23:24.661230,251.66,1065544.0,1828859.0
2025-06-20 10:23:26.661750,251.67,1065544.0,1828859.0
2025-06-20 10:23:28.601022,251.67,1068752.0,1829515.0
2025-06-20 10:23:30.659502,251.66,1068752.0,1829515.0
2025-06-20 10:23:32.669234,251.66,1068752.0,1829515.0
2025-06-20 10:23:34.171049,251.66,1068154.0,1830770.0
2025-06-20 10:23:34.669907,251.66,1068154.0,1830770.0
2025-06-20 10:23:36.666051,251.67,1068154.0,1830770.0
2025-06-20 10:23:40.076540,251.66,1067494.0,1830202.0
2025-06-20 10:23:40.766396,251.67,1067494.0,1830202.0
2025-06-20 10:23:42.664057,251.69,1067494.0,1830202.0
2025-06-20 10:23:44.668645,251.72,1067494.0,1830202.0
2025-06-20 10:23:46.276738,251.67,1072444.0,1827562.0
2025-06-20 10:23:46.669121,251.67,1072444.0,1827562.0
2025-06-20 10:23:48.679730,251.72,1072444.0,1827562.0
2025-06-20 10:23:50.669798,251.72,1072444.0,1827562.0
2025-06-20 10:23:52.108886,251.72,1071905.0,1831500.0
2025-06-20 10:23:54.672058,251.66,1071905.0,1831500.0
2025-06-20 10:23:56.665618,251.7,1071905.0,1831500.0
2025-06-20 10:23:57.699427,251.7,1071029.0,1830600.0
2025-06-20 10:23:58.663778,251.66,1071029.0,1830600.0
2025-06-20 10:24:00.694926,251.7,1071029.0,1830600.0
2025-06-20 10:24:02.672878,251.77,1071029.0,1830600.0
2025-06-20 10:24:03.618961,251.84,1075788.0,1803451.0
2025-06-20 10:24:04.667462,251.76,1075788.0,1803451.0
2025-06-20 10:24:06.669625,251.76,1075788.0,1803451.0
2025-06-20 10:24:08.667537,251.76,1075788.0,1803451.0
2025-06-20 10:24:08.793011,251.76,1071330.0,1807338.0
2025-06-20 10:24:10.934357,251.71,1071330.0,1807338.0
2025-06-20 10:24:12.845810,251.75,1071330.0,1807338.0
2025-06-20 10:24:14.631415,251.75,1073698.0,1807376.0
2025-06-20 10:24:14.715095,251.75,1073698.0,1807376.0
2025-06-20 10:24:16.774337,251.75,1073698.0,1807376.0
2025-06-20 10:24:18.704383,251.82,1073698.0,1807376.0
2025-06-20 10:24:20.199739,251.82,1075339.0,1803446.0
2025-06-20 10:24:20.703765,251.75,1075339.0,1803446.0
2025-06-20 10:24:22.694919,251.83,1075339.0,1803446.0
2025-06-20 10:24:24.673787,251.84,1075339.0,1803446.0
2025-06-20 10:24:25.735793,251.87,1076355.0,1798383.0
2025-06-20 10:24:26.663556,251.77,1076355.0,1798383.0
2025-06-20 10:24:28.671722,251.75,1076355.0,1798383.0
2025-06-20 10:24:30.698843,251.9,1076355.0,1798383.0
2025-06-20 10:24:31.506603,251.9,1076694.0,1790083.0
2025-06-20 10:24:34.669615,251.82,1076694.0,1790083.0
2025-06-20 10:24:36.698118,251.84,1076694.0,1790083.0
2025-06-20 10:24:37.307320,251.85,1071124.0,1795819.0
2025-06-20 10:24:38.665837,251.85,1071124.0,1795819.0
2025-06-20 10:24:40.675285,251.82,1071124.0,1795819.0
2025-06-20 10:24:42.328032,251.82,1071124.0,1795819.0
2025-06-20 10:24:42.698314,251.82,1071124.0,1795819.0
2025-06-20 10:24:42.962268,251.82,1071124.0,1795819.0
2025-06-20 10:24:43.212828,251.82,1070145.0,1807486.0
2025-06-20 10:24:43.528766,251.82,1070145.0,1807486.0
2025-06-20 10:24:44.037697,251.82,1070145.0,1807486.0
2025-06-20 10:24:45.086411,251.82,1070145.0,1807486.0
2025-06-20 10:24:46.101757,251.82,1070145.0,1807486.0
2025-06-20 10:24:46.660435,251.82,1070145.0,1807486.0
2025-06-20 10:24:47.685884,251.82,1070145.0,1807486.0
2025-06-20 10:24:48.817682,251.82,1070145.0,1807486.0
2025-06-20 10:24:49.012378,251.76,1067724.0,1809528.0
2025-06-20 10:24:49.795518,251.76,1067724.0,1809528.0
2025-06-20 10:24:50.662948,251.81,1067724.0,1809528.0
2025-06-20 10:24:51.325679,251.81,1067724.0,1809528.0
2025-06-20 10:24:52.596712,251.81,1067724.0,1809528.0
2025-06-20 10:24:52.696965,251.78,1067724.0,1809528.0
2025-06-20 10:24:53.838152,251.78,1067724.0,1809528.0
2025-06-20 10:24:54.667106,251.85,1067724.0,1809528.0
2025-06-20 10:24:54.721457,251.85,1070696.0,1806366.0
2025-06-20 10:24:55.458987,251.85,1070696.0,1806366.0
2025-06-20 10:24:56.660995,251.81,1070696.0,1806366.0
2025-06-20 10:24:58.666212,251.76,1070696.0,1806366.0
2025-06-20 10:25:00.517571,251.78,1070883.0,1808343.0
2025-06-20 10:25:00.663507,251.85,1070883.0,1808343.0
2025-06-20 10:25:02.663406,251.8,1070883.0,1808343.0
2025-06-20 10:25:04.673108,251.8,1070883.0,1808343.0
2025-06-20 10:25:06.525576,251.76,1070662.0,1810500.0
2025-06-20 10:25:06.665728,251.8,1070662.0,1810500.0
2025-06-20 10:25:08.671371,251.85,1070662.0,1810500.0
2025-06-20 10:25:10.721459,251.85,1070662.0,1810500.0
2025-06-20 10:25:12.739768,251.76,1067526.0,1808379.0
2025-06-20 10:25:14.666223,251.78,1067526.0,1808379.0
2025-06-20 10:25:17.662343,251.76,1067526.0,1808379.0
2025-06-20 10:25:18.957501,251.76,1072780.0,1807929.0
2025-06-20 10:25:20.704540,251.8,1072780.0,1807929.0
2025-06-20 10:25:23.667979,251.85,1072780.0,1807929.0
2025-06-20 10:25:24.950724,251.85,1073571.0,1807952.0
2025-06-20 10:25:29.661202,251.8,1073571.0,1807952.0
2025-06-20 10:25:30.949674,251.8,1073851.0,1807229.0
2025-06-20 10:25:32.667157,251.77,1073851.0,1807229.0
2025-06-20 10:25:35.669171,251.76,1073851.0,1807229.0
2025-06-20 10:25:37.242582,251.76,1071929.0,1813947.0
2025-06-20 10:25:38.662466,251.8,1071929.0,1813947.0
2025-06-20 10:25:41.662629,251.72,1071929.0,1813947.0
2025-06-20 10:25:43.619553,251.75,1070844.0,1828004.0
2025-06-20 10:25:44.672583,251.75,1070844.0,1828004.0
2025-06-20 10:25:47.668011,251.72,1070844.0,1828004.0
2025-06-20 10:25:49.655315,251.72,1070003.0,1827845.0
2025-06-20 10:25:50.672410,251.75,1070003.0,1827845.0
2025-06-20 10:25:53.667335,251.71,1070003.0,1827845.0
2025-06-20 10:25:55.663633,251.71,1068436.0,1826802.0
2025-06-20 10:25:56.667366,251.71,1068436.0,1826802.0
2025-06-20 10:26:01.469588,251.7,1068000.0,1832897.0
2025-06-20 10:26:02.672081,251.7,1068000.0,1832897.0
2025-06-20 10:26:05.664539,251.64,1068000.0,1832897.0
2025-06-20 10:26:07.565464,251.7,1072938.0,1828170.0
2025-06-20 10:26:08.668581,251.7,1072938.0,1828170.0
2025-06-20 10:26:11.662594,251.9,1072938.0,1828170.0
2025-06-20 10:26:13.987526,251.78,1079053.0,1791351.0
2025-06-20 10:26:14.669271,251.81,1079053.0,1791351.0
2025-06-20 10:26:17.675011,251.81,1079053.0,1791351.0
2025-06-20 10:26:20.180186,251.82,1079369.0,1788895.0
2025-06-20 10:26:20.698657,251.82,1079369.0,1788895.0
2025-06-20 10:26:23.682410,251.82,1079369.0,1788895.0
2025-06-20 10:26:26.484162,251.9,1076288.0,1796728.0
2025-06-20 10:26:26.671445,251.9,1076288.0,1796728.0
2025-06-20 10:26:29.667973,251.81,1076288.0,1796728.0
2025-06-20 10:26:32.491515,251.82,1074504.0,1798709.0
2025-06-20 10:26:32.673619,251.82,1074504.0,1798709.0
2025-06-20 10:26:35.684702,251.82,1074504.0,1798709.0
2025-06-20 10:26:38.720645,251.83,1074504.0,1798709.0
2025-06-20 10:26:38.891780,251.83,1079592.0,1796959.0
2025-06-20 10:26:41.662318,251.93,1079592.0,1796959.0
2025-06-20 10:26:44.927006,251.9,1079592.0,1796959.0
2025-06-20 10:26:45.291711,251.87,1072928.0,1806724.0
2025-06-20 10:26:47.691630,251.87,1072928.0,1806724.0
2025-06-20 10:26:50.701439,251.83,1072928.0,1806724.0
2025-06-20 10:26:51.656519,251.86,1074050.0,1811122.0
2025-06-20 10:26:53.690727,251.78,1074050.0,1811122.0
2025-06-20 10:26:57.015590,251.93,1074050.0,1811122.0
2025-06-20 10:26:57.617749,251.93,1077100.0,1805502.0
2025-06-20 10:26:59.714378,251.9,1077100.0,1805502.0
2025-06-20 10:27:02.770733,251.87,1077100.0,1805502.0
2025-06-20 10:27:03.807477,251.91,1077483.0,1799442.0
2025-06-20 10:27:05.699212,251.91,1077483.0,1799442.0
2025-06-20 10:27:08.714712,251.86,1077483.0,1799442.0
2025-06-20 10:27:10.658925,251.93,1082109.0,1801197.0
2025-06-20 10:27:11.676288,251.98,1082109.0,1801197.0
2025-06-20 10:27:14.674265,251.92,1082109.0,1801197.0
2025-06-20 10:27:17.120334,252.07,1074100.0,1752954.0
2025-06-20 10:27:17.670573,252.07,1074100.0,1752954.0
2025-06-20 10:27:20.676154,252.1,1074100.0,1752954.0
2025-06-20 10:27:23.622178,252.2,1077855.0,1751614.0
2025-06-20 10:27:24.169893,252.2,1077855.0,1751614.0
2025-06-20 10:27:26.673522,252.11,1077855.0,1751614.0
2025-06-20 10:27:29.809258,252.08,1077855.0,1751614.0
2025-06-20 10:27:30.227964,252.08,1069805.0,1764369.0
2025-06-20 10:27:33.669990,252.1,1069805.0,1764369.0
2025-06-20 10:27:36.696905,252.08,1069805.0,1764369.0
2025-06-20 10:27:36.847491,252.08,1070193.0,1766856.0
2025-06-20 10:27:39.698485,252.08,1070193.0,1766856.0
2025-06-20 10:27:42.697731,252.08,1070193.0,1766856.0
2025-06-20 10:27:42.740501,252.15,1070193.0,1766856.0
2025-06-20 10:27:43.033214,252.15,1070193.0,1766856.0
2025-06-20 10:27:43.544045,252.06,1068893.0,1771180.0
2025-06-20 10:27:43.695209,252.06,1068893.0,1771180.0
2025-06-20 10:27:44.244932,252.06,1068893.0,1771180.0
2025-06-20 10:27:45.286436,252.06,1068893.0,1771180.0
2025-06-20 10:27:46.297442,252.06,1068893.0,1771180.0
2025-06-20 10:27:47.689782,252.06,1068893.0,1771180.0
2025-06-20 10:27:47.722463,252.17,1068893.0,1771180.0
2025-06-20 10:27:49.044586,252.17,1068893.0,1771180.0
2025-06-20 10:27:49.758483,252.08,1060387.0,1763864.0
2025-06-20 10:27:50.004089,252.08,1060387.0,1763864.0
2025-06-20 10:27:50.688283,252.0,1060387.0,1763864.0
2025-06-20 10:27:51.514619,252.0,1060387.0,1763864.0
2025-06-20 10:27:52.827652,252.0,1060387.0,1763864.0
2025-06-20 10:27:53.672038,252.06,1060387.0,1763864.0
2025-06-20 10:27:54.032695,252.06,1060387.0,1763864.0
2025-06-20 10:27:55.626487,252.06,1060387.0,1763864.0
2025-06-20 10:27:56.153431,252.06,1063828.0,1759889.0
2025-06-20 10:27:56.679946,252.08,1063828.0,1759889.0
2025-06-20 10:27:59.670098,252.0,1063828.0,1759889.0
2025-06-20 10:28:01.158894,252.0,1061614.0,1767992.0
2025-06-20 10:28:02.266061,252.08,1063584.0,1776233.0
2025-06-20 10:28:02.671136,252.01,1063584.0,1776233.0
2025-06-20 10:28:03.159333,252.08,1061470.0,1776994.0
2025-06-20 10:28:03.685359,252.08,1061470.0,1776994.0
2025-06-20 10:28:04.272234,252.08,1062193.0,1776116.0
2025-06-20 10:28:05.362079,252.01,1062640.0,1775079.0
2025-06-20 10:28:05.674047,252.02,1062640.0,1775079.0
2025-06-20 10:28:06.471720,252.02,1062639.0,1774310.0
2025-06-20 10:28:07.560602,252.02,1063687.0,1774359.0
2025-06-20 10:28:08.661357,252.08,1066113.0,1771029.0
2025-06-20 10:28:08.672794,252.08,1066113.0,1771029.0
2025-06-20 10:28:09.672246,252.06,1066113.0,1771029.0
2025-06-20 10:28:09.760032,252.06,1063476.0,1774099.0
2025-06-20 10:28:10.892451,252.08,1062258.0,1776549.0
2025-06-20 10:28:11.670288,252.08,1062258.0,1776549.0
2025-06-20 10:28:11.971029,252.08,1063454.0,1772118.0
2025-06-20 10:28:12.674922,252.06,1063454.0,1772118.0
2025-06-20 10:28:13.063288,252.06,1062472.0,1775155.0
2025-06-20 10:28:13.676622,252.06,1062472.0,1775155.0
2025-06-20 10:28:14.164844,252.06,1062806.0,1774849.0
2025-06-20 10:28:15.277640,252.06,1059003.0,1779803.0
2025-06-20 10:28:16.367914,252.05,1057057.0,1777140.0
2025-06-20 10:28:16.671212,252.05,1057057.0,1777140.0
2025-06-20 10:28:17.480154,252.02,1056334.0,1782960.0
2025-06-20 10:28:17.672898,252.02,1056334.0,1782960.0
2025-06-20 10:28:18.568318,252.02,1056068.0,1786534.0
2025-06-20 10:28:18.674092,252.03,1056068.0,1786534.0
2025-06-20 10:28:19.744920,252.03,1057284.0,1786711.0
2025-06-20 10:28:20.676170,252.04,1057284.0,1786711.0
2025-06-20 10:28:20.769091,252.04,1054256.0,1790150.0
2025-06-20 10:28:21.672488,252.08,1054256.0,1790150.0
2025-06-20 10:28:21.769519,252.08,1056919.0,1782394.0
2025-06-20 10:28:22.771352,252.08,1056441.0,1783204.0
2025-06-20 10:28:23.693134,252.0,1056441.0,1783204.0
2025-06-20 10:28:23.885090,252.0,1052674.0,1784371.0
2025-06-20 10:28:24.676167,252.0,1052674.0,1784371.0
2025-06-20 10:28:24.983635,251.95,1028264.0,1793180.0
2025-06-20 10:28:25.673242,251.98,1028264.0,1793180.0
2025-06-20 10:28:26.075800,252.0,1030368.0,1790224.0
2025-06-20 10:28:26.673522,252.0,1030368.0,1790224.0
2025-06-20 10:28:27.183380,252.0,1031532.0,1790726.0
2025-06-20 10:28:27.671995,251.93,1031532.0,1790726.0
2025-06-20 10:28:28.279949,251.93,1031418.0,1790546.0
2025-06-20 10:28:28.707704,252.02,1031418.0,1790546.0
2025-06-20 10:28:29.379257,252.02,1031328.0,1791126.0
2025-06-20 10:28:30.484841,251.93,1032436.0,1790853.0
2025-06-20 10:28:30.675331,251.93,1032436.0,1790853.0
2025-06-20 10:28:31.581209,251.93,1029045.0,1795842.0
2025-06-20 10:28:31.674650,251.93,1029045.0,1795842.0
2025-06-20 10:28:32.707135,251.93,1031239.0,1795715.0
2025-06-20 10:28:33.699976,251.93,1032082.0,1790596.0
2025-06-20 10:28:34.671764,251.93,1032082.0,1790596.0
2025-06-20 10:28:34.707944,251.93,1033360.0,1791261.0
2025-06-20 10:28:35.676607,252.0,1033360.0,1791261.0
2025-06-20 10:28:35.717108,252.0,1033473.0,1792752.0
2025-06-20 10:28:36.686084,251.93,1033473.0,1792752.0
2025-06-20 10:28:36.784777,251.93,1031846.0,1792786.0
2025-06-20 10:28:38.134713,251.93,1030765.0,1793084.0
2025-06-20 10:28:38.677884,251.93,1030765.0,1793084.0
2025-06-20 10:28:39.127480,251.93,1032257.0,1790934.0
2025-06-20 10:28:39.985634,251.93,1031146.0,1792884.0
2025-06-20 10:28:40.675800,252.0,1031146.0,1792884.0
2025-06-20 10:28:41.087519,252.0,1034344.0,1784140.0
2025-06-20 10:28:41.675508,251.98,1034344.0,1784140.0
2025-06-20 10:28:42.091083,252.0,1033889.0,1786378.0
2025-06-20 10:28:42.674879,252.0,1033889.0,1786378.0
2025-06-20 10:28:43.185878,252.0,1032900.0,1794995.0
2025-06-20 10:28:43.675919,251.94,1032900.0,1794995.0
2025-06-20 10:28:44.187320,251.94,1032146.0,1794036.0
2025-06-20 10:28:44.676218,252.02,1032146.0,1794036.0
2025-06-20 10:28:45.189688,252.02,1034042.0,1792979.0
2025-06-20 10:28:46.189361,252.02,1031133.0,1791988.0
2025-06-20 10:28:47.300872,252.04,1034074.0,1792691.0
2025-06-20 10:28:47.675248,252.04,1034074.0,1792691.0
2025-06-20 10:28:48.393149,252.04,1030942.0,1794805.0
2025-06-20 10:28:48.675073,251.91,1030942.0,1794805.0
2025-06-20 10:28:49.494077,251.96,1029001.0,1813170.0
2025-06-20 10:28:49.687632,251.96,1029001.0,1813170.0
2025-06-20 10:28:50.705938,251.9,1026983.0,1812438.0
2025-06-20 10:28:50.739084,251.9,1026983.0,1812438.0
2025-06-20 10:28:51.680268,251.94,1026983.0,1812438.0
2025-06-20 10:28:51.731656,251.94,1025048.0,1817933.0
2025-06-20 10:28:52.697174,251.94,1025053.0,1818030.0
2025-06-20 10:28:53.894556,251.94,1028945.0,1809015.0
2025-06-20 10:28:54.895337,251.94,1031480.0,1809705.0
2025-06-20 10:28:55.994029,251.94,1028306.0,1811987.0
2025-06-20 10:28:56.676780,251.95,1028306.0,1811987.0
2025-06-20 10:28:57.095988,251.95,1026495.0,1816066.0
2025-06-20 10:28:58.196789,251.91,1026330.0,1819908.0
2025-06-20 10:28:58.680176,251.91,1026330.0,1819908.0
2025-06-20 10:28:59.296538,251.91,1029978.0,1816452.0
2025-06-20 10:29:00.399608,251.91,1030849.0,1816904.0
2025-06-20 10:29:00.685428,251.95,1030849.0,1816904.0
2025-06-20 10:29:01.291960,251.84,1031207.0,1814313.0
2025-06-20 10:29:01.675990,251.84,1031207.0,1814313.0
2025-06-20 10:29:02.294886,251.84,1031424.0,1815786.0
2025-06-20 10:29:03.906081,251.84,1028366.0,1814611.0
2025-06-20 10:29:05.009349,251.84,1029480.0,1805847.0
2025-06-20 10:29:05.676894,251.94,1029480.0,1805847.0
2025-06-20 10:29:05.905215,251.94,1027711.0,1810092.0
2025-06-20 10:29:06.676827,251.9,1027711.0,1810092.0
2025-06-20 10:29:06.904591,251.9,1029722.0,1811072.0
2025-06-20 10:29:07.997942,251.9,1026209.0,1816947.0
2025-06-20 10:29:08.915100,251.9,1028445.0,1824239.0
2025-06-20 10:29:09.799955,251.76,1024756.0,1824371.0
2025-06-20 10:29:10.680819,251.88,1024756.0,1824371.0
2025-06-20 10:29:10.800594,251.88,1029337.0,1819970.0
2025-06-20 10:29:11.801122,251.88,1029704.0,1810236.0
2025-06-20 10:29:12.716012,251.91,1029704.0,1810236.0
2025-06-20 10:29:12.801634,251.91,1031670.0,1808766.0
2025-06-20 10:29:13.676316,251.85,1031670.0,1808766.0
2025-06-20 10:29:13.803194,251.85,1027612.0,1817241.0
2025-06-20 10:29:14.680145,251.91,1027612.0,1817241.0
2025-06-20 10:29:14.804658,251.91,1033387.0,1796709.0
2025-06-20 10:29:15.804102,251.91,1036038.0,1799164.0
2025-06-20 10:29:16.685119,251.94,1036038.0,1799164.0
2025-06-20 10:29:16.804685,251.94,1032406.0,1804050.0
2025-06-20 10:29:17.686489,251.87,1032406.0,1804050.0
2025-06-20 10:29:17.804483,251.87,1032602.0,1803803.0
2025-06-20 10:29:18.991048,251.87,1033397.0,1801977.0
2025-06-20 10:29:19.697045,251.91,1033397.0,1801977.0
2025-06-20 10:29:20.015286,251.91,1027947.0,1813580.0
2025-06-20 10:29:21.009755,251.83,1028276.0,1813745.0
2025-06-20 10:29:21.678248,251.86,1028276.0,1813745.0
2025-06-20 10:29:21.808814,251.86,1027497.0,1807861.0
2025-06-20 10:29:22.921552,251.94,1027130.0,1810269.0
2025-06-20 10:29:23.681238,251.94,1027130.0,1810269.0
2025-06-20 10:29:23.920298,251.94,1027276.0,1811885.0
2025-06-20 10:29:25.022942,251.94,1031321.0,1811408.0
2025-06-20 10:29:26.112469,251.94,1031260.0,1811148.0
2025-06-20 10:29:26.680606,251.85,1031260.0,1811148.0
2025-06-20 10:29:27.214450,251.85,1032468.0,1810660.0
2025-06-20 10:29:27.684410,251.85,1032468.0,1810660.0
2025-06-20 10:29:28.213713,251.85,1032295.0,1810909.0
2025-06-20 10:29:28.678468,251.81,1032295.0,1810909.0
2025-06-20 10:29:29.216499,251.81,1031483.0,1810334.0
2025-06-20 10:29:30.217347,251.92,1032137.0,1812316.0
2025-06-20 10:29:30.724828,251.92,1032137.0,1812316.0
2025-06-20 10:29:31.319664,251.92,1031492.0,1818700.0
2025-06-20 10:29:31.681736,251.79,1031492.0,1818700.0
2025-06-20 10:29:32.335484,251.79,1031787.0,1817811.0
2025-06-20 10:29:33.447997,251.9,1031409.0,1817172.0
2025-06-20 10:29:33.681698,251.9,1031409.0,1817172.0
2025-06-20 10:29:34.520767,251.9,1032091.0,1818113.0
2025-06-20 10:29:35.619553,251.9,1031589.0,1818204.0
2025-06-20 10:29:36.724408,251.9,1030240.0,1818369.0
2025-06-20 10:29:37.820594,251.9,1028921.0,1816791.0
2025-06-20 10:29:38.824909,251.79,1025919.0,1820951.0
2025-06-20 10:29:39.683342,251.82,1025919.0,1820951.0
2025-06-20 10:29:39.964962,251.92,1029753.0,1813195.0
2025-06-20 10:29:40.680872,251.92,1029753.0,1813195.0
2025-06-20 10:29:41.034751,251.92,1031125.0,1813212.0
2025-06-20 10:29:41.712915,251.88,1031125.0,1813212.0
2025-06-20 10:29:42.125462,251.88,1016915.0,1819766.0
2025-06-20 10:29:42.681896,251.79,1016915.0,1819766.0
2025-06-20 10:29:43.225075,251.79,1017658.0,1827129.0
2025-06-20 10:29:43.678326,251.79,1017658.0,1827129.0
2025-06-20 10:29:44.326195,251.79,1018540.0,1828656.0
2025-06-20 10:29:45.259307,251.79,1017733.0,1826655.0
2025-06-20 10:29:46.274445,251.79,1021628.0,1826753.0
2025-06-20 10:29:47.328473,251.88,1020912.0,1821690.0
2025-06-20 10:29:47.683112,251.88,1020912.0,1821690.0
2025-06-20 10:29:48.457355,251.79,1020733.0,1822088.0
2025-06-20 10:29:48.680506,251.88,1020733.0,1822088.0
2025-06-20 10:29:49.528806,251.88,1020102.0,1824399.0
2025-06-20 10:29:50.528015,251.88,1020241.0,1822547.0
2025-06-20 10:29:50.677599,251.88,1020241.0,1822547.0
2025-06-20 10:29:51.529491,251.79,1016711.0,1824654.0
2025-06-20 10:29:51.712031,251.79,1016711.0,1824654.0
2025-06-20 10:29:52.528335,251.79,1016734.0,1825863.0
2025-06-20 10:29:53.529061,251.79,1018982.0,1833349.0
2025-06-20 10:29:54.532501,251.79,1019855.0,1829498.0
2025-06-20 10:29:55.661319,251.79,1019104.0,1830463.0
2025-06-20 10:29:56.537348,251.79,1019114.0,1830463.0
2025-06-20 10:29:57.633258,251.79,1020615.0,1831271.0
2025-06-20 10:29:58.749526,251.79,1019042.0,1832739.0
2025-06-20 10:29:59.835977,251.79,1019343.0,1832742.0
2025-06-20 10:30:00.707580,251.8,1019343.0,1832742.0
2025-06-20 10:30:01.236803,251.8,1018329.0,1832509.0
2025-06-20 10:30:01.675987,251.8,1018329.0,1832509.0
2025-06-20 10:30:02.238222,251.79,1018260.0,1833122.0
2025-06-20 10:30:02.675760,251.84,1018260.0,1833122.0
2025-06-20 10:30:03.256583,251.84,1018408.0,1832069.0
2025-06-20 10:30:04.140122,251.84,1015945.0,1834219.0
2025-06-20 10:30:05.241683,251.83,1017028.0,1832655.0
2025-06-20 10:30:05.695022,251.83,1017028.0,1832655.0
2025-06-20 10:30:06.340680,251.85,1018387.0,1830083.0
2025-06-20 10:30:06.677985,251.85,1018387.0,1830083.0
2025-06-20 10:30:07.456938,251.79,1019069.0,1829659.0
2025-06-20 10:30:07.686018,251.79,1019069.0,1829659.0
2025-06-20 10:30:08.543361,251.79,1019923.0,1831045.0
2025-06-20 10:30:09.526231,251.9,1022953.0,1823495.0
2025-06-20 10:30:09.741850,251.9,1022953.0,1823495.0
2025-06-20 10:30:10.482187,251.83,1022230.0,1823839.0
2025-06-20 10:30:10.689571,251.83,1022230.0,1823839.0
2025-06-20 10:30:11.459463,251.9,1021492.0,1824039.0
2025-06-20 10:30:11.692240,251.9,1021492.0,1824039.0
2025-06-20 10:30:12.459587,251.9,1021336.0,1823673.0
2025-06-20 10:30:12.684531,251.9,1021336.0,1823673.0
2025-06-20 10:30:13.481817,251.79,1019484.0,1830945.0
2025-06-20 10:30:13.698358,251.79,1019484.0,1830945.0
2025-06-20 10:30:14.349102,251.88,1019306.0,1832471.0
2025-06-20 10:30:14.690629,251.88,1019306.0,1832471.0
2025-06-20 10:30:15.460988,251.79,1019781.0,1834978.0
2025-06-20 10:30:15.696885,251.79,1019781.0,1834978.0
2025-06-20 10:30:16.632651,251.79,1024614.0,1834334.0
2025-06-20 10:30:17.650272,251.79,1024667.0,1831969.0
2025-06-20 10:30:18.651741,251.84,1025192.0,1831099.0
2025-06-20 10:30:18.788993,251.84,1025192.0,1831099.0
2025-06-20 10:30:19.750029,251.84,1026509.0,1830200.0
2025-06-20 10:30:20.653730,251.84,1023872.0,1831646.0
2025-06-20 10:30:21.751911,251.84,1023103.0,1834642.0
2025-06-20 10:30:22.678201,251.83,1023103.0,1834642.0
2025-06-20 10:30:22.853391,251.83,1022789.0,1832655.0
2025-06-20 10:30:23.717052,251.79,1022789.0,1832655.0
2025-06-20 10:30:23.990635,251.79,1025590.0,1826154.0
2025-06-20 10:30:25.056079,251.88,1024856.0,1824792.0
2025-06-20 10:30:25.709749,251.84,1024856.0,1824792.0
2025-06-20 10:30:26.055141,251.79,1020283.0,1833606.0
2025-06-20 10:30:26.688969,251.75,1020283.0,1833606.0
2025-06-20 10:30:27.158664,251.75,1014778.0,1843142.0
2025-06-20 10:30:27.679214,251.73,1014778.0,1843142.0
2025-06-20 10:30:28.258339,251.73,1015176.0,1843766.0
2025-06-20 10:30:28.688345,251.73,1015176.0,1843766.0
2025-06-20 10:30:29.715941,251.71,1015176.0,1843766.0
2025-06-20 10:30:29.857550,251.71,1017158.0,1845313.0
2025-06-20 10:30:31.328943,251.7,1017158.0,1845313.0
2025-06-20 10:30:31.364363,251.7,1017999.0,1843974.0
2025-06-20 10:30:31.680465,251.7,1017999.0,1843974.0
2025-06-20 10:30:32.061899,251.68,1015543.0,1846230.0
2025-06-20 10:30:32.677992,251.66,1015543.0,1846230.0
2025-06-20 10:30:33.060959,251.62,1013328.0,1850476.0
2025-06-20 10:30:33.680548,251.73,1013328.0,1850476.0
2025-06-20 10:30:34.172083,251.78,1019014.0,1835132.0
2025-06-20 10:30:34.691898,251.66,1019014.0,1835132.0
2025-06-20 10:30:35.263516,251.66,1018025.0,1845352.0
2025-06-20 10:30:35.682676,251.65,1018025.0,1845352.0
2025-06-20 10:30:36.364989,251.65,1015769.0,1846350.0
2025-06-20 10:30:37.365435,251.65,1015824.0,1845842.0
2025-06-20 10:30:37.679885,251.66,1015824.0,1845842.0
2025-06-20 10:30:38.476816,251.66,1014325.0,1851600.0
2025-06-20 10:30:39.567131,251.61,1014967.0,1853595.0
2025-06-20 10:30:39.684268,251.61,1014967.0,1853595.0
2025-06-20 10:30:40.674775,251.61,1015046.0,1854238.0
2025-06-20 10:30:41.679506,251.74,1015046.0,1854238.0
2025-06-20 10:30:41.771564,251.74,1017527.0,1851372.0
2025-06-20 10:30:42.869374,251.74,1017146.0,1851643.0
2025-06-20 10:30:43.220856,251.74,1017146.0,1851643.0
2025-06-20 10:30:43.883854,251.74,1018166.0,1851643.0
2025-06-20 10:30:44.222417,251.74,1018166.0,1851643.0
2025-06-20 10:30:45.008162,251.74,1017891.0,1851823.0
2025-06-20 10:30:45.316750,251.74,1017891.0,1851823.0
2025-06-20 10:30:45.688310,251.64,1017891.0,1851823.0
2025-06-20 10:30:46.009723,251.64,1017891.0,1851823.0
2025-06-20 10:30:46.072477,251.64,1016177.0,1852533.0
2025-06-20 10:30:46.505702,251.64,1016177.0,1852533.0
2025-06-20 10:30:46.676022,251.74,1016177.0,1852533.0
2025-06-20 10:30:47.030450,251.74,1016177.0,1852533.0
2025-06-20 10:30:47.217793,251.74,1019432.0,1849446.0
2025-06-20 10:30:47.697470,251.74,1019432.0,1849446.0
2025-06-20 10:30:47.702241,251.63,1019432.0,1849446.0
2025-06-20 10:30:48.272784,251.63,1019373.0,1851937.0
2025-06-20 10:30:48.384468,251.63,1019373.0,1851937.0
2025-06-20 10:30:48.678340,251.63,1019373.0,1851937.0
2025-06-20 10:30:49.438205,251.63,1020036.0,1850387.0
2025-06-20 10:30:49.680342,251.63,1020036.0,1850387.0
2025-06-20 10:30:49.734272,251.63,1020036.0,1850387.0
2025-06-20 10:30:50.502946,251.63,1020383.0,1850291.0
2025-06-20 10:30:50.684209,251.63,1020383.0,1850291.0
2025-06-20 10:30:50.764034,251.63,1020383.0,1850291.0
2025-06-20 10:30:51.574282,251.63,1018629.0,1850753.0
2025-06-20 10:30:52.258581,251.63,1018629.0,1850753.0
2025-06-20 10:30:52.692889,251.72,1018629.0,1850753.0
2025-06-20 10:30:52.701565,251.72,1022493.0,1832077.0
2025-06-20 10:30:53.533976,251.72,1022493.0,1832077.0
2025-06-20 10:30:53.729992,251.72,1022493.0,1832077.0
2025-06-20 10:30:53.775234,251.72,1013679.0,1813433.0
2025-06-20 10:30:54.679841,251.71,1013679.0,1813433.0
2025-06-20 10:30:54.806143,251.71,1013679.0,1813433.0
2025-06-20 10:30:54.886410,251.71,1019864.0,1833092.0
2025-06-20 10:30:55.985349,251.82,1020210.0,1834748.0
2025-06-20 10:30:56.523681,251.82,1020210.0,1834748.0
2025-06-20 10:30:56.681901,251.82,1020210.0,1834748.0
2025-06-20 10:30:57.076606,251.82,1022043.0,1841532.0
2025-06-20 10:30:57.704630,251.74,1022043.0,1841532.0
2025-06-20 10:30:58.191060,251.74,1024577.0,1839835.0
2025-06-20 10:30:58.684129,251.73,1024577.0,1839835.0
2025-06-20 10:30:59.283108,251.73,1018232.0,1843807.0
2025-06-20 10:30:59.684595,251.68,1018232.0,1843807.0
2025-06-20 10:31:00.379952,251.69,1020402.0,1835496.0
2025-06-20 10:31:01.689017,251.69,1020402.0,1835496.0
2025-06-20 10:31:01.704272,251.69,1021385.0,1836979.0
2025-06-20 10:31:02.777024,251.69,1026164.0,1835033.0
2025-06-20 10:31:03.877699,251.69,1027989.0,1832215.0
2025-06-20 10:31:05.077200,251.69,1028309.0,1830240.0
2025-06-20 10:31:05.690491,251.78,1028309.0,1830240.0
2025-06-20 10:31:06.177845,251.78,1022601.0,1836059.0
2025-06-20 10:31:07.078288,251.78,1022728.0,1836216.0
2025-06-20 10:31:08.083258,251.78,1022718.0,1836962.0
2025-06-20 10:31:08.686697,251.88,1022718.0,1836962.0
2025-06-20 10:31:09.184100,251.76,1023268.0,1833075.0
2025-06-20 10:31:09.947012,251.88,1023268.0,1833075.0
2025-06-20 10:31:10.186645,251.88,1022156.0,1839598.0
2025-06-20 10:31:11.186466,251.88,1021657.0,1841920.0
2025-06-20 10:31:12.189994,251.88,1022658.0,1841205.0
2025-06-20 10:31:13.090112,251.98,1027104.0,1801682.0
2025-06-20 10:31:13.757703,251.98,1027104.0,1801682.0
2025-06-20 10:31:14.299093,251.92,1027987.0,1803445.0
2025-06-20 10:31:14.701122,251.92,1027987.0,1803445.0
2025-06-20 10:31:15.399007,252.02,1032302.0,1802417.0
2025-06-20 10:31:15.691197,252.02,1032302.0,1802417.0
2025-06-20 10:31:16.500254,252.02,1031246.0,1804499.0
2025-06-20 10:31:17.594346,252.04,1032358.0,1802542.0
2025-06-20 10:31:17.691168,252.04,1032358.0,1802542.0
2025-06-20 10:31:18.594924,252.04,1033358.0,1805295.0
2025-06-20 10:31:19.693506,252.01,1033358.0,1805295.0
2025-06-20 10:31:20.095320,252.01,1028294.0,1813962.0
2025-06-20 10:31:20.695493,252.01,1028294.0,1813962.0
2025-06-20 10:31:21.299126,252.01,1028716.0,1817374.0
2025-06-20 10:31:22.401732,251.88,1027605.0,1821546.0
2025-06-20 10:31:22.693840,251.88,1027605.0,1821546.0
2025-06-20 10:31:23.408385,251.83,1028604.0,1821650.0
2025-06-20 10:31:23.700671,251.83,1028604.0,1821650.0
2025-06-20 10:31:24.507227,251.83,1028902.0,1822868.0
2025-06-20 10:31:25.598634,251.88,1030115.0,1822560.0
2025-06-20 10:31:25.683397,251.88,1030115.0,1822560.0
2025-06-20 10:31:26.598775,251.88,1028237.0,1827201.0
2025-06-20 10:31:26.688003,251.88,1028237.0,1827201.0
2025-06-20 10:31:27.728452,251.8,1028237.0,1827201.0
2025-06-20 10:31:27.737223,251.8,1027730.0,1827733.0
2025-06-20 10:31:28.803928,251.8,1027916.0,1827735.0
2025-06-20 10:31:29.738922,251.79,1027916.0,1827735.0
2025-06-20 10:31:30.308896,251.88,1026991.0,1825727.0
2025-06-20 10:31:30.709670,251.81,1026991.0,1825727.0
2025-06-20 10:31:31.419973,251.81,1027321.0,1825666.0
2025-06-20 10:31:32.632130,251.81,1026663.0,1826686.0
2025-06-20 10:31:33.733682,251.88,1026663.0,1826686.0
2025-06-20 10:31:33.741767,251.88,1025804.0,1827449.0
2025-06-20 10:31:34.737205,251.88,1025804.0,1827449.0
2025-06-20 10:31:34.803582,251.88,1027168.0,1828187.0
2025-06-20 10:31:35.805094,251.88,1027816.0,1826230.0
2025-06-20 10:31:36.706467,251.88,1027816.0,1826230.0
2025-06-20 10:31:36.807999,251.88,1029748.0,1826890.0
2025-06-20 10:31:37.700311,251.88,1029748.0,1826890.0
2025-06-20 10:31:38.011925,251.88,1029749.0,1826743.0
2025-06-20 10:31:39.105059,251.88,1029760.0,1826743.0
2025-06-20 10:31:40.308897,251.88,1030339.0,1827335.0
2025-06-20 10:31:41.038722,251.86,1030339.0,1827335.0
2025-06-20 10:31:41.309374,251.86,1029237.0,1827204.0
2025-06-20 10:31:41.698634,251.86,1029237.0,1827204.0
2025-06-20 10:31:42.319643,251.86,1030142.0,1827328.0
2025-06-20 10:31:43.435947,251.88,1029855.0,1827722.0
2025-06-20 10:31:43.730524,251.88,1029855.0,1827722.0
2025-06-20 10:31:44.510670,251.86,1022801.0,1830912.0
2025-06-20 10:31:44.690629,251.86,1022801.0,1830912.0
2025-06-20 10:31:45.611536,251.85,1025660.0,1830521.0
2025-06-20 10:31:45.726346,251.85,1025660.0,1830521.0
2025-06-20 10:31:46.611119,251.85,1026341.0,1830056.0
2025-06-20 10:31:47.828206,251.85,1027348.0,1829934.0
2025-06-20 10:31:48.694225,251.89,1027348.0,1829934.0
2025-06-20 10:31:48.819220,251.89,1036620.0,1818946.0
2025-06-20 10:31:49.926070,251.89,1034740.0,1818554.0
2025-06-20 10:31:51.019376,251.97,1032557.0,1817540.0
2025-06-20 10:31:51.693265,251.89,1032557.0,1817540.0
2025-06-20 10:31:52.113259,251.89,1029364.0,1827415.0
2025-06-20 10:31:53.721455,251.89,1031190.0,1826632.0
2025-06-20 10:31:54.704613,251.88,1031190.0,1826632.0
2025-06-20 10:31:54.738863,251.88,1031771.0,1824945.0
2025-06-20 10:31:55.707531,251.87,1031771.0,1824945.0
2025-06-20 10:31:56.357882,251.87,1033056.0,1832674.0
2025-06-20 10:31:56.685817,251.81,1033056.0,1832674.0
2025-06-20 10:31:57.520547,251.87,1033597.0,1833263.0
2025-06-20 10:31:57.706919,251.87,1033597.0,1833263.0
2025-06-20 10:31:58.521460,251.87,1033178.0,1833397.0
2025-06-20 10:31:59.685373,251.85,1033178.0,1833397.0
2025-06-20 10:32:00.120965,251.85,1029278.0,1835254.0
2025-06-20 10:32:02.709062,251.87,1029278.0,1835254.0
2025-06-20 10:32:05.734885,251.83,1025377.0,1836397.0
2025-06-20 10:32:06.942406,251.8,1025377.0,1836397.0
2025-06-20 10:32:10.717755,251.81,1025377.0,1836397.0
2025-06-20 10:32:12.133087,251.85,1026565.0,1838212.0
2025-06-20 10:32:14.690151,251.79,1026565.0,1838212.0
2025-06-20 10:32:18.535746,251.73,1021411.0,1859318.0
2025-06-20 10:32:18.688532,251.73,1021411.0,1859318.0
2025-06-20 10:32:22.710073,251.63,1021411.0,1859318.0
2025-06-20 10:32:24.752292,251.63,1022375.0,1858103.0
2025-06-20 10:32:26.692293,251.73,1022375.0,1858103.0
2025-06-20 10:32:29.902173,251.73,1022375.0,1858103.0
2025-06-20 10:32:30.845537,251.8,1025057.0,1843608.0
2025-06-20 10:32:31.762908,251.8,1025057.0,1843608.0
2025-06-20 10:32:35.732180,251.74,1025057.0,1843608.0
2025-06-20 10:32:37.184482,251.74,1022690.0,1848261.0
2025-06-20 10:32:38.914478,251.8,1022690.0,1848261.0
2025-06-20 10:32:41.728975,251.74,1022690.0,1848261.0
2025-06-20 10:32:43.051744,251.74,1024611.0,1846937.0
2025-06-20 10:32:44.693997,251.8,1024611.0,1846937.0
2025-06-20 10:32:47.729706,251.8,1024611.0,1846937.0
2025-06-20 10:32:48.978543,251.8,1029778.0,1828265.0
2025-06-20 10:32:50.696532,251.85,1029778.0,1828265.0
2025-06-20 10:32:53.746077,251.82,1029778.0,1828265.0
2025-06-20 10:32:55.482732,251.85,1042790.0,1829160.0
2025-06-20 10:32:56.753292,251.88,1042790.0,1829160.0
2025-06-20 10:32:59.704666,251.85,1042790.0,1829160.0
2025-06-20 10:33:01.261729,251.85,1042005.0,1827099.0
2025-06-20 10:33:02.699609,251.85,1042005.0,1827099.0
2025-06-20 10:33:05.700007,251.9,1042005.0,1827099.0
2025-06-20 10:33:07.064394,251.93,1052085.0,1809510.0
2025-06-20 10:33:07.744294,251.99,1052085.0,1809510.0
2025-06-20 10:33:09.737750,251.92,1052085.0,1809510.0
2025-06-20 10:33:11.736874,251.99,1052085.0,1809510.0
2025-06-20 10:33:12.766027,251.89,1048113.0,1809860.0
2025-06-20 10:33:13.758568,251.97,1048113.0,1809860.0
2025-06-20 10:33:17.705919,251.98,1048113.0,1809860.0
2025-06-20 10:33:18.770064,251.91,1051996.0,1820252.0
2025-06-20 10:33:19.729795,251.91,1051996.0,1820252.0
2025-06-20 10:33:21.697211,251.9,1051996.0,1820252.0
2025-06-20 10:33:23.772588,251.95,1051996.0,1820252.0
2025-06-20 10:33:24.676623,251.95,1051168.0,1827982.0
2025-06-20 10:33:25.756582,251.95,1051168.0,1827982.0
2025-06-20 10:33:27.697818,251.95,1051168.0,1827982.0
2025-06-20 10:33:29.718783,251.95,1051168.0,1827982.0
2025-06-20 10:33:30.686781,251.93,1052382.0,1827623.0
2025-06-20 10:33:31.700494,251.93,1052382.0,1827623.0
2025-06-20 10:33:33.719504,251.9,1052382.0,1827623.0
2025-06-20 10:33:35.866140,251.95,1052382.0,1827623.0
2025-06-20 10:33:36.788689,251.95,1059176.0,1824505.0
2025-06-20 10:33:41.692085,251.91,1059176.0,1824505.0
2025-06-20 10:33:42.691499,251.95,1059114.0,1824766.0
2025-06-20 10:33:43.681841,251.95,1059114.0,1824766.0
2025-06-20 10:33:44.037959,251.95,1059114.0,1824766.0
2025-06-20 10:33:44.692126,251.95,1059114.0,1824766.0
2025-06-20 10:33:44.732092,251.95,1059114.0,1824766.0
2025-06-20 10:33:45.041789,251.95,1059114.0,1824766.0
2025-06-20 10:33:46.383963,251.95,1059114.0,1824766.0
2025-06-20 10:33:47.522538,251.95,1059114.0,1824766.0
2025-06-20 10:33:47.692318,251.95,1059114.0,1824766.0
2025-06-20 10:33:47.833840,251.95,1059114.0,1824766.0
2025-06-20 10:33:48.500504,251.93,1059923.0,1821077.0
2025-06-20 10:33:48.795846,251.93,1059923.0,1821077.0
2025-06-20 10:33:49.695172,252.02,1059923.0,1821077.0
2025-06-20 10:33:50.161602,252.02,1059923.0,1821077.0
2025-06-20 10:33:51.361903,252.02,1059923.0,1821077.0
2025-06-20 10:33:52.670897,252.02,1059923.0,1821077.0
2025-06-20 10:33:53.692852,252.0,1059923.0,1821077.0
2025-06-20 10:33:54.004805,252.0,1059923.0,1821077.0
2025-06-20 10:33:54.397378,251.92,1061898.0,1823229.0
2025-06-20 10:33:55.206169,251.92,1061898.0,1823229.0
2025-06-20 10:33:56.689500,252.0,1061898.0,1823229.0
2025-06-20 10:33:56.858679,252.0,1061898.0,1823229.0
2025-06-20 10:33:59.688023,252.0,1061898.0,1823229.0
2025-06-20 10:34:00.409550,252.0,1061135.0,1823815.0
2025-06-20 10:34:02.694860,252.0,1061135.0,1823815.0
2025-06-20 10:34:05.695572,252.0,1061135.0,1823815.0
2025-06-20 10:34:05.802902,252.0,1061661.0,1825995.0
2025-06-20 10:34:08.698247,251.99,1061661.0,1825995.0
2025-06-20 10:34:11.719446,252.01,1061661.0,1825995.0
2025-06-20 10:34:11.943083,252.01,1066140.0,1824717.0
2025-06-20 10:34:14.701507,252.0,1066140.0,1824717.0
2025-06-20 10:34:17.695595,252.0,1066140.0,1824717.0
2025-06-20 10:34:17.719014,252.0,1071453.0,1830132.0
2025-06-20 10:34:20.703371,252.0,1071453.0,1830132.0
2025-06-20 10:34:23.662031,252.0,1071678.0,1826155.0
2025-06-20 10:34:23.740484,252.0,1071678.0,1826155.0
2025-06-20 10:34:26.699020,252.0,1071678.0,1826155.0
2025-06-20 10:34:28.926472,252.0,1072402.0,1822788.0
2025-06-20 10:34:29.694466,252.0,1072402.0,1822788.0
2025-06-20 10:34:32.697416,252.0,1072402.0,1822788.0
2025-06-20 10:34:34.616532,252.0,1068704.0,1834388.0
2025-06-20 10:34:34.707949,252.0,1068704.0,1834388.0
2025-06-20 10:34:38.742381,251.96,1068704.0,1834388.0
2025-06-20 10:34:40.322583,251.9,1068962.0,1834933.0
2025-06-20 10:34:41.751871,251.96,1068962.0,1834933.0
2025-06-20 10:34:45.380404,251.95,1068962.0,1834933.0
2025-06-20 10:34:45.957951,251.95,1067152.0,1835377.0
2025-06-20 10:34:47.737082,251.95,1067152.0,1835377.0
2025-06-20 10:34:50.760466,251.91,1067152.0,1835377.0
2025-06-20 10:34:51.538035,251.91,1067836.0,1838838.0
2025-06-20 10:34:53.744798,251.95,1067836.0,1838838.0
2025-06-20 10:34:55.755397,251.99,1067836.0,1838838.0
2025-06-20 10:34:57.035675,251.99,1068099.0,1842715.0
2025-06-20 10:34:57.742462,251.95,1068099.0,1842715.0
2025-06-20 10:34:59.708989,251.91,1068099.0,1842715.0
2025-06-20 10:35:01.695346,251.91,1068099.0,1842715.0
2025-06-20 10:35:02.240567,251.91,1057165.0,1851410.0
2025-06-20 10:35:03.703124,251.95,1057165.0,1851410.0
2025-06-20 10:35:05.706189,251.74,1057165.0,1851410.0
2025-06-20 10:35:07.951839,251.8,1034113.0,1871163.0
2025-06-20 10:35:08.699260,251.8,1034113.0,1871163.0
2025-06-20 10:35:11.700141,251.81,1034113.0,1871163.0
2025-06-20 10:35:13.646697,251.81,1035066.0,1862929.0
2025-06-20 10:35:17.700113,251.83,1035066.0,1862929.0
2025-06-20 10:35:19.549849,251.83,1032384.0,1874463.0
2025-06-20 10:35:22.806384,251.75,1032384.0,1874463.0
2025-06-20 10:35:24.702914,251.75,1032384.0,1874463.0
2025-06-20 10:35:25.664595,251.75,1034532.0,1868150.0
2025-06-20 10:35:30.764977,251.81,1034532.0,1868150.0
2025-06-20 10:35:31.258067,251.72,1032248.0,1868769.0
2025-06-20 10:35:32.711180,251.72,1032248.0,1868769.0
2025-06-20 10:35:36.705311,251.76,1032248.0,1868769.0
2025-06-20 10:35:37.260324,251.71,1028147.0,1875451.0
2025-06-20 10:35:38.709819,251.68,1028147.0,1875451.0
2025-06-20 10:35:40.707566,251.64,1028147.0,1875451.0
2025-06-20 10:35:42.701248,251.78,1028147.0,1875451.0
2025-06-20 10:35:42.975218,251.78,1027231.0,1874763.0
2025-06-20 10:35:44.715603,251.8,1027231.0,1874763.0
2025-06-20 10:35:48.700819,251.79,1027231.0,1874763.0
2025-06-20 10:35:48.877094,251.79,1026531.0,1870412.0
2025-06-20 10:35:50.705140,251.79,1026531.0,1870412.0
2025-06-20 10:35:54.711303,251.75,1026531.0,1870412.0
2025-06-20 10:35:54.770462,251.75,1029501.0,1873563.0
2025-06-20 10:35:58.701124,251.75,1029501.0,1873563.0
2025-06-20 10:36:00.482009,251.75,1030352.0,1872969.0
2025-06-20 10:36:02.707157,251.76,1030352.0,1872969.0
2025-06-20 10:36:06.177847,251.79,1029318.0,1871551.0
2025-06-20 10:36:07.722710,251.72,1029318.0,1871551.0
2025-06-20 10:36:12.427329,251.72,1029138.0,1870639.0
2025-06-20 10:36:13.714936,251.79,1029138.0,1870639.0
2025-06-20 10:36:16.705387,251.8,1029138.0,1870639.0
2025-06-20 10:36:18.381195,251.8,1029251.0,1870639.0
2025-06-20 10:36:19.701904,251.76,1029251.0,1870639.0
2025-06-20 10:36:22.710258,251.74,1029251.0,1870639.0
2025-06-20 10:36:24.081824,251.79,1034707.0,1867997.0
2025-06-20 10:36:25.706674,251.66,1034707.0,1867997.0
2025-06-20 10:36:27.725911,251.76,1034707.0,1867997.0
2025-06-20 10:36:30.187830,251.76,1022967.0,1871729.0
2025-06-20 10:36:31.744070,251.75,1022967.0,1871729.0
2025-06-20 10:36:34.709492,251.79,1022967.0,1871729.0
2025-06-20 10:36:36.396570,251.8,1026062.0,1866789.0
2025-06-20 10:36:37.719719,251.79,1026062.0,1866789.0
2025-06-20 10:36:40.707247,251.74,1026062.0,1866789.0
2025-06-20 10:36:42.402181,251.74,1021506.0,1877937.0
2025-06-20 10:36:43.701727,251.74,1021506.0,1877937.0
2025-06-20 10:36:44.174964,251.74,1021506.0,1877937.0
2025-06-20 10:36:45.240080,251.74,1021506.0,1877937.0
2025-06-20 10:36:45.710033,251.66,1021506.0,1877937.0
2025-06-20 10:36:45.881044,251.66,1021506.0,1877937.0
2025-06-20 10:36:46.285284,251.66,1021506.0,1877937.0
2025-06-20 10:36:47.446578,251.66,1021506.0,1877937.0
2025-06-20 10:36:47.707739,251.76,1021506.0,1877937.0
2025-06-20 10:36:48.222114,251.76,1021506.0,1877937.0
2025-06-20 10:36:48.224926,251.66,1022606.0,1875936.0
2025-06-20 10:36:48.393249,251.66,1022606.0,1875936.0
2025-06-20 10:36:49.351380,251.66,1022606.0,1875936.0
2025-06-20 10:36:49.713549,251.68,1022606.0,1875936.0
2025-06-20 10:36:50.692303,251.68,1022606.0,1875936.0
2025-06-20 10:36:51.675779,251.68,1022606.0,1875936.0
2025-06-20 10:36:51.712068,251.67,1022606.0,1875936.0
2025-06-20 10:36:53.227497,251.67,1022606.0,1875936.0
2025-06-20 10:36:53.710771,251.74,1022606.0,1875936.0
2025-06-20 10:36:53.713349,251.74,1021185.0,1879792.0
2025-06-20 10:36:54.530463,251.74,1021185.0,1879792.0
2025-06-20 10:36:55.758959,251.74,1021185.0,1879792.0
2025-06-20 10:36:57.382296,251.74,1021185.0,1879792.0
2025-06-20 10:36:57.710422,251.74,1021185.0,1879792.0
2025-06-20 10:36:59.220513,251.73,1020141.0,1882367.0
2025-06-20 10:36:59.715999,251.73,1020141.0,1882367.0
2025-06-20 10:37:01.709362,251.73,1020141.0,1882367.0
2025-06-20 10:37:05.109312,251.73,1019362.0,1883153.0
2025-06-20 10:37:07.714436,251.72,1019362.0,1883153.0
2025-06-20 10:37:09.712807,251.72,1019362.0,1883153.0
2025-06-20 10:37:11.209914,251.72,1020568.0,1883584.0
2025-06-20 10:37:11.727934,251.72,1020568.0,1883584.0
2025-06-20 10:37:13.737677,251.65,1020568.0,1883584.0
2025-06-20 10:37:15.711999,251.68,1020568.0,1883584.0
2025-06-20 10:37:16.816032,251.69,1021015.0,1881468.0
2025-06-20 10:37:17.708599,251.72,1021015.0,1881468.0
2025-06-20 10:37:21.709167,251.71,1021015.0,1881468.0
2025-06-20 10:37:22.648547,251.71,1017186.0,1887165.0
2025-06-20 10:37:24.722975,251.65,1017186.0,1887165.0
2025-06-20 10:37:27.703441,251.71,1017186.0,1887165.0
2025-06-20 10:37:28.121585,251.65,1008841.0,1884133.0
2025-06-20 10:37:30.706005,251.66,1008841.0,1884133.0
2025-06-20 10:37:33.707205,251.65,1008841.0,1884133.0
2025-06-20 10:37:33.735406,251.65,999981.0,1890130.0
2025-06-20 10:37:35.714837,251.65,999981.0,1890130.0
2025-06-20 10:37:39.133603,251.66,999116.0,1895751.0
2025-06-20 10:37:39.703575,251.66,999116.0,1895751.0
2025-06-20 10:37:42.713590,251.65,999116.0,1895751.0
2025-06-20 10:37:44.941786,251.65,996392.0,1902527.0
2025-06-20 10:37:45.707984,251.65,996392.0,1902527.0
2025-06-20 10:37:48.710798,251.65,996392.0,1902527.0
2025-06-20 10:37:50.640219,251.65,998218.0,1902473.0
2025-06-20 10:37:50.714346,251.65,998218.0,1902473.0
2025-06-20 10:37:54.706691,251.61,998218.0,1902473.0
2025-06-20 10:37:56.148473,251.65,994600.0,1900654.0
2025-06-20 10:37:57.712357,251.65,994600.0,1900654.0
2025-06-20 10:38:00.722068,251.65,994600.0,1900654.0
2025-06-20 10:38:01.845455,251.61,993526.0,1897983.0
2025-06-20 10:38:03.709459,251.61,993526.0,1897983.0
2025-06-20 10:38:06.708875,251.65,993526.0,1897983.0
2025-06-20 10:38:07.465800,251.65,993924.0,1894406.0
2025-06-20 10:38:08.712747,251.61,993924.0,1894406.0
2025-06-20 10:38:10.715123,251.61,993924.0,1894406.0
2025-06-20 10:38:12.713635,251.61,993924.0,1894406.0
2025-06-20 10:38:13.159777,251.61,993319.0,1894493.0
2025-06-20 10:38:16.717166,251.65,993319.0,1894493.0
2025-06-20 10:38:18.663855,251.62,995535.0,1899150.0
2025-06-20 10:38:18.715311,251.62,995535.0,1899150.0
2025-06-20 10:38:20.718636,251.65,995535.0,1899150.0
2025-06-20 10:38:22.718848,251.65,995535.0,1899150.0
2025-06-20 10:38:24.267947,251.65,994941.0,1899780.0
2025-06-20 10:38:24.710607,251.65,994941.0,1899780.0
2025-06-20 10:38:26.714555,251.62,994941.0,1899780.0
2025-06-20 10:38:29.671857,251.62,993422.0,1896658.0
2025-06-20 10:38:30.712895,251.65,993422.0,1896658.0
2025-06-20 10:38:32.711696,251.62,993422.0,1896658.0
2025-06-20 10:38:34.714880,251.65,993422.0,1896658.0
2025-06-20 10:38:35.212427,251.65,996819.0,1895814.0
2025-06-20 10:38:36.735379,251.65,996819.0,1895814.0
2025-06-20 10:38:38.712619,251.65,996819.0,1895814.0
2025-06-20 10:38:40.881566,251.65,996062.0,1898448.0
2025-06-20 10:38:42.712815,251.62,996062.0,1898448.0
2025-06-20 10:38:44.791191,251.5,996062.0,1898448.0
2025-06-20 10:38:46.687466,251.45,944276.0,1930053.0
2025-06-20 10:38:46.719588,251.45,944276.0,1930053.0
2025-06-20 10:38:48.713621,251.43,944276.0,1930053.0
2025-06-20 10:38:50.724558,251.43,944276.0,1930053.0
2025-06-20 10:38:52.186676,251.4,945388.0,1930048.0
2025-06-20 10:38:52.711378,251.43,945388.0,1930048.0
2025-06-20 10:38:54.766313,251.4,945388.0,1930048.0
2025-06-20 10:38:56.788540,251.43,945388.0,1930048.0
2025-06-20 10:38:57.694895,251.43,944938.0,1925446.0
2025-06-20 10:39:00.714119,251.42,944938.0,1925446.0
2025-06-20 10:39:02.735920,251.42,944938.0,1925446.0
2025-06-20 10:39:03.098421,251.42,944719.0,1934614.0
2025-06-20 10:39:04.716235,251.42,944719.0,1934614.0
2025-06-20 10:39:06.738868,251.42,944719.0,1934614.0
2025-06-20 10:39:08.716980,251.42,944719.0,1934614.0
2025-06-20 10:39:09.010948,251.42,943353.0,1935328.0
2025-06-20 10:39:10.717661,251.42,943353.0,1935328.0
2025-06-20 10:39:12.720393,251.42,943353.0,1935328.0
2025-06-20 10:39:14.606678,251.33,945845.0,1938946.0
2025-06-20 10:39:14.726504,251.33,945845.0,1938946.0
2025-06-20 10:39:16.719449,251.41,945845.0,1938946.0
2025-06-20 10:39:18.713952,251.4,945845.0,1938946.0
2025-06-20 10:39:20.110134,251.4,959564.0,1939206.0
2025-06-20 10:39:22.714552,251.4,959564.0,1939206.0
2025-06-20 10:39:24.714941,251.33,959564.0,1939206.0
2025-06-20 10:39:25.617967,251.32,958725.0,1921919.0
2025-06-20 10:39:26.713669,251.32,958725.0,1921919.0
2025-06-20 10:39:28.769843,251.32,958725.0,1921919.0
2025-06-20 10:39:30.719680,251.31,958725.0,1921919.0
2025-06-20 10:39:31.534605,251.31,959991.0,1922029.0
2025-06-20 10:39:32.716950,251.4,959991.0,1922029.0
2025-06-20 10:39:34.716703,251.4,959991.0,1922029.0
2025-06-20 10:39:36.717127,251.4,959991.0,1922029.0
2025-06-20 10:39:37.737650,251.4,966744.0,1916280.0
2025-06-20 10:39:38.719948,251.4,966744.0,1916280.0
2025-06-20 10:39:40.721622,251.4,966744.0,1916280.0
2025-06-20 10:39:42.746281,251.42,966744.0,1916280.0
2025-06-20 10:39:43.831432,251.35,966559.0,1916127.0
2025-06-20 10:39:44.643871,251.35,966559.0,1916127.0
2025-06-20 10:39:44.719890,251.45,966559.0,1916127.0
2025-06-20 10:39:45.042782,251.45,966559.0,1916127.0
2025-06-20 10:39:46.078263,251.45,966559.0,1916127.0
2025-06-20 10:39:46.938494,251.45,966559.0,1916127.0
2025-06-20 10:39:46.946800,251.45,966559.0,1916127.0
2025-06-20 10:39:47.451776,251.45,966559.0,1916127.0
2025-06-20 10:39:48.452081,251.45,966559.0,1916127.0
2025-06-20 10:39:49.827915,251.45,966559.0,1916127.0
2025-06-20 10:39:49.949727,251.45,968550.0,1918853.0
2025-06-20 10:39:50.797576,251.45,968550.0,1918853.0
2025-06-20 10:39:51.260855,251.45,968550.0,1918853.0
2025-06-20 10:39:52.152597,251.45,968550.0,1918853.0
2025-06-20 10:39:52.724326,251.45,968550.0,1918853.0
2025-06-20 10:39:53.838868,251.45,968550.0,1918853.0
2025-06-20 10:39:54.731943,251.45,968550.0,1918853.0
2025-06-20 10:39:55.047535,251.45,968550.0,1918853.0
2025-06-20 10:39:55.773374,251.42,965981.0,1917250.0
2025-06-20 10:39:56.253174,251.42,965981.0,1917250.0
2025-06-20 10:39:56.718013,251.45,965981.0,1917250.0
2025-06-20 10:39:57.885319,251.45,965981.0,1917250.0
2025-06-20 10:39:58.732122,251.42,965981.0,1917250.0
2025-06-20 10:40:00.721376,251.42,965981.0,1917250.0
2025-06-20 10:40:01.555514,251.42,962432.0,1922799.0
2025-06-20 10:40:04.769791,251.45,962432.0,1922799.0
2025-06-20 10:40:06.756399,251.44,962432.0,1922799.0
2025-06-20 10:40:07.647608,251.44,964941.0,1916021.0
2025-06-20 10:40:08.734749,251.44,964941.0,1916021.0
2025-06-20 10:40:10.724631,251.4,964941.0,1916021.0
2025-06-20 10:40:13.657996,251.49,970842.0,1905116.0
2025-06-20 10:40:13.773120,251.49,970842.0,1905116.0
2025-06-20 10:40:16.726212,251.45,970842.0,1905116.0
2025-06-20 10:40:19.698264,251.46,970208.0,1914549.0
2025-06-20 10:40:19.750049,251.46,970208.0,1914549.0
2025-06-20 10:40:22.731487,251.4,970208.0,1914549.0
2025-06-20 10:40:25.575323,251.46,970625.0,1917845.0
2025-06-20 10:40:25.733845,251.46,970625.0,1917845.0
2025-06-20 10:40:27.757043,251.46,970625.0,1917845.0
2025-06-20 10:40:29.755108,251.47,970625.0,1917845.0
2025-06-20 10:40:31.167641,251.47,970226.0,1917023.0
2025-06-20 10:40:31.748872,251.47,970226.0,1917023.0
2025-06-20 10:40:33.751838,251.49,970226.0,1917023.0
2025-06-20 10:40:35.758334,251.45,970226.0,1917023.0
2025-06-20 10:40:36.570127,251.45,970980.0,1915532.0
2025-06-20 10:40:37.727652,251.47,970980.0,1915532.0
2025-06-20 10:40:39.740473,251.49,970980.0,1915532.0
2025-06-20 10:40:41.734578,251.42,970980.0,1915532.0
2025-06-20 10:40:42.176280,251.42,971018.0,1913103.0
2025-06-20 10:40:43.731348,251.49,971018.0,1913103.0
2025-06-20 10:40:45.735230,251.49,971018.0,1913103.0
2025-06-20 10:40:47.742325,251.49,971018.0,1913103.0
2025-06-20 10:40:47.793880,251.49,972898.0,1913451.0
2025-06-20 10:40:51.729802,251.49,972898.0,1913451.0
2025-06-20 10:40:53.687715,251.49,971455.0,1906444.0
2025-06-20 10:40:55.737258,251.55,971455.0,1906444.0
2025-06-20 10:40:58.747311,251.54,971455.0,1906444.0
2025-06-20 10:40:59.392197,251.54,980600.0,1895965.0
2025-06-20 10:41:01.741419,251.56,980600.0,1895965.0
2025-06-20 10:41:04.730492,251.66,980600.0,1895965.0
2025-06-20 10:41:05.533746,251.59,985263.0,1878584.0
2025-06-20 10:41:08.730391,251.69,985263.0,1878584.0
2025-06-20 10:41:11.696592,251.68,986976.0,1881985.0
2025-06-20 10:41:11.738076,251.68,986976.0,1881985.0
2025-06-20 10:41:17.724767,251.61,986976.0,1881985.0
2025-06-20 10:41:17.804583,251.61,985115.0,1890076.0
2025-06-20 10:41:20.731443,251.58,985115.0,1890076.0
2025-06-20 10:41:23.422988,251.61,988516.0,1874320.0
2025-06-20 10:41:23.728830,251.7,988516.0,1874320.0
2025-06-20 10:41:26.724921,251.59,988516.0,1874320.0
2025-06-20 10:41:29.425963,251.58,986218.0,1880386.0
2025-06-20 10:41:29.727175,251.58,986218.0,1880386.0
2025-06-20 10:41:32.740821,251.58,986218.0,1880386.0
2025-06-20 10:41:35.728957,251.58,986802.0,1887749.0
2025-06-20 10:41:36.735797,251.58,986802.0,1887749.0
2025-06-20 10:41:40.756360,251.58,986802.0,1887749.0
2025-06-20 10:41:42.048015,251.58,987508.0,1890941.0
2025-06-20 10:41:43.730412,251.58,987508.0,1890941.0
2025-06-20 10:41:45.742431,251.68,987508.0,1890941.0
2025-06-20 10:41:47.740488,251.58,987508.0,1890941.0
2025-06-20 10:41:47.934301,251.58,989101.0,1889782.0
2025-06-20 10:41:49.794895,251.58,989101.0,1889782.0
2025-06-20 10:41:53.324757,251.58,989536.0,1886873.0
2025-06-20 10:41:55.759359,251.67,989536.0,1886873.0
2025-06-20 10:41:57.761531,251.6,989536.0,1886873.0
2025-06-20 10:41:58.539145,251.6,990497.0,1886655.0
2025-06-20 10:41:59.739925,251.6,990497.0,1886655.0
2025-06-20 10:42:01.770120,251.67,990497.0,1886655.0
2025-06-20 10:42:03.802449,251.6,990497.0,1886655.0
2025-06-20 10:42:03.803027,251.6,1003751.0,1894797.0
2025-06-20 10:42:07.749478,251.65,1003751.0,1894797.0
2025-06-20 10:42:09.236872,251.58,1001684.0,1895546.0
2025-06-20 10:42:09.733219,251.58,1001684.0,1895546.0
2025-06-20 10:42:11.746989,251.65,1001684.0,1895546.0
2025-06-20 10:42:13.745988,251.57,1001684.0,1895546.0
2025-06-20 10:42:14.786432,251.57,1000826.0,1898199.0
2025-06-20 10:42:17.747190,251.6,1000826.0,1898199.0
2025-06-20 10:42:19.750817,251.65,1000826.0,1898199.0
2025-06-20 10:42:20.553870,251.65,1003918.0,1895564.0
2025-06-20 10:42:23.731992,251.6,1003918.0,1895564.0
2025-06-20 10:42:25.732199,251.65,1003918.0,1895564.0
2025-06-20 10:42:26.315366,251.65,1004837.0,1894514.0
2025-06-20 10:42:27.768097,251.6,1004837.0,1894514.0
2025-06-20 10:42:29.752745,251.65,1004837.0,1894514.0
2025-06-20 10:42:31.794146,251.65,1004837.0,1894514.0
2025-06-20 10:42:32.151820,251.65,1001998.0,1894910.0
2025-06-20 10:42:33.779176,251.56,1001998.0,1894910.0
2025-06-20 10:42:35.778749,251.6,1001998.0,1894910.0
2025-06-20 10:42:37.953427,251.6,1001482.0,1900074.0
2025-06-20 10:42:39.798621,251.51,1001482.0,1900074.0
2025-06-20 10:42:42.784679,251.6,1001482.0,1900074.0
2025-06-20 10:42:43.797044,251.54,1003368.0,1899816.0
2025-06-20 10:42:45.045358,251.54,1003368.0,1899816.0
2025-06-20 10:42:45.758314,251.54,1003368.0,1899816.0
2025-06-20 10:42:46.160986,251.54,1003368.0,1899816.0
2025-06-20 10:42:47.416132,251.54,1003368.0,1899816.0
2025-06-20 10:42:48.102752,251.54,1003368.0,1899816.0
2025-06-20 10:42:48.755739,251.52,1003368.0,1899816.0
2025-06-20 10:42:49.115238,251.52,1003368.0,1899816.0
2025-06-20 10:42:49.658718,251.5,998743.0,1907016.0
2025-06-20 10:42:50.542199,251.5,998743.0,1907016.0
2025-06-20 10:42:50.813004,251.5,998743.0,1907016.0
2025-06-20 10:42:51.860480,251.5,998743.0,1907016.0
2025-06-20 10:42:52.801328,251.6,998743.0,1907016.0
2025-06-20 10:42:52.869920,251.6,998743.0,1907016.0
2025-06-20 10:42:54.363174,251.6,998743.0,1907016.0
2025-06-20 10:42:54.741618,251.58,998743.0,1907016.0
2025-06-20 10:42:55.585148,251.58,998413.0,1908844.0
2025-06-20 10:42:55.670348,251.58,998413.0,1908844.0
2025-06-20 10:42:56.735960,251.65,998413.0,1908844.0
2025-06-20 10:42:56.903125,251.65,998413.0,1908844.0
2025-06-20 10:42:58.586200,251.65,998413.0,1908844.0
2025-06-20 10:42:58.742285,251.57,998413.0,1908844.0
2025-06-20 10:43:01.250501,251.57,998413.0,1908844.0
2025-06-20 10:43:01.252978,251.57,1002906.0,1904073.0
2025-06-20 10:43:02.754304,251.63,1002906.0,1904073.0
2025-06-20 10:43:04.735283,251.65,1002906.0,1904073.0
2025-06-20 10:43:06.262820,251.58,1002154.0,1902057.0
2025-06-20 10:43:06.745550,251.54,1002154.0,1902057.0
2025-06-20 10:43:08.741351,251.54,1002154.0,1902057.0
2025-06-20 10:43:10.743177,251.51,1002154.0,1902057.0
2025-06-20 10:43:11.574870,251.58,1004282.0,1901988.0
2025-06-20 10:43:12.749257,251.58,1004282.0,1901988.0
2025-06-20 10:43:14.759584,251.58,1004282.0,1901988.0
2025-06-20 10:43:16.752226,251.53,1004282.0,1901988.0
2025-06-20 10:43:17.076051,251.53,1000773.0,1904666.0
2025-06-20 10:43:20.748016,251.61,1000773.0,1904666.0
2025-06-20 10:43:22.745746,251.61,1000773.0,1904666.0
2025-06-20 10:43:22.787120,251.61,1006325.0,1904630.0
2025-06-20 10:43:24.748046,251.62,1006325.0,1904630.0
2025-06-20 10:43:26.739355,251.52,1006325.0,1904630.0
2025-06-20 10:43:28.383260,251.59,1005927.0,1904466.0
2025-06-20 10:43:28.766972,251.59,1005927.0,1904466.0
2025-06-20 10:43:30.771060,251.51,1005927.0,1904466.0
2025-06-20 10:43:32.758075,251.51,1005927.0,1904466.0
2025-06-20 10:43:34.097759,251.51,1006429.0,1903155.0
2025-06-20 10:43:34.744639,251.61,1006429.0,1903155.0
2025-06-20 10:43:36.766502,251.53,1006429.0,1903155.0
2025-06-20 10:43:38.747543,251.51,1006429.0,1903155.0
2025-06-20 10:43:39.686210,251.51,1005969.0,1902354.0
2025-06-20 10:43:42.776945,251.51,1005969.0,1902354.0
2025-06-20 10:43:44.753560,251.55,1005969.0,1902354.0
2025-06-20 10:43:44.891953,251.55,1009552.0,1905075.0
2025-06-20 10:43:46.771449,251.55,1009552.0,1905075.0
2025-06-20 10:43:48.764191,251.54,1009552.0,1905075.0
2025-06-20 10:43:50.394254,251.54,1005714.0,1915968.0
2025-06-20 10:43:52.747310,251.57,1005714.0,1915968.0
2025-06-20 10:43:56.102511,251.54,1005406.0,1918011.0
2025-06-20 10:43:56.755502,251.54,1005406.0,1918011.0
2025-06-20 10:43:58.747554,251.56,1005406.0,1918011.0
2025-06-20 10:44:00.977990,251.56,1005406.0,1918011.0
2025-06-20 10:44:01.603404,251.56,1006129.0,1916591.0
2025-06-20 10:44:02.804526,251.51,1006129.0,1916591.0
2025-06-20 10:44:04.776248,251.56,1006129.0,1916591.0
2025-06-20 10:44:06.763663,251.56,1006129.0,1916591.0
2025-06-20 10:44:07.205296,251.56,1005893.0,1911745.0
2025-06-20 10:44:08.747312,251.51,1005893.0,1911745.0
2025-06-20 10:44:10.793207,251.53,1005893.0,1911745.0
2025-06-20 10:44:12.523371,251.56,1005076.0,1912091.0
2025-06-20 10:44:12.809392,251.56,1005076.0,1912091.0
2025-06-20 10:44:14.757714,251.51,1005076.0,1912091.0
2025-06-20 10:44:16.781328,251.51,1005076.0,1912091.0
2025-06-20 10:44:18.724117,251.51,1003399.0,1917412.0
2025-06-20 10:44:20.787625,251.56,1003399.0,1917412.0
2025-06-20 10:44:22.788023,251.56,1003399.0,1917412.0
2025-06-20 10:44:24.261601,251.59,1003846.0,1914429.0
2025-06-20 10:44:24.761570,251.59,1003846.0,1914429.0
2025-06-20 10:44:26.767572,251.52,1003846.0,1914429.0
2025-06-20 10:44:29.623139,251.52,1008577.0,1911920.0
2025-06-20 10:44:30.821030,251.63,1008577.0,1911920.0
2025-06-20 10:44:32.763627,251.52,1008577.0,1911920.0
2025-06-20 10:44:34.954414,251.52,1008577.0,1911920.0
2025-06-20 10:44:35.126804,251.52,1004785.0,1912632.0
2025-06-20 10:44:36.763727,251.62,1004785.0,1912632.0
2025-06-20 10:44:40.630015,251.63,1008465.0,1912118.0
2025-06-20 10:44:40.765411,251.63,1008465.0,1912118.0
2025-06-20 10:44:42.750169,251.63,1008465.0,1912118.0
2025-06-20 10:44:44.749474,251.63,1008465.0,1912118.0
2025-06-20 10:44:46.045980,251.63,1012325.0,1912249.0
2025-06-20 10:44:46.769370,251.57,1012325.0,1912249.0
2025-06-20 10:44:48.760340,251.63,1012325.0,1912249.0
2025-06-20 10:44:50.794207,251.53,1012325.0,1912249.0
2025-06-20 10:44:51.337635,251.53,1007432.0,1912736.0
2025-06-20 10:44:52.746398,251.53,1007432.0,1912736.0
2025-06-20 10:44:54.754215,251.63,1007432.0,1912736.0
2025-06-20 10:44:56.458720,251.63,1009635.0,1911437.0
2025-06-20 10:44:56.753040,251.63,1009635.0,1911437.0
2025-06-20 10:45:00.750012,251.63,1009635.0,1911437.0
2025-06-20 10:45:01.643086,251.63,1010350.0,1911399.0
2025-06-20 10:45:03.753406,251.63,1010350.0,1911399.0
2025-06-20 10:45:05.777390,251.53,1010350.0,1911399.0
2025-06-20 10:45:07.346185,251.53,1017256.0,1914939.0
2025-06-20 10:45:09.741264,251.53,1017256.0,1914939.0
2025-06-20 10:45:12.648682,251.53,1017112.0,1917303.0
2025-06-20 10:45:12.778325,251.53,1017112.0,1917303.0
2025-06-20 10:45:15.768561,251.53,1017112.0,1917303.0
2025-06-20 10:45:18.263084,251.55,1014845.0,1923302.0
2025-06-20 10:45:18.769462,251.55,1014845.0,1923302.0
2025-06-20 10:45:23.957349,251.55,1015802.0,1921539.0
2025-06-20 10:45:26.764704,251.57,1015802.0,1921539.0
2025-06-20 10:45:28.762950,251.53,1015802.0,1921539.0
2025-06-20 10:45:29.268877,251.53,1014948.0,1916049.0
2025-06-20 10:45:30.768024,251.57,1014948.0,1916049.0
2025-06-20 10:45:32.797598,251.63,1014948.0,1916049.0
2025-06-20 10:45:34.269003,251.62,1013991.0,1919022.0
2025-06-20 10:45:34.760655,251.62,1013991.0,1919022.0
2025-06-20 10:45:36.760278,251.63,1013991.0,1919022.0
2025-06-20 10:45:39.670830,251.63,1014605.0,1917377.0
2025-06-20 10:45:42.760969,251.63,1014605.0,1917377.0
2025-06-20 10:45:45.280440,251.63,1014804.0,1917541.0
2025-06-20 10:45:45.472802,251.63,1014804.0,1917541.0
2025-06-20 10:45:46.203412,251.63,1014804.0,1917541.0
2025-06-20 10:45:47.184931,251.63,1014804.0,1917541.0
