timestamp,ltp,bid_qty,ask_qty
2025-06-20 10:10:48.218936,289.35,843297.0,997794.0
2025-06-20 10:10:48.592766,289.35,843297.0,997794.0
2025-06-20 10:10:50.588845,289.2,843297.0,997794.0
2025-06-20 10:10:52.590466,289.35,843297.0,997794.0
2025-06-20 10:10:53.266467,289.35,847346.0,995400.0
2025-06-20 10:10:54.594605,289.35,847346.0,995400.0
2025-06-20 10:10:56.593343,289.25,847346.0,995400.0
2025-06-20 10:10:58.609339,289.25,847346.0,995400.0
2025-06-20 10:10:58.868396,289.25,845262.0,997236.0
2025-06-20 10:11:02.598906,289.35,845262.0,997236.0
2025-06-20 10:11:04.374120,289.25,843303.0,996680.0
2025-06-20 10:11:04.598305,289.35,843303.0,996680.0
2025-06-20 10:11:06.634336,289.35,843303.0,996680.0
2025-06-20 10:11:10.590489,289.35,845317.0,996646.0
2025-06-20 10:11:10.648482,289.35,845317.0,996646.0
2025-06-20 10:11:14.681517,289.25,845317.0,996646.0
2025-06-20 10:11:16.181832,289.3,843051.0,995491.0
2025-06-20 10:11:16.658957,289.3,843051.0,995491.0
2025-06-20 10:11:21.482965,289.25,844190.0,986350.0
2025-06-20 10:11:22.665177,289.3,844190.0,986350.0
2025-06-20 10:11:24.660741,289.25,844190.0,986350.0
2025-06-20 10:11:26.875842,289.3,844190.0,986350.0
2025-06-20 10:11:26.888907,289.3,835277.0,984412.0
2025-06-20 10:11:28.873797,289.3,835277.0,984412.0
2025-06-20 10:11:30.852781,289.3,835277.0,984412.0
2025-06-20 10:11:32.402260,289.3,834882.0,984313.0
2025-06-20 10:11:32.603332,289.3,834882.0,984313.0
2025-06-20 10:11:36.604515,289.25,834882.0,984313.0
2025-06-20 10:11:37.994494,289.3,834337.0,987725.0
2025-06-20 10:11:38.594419,289.3,834337.0,987725.0
2025-06-20 10:11:40.595949,289.3,834337.0,987725.0
2025-06-20 10:11:42.594949,289.25,834337.0,987725.0
2025-06-20 10:11:43.999645,289.25,831935.0,988833.0
2025-06-20 10:11:46.595769,289.3,831935.0,988833.0
2025-06-20 10:11:49.929211,289.25,837267.0,992349.0
2025-06-20 10:11:50.601209,289.25,837267.0,992349.0
2025-06-20 10:11:52.612543,289.25,837267.0,992349.0
2025-06-20 10:11:54.595688,289.25,837267.0,992349.0
2025-06-20 10:11:55.711731,289.25,839331.0,990838.0
2025-06-20 10:11:58.601199,289.35,839331.0,990838.0
2025-06-20 10:12:01.612659,289.35,839331.0,990838.0
2025-06-20 10:12:01.935396,289.35,849362.0,957552.0
2025-06-20 10:12:05.604851,289.5,849362.0,957552.0
2025-06-20 10:12:08.602029,289.5,849362.0,957552.0
2025-06-20 10:12:08.633392,289.5,860968.0,927899.0
2025-06-20 10:12:11.608395,289.75,860968.0,927899.0
2025-06-20 10:12:14.643198,289.8,860968.0,927899.0
2025-06-20 10:12:15.115664,289.8,860904.0,924584.0
2025-06-20 10:12:17.614605,289.75,860904.0,924584.0
2025-06-20 10:12:20.629459,289.65,860904.0,924584.0
2025-06-20 10:12:21.526334,289.8,865734.0,919499.0
2025-06-20 10:12:23.600770,289.8,865734.0,919499.0
2025-06-20 10:12:26.619654,289.8,865734.0,919499.0
2025-06-20 10:12:27.525362,289.65,857090.0,927302.0
2025-06-20 10:12:28.600267,289.65,857090.0,927302.0
2025-06-20 10:12:32.615945,289.75,857090.0,927302.0
2025-06-20 10:12:33.744463,289.75,856154.0,934152.0
2025-06-20 10:12:34.608999,289.75,856154.0,934152.0
2025-06-20 10:12:36.611416,289.8,856154.0,934152.0
2025-06-20 10:12:38.609508,289.8,856154.0,934152.0
2025-06-20 10:12:39.537911,289.75,858468.0,932323.0
2025-06-20 10:12:40.520188,289.75,858468.0,932323.0
2025-06-20 10:12:40.602439,289.65,858468.0,932323.0
2025-06-20 10:12:40.921078,289.65,858468.0,932323.0
2025-06-20 10:12:41.136030,289.65,858468.0,932323.0
2025-06-20 10:12:42.288168,289.65,858468.0,932323.0
2025-06-20 10:12:42.599336,289.7,858468.0,932323.0
2025-06-20 10:12:42.949785,289.7,858468.0,932323.0
2025-06-20 10:12:43.429516,289.7,858468.0,932323.0
2025-06-20 10:12:44.621809,289.7,858468.0,932323.0
2025-06-20 10:12:44.677756,289.75,858468.0,932323.0
2025-06-20 10:12:45.371305,289.75,858468.0,932323.0
2025-06-20 10:12:45.460277,289.75,857118.0,933576.0
2025-06-20 10:12:46.611334,289.75,857118.0,933576.0
2025-06-20 10:12:46.665299,289.75,857118.0,933576.0
2025-06-20 10:12:47.621428,289.75,857118.0,933576.0
2025-06-20 10:12:48.604237,289.75,857118.0,933576.0
2025-06-20 10:12:49.153667,289.75,857118.0,933576.0
2025-06-20 10:12:50.473057,289.75,857118.0,933576.0
2025-06-20 10:12:50.601648,289.75,857118.0,933576.0
2025-06-20 10:12:51.438600,289.8,858083.0,932891.0
2025-06-20 10:12:51.709439,289.8,858083.0,932891.0
2025-06-20 10:12:52.611625,289.7,858083.0,932891.0
2025-06-20 10:12:53.258272,289.7,858083.0,932891.0
2025-06-20 10:12:54.612102,289.7,858083.0,932891.0
2025-06-20 10:12:56.609715,289.65,858083.0,932891.0
2025-06-20 10:12:57.243025,289.65,857109.0,933057.0
2025-06-20 10:12:58.604153,289.75,857109.0,933057.0
2025-06-20 10:13:00.609593,289.65,857109.0,933057.0
2025-06-20 10:13:02.656712,289.75,859177.0,931116.0
2025-06-20 10:13:04.608500,289.65,859177.0,931116.0
2025-06-20 10:13:06.606349,289.75,859177.0,931116.0
2025-06-20 10:13:08.390291,289.75,857152.0,930470.0
2025-06-20 10:13:10.611654,289.75,857152.0,930470.0
2025-06-20 10:13:12.604279,289.75,857152.0,930470.0
2025-06-20 10:13:14.071248,289.65,862274.0,927966.0
2025-06-20 10:13:14.617331,289.75,862274.0,927966.0
2025-06-20 10:13:16.612356,289.65,862274.0,927966.0
2025-06-20 10:13:18.606215,289.7,862274.0,927966.0
2025-06-20 10:13:20.070127,289.75,860247.0,922174.0
2025-06-20 10:13:20.607251,289.75,860247.0,922174.0
2025-06-20 10:13:22.613573,289.75,860247.0,922174.0
2025-06-20 10:13:24.611824,289.8,860247.0,922174.0
2025-06-20 10:13:26.269041,289.8,872548.0,924947.0
2025-06-20 10:13:26.612340,289.75,872548.0,924947.0
2025-06-20 10:13:28.601185,289.8,872548.0,924947.0
2025-06-20 10:13:30.606010,289.75,872548.0,924947.0
2025-06-20 10:13:32.470740,289.8,866236.0,930132.0
2025-06-20 10:13:32.620075,289.8,866236.0,930132.0
2025-06-20 10:13:34.602582,289.8,866236.0,930132.0
2025-06-20 10:13:36.611050,289.75,866236.0,930132.0
2025-06-20 10:13:38.600067,289.75,866236.0,930132.0
2025-06-20 10:13:38.773618,289.75,867101.0,929879.0
2025-06-20 10:13:40.607485,289.75,867101.0,929879.0
2025-06-20 10:13:42.604157,289.75,867101.0,929879.0
2025-06-20 10:13:44.678049,289.75,866566.0,929322.0
2025-06-20 10:13:46.603497,289.8,866566.0,929322.0
2025-06-20 10:13:48.619011,289.75,866566.0,929322.0
2025-06-20 10:13:50.281311,289.75,868103.0,931464.0
2025-06-20 10:13:50.625495,289.75,868103.0,931464.0
2025-06-20 10:13:52.615594,289.8,868103.0,931464.0
2025-06-20 10:13:54.602888,289.8,868103.0,931464.0
2025-06-20 10:13:55.789017,289.7,870288.0,931492.0
2025-06-20 10:13:56.612840,289.8,870288.0,931492.0
2025-06-20 10:13:58.622171,290.05,870288.0,931492.0
2025-06-20 10:14:00.607510,290.25,870288.0,931492.0
2025-06-20 10:14:01.413474,290.2,881035.0,877801.0
2025-06-20 10:14:02.659134,290.2,881035.0,877801.0
2025-06-20 10:14:04.632392,290.2,881035.0,877801.0
2025-06-20 10:14:06.622518,290.2,881035.0,877801.0
2025-06-20 10:14:07.095312,290.2,877906.0,879495.0
2025-06-20 10:14:08.618084,290.2,877906.0,879495.0
2025-06-20 10:14:10.611383,290.25,877906.0,879495.0
2025-06-20 10:14:12.629057,290.3,877906.0,879495.0
2025-06-20 10:14:12.912216,290.3,883270.0,878601.0
2025-06-20 10:14:14.614385,290.2,883270.0,878601.0
2025-06-20 10:14:16.614771,290.2,883270.0,878601.0
2025-06-20 10:14:18.606378,290.35,883270.0,878601.0
2025-06-20 10:14:18.703348,290.25,888737.0,876639.0
2025-06-20 10:14:20.611324,290.35,888737.0,876639.0
2025-06-20 10:14:22.612918,290.35,888737.0,876639.0
2025-06-20 10:14:24.619558,290.35,888737.0,876639.0
2025-06-20 10:14:24.703067,290.35,890821.0,885218.0
2025-06-20 10:14:26.608697,290.2,890821.0,885218.0
2025-06-20 10:14:28.602457,290.35,890821.0,885218.0
2025-06-20 10:14:30.613672,290.2,890821.0,885218.0
2025-06-20 10:14:30.617646,290.2,889899.0,888248.0
2025-06-20 10:14:32.607213,290.2,889899.0,888248.0
2025-06-20 10:14:34.661950,290.35,889899.0,888248.0
2025-06-20 10:14:36.209867,290.3,893383.0,884010.0
2025-06-20 10:14:36.629916,290.35,893383.0,884010.0
2025-06-20 10:14:38.610326,290.3,893383.0,884010.0
2025-06-20 10:14:40.609696,290.3,893383.0,884010.0
2025-06-20 10:14:41.939351,290.3,892321.0,887046.0
2025-06-20 10:14:42.614249,290.35,892321.0,887046.0
2025-06-20 10:14:44.615456,290.35,892321.0,887046.0
2025-06-20 10:14:46.606394,290.35,892321.0,887046.0
2025-06-20 10:14:47.521898,290.35,894540.0,889136.0
2025-06-20 10:14:48.615160,290.3,894540.0,889136.0
2025-06-20 10:14:50.607982,290.35,894540.0,889136.0
2025-06-20 10:14:52.610133,290.35,894540.0,889136.0
2025-06-20 10:14:53.525495,290.3,893528.0,892967.0
2025-06-20 10:14:54.619452,290.35,893528.0,892967.0
2025-06-20 10:14:56.608426,290.35,893528.0,892967.0
2025-06-20 10:14:58.614093,290.4,893528.0,892967.0
2025-06-20 10:14:59.638632,290.45,895701.0,889209.0
2025-06-20 10:15:00.610536,290.45,895701.0,889209.0
2025-06-20 10:15:01.365777,290.45,896540.0,890943.0
2025-06-20 10:15:02.429350,290.45,896618.0,891879.0
2025-06-20 10:15:02.610135,290.45,896618.0,891879.0
2025-06-20 10:15:03.528401,290.45,902036.0,887009.0
2025-06-20 10:15:03.662550,290.45,902036.0,887009.0
2025-06-20 10:15:04.529199,290.45,897186.0,891209.0
2025-06-20 10:15:04.607328,290.45,897186.0,891209.0
2025-06-20 10:15:05.611805,290.45,897186.0,891209.0
2025-06-20 10:15:05.640566,290.6,897502.0,882204.0
2025-06-20 10:15:06.611860,290.6,897502.0,882204.0
2025-06-20 10:15:06.637671,290.6,897369.0,886415.0
2025-06-20 10:15:07.613277,290.6,897369.0,886415.0
2025-06-20 10:15:07.643069,290.6,897039.0,885978.0
2025-06-20 10:15:08.608381,290.6,897039.0,885978.0
2025-06-20 10:15:08.644938,290.6,876748.0,886408.0
2025-06-20 10:15:09.609761,290.6,876748.0,886408.0
2025-06-20 10:15:09.730189,290.6,876930.0,887404.0
2025-06-20 10:15:10.611373,290.5,876930.0,887404.0
2025-06-20 10:15:10.731466,290.5,874135.0,861631.0
2025-06-20 10:15:11.934182,290.6,876494.0,886561.0
2025-06-20 10:15:12.607343,290.6,876494.0,886561.0
2025-06-20 10:15:13.535084,290.5,879973.0,890131.0
2025-06-20 10:15:13.606747,290.5,879973.0,890131.0
2025-06-20 10:15:14.605074,290.5,879973.0,890131.0
2025-06-20 10:15:14.642406,290.5,880594.0,888288.0
2025-06-20 10:15:15.610112,290.7,880594.0,888288.0
2025-06-20 10:15:15.735831,290.7,880555.0,882222.0
2025-06-20 10:15:16.614401,290.6,880555.0,882222.0
2025-06-20 10:15:16.850216,290.6,881097.0,885476.0
2025-06-20 10:15:17.608359,290.7,881097.0,885476.0
2025-06-20 10:15:17.739992,290.7,881310.0,884296.0
2025-06-20 10:15:18.611446,290.7,881310.0,884296.0
2025-06-20 10:15:18.741197,290.7,879728.0,888049.0
2025-06-20 10:15:19.608885,290.6,879728.0,888049.0
2025-06-20 10:15:19.742534,290.6,875145.0,888190.0
2025-06-20 10:15:20.612434,290.65,875145.0,888190.0
2025-06-20 10:15:20.852079,290.65,876486.0,887760.0
2025-06-20 10:15:21.610299,290.7,876486.0,887760.0
2025-06-20 10:15:21.942393,290.7,876857.0,892379.0
2025-06-20 10:15:22.626011,290.7,876857.0,892379.0
2025-06-20 10:15:23.046043,290.7,879335.0,888222.0
2025-06-20 10:15:23.608680,290.7,879335.0,888222.0
2025-06-20 10:15:23.942937,290.65,878758.0,890716.0
2025-06-20 10:15:24.614614,290.7,878758.0,890716.0
2025-06-20 10:15:25.046820,290.7,879860.0,890018.0
2025-06-20 10:15:26.143670,290.7,881708.0,890599.0
2025-06-20 10:15:27.244827,290.7,878958.0,891234.0
2025-06-20 10:15:27.611766,290.7,878958.0,891234.0
2025-06-20 10:15:28.348279,290.65,876184.0,889999.0
2025-06-20 10:15:28.608289,290.7,876184.0,889999.0
2025-06-20 10:15:29.446428,290.7,879468.0,886348.0
2025-06-20 10:15:29.618009,290.7,879468.0,886348.0
2025-06-20 10:15:30.458751,290.7,880588.0,886698.0
2025-06-20 10:15:30.612782,290.7,880588.0,886698.0
2025-06-20 10:15:31.469885,290.65,880894.0,885635.0
2025-06-20 10:15:31.615848,290.65,880894.0,885635.0
2025-06-20 10:15:32.548601,290.7,881358.0,885084.0
2025-06-20 10:15:32.611020,290.7,881358.0,885084.0
2025-06-20 10:15:33.548110,290.7,883197.0,887766.0
2025-06-20 10:15:34.610478,290.7,883197.0,887766.0
2025-06-20 10:15:34.651633,290.7,882032.0,889365.0
2025-06-20 10:15:35.615192,290.65,882032.0,889365.0
2025-06-20 10:15:35.662886,290.65,881096.0,889926.0
2025-06-20 10:15:36.551943,290.85,893409.0,871169.0
2025-06-20 10:15:36.615575,290.85,893409.0,871169.0
2025-06-20 10:15:37.616765,290.85,893409.0,871169.0
2025-06-20 10:15:37.657118,290.85,894256.0,873819.0
2025-06-20 10:15:38.608963,290.9,894256.0,873819.0
2025-06-20 10:15:38.660838,290.9,894687.0,865946.0
2025-06-20 10:15:39.617389,291.0,894687.0,865946.0
2025-06-20 10:15:39.665557,291.0,896903.0,872043.0
2025-06-20 10:15:40.624636,290.9,896903.0,872043.0
2025-06-20 10:15:40.671170,291.0,892699.0,873005.0
2025-06-20 10:15:40.963613,291.0,892699.0,873005.0
2025-06-20 10:15:41.336459,291.0,892699.0,873005.0
2025-06-20 10:15:41.612747,291.2,892699.0,873005.0
2025-06-20 10:15:41.759198,291.2,893982.0,812300.0
2025-06-20 10:15:41.912586,291.2,893982.0,812300.0
2025-06-20 10:15:42.166291,291.2,893982.0,812300.0
2025-06-20 10:15:42.616874,291.2,893982.0,812300.0
2025-06-20 10:15:42.758320,291.2,893982.0,812300.0
2025-06-20 10:15:42.784724,291.35,894840.0,801270.0
2025-06-20 10:15:43.439078,291.35,894840.0,801270.0
2025-06-20 10:15:43.612924,291.35,894840.0,801270.0
2025-06-20 10:15:43.757118,291.2,894857.0,802892.0
2025-06-20 10:15:43.851142,291.2,894857.0,802892.0
2025-06-20 10:15:44.456026,291.2,894857.0,802892.0
2025-06-20 10:15:44.611772,291.3,894857.0,802892.0
2025-06-20 10:15:44.816128,291.3,894857.0,802892.0
2025-06-20 10:15:44.886483,291.3,893350.0,811475.0
2025-06-20 10:15:45.613584,291.3,893350.0,811475.0
2025-06-20 10:15:45.766273,291.3,893350.0,811475.0
2025-06-20 10:15:45.959363,291.45,902723.0,797245.0
2025-06-20 10:15:46.613155,291.3,902723.0,797245.0
2025-06-20 10:15:46.959690,291.3,894975.0,806628.0
2025-06-20 10:15:47.107578,291.3,894975.0,806628.0
2025-06-20 10:15:47.613337,291.35,894975.0,806628.0
2025-06-20 10:15:47.869393,291.45,895722.0,806206.0
2025-06-20 10:15:48.075550,291.45,895722.0,806206.0
2025-06-20 10:15:48.610393,291.4,895722.0,806206.0
2025-06-20 10:15:48.963972,291.4,893375.0,810331.0
2025-06-20 10:15:49.649056,291.4,893375.0,810331.0
2025-06-20 10:15:49.661442,291.35,893375.0,810331.0
2025-06-20 10:15:49.960488,291.35,893564.0,811282.0
2025-06-20 10:15:50.614649,291.35,893564.0,811282.0
2025-06-20 10:15:50.879856,291.35,893564.0,811282.0
2025-06-20 10:15:50.960717,291.3,893900.0,814055.0
2025-06-20 10:15:51.614255,291.4,893900.0,814055.0
2025-06-20 10:15:52.063052,291.35,892366.0,817823.0
2025-06-20 10:15:52.104709,291.35,892366.0,817823.0
2025-06-20 10:15:52.615126,291.35,892366.0,817823.0
2025-06-20 10:15:53.060791,291.3,885672.0,822977.0
2025-06-20 10:15:53.611368,291.3,885672.0,822977.0
2025-06-20 10:15:53.692092,291.3,885672.0,822977.0
2025-06-20 10:15:53.963491,291.3,886799.0,823489.0
2025-06-20 10:15:54.610851,291.3,886799.0,823489.0
2025-06-20 10:15:54.962018,291.3,887918.0,823306.0
2025-06-20 10:15:55.843559,291.2,887918.0,823306.0
2025-06-20 10:15:55.966069,291.1,879761.0,838808.0
2025-06-20 10:15:56.614912,291.2,879761.0,838808.0
2025-06-20 10:15:57.066688,291.1,880669.0,842679.0
2025-06-20 10:15:57.681405,291.1,880669.0,842679.0
2025-06-20 10:15:58.167783,291.2,882089.0,834785.0
2025-06-20 10:15:58.611046,291.2,882089.0,834785.0
2025-06-20 10:15:59.286932,291.25,891030.0,833957.0
2025-06-20 10:15:59.615866,291.25,891030.0,833957.0
2025-06-20 10:16:00.269567,291.3,892450.0,830885.0
2025-06-20 10:16:00.612189,291.35,892450.0,830885.0
2025-06-20 10:16:01.616172,291.25,892450.0,830885.0
2025-06-20 10:16:01.766991,291.25,900205.0,819790.0
2025-06-20 10:16:02.616554,291.3,900205.0,819790.0
2025-06-20 10:16:02.774708,291.3,899110.0,826176.0
2025-06-20 10:16:03.617256,291.3,899110.0,826176.0
2025-06-20 10:16:03.871695,291.3,899210.0,823811.0
2025-06-20 10:16:04.619629,291.3,899210.0,823811.0
2025-06-20 10:16:04.970918,291.3,896382.0,827154.0
2025-06-20 10:16:06.071859,291.3,900754.0,821782.0
2025-06-20 10:16:06.616148,291.3,900754.0,821782.0
2025-06-20 10:16:06.971193,291.3,898160.0,824430.0
2025-06-20 10:16:07.616139,291.25,898160.0,824430.0
2025-06-20 10:16:07.970400,291.25,902633.0,811883.0
2025-06-20 10:16:08.608991,291.3,902633.0,811883.0
2025-06-20 10:16:09.070951,291.3,899608.0,819696.0
2025-06-20 10:16:09.614971,291.3,899608.0,819696.0
2025-06-20 10:16:10.072639,291.4,899286.0,820114.0
2025-06-20 10:16:10.617239,291.4,899286.0,820114.0
2025-06-20 10:16:11.175179,291.4,891556.0,838331.0
2025-06-20 10:16:12.272509,291.3,889821.0,840056.0
2025-06-20 10:16:12.615791,291.15,889821.0,840056.0
2025-06-20 10:16:13.574991,291.2,862812.0,851056.0
2025-06-20 10:16:13.612848,291.2,862812.0,851056.0
2025-06-20 10:16:14.380022,291.25,889989.0,849255.0
2025-06-20 10:16:14.614713,291.25,889989.0,849255.0
2025-06-20 10:16:15.388634,291.15,886822.0,858812.0
2025-06-20 10:16:15.615274,291.15,886822.0,858812.0
2025-06-20 10:16:16.383955,291.1,884432.0,859692.0
2025-06-20 10:16:16.614743,291.1,884432.0,859692.0
2025-06-20 10:16:17.389490,291.05,890599.0,857334.0
2025-06-20 10:16:17.618736,291.2,890599.0,857334.0
2025-06-20 10:16:18.479421,291.05,892173.0,856078.0
2025-06-20 10:16:18.614105,291.2,892173.0,856078.0
2025-06-20 10:16:19.584413,291.2,892526.0,856574.0
2025-06-20 10:16:19.612742,291.2,892526.0,856574.0
2025-06-20 10:16:20.688693,291.2,895518.0,851792.0
2025-06-20 10:16:21.786078,291.1,896033.0,853658.0
2025-06-20 10:16:22.617836,291.2,896033.0,853658.0
2025-06-20 10:16:22.888267,291.1,892660.0,853699.0
2025-06-20 10:16:23.611160,291.1,892660.0,853699.0
2025-06-20 10:16:23.981884,291.1,884211.0,865001.0
2025-06-20 10:16:24.624311,291.15,884211.0,865001.0
2025-06-20 10:16:25.082146,291.15,888066.0,862928.0
2025-06-20 10:16:26.083885,291.15,888164.0,863978.0
2025-06-20 10:16:26.646293,291.1,888164.0,863978.0
2025-06-20 10:16:27.289273,291.1,888931.0,865357.0
2025-06-20 10:16:28.281308,291.15,892089.0,865424.0
2025-06-20 10:16:28.610304,291.15,892089.0,865424.0
2025-06-20 10:16:29.398004,291.15,893725.0,865065.0
2025-06-20 10:16:29.614053,291.05,893725.0,865065.0
2025-06-20 10:16:30.392082,291.05,890614.0,866408.0
2025-06-20 10:16:31.416248,291.05,891449.0,868829.0
2025-06-20 10:16:31.644210,291.1,891449.0,868829.0
2025-06-20 10:16:32.283186,291.0,883825.0,878698.0
2025-06-20 10:16:32.613722,291.0,883825.0,878698.0
2025-06-20 10:16:33.285034,290.9,886422.0,876488.0
2025-06-20 10:16:33.614719,290.9,886422.0,876488.0
2025-06-20 10:16:34.412883,290.9,886164.0,881448.0
2025-06-20 10:16:35.485768,291.0,879342.0,883067.0
2025-06-20 10:16:35.613929,291.0,879342.0,883067.0
2025-06-20 10:16:36.600710,290.9,882161.0,880379.0
2025-06-20 10:16:36.625522,290.9,882161.0,880379.0
2025-06-20 10:16:37.620230,291.0,882161.0,880379.0
2025-06-20 10:16:37.689885,291.0,884075.0,880310.0
2025-06-20 10:16:38.624759,290.9,884075.0,880310.0
2025-06-20 10:16:38.688529,290.9,884703.0,882086.0
2025-06-20 10:16:39.650834,290.9,884703.0,882086.0
2025-06-20 10:16:39.788254,290.9,884909.0,881883.0
2025-06-20 10:16:40.790649,290.9,884907.0,881913.0
2025-06-20 10:16:41.791802,290.9,884515.0,881933.0
2025-06-20 10:16:42.791450,291.0,884326.0,884043.0
2025-06-20 10:16:43.615708,291.0,884326.0,884043.0
2025-06-20 10:16:43.793812,291.0,884326.0,883429.0
2025-06-20 10:16:44.665851,290.9,884326.0,883429.0
2025-06-20 10:16:44.790506,290.9,885524.0,882931.0
2025-06-20 10:16:45.620303,290.9,885524.0,882931.0
2025-06-20 10:16:45.794970,290.9,870048.0,890581.0
2025-06-20 10:16:46.617221,290.85,870048.0,890581.0
2025-06-20 10:16:46.794046,290.85,872371.0,893864.0
2025-06-20 10:16:47.619567,290.9,872371.0,893864.0
2025-06-20 10:16:47.794320,290.9,877525.0,893856.0
2025-06-20 10:16:48.618258,290.75,877525.0,893856.0
2025-06-20 10:16:48.794529,290.75,869984.0,897171.0
2025-06-20 10:16:49.799590,290.75,872193.0,897826.0
2025-06-20 10:16:50.614172,290.75,872193.0,897826.0
2025-06-20 10:16:50.908846,290.75,871015.0,896641.0
2025-06-20 10:16:51.927158,290.9,872867.0,896596.0
2025-06-20 10:16:52.618501,290.9,872867.0,896596.0
2025-06-20 10:16:52.922298,290.9,872102.0,896325.0
2025-06-20 10:16:53.613649,290.75,872102.0,896325.0
2025-06-20 10:16:53.913026,290.9,872805.0,896683.0
2025-06-20 10:16:54.673758,290.8,872805.0,896683.0
2025-06-20 10:16:54.915320,290.8,871465.0,895386.0
2025-06-20 10:16:56.003217,290.8,872802.0,895575.0
2025-06-20 10:16:56.618104,290.9,872802.0,895575.0
2025-06-20 10:16:57.103518,290.9,873990.0,893206.0
2025-06-20 10:16:57.661225,290.9,873990.0,893206.0
2025-06-20 10:16:58.102260,290.95,875787.0,887996.0
2025-06-20 10:16:58.617775,290.95,875787.0,887996.0
2025-06-20 10:16:59.204879,290.8,873571.0,891643.0
2025-06-20 10:16:59.622050,290.8,873571.0,891643.0
2025-06-20 10:17:00.203148,290.8,874665.0,891434.0
2025-06-20 10:17:01.606254,290.8,873981.0,893518.0
2025-06-20 10:17:01.617958,290.8,873981.0,893518.0
2025-06-20 10:17:02.607254,290.95,874105.0,893566.0
2025-06-20 10:17:02.619846,290.95,874105.0,893566.0
2025-06-20 10:17:03.610190,290.95,877198.0,892930.0
2025-06-20 10:17:03.614656,290.95,877198.0,892930.0
2025-06-20 10:17:04.608508,290.85,872726.0,893649.0
2025-06-20 10:17:04.619863,290.85,872726.0,893649.0
2025-06-20 10:17:05.609511,290.95,872079.0,894099.0
2025-06-20 10:17:05.616938,290.95,872079.0,894099.0
2025-06-20 10:17:06.620938,290.95,872079.0,894099.0
2025-06-20 10:17:06.622453,290.95,872428.0,892107.0
2025-06-20 10:17:07.617021,290.95,882365.0,892383.0
2025-06-20 10:17:08.621330,290.8,882139.0,892452.0
2025-06-20 10:17:08.630276,290.8,882139.0,892452.0
2025-06-20 10:17:09.631008,290.8,882139.0,892452.0
2025-06-20 10:17:10.513252,290.85,883187.0,901235.0
2025-06-20 10:17:10.627594,290.85,883187.0,901235.0
2025-06-20 10:17:11.510427,290.85,883062.0,902346.0
2025-06-20 10:17:11.624685,290.8,883062.0,902346.0
2025-06-20 10:17:12.512068,290.95,881626.0,901251.0
2025-06-20 10:17:12.629880,290.95,881626.0,901251.0
2025-06-20 10:17:13.513809,290.95,880380.0,902966.0
2025-06-20 10:17:13.619479,290.95,880380.0,902966.0
2025-06-20 10:17:14.499233,290.95,881149.0,903309.0
2025-06-20 10:17:14.639495,290.95,881149.0,903309.0
2025-06-20 10:17:15.325258,290.95,881901.0,904674.0
2025-06-20 10:17:15.619311,290.95,881901.0,904674.0
2025-06-20 10:17:16.329029,290.95,882959.0,904868.0
2025-06-20 10:17:17.427905,290.95,883219.0,906112.0
2025-06-20 10:17:17.632176,290.95,883219.0,906112.0
2025-06-20 10:17:18.327878,290.85,882812.0,908842.0
2025-06-20 10:17:18.623105,290.85,882812.0,908842.0
2025-06-20 10:17:19.327603,290.85,883054.0,908867.0
2025-06-20 10:17:19.624689,290.85,883054.0,908867.0
2025-06-20 10:17:20.221122,290.85,881974.0,908985.0
2025-06-20 10:17:21.220266,290.85,882084.0,910133.0
2025-06-20 10:17:22.122774,290.85,882505.0,911805.0
2025-06-20 10:17:22.620935,290.95,882505.0,911805.0
2025-06-20 10:17:23.629678,290.85,882505.0,911805.0
2025-06-20 10:17:24.621458,290.95,882505.0,911805.0
2025-06-20 10:17:25.638323,290.95,882505.0,911805.0
2025-06-20 10:17:26.154656,290.95,889879.0,910088.0
2025-06-20 10:17:28.026754,290.95,889410.0,908657.0
2025-06-20 10:17:28.616569,290.95,889410.0,908657.0
2025-06-20 10:17:29.023200,290.95,889484.0,908346.0
2025-06-20 10:17:30.029354,290.85,889998.0,909325.0
2025-06-20 10:17:30.620401,290.95,889998.0,909325.0
2025-06-20 10:17:31.028024,290.95,888677.0,909799.0
2025-06-20 10:17:32.028751,290.85,889671.0,910119.0
2025-06-20 10:17:32.620151,290.95,889671.0,910119.0
2025-06-20 10:17:33.062175,290.95,890141.0,909793.0
2025-06-20 10:17:33.641858,290.95,890141.0,909793.0
2025-06-20 10:17:33.927317,290.95,895470.0,901491.0
2025-06-20 10:17:34.926759,290.95,896908.0,898934.0
2025-06-20 10:17:35.620371,290.95,896908.0,898934.0
2025-06-20 10:17:35.930747,290.95,895205.0,889379.0
2025-06-20 10:17:36.620063,290.9,895205.0,889379.0
2025-06-20 10:17:37.006553,290.9,896803.0,890054.0
2025-06-20 10:17:37.619132,290.85,896803.0,890054.0
2025-06-20 10:17:37.871674,290.9,891545.0,895950.0
2025-06-20 10:17:38.646309,290.9,891545.0,895950.0
2025-06-20 10:17:38.839389,290.9,891511.0,896071.0
2025-06-20 10:17:39.626964,290.9,891511.0,896071.0
2025-06-20 10:17:40.633403,291.0,891511.0,896071.0
2025-06-20 10:17:40.731506,291.0,897374.0,893530.0
2025-06-20 10:17:41.730539,291.0,898581.0,891871.0
2025-06-20 10:17:42.623720,291.0,898581.0,891871.0
2025-06-20 10:17:42.665744,291.0,898806.0,891150.0
2025-06-20 10:17:43.693265,290.9,898806.0,891150.0
2025-06-20 10:17:44.621062,290.9,898806.0,891150.0
2025-06-20 10:17:44.638830,290.9,899465.0,894040.0
2025-06-20 10:17:45.628432,290.9,899465.0,894040.0
2025-06-20 10:17:45.655918,290.9,897330.0,894675.0
2025-06-20 10:17:46.621719,290.9,897330.0,894675.0
2025-06-20 10:17:48.622531,291.0,897330.0,894675.0
2025-06-20 10:17:48.643957,291.0,898674.0,894437.0
2025-06-20 10:17:49.626158,290.95,898674.0,894437.0
2025-06-20 10:17:49.645476,290.95,898517.0,894228.0
2025-06-20 10:17:50.627134,291.0,898517.0,894228.0
2025-06-20 10:17:50.646464,291.0,900397.0,894517.0
2025-06-20 10:17:51.627239,290.9,900397.0,894517.0
2025-06-20 10:17:51.648015,290.9,900194.0,894763.0
2025-06-20 10:17:52.625060,291.0,900194.0,894763.0
2025-06-20 10:17:53.624674,291.0,900194.0,894763.0
2025-06-20 10:17:54.622381,290.95,900194.0,894763.0
2025-06-20 10:17:54.651276,290.95,896581.0,892728.0
2025-06-20 10:17:55.622027,290.95,896581.0,892728.0
2025-06-20 10:17:55.646273,290.95,896264.0,893409.0
2025-06-20 10:17:56.627596,290.95,896264.0,893409.0
2025-06-20 10:17:56.650038,290.95,897283.0,895362.0
2025-06-20 10:17:57.539276,290.95,897283.0,895427.0
2025-06-20 10:17:58.472895,291.05,892857.0,893527.0
2025-06-20 10:17:58.626911,291.05,892857.0,893527.0
2025-06-20 10:17:59.351960,290.9,891610.0,899150.0
2025-06-20 10:17:59.623818,290.9,891610.0,899150.0
2025-06-20 10:18:00.541369,290.9,893613.0,897314.0
2025-06-20 10:18:02.629909,291.0,893613.0,897314.0
2025-06-20 10:18:05.045232,290.95,896908.0,893140.0
2025-06-20 10:18:05.627090,290.95,896908.0,893140.0
2025-06-20 10:18:08.626259,291.0,896908.0,893140.0
2025-06-20 10:18:11.149525,291.0,898001.0,896416.0
2025-06-20 10:18:11.627486,291.0,898001.0,896416.0
2025-06-20 10:18:14.680477,290.95,898001.0,896416.0
2025-06-20 10:18:16.954987,290.95,894551.0,899735.0
2025-06-20 10:18:17.628385,290.95,894551.0,899735.0
2025-06-20 10:18:20.631677,291.0,894551.0,899735.0
2025-06-20 10:18:23.057957,290.95,893161.0,899917.0
2025-06-20 10:18:23.627092,290.95,893161.0,899917.0
2025-06-20 10:18:26.659906,291.1,893161.0,899917.0
2025-06-20 10:18:29.655851,291.3,893161.0,899917.0
2025-06-20 10:18:30.059947,291.3,887749.0,878130.0
2025-06-20 10:18:32.632495,291.05,887749.0,878130.0
2025-06-20 10:18:35.631423,291.15,887749.0,878130.0
2025-06-20 10:18:36.263896,291.15,887927.0,885178.0
2025-06-20 10:18:38.633339,291.15,887927.0,885178.0
2025-06-20 10:18:41.578504,291.15,887927.0,885178.0
2025-06-20 10:18:41.628976,291.1,887927.0,885178.0
2025-06-20 10:18:41.679237,291.1,887927.0,885178.0
2025-06-20 10:18:42.116106,291.1,895069.0,883680.0
2025-06-20 10:18:42.136527,291.1,895069.0,883680.0
2025-06-20 10:18:43.309913,291.1,895069.0,883680.0
2025-06-20 10:18:44.435868,291.1,895069.0,883680.0
2025-06-20 10:18:44.701476,291.15,895069.0,883680.0
2025-06-20 10:18:45.010703,291.15,895069.0,883680.0
2025-06-20 10:18:45.431154,291.15,895069.0,883680.0
2025-06-20 10:18:46.347794,291.15,895069.0,883680.0
2025-06-20 10:18:47.629788,291.1,895069.0,883680.0
2025-06-20 10:18:47.707010,291.1,895069.0,883680.0
2025-06-20 10:18:47.876991,291.1,897124.0,885407.0
2025-06-20 10:18:48.691657,291.1,897124.0,885407.0
2025-06-20 10:18:50.204360,291.1,897124.0,885407.0
2025-06-20 10:18:50.633988,291.15,897124.0,885407.0
2025-06-20 10:18:51.449022,291.15,897124.0,885407.0
2025-06-20 10:18:52.719104,291.15,897124.0,885407.0
2025-06-20 10:18:53.640425,291.3,897124.0,885407.0
2025-06-20 10:18:53.773408,291.3,902618.0,879617.0
2025-06-20 10:18:54.406737,291.3,902618.0,879617.0
2025-06-20 10:18:56.632164,291.3,902618.0,879617.0
2025-06-20 10:18:59.673642,291.2,902618.0,879617.0
2025-06-20 10:18:59.874264,291.2,899192.0,879500.0
2025-06-20 10:19:02.647525,291.3,899192.0,879500.0
2025-06-20 10:19:05.652148,291.2,899192.0,879500.0
2025-06-20 10:19:06.279854,291.4,911684.0,881487.0
2025-06-20 10:19:08.632920,291.25,911684.0,881487.0
2025-06-20 10:19:11.643932,291.25,911684.0,881487.0
2025-06-20 10:19:12.482043,291.25,906076.0,879056.0
2025-06-20 10:19:14.650626,291.25,906076.0,879056.0
2025-06-20 10:19:17.677740,291.25,906076.0,879056.0
2025-06-20 10:19:18.640881,291.25,907904.0,889987.0
2025-06-20 10:19:20.675701,291.3,907904.0,889987.0
2025-06-20 10:19:23.654302,291.3,907904.0,889987.0
2025-06-20 10:19:24.494932,291.4,903710.0,889292.0
2025-06-20 10:19:26.676740,291.3,903710.0,889292.0
2025-06-20 10:19:29.880907,291.4,903710.0,889292.0
2025-06-20 10:19:30.697586,291.4,901937.0,884987.0
2025-06-20 10:19:32.657665,291.5,901937.0,884987.0
2025-06-20 10:19:35.659478,291.6,901937.0,884987.0
2025-06-20 10:19:36.802730,291.65,906346.0,862499.0
2025-06-20 10:19:38.640303,291.55,906346.0,862499.0
2025-06-20 10:19:41.680498,291.5,906346.0,862499.0
2025-06-20 10:19:42.906761,291.65,901449.0,857413.0
2025-06-20 10:19:44.636683,291.65,901449.0,857413.0
2025-06-20 10:19:47.648846,291.65,901449.0,857413.0
2025-06-20 10:19:48.616068,291.5,901441.0,863243.0
2025-06-20 10:19:50.643932,291.6,901441.0,863243.0
2025-06-20 10:19:53.637821,291.6,901441.0,863243.0
2025-06-20 10:19:54.222486,291.6,903251.0,866756.0
2025-06-20 10:19:56.638740,291.65,903251.0,866756.0
2025-06-20 10:19:59.642087,291.5,903251.0,866756.0
2025-06-20 10:20:00.331333,291.5,903525.0,867295.0
2025-06-20 10:20:01.336157,291.65,905941.0,863861.0
2025-06-20 10:20:01.678243,291.6,905941.0,863861.0
2025-06-20 10:20:02.331139,291.6,902107.0,865164.0
2025-06-20 10:20:02.641042,291.6,902107.0,865164.0
2025-06-20 10:20:03.333172,291.6,902997.0,865920.0
2025-06-20 10:20:03.639095,291.6,902997.0,865920.0
2025-06-20 10:20:04.336181,291.6,902606.0,867660.0
2025-06-20 10:20:05.232484,291.75,910513.0,864676.0
2025-06-20 10:20:05.641117,291.75,910513.0,864676.0
2025-06-20 10:20:06.232160,291.65,903549.0,874514.0
2025-06-20 10:20:06.637733,291.65,903549.0,874514.0
2025-06-20 10:20:07.134627,291.65,902857.0,875366.0
2025-06-20 10:20:07.637159,291.65,902857.0,875366.0
2025-06-20 10:20:08.037664,291.65,894323.0,870473.0
2025-06-20 10:20:08.642467,291.65,894323.0,870473.0
2025-06-20 10:20:09.034289,291.65,892664.0,872003.0
2025-06-20 10:20:09.638333,291.65,892664.0,872003.0
2025-06-20 10:20:09.934362,291.65,891054.0,871419.0
2025-06-20 10:20:11.017470,291.65,891289.0,872421.0
2025-06-20 10:20:11.941731,291.65,892834.0,872758.0
2025-06-20 10:20:12.675840,291.6,892834.0,872758.0
2025-06-20 10:20:12.949011,291.65,892777.0,871756.0
2025-06-20 10:20:13.637460,291.65,892777.0,871756.0
2025-06-20 10:20:14.100949,291.65,890946.0,871355.0
2025-06-20 10:20:14.903402,291.75,894122.0,871038.0
2025-06-20 10:20:15.669533,291.55,894122.0,871038.0
2025-06-20 10:20:15.846026,291.55,885742.0,887288.0
2025-06-20 10:20:16.677100,291.5,885742.0,887288.0
2025-06-20 10:20:16.766455,291.5,888169.0,891099.0
2025-06-20 10:20:17.649079,291.55,888169.0,891099.0
2025-06-20 10:20:17.796334,291.55,888541.0,890905.0
2025-06-20 10:20:18.639133,291.6,888541.0,890905.0
2025-06-20 10:20:18.667512,291.6,889761.0,889527.0
2025-06-20 10:20:19.539789,291.6,889334.0,890546.0
2025-06-20 10:20:19.639797,291.6,889334.0,890546.0
2025-06-20 10:20:20.540693,291.6,889319.0,892418.0
2025-06-20 10:20:20.640312,291.6,889319.0,892418.0
2025-06-20 10:20:21.541861,291.45,889236.0,893000.0
2025-06-20 10:20:21.640090,291.45,889236.0,893000.0
2025-06-20 10:20:22.543753,291.6,893421.0,890351.0
2025-06-20 10:20:22.636685,291.6,893421.0,890351.0
2025-06-20 10:20:23.544917,291.6,892666.0,891838.0
2025-06-20 10:20:24.558487,291.6,891696.0,892325.0
2025-06-20 10:20:24.644113,291.6,891696.0,892325.0
2025-06-20 10:20:25.546462,291.6,890115.0,894307.0
2025-06-20 10:20:25.643053,291.6,890115.0,894307.0
2025-06-20 10:20:26.554140,291.6,889974.0,892499.0
2025-06-20 10:20:26.640238,291.6,889974.0,892499.0
2025-06-20 10:20:27.550013,291.6,894026.0,883572.0
2025-06-20 10:20:27.702292,291.6,894026.0,883572.0
2025-06-20 10:20:28.551321,291.5,897422.0,884366.0
2025-06-20 10:20:28.647171,291.5,897422.0,884366.0
2025-06-20 10:20:29.554293,291.5,894240.0,884741.0
2025-06-20 10:20:30.589237,291.65,893385.0,884930.0
2025-06-20 10:20:30.642047,291.55,893385.0,884930.0
2025-06-20 10:20:31.455131,291.55,889197.0,887695.0
2025-06-20 10:20:32.458988,291.6,891997.0,885892.0
2025-06-20 10:20:32.707244,291.6,891997.0,885892.0
2025-06-20 10:20:33.457692,291.55,888825.0,894245.0
2025-06-20 10:20:33.641512,291.55,888825.0,894245.0
2025-06-20 10:20:34.583266,291.55,889398.0,894068.0
2025-06-20 10:20:35.460144,291.65,888025.0,894763.0
2025-06-20 10:20:35.641358,291.65,888025.0,894763.0
2025-06-20 10:20:36.469575,291.6,888244.0,894713.0
2025-06-20 10:20:36.666216,291.6,888244.0,894713.0
2025-06-20 10:20:37.649153,291.65,888244.0,894713.0
2025-06-20 10:20:38.161630,291.65,903102.0,893884.0
2025-06-20 10:20:38.644136,291.65,903102.0,893884.0
2025-06-20 10:20:39.162792,291.65,903102.0,895365.0
2025-06-20 10:20:39.645090,291.6,903102.0,895365.0
2025-06-20 10:20:40.162280,291.6,902461.0,894127.0
2025-06-20 10:20:41.161335,291.6,899238.0,892189.0
2025-06-20 10:20:41.640164,291.65,899238.0,892189.0
2025-06-20 10:20:42.264508,291.65,898749.0,891897.0
2025-06-20 10:20:42.641556,291.65,898749.0,891897.0
2025-06-20 10:20:43.265267,291.45,900580.0,892003.0
2025-06-20 10:20:43.647146,291.45,900580.0,892003.0
2025-06-20 10:20:44.265634,291.45,902530.0,889389.0
2025-06-20 10:20:45.266469,291.45,905339.0,891286.0
2025-06-20 10:20:45.659537,291.45,905339.0,891286.0
2025-06-20 10:20:46.266455,291.45,904688.0,891945.0
2025-06-20 10:20:46.642006,291.6,904688.0,891945.0
2025-06-20 10:20:47.267104,291.6,904883.0,892402.0
2025-06-20 10:20:47.646738,291.45,904883.0,892402.0
2025-06-20 10:20:48.268127,291.45,901005.0,899213.0
2025-06-20 10:20:48.644900,291.55,901005.0,899213.0
2025-06-20 10:20:49.270942,291.55,896531.0,912121.0
2025-06-20 10:20:49.699603,291.55,896531.0,912121.0
2025-06-20 10:20:50.269374,291.45,887478.0,918582.0
2025-06-20 10:20:50.683201,291.45,887478.0,918582.0
2025-06-20 10:20:51.269268,291.45,895017.0,921040.0
2025-06-20 10:20:52.393737,291.45,896130.0,919731.0
2025-06-20 10:20:52.644357,291.45,896130.0,919731.0
2025-06-20 10:20:53.385039,291.45,896850.0,917556.0
2025-06-20 10:20:54.378690,291.5,895365.0,921385.0
2025-06-20 10:20:54.642502,291.5,895365.0,921385.0
2025-06-20 10:20:55.468211,291.5,895156.0,924845.0
2025-06-20 10:20:55.654804,291.45,895156.0,924845.0
2025-06-20 10:20:56.612161,291.4,893368.0,922532.0
2025-06-20 10:20:56.655029,291.4,893368.0,922532.0
2025-06-20 10:20:57.572422,291.4,896322.0,924645.0
2025-06-20 10:20:58.643524,291.5,896322.0,924645.0
2025-06-20 10:20:58.684155,291.5,900685.0,917146.0
2025-06-20 10:20:59.654341,291.5,900685.0,917146.0
2025-06-20 10:20:59.770311,291.5,899847.0,922557.0
2025-06-20 10:21:01.472460,291.5,903484.0,918417.0
2025-06-20 10:21:01.652781,291.5,903484.0,918417.0
2025-06-20 10:21:02.579158,291.5,904893.0,918963.0
2025-06-20 10:21:02.656464,291.6,904893.0,918963.0
2025-06-20 10:21:03.455332,291.6,898271.0,914977.0
2025-06-20 10:21:03.649108,291.6,898271.0,914977.0
2025-06-20 10:21:04.275100,291.6,899693.0,915038.0
2025-06-20 10:21:04.697749,291.6,899693.0,915038.0
2025-06-20 10:21:05.649250,291.5,899693.0,915038.0
2025-06-20 10:21:06.273082,291.4,899632.0,918909.0
2025-06-20 10:21:06.645838,291.4,899632.0,918909.0
2025-06-20 10:21:07.275620,291.5,901938.0,918123.0
2025-06-20 10:21:07.674986,291.4,901938.0,918123.0
2025-06-20 10:21:08.385019,291.5,902891.0,918010.0
2025-06-20 10:21:08.648416,291.5,902891.0,918010.0
2025-06-20 10:21:09.283644,291.45,901991.0,920580.0
2025-06-20 10:21:09.646071,291.45,901991.0,920580.0
2025-06-20 10:21:10.177978,291.35,900474.0,923119.0
2025-06-20 10:21:10.649513,291.35,900474.0,923119.0
2025-06-20 10:21:11.648313,291.35,900474.0,923119.0
2025-06-20 10:21:12.080338,291.35,900033.0,924066.0
2025-06-20 10:21:12.646819,291.55,900033.0,924066.0
2025-06-20 10:21:13.079995,291.55,900329.0,924849.0
2025-06-20 10:21:13.980946,291.55,902343.0,925819.0
2025-06-20 10:21:15.128522,291.35,903066.0,926153.0
2025-06-20 10:21:15.704611,291.35,903066.0,926153.0
2025-06-20 10:21:15.895162,291.35,904014.0,925091.0
2025-06-20 10:21:16.911499,291.35,903275.0,925150.0
2025-06-20 10:21:17.648335,291.5,903275.0,925150.0
2025-06-20 10:21:17.785008,291.5,900095.0,926647.0
2025-06-20 10:21:18.784000,291.5,898107.0,927427.0
2025-06-20 10:21:19.648374,291.5,898107.0,927427.0
2025-06-20 10:21:19.782522,291.5,900565.0,927400.0
2025-06-20 10:21:20.659998,291.5,900565.0,927400.0
2025-06-20 10:21:20.705403,291.5,899057.0,927510.0
2025-06-20 10:21:21.659004,291.4,899057.0,927510.0
2025-06-20 10:21:22.651816,291.4,899057.0,927510.0
2025-06-20 10:21:22.686280,291.4,899050.0,930785.0
2025-06-20 10:21:23.685368,291.4,898163.0,930028.0
2025-06-20 10:21:24.588721,291.35,895824.0,931214.0
2025-06-20 10:21:24.652318,291.35,895824.0,931214.0
2025-06-20 10:21:25.589358,291.35,896950.0,931380.0
2025-06-20 10:21:26.491132,291.4,894550.0,929741.0
2025-06-20 10:21:26.648401,291.4,894550.0,929741.0
2025-06-20 10:21:27.494038,291.45,900144.0,927094.0
2025-06-20 10:21:27.645163,291.45,900144.0,927094.0
2025-06-20 10:21:28.614995,291.55,895553.0,928678.0
2025-06-20 10:21:28.656954,291.55,895553.0,928678.0
2025-06-20 10:21:29.492635,291.55,902265.0,925202.0
2025-06-20 10:21:30.430499,291.5,901735.0,926383.0
2025-06-20 10:21:30.653887,291.5,901735.0,926383.0
2025-06-20 10:21:31.407674,291.5,902666.0,926550.0
2025-06-20 10:21:32.197310,291.5,902666.0,926550.0
2025-06-20 10:21:32.646207,291.5,902666.0,927212.0
2025-06-20 10:21:33.484799,291.5,902528.0,928185.0
2025-06-20 10:21:34.415207,291.4,901693.0,928321.0
2025-06-20 10:21:34.647887,291.4,901693.0,928321.0
2025-06-20 10:21:35.298690,291.4,901180.0,928035.0
2025-06-20 10:21:36.297194,291.4,900429.0,928339.0
2025-06-20 10:21:37.193501,291.5,900902.0,928009.0
2025-06-20 10:21:37.697613,291.5,900902.0,928009.0
2025-06-20 10:21:38.100256,291.4,900655.0,928430.0
2025-06-20 10:21:38.646189,291.4,900655.0,928430.0
2025-06-20 10:21:38.994681,291.4,899172.0,928876.0
2025-06-20 10:21:39.647384,291.5,899172.0,928876.0
2025-06-20 10:21:40.010325,291.5,901747.0,926487.0
2025-06-20 10:21:40.649435,291.5,901747.0,926487.0
2025-06-20 10:21:40.924835,291.5,902652.0,924673.0
2025-06-20 10:21:41.647319,291.5,902652.0,924673.0
2025-06-20 10:21:41.800115,291.5,902988.0,925609.0
2025-06-20 10:21:41.837605,291.5,902988.0,925609.0
2025-06-20 10:21:42.174994,291.5,902988.0,925609.0
2025-06-20 10:21:42.661283,291.6,902988.0,925609.0
2025-06-20 10:21:42.795940,291.6,902988.0,925609.0
2025-06-20 10:21:42.807173,291.6,910141.0,907119.0
2025-06-20 10:21:43.092608,291.6,910141.0,907119.0
2025-06-20 10:21:43.656157,291.6,910141.0,907119.0
2025-06-20 10:21:43.722379,291.6,910141.0,907119.0
2025-06-20 10:21:43.796709,291.6,910213.0,905204.0
2025-06-20 10:21:44.428931,291.6,910213.0,905204.0
2025-06-20 10:21:44.702198,291.6,906072.0,905755.0
2025-06-20 10:21:44.837412,291.6,906072.0,905755.0
2025-06-20 10:21:45.482619,291.6,906072.0,905755.0
2025-06-20 10:21:45.709309,291.6,906072.0,905755.0
2025-06-20 10:21:45.710326,291.6,907183.0,906501.0
2025-06-20 10:21:45.823058,291.6,907183.0,906501.0
2025-06-20 10:21:46.693923,291.6,907183.0,906501.0
2025-06-20 10:21:46.817846,291.6,907183.0,906501.0
2025-06-20 10:21:46.900278,291.6,900070.0,912299.0
2025-06-20 10:21:47.917884,291.6,900390.0,911478.0
2025-06-20 10:21:48.138917,291.6,900390.0,911478.0
2025-06-20 10:21:48.661113,291.6,900390.0,911478.0
2025-06-20 10:21:48.935785,291.6,896911.0,915651.0
2025-06-20 10:21:49.144572,291.6,896911.0,915651.0
2025-06-20 10:21:49.696250,291.5,896911.0,915651.0
2025-06-20 10:21:49.927765,291.5,897874.0,915062.0
2025-06-20 10:21:50.671272,291.55,897874.0,915062.0
2025-06-20 10:21:50.705656,291.55,897874.0,915062.0
2025-06-20 10:21:50.939028,291.55,897786.0,915174.0
2025-06-20 10:21:51.699471,291.55,897786.0,915174.0
2025-06-20 10:21:51.938692,291.55,896040.0,916705.0
2025-06-20 10:21:51.951148,291.55,896040.0,916705.0
2025-06-20 10:21:52.711417,291.6,896040.0,916705.0
2025-06-20 10:21:53.010202,291.6,895447.0,914885.0
2025-06-20 10:21:53.179977,291.6,895447.0,914885.0
2025-06-20 10:21:54.108212,291.6,897730.0,915961.0
2025-06-20 10:21:54.667813,291.6,897730.0,915961.0
2025-06-20 10:21:54.826146,291.6,897730.0,915961.0
2025-06-20 10:21:55.108833,291.6,895389.0,916996.0
2025-06-20 10:21:55.673730,291.6,895389.0,916996.0
2025-06-20 10:21:56.219638,291.6,897461.0,917276.0
2025-06-20 10:21:56.660417,291.6,897461.0,917276.0
2025-06-20 10:21:57.334902,291.6,896046.0,915753.0
2025-06-20 10:21:57.655725,291.6,896046.0,915753.0
2025-06-20 10:21:58.311749,291.55,895323.0,914269.0
2025-06-20 10:21:58.647952,291.6,895323.0,914269.0
2025-06-20 10:21:59.445582,291.6,895088.0,911453.0
2025-06-20 10:22:00.311117,291.6,895113.0,913575.0
2025-06-20 10:22:01.696358,291.6,895113.0,913575.0
2025-06-20 10:22:01.708376,291.6,897738.0,913652.0
2025-06-20 10:22:04.655201,291.6,897738.0,913652.0
2025-06-20 10:22:07.997393,291.6,897738.0,913652.0
2025-06-20 10:22:08.002811,291.6,899121.0,910737.0
2025-06-20 10:22:11.295721,291.65,899121.0,910737.0
2025-06-20 10:22:13.704536,291.5,899121.0,910737.0
2025-06-20 10:22:13.727873,291.5,894915.0,914306.0
2025-06-20 10:22:16.666063,291.6,894915.0,914306.0
2025-06-20 10:22:19.656950,291.5,894915.0,914306.0
2025-06-20 10:22:19.947575,291.5,896770.0,915337.0
2025-06-20 10:22:22.684034,291.65,896770.0,915337.0
2025-06-20 10:22:25.656526,291.6,896770.0,915337.0
2025-06-20 10:22:26.032112,291.6,897766.0,912284.0
2025-06-20 10:22:28.681752,291.65,897766.0,912284.0
2025-06-20 10:22:31.698337,291.5,897766.0,912284.0
2025-06-20 10:22:32.235233,291.65,903332.0,905193.0
2025-06-20 10:22:34.725164,291.65,903332.0,905193.0
2025-06-20 10:22:37.660397,291.5,903332.0,905193.0
2025-06-20 10:22:37.943831,291.5,902752.0,905583.0
2025-06-20 10:22:39.660812,291.6,902752.0,905583.0
2025-06-20 10:22:41.704284,291.65,902752.0,905583.0
2025-06-20 10:22:43.643138,291.6,908538.0,906103.0
2025-06-20 10:22:43.712879,291.6,908538.0,906103.0
2025-06-20 10:22:45.657133,291.65,908538.0,906103.0
2025-06-20 10:22:47.660228,291.6,908538.0,906103.0
2025-06-20 10:22:49.139786,291.7,911829.0,901248.0
2025-06-20 10:22:49.661694,291.7,911829.0,901248.0
2025-06-20 10:22:51.689320,291.7,911829.0,901248.0
2025-06-20 10:22:53.659904,291.7,911829.0,901248.0
2025-06-20 10:22:55.177441,291.75,908917.0,898796.0
2025-06-20 10:22:55.662079,291.75,908917.0,898796.0
2025-06-20 10:22:57.658415,291.7,908917.0,898796.0
2025-06-20 10:22:59.657082,291.75,908917.0,898796.0
2025-06-20 10:23:01.246721,291.7,905828.0,897499.0
2025-06-20 10:23:01.659585,291.75,905828.0,897499.0
2025-06-20 10:23:03.726579,291.7,905828.0,897499.0
2025-06-20 10:23:05.659548,291.65,905828.0,897499.0
2025-06-20 10:23:07.252290,291.6,904546.0,908123.0
2025-06-20 10:23:07.662268,291.7,904546.0,908123.0
2025-06-20 10:23:09.709486,291.75,904546.0,908123.0
2025-06-20 10:23:11.736752,291.7,904546.0,908123.0
2025-06-20 10:23:12.958820,291.7,906427.0,901209.0
2025-06-20 10:23:13.658543,291.7,906427.0,901209.0
2025-06-20 10:23:15.665944,291.7,906427.0,901209.0
2025-06-20 10:23:17.656430,291.6,906427.0,901209.0
2025-06-20 10:23:18.725921,291.6,914937.0,906018.0
2025-06-20 10:23:19.668398,291.7,914937.0,906018.0
2025-06-20 10:23:21.665347,291.7,914937.0,906018.0
2025-06-20 10:23:23.660302,291.7,914937.0,906018.0
2025-06-20 10:23:24.561884,291.75,913961.0,902486.0
2025-06-20 10:23:25.663669,291.75,913961.0,902486.0
2025-06-20 10:23:27.657603,291.7,913961.0,902486.0
2025-06-20 10:23:29.659219,291.7,913961.0,902486.0
2025-06-20 10:23:30.377692,291.75,908324.0,904218.0
2025-06-20 10:23:31.699835,291.75,908324.0,904218.0
2025-06-20 10:23:33.661626,291.6,908324.0,904218.0
2025-06-20 10:23:35.666127,291.75,908324.0,904218.0
2025-06-20 10:23:35.978643,291.75,909427.0,906379.0
2025-06-20 10:23:37.661107,291.75,909427.0,906379.0
2025-06-20 10:23:39.662670,291.75,909427.0,906379.0
2025-06-20 10:23:41.661856,291.75,909427.0,906379.0
2025-06-20 10:23:41.990594,291.75,909294.0,911365.0
2025-06-20 10:23:43.665991,291.65,909294.0,911365.0
2025-06-20 10:23:45.685893,291.75,909294.0,911365.0
2025-06-20 10:23:47.665956,291.65,909294.0,911365.0
2025-06-20 10:23:48.081215,291.65,905841.0,920746.0
2025-06-20 10:23:49.663666,291.75,905841.0,920746.0
2025-06-20 10:23:51.701544,291.75,905841.0,920746.0
2025-06-20 10:23:53.662471,291.65,905841.0,920746.0
2025-06-20 10:23:53.784309,291.65,908181.0,915908.0
2025-06-20 10:23:55.670233,291.65,908181.0,915908.0
2025-06-20 10:23:57.661862,291.65,908181.0,915908.0
2025-06-20 10:23:59.623982,291.65,908699.0,919627.0
2025-06-20 10:23:59.664537,291.6,908699.0,919627.0
2025-06-20 10:24:01.705419,291.65,908699.0,919627.0
2025-06-20 10:24:03.664439,291.75,908699.0,919627.0
2025-06-20 10:24:04.989416,291.75,908010.0,923511.0
2025-06-20 10:24:05.667064,291.75,908010.0,923511.0
2025-06-20 10:24:07.725111,291.65,908010.0,923511.0
2025-06-20 10:24:09.771733,291.7,908010.0,923511.0
2025-06-20 10:24:10.571747,291.7,907192.0,924668.0
2025-06-20 10:24:11.704478,291.7,907192.0,924668.0
2025-06-20 10:24:14.099656,291.75,907192.0,924668.0
2025-06-20 10:24:15.700459,291.7,907192.0,924668.0
2025-06-20 10:24:16.408816,291.7,907801.0,924613.0
2025-06-20 10:24:17.707428,291.7,907801.0,924613.0
2025-06-20 10:24:19.700399,291.7,907801.0,924613.0
2025-06-20 10:24:21.693675,291.7,907801.0,924613.0
2025-06-20 10:24:21.913918,291.7,908329.0,921689.0
2025-06-20 10:24:23.668404,291.6,908329.0,921689.0
2025-06-20 10:24:25.669945,291.7,908329.0,921689.0
2025-06-20 10:24:27.501995,291.6,908140.0,925877.0
2025-06-20 10:24:27.658285,291.6,908140.0,925877.0
2025-06-20 10:24:29.671866,291.8,908140.0,925877.0
2025-06-20 10:24:31.660572,291.7,908140.0,925877.0
2025-06-20 10:24:33.307974,292.0,920135.0,888376.0
2025-06-20 10:24:33.665889,291.8,920135.0,888376.0
2025-06-20 10:24:35.663337,291.85,920135.0,888376.0
2025-06-20 10:24:37.660962,291.85,920135.0,888376.0
2025-06-20 10:24:39.208771,291.95,938989.0,889941.0
2025-06-20 10:24:39.661855,292.0,938989.0,889941.0
2025-06-20 10:24:41.666436,292.0,938989.0,889941.0
2025-06-20 10:24:42.293519,292.0,938989.0,889941.0
2025-06-20 10:24:43.531276,292.0,938989.0,889941.0
2025-06-20 10:24:43.667867,291.95,938989.0,889941.0
2025-06-20 10:24:43.783004,291.95,938989.0,889941.0
2025-06-20 10:24:44.036024,291.95,938989.0,889941.0
2025-06-20 10:24:45.011477,291.95,944553.0,899434.0
2025-06-20 10:24:45.062983,291.95,944553.0,899434.0
2025-06-20 10:24:45.663573,291.95,944553.0,899434.0
2025-06-20 10:24:46.070961,291.95,944553.0,899434.0
2025-06-20 10:24:47.684738,291.95,944553.0,899434.0
2025-06-20 10:24:47.703968,291.95,944553.0,899434.0
2025-06-20 10:24:48.785458,291.95,944553.0,899434.0
2025-06-20 10:24:49.678521,291.95,944553.0,899434.0
2025-06-20 10:24:49.790154,291.95,944553.0,899434.0
2025-06-20 10:24:50.813750,291.95,940065.0,905476.0
2025-06-20 10:24:51.293349,291.95,940065.0,905476.0
2025-06-20 10:24:51.665753,291.95,940065.0,905476.0
2025-06-20 10:24:52.570125,291.95,940065.0,905476.0
2025-06-20 10:24:53.669279,291.8,940065.0,905476.0
2025-06-20 10:24:53.818511,291.8,940065.0,905476.0
2025-06-20 10:24:55.452827,291.8,940065.0,905476.0
2025-06-20 10:24:55.684297,291.8,940065.0,905476.0
2025-06-20 10:24:56.455753,291.8,935928.0,911785.0
2025-06-20 10:24:57.679475,291.9,935928.0,911785.0
2025-06-20 10:24:59.664776,291.95,935928.0,911785.0
2025-06-20 10:25:01.666159,291.95,935928.0,911785.0
2025-06-20 10:25:02.325939,291.95,940044.0,908172.0
2025-06-20 10:25:03.671312,291.9,940044.0,908172.0
2025-06-20 10:25:05.661496,291.9,940044.0,908172.0
2025-06-20 10:25:07.668625,291.9,940044.0,908172.0
2025-06-20 10:25:08.524520,291.95,932326.0,914831.0
2025-06-20 10:25:09.699075,291.95,932326.0,914831.0
2025-06-20 10:25:12.671426,291.95,932326.0,914831.0
2025-06-20 10:25:14.631945,291.9,935909.0,906915.0
2025-06-20 10:25:15.666416,291.95,935909.0,906915.0
2025-06-20 10:25:18.665899,291.85,935909.0,906915.0
2025-06-20 10:25:20.733277,291.9,934387.0,910821.0
2025-06-20 10:25:21.659176,291.9,934387.0,910821.0
2025-06-20 10:25:24.671734,292.0,934387.0,910821.0
2025-06-20 10:25:26.910180,291.9,938271.0,905444.0
2025-06-20 10:25:27.712982,291.9,938271.0,905444.0
2025-06-20 10:25:30.668848,291.9,938271.0,905444.0
2025-06-20 10:25:32.841715,292.0,943063.0,905392.0
2025-06-20 10:25:33.667941,292.0,943063.0,905392.0
2025-06-20 10:25:36.667330,292.0,943063.0,905392.0
2025-06-20 10:25:39.249028,292.0,941773.0,905309.0
2025-06-20 10:25:39.689147,292.0,941773.0,905309.0
2025-06-20 10:25:42.693338,291.9,941773.0,905309.0
2025-06-20 10:25:45.461170,291.9,935189.0,905122.0
2025-06-20 10:25:45.664755,291.95,935189.0,905122.0
2025-06-20 10:25:48.678675,291.9,935189.0,905122.0
2025-06-20 10:25:51.554680,291.9,934320.0,903171.0
2025-06-20 10:25:51.677490,291.9,934320.0,903171.0
2025-06-20 10:25:54.673157,291.95,934320.0,903171.0
2025-06-20 10:25:57.559744,291.95,930027.0,908087.0
2025-06-20 10:25:57.674905,291.95,930027.0,908087.0
2025-06-20 10:26:00.661247,292.0,930027.0,908087.0
2025-06-20 10:26:03.263974,291.95,936003.0,906275.0
2025-06-20 10:26:03.672749,291.95,936003.0,906275.0
2025-06-20 10:26:06.668461,291.9,936003.0,906275.0
2025-06-20 10:26:09.472215,291.95,931487.0,908363.0
2025-06-20 10:26:09.671164,291.95,931487.0,908363.0
2025-06-20 10:26:12.666066,292.0,931487.0,908363.0
2025-06-20 10:26:15.669540,291.9,931487.0,908363.0
2025-06-20 10:26:15.870606,291.9,936660.0,909192.0
2025-06-20 10:26:18.671642,291.9,936660.0,909192.0
2025-06-20 10:26:21.669412,292.2,936660.0,909192.0
2025-06-20 10:26:22.080327,292.25,937151.0,879222.0
2025-06-20 10:26:24.670190,292.25,937151.0,879222.0
2025-06-20 10:26:27.685707,292.2,937151.0,879222.0
2025-06-20 10:26:28.282548,292.2,930868.0,911396.0
2025-06-20 10:26:33.669493,292.05,930868.0,911396.0
2025-06-20 10:26:34.397347,292.15,922714.0,925694.0
2025-06-20 10:26:36.677223,292.15,922714.0,925694.0
2025-06-20 10:26:39.680278,292.05,922714.0,925694.0
2025-06-20 10:26:40.899699,292.1,925779.0,923074.0
2025-06-20 10:26:42.713798,292.05,925779.0,923074.0
2025-06-20 10:26:45.674232,292.05,925779.0,923074.0
2025-06-20 10:26:47.199693,292.1,922213.0,926602.0
2025-06-20 10:26:48.671961,292.05,922213.0,926602.0
2025-06-20 10:26:51.746410,292.1,922213.0,926602.0
2025-06-20 10:26:53.304023,292.2,927080.0,916335.0
2025-06-20 10:26:54.706504,292.25,927080.0,916335.0
2025-06-20 10:26:57.701060,292.3,927080.0,916335.0
2025-06-20 10:26:59.614392,292.2,930508.0,913478.0
2025-06-20 10:27:00.671762,292.3,930508.0,913478.0
2025-06-20 10:27:01.691414,292.3,930508.0,913478.0
2025-06-20 10:27:01.808839,292.3,931424.0,911702.0
2025-06-20 10:27:02.769864,292.3,931424.0,911702.0
2025-06-20 10:27:02.917952,292.3,929852.0,908243.0
2025-06-20 10:27:04.010734,292.25,927627.0,908595.0
2025-06-20 10:27:04.724483,292.3,927627.0,908595.0
2025-06-20 10:27:05.106970,292.3,925778.0,908878.0
2025-06-20 10:27:05.691897,292.3,925778.0,908878.0
2025-06-20 10:27:06.109084,292.3,930874.0,909522.0
2025-06-20 10:27:06.701183,292.3,930874.0,909522.0
2025-06-20 10:27:07.109113,292.3,932601.0,909525.0
2025-06-20 10:27:07.714736,292.25,932601.0,909525.0
2025-06-20 10:27:08.151321,292.3,934561.0,907724.0
2025-06-20 10:27:08.713631,292.3,934561.0,907724.0
2025-06-20 10:27:09.217368,292.3,933030.0,903405.0
2025-06-20 10:27:09.694436,292.25,933030.0,903405.0
2025-06-20 10:27:10.310662,292.3,929460.0,907357.0
2025-06-20 10:27:10.703787,292.3,929460.0,907357.0
2025-06-20 10:27:11.220165,292.3,930369.0,907318.0
2025-06-20 10:27:12.396172,292.25,928949.0,911450.0
2025-06-20 10:27:12.671054,292.25,928949.0,911450.0
2025-06-20 10:27:13.518437,292.25,928420.0,904159.0
2025-06-20 10:27:14.615673,292.3,929194.0,905533.0
2025-06-20 10:27:14.673315,292.3,929194.0,905533.0
2025-06-20 10:27:15.666890,292.3,929194.0,905533.0
2025-06-20 10:27:15.727030,292.3,929637.0,908774.0
2025-06-20 10:27:16.668426,292.25,929637.0,908774.0
2025-06-20 10:27:16.728911,292.25,930255.0,909433.0
2025-06-20 10:27:17.667029,292.3,930255.0,909433.0
2025-06-20 10:27:17.818106,292.3,928834.0,909244.0
2025-06-20 10:27:18.675003,292.3,928834.0,909244.0
2025-06-20 10:27:18.931619,292.25,931108.0,909511.0
2025-06-20 10:27:19.703956,292.25,931108.0,909511.0
2025-06-20 10:27:20.023521,292.35,931176.0,890719.0
2025-06-20 10:27:20.673861,292.4,931176.0,890719.0
2025-06-20 10:27:21.120467,292.5,929912.0,882718.0
2025-06-20 10:27:21.666148,292.5,929912.0,882718.0
2025-06-20 10:27:22.225252,292.5,933347.0,883368.0
2025-06-20 10:27:22.688249,292.5,933347.0,883368.0
2025-06-20 10:27:23.324096,292.45,927765.0,882725.0
2025-06-20 10:27:24.137242,292.5,927765.0,882725.0
2025-06-20 10:27:24.455100,292.5,925677.0,884458.0
2025-06-20 10:27:25.347963,292.45,925677.0,884458.0
2025-06-20 10:27:25.532738,292.5,926566.0,888442.0
2025-06-20 10:27:25.714200,292.5,926566.0,888442.0
2025-06-20 10:27:26.627566,292.5,927270.0,888894.0
2025-06-20 10:27:27.673975,292.45,927270.0,888894.0
2025-06-20 10:27:27.737870,292.45,913588.0,890349.0
2025-06-20 10:27:28.738236,292.5,913588.0,890349.0
2025-06-20 10:27:28.769539,292.5,923691.0,888889.0
2025-06-20 10:27:29.747149,292.5,923691.0,888889.0
2025-06-20 10:27:29.893103,292.5,926170.0,887407.0
2025-06-20 10:27:31.347594,292.4,926170.0,887407.0
2025-06-20 10:27:31.349358,292.4,929451.0,888774.0
2025-06-20 10:27:31.680757,292.5,929451.0,888774.0
2025-06-20 10:27:31.833408,292.5,926413.0,889281.0
2025-06-20 10:27:32.832725,292.5,931264.0,889793.0
2025-06-20 10:27:33.665214,292.5,931264.0,889793.0
2025-06-20 10:27:34.029333,292.45,930441.0,890284.0
2025-06-20 10:27:34.692318,292.45,930441.0,890284.0
2025-06-20 10:27:35.034888,292.45,927116.0,891026.0
2025-06-20 10:27:36.135744,292.5,927026.0,891651.0
2025-06-20 10:27:36.694397,292.45,927026.0,891651.0
2025-06-20 10:27:37.170158,292.5,923933.0,890421.0
2025-06-20 10:27:37.685828,292.45,923933.0,890421.0
2025-06-20 10:27:38.236407,292.45,921584.0,899517.0
2025-06-20 10:27:38.721197,292.45,921584.0,899517.0
2025-06-20 10:27:39.244382,292.45,922997.0,900708.0
2025-06-20 10:27:39.696650,292.45,922997.0,900708.0
2025-06-20 10:27:40.455500,292.45,921929.0,900769.0
2025-06-20 10:27:40.692583,292.35,921929.0,900769.0
2025-06-20 10:27:41.540981,292.4,921102.0,911074.0
2025-06-20 10:27:41.669495,292.4,921102.0,911074.0
2025-06-20 10:27:42.638303,292.4,919012.0,911395.0
2025-06-20 10:27:42.667763,292.4,919012.0,911395.0
2025-06-20 10:27:42.738739,292.4,919012.0,911395.0
2025-06-20 10:27:43.035168,292.4,919012.0,911395.0
2025-06-20 10:27:43.642589,292.4,920769.0,911616.0
2025-06-20 10:27:43.678768,292.4,920769.0,911616.0
2025-06-20 10:27:43.687126,292.4,920769.0,911616.0
2025-06-20 10:27:44.232714,292.4,920769.0,911616.0
2025-06-20 10:27:44.642369,292.25,924123.0,910403.0
2025-06-20 10:27:44.670601,292.25,924123.0,910403.0
2025-06-20 10:27:45.270281,292.25,924123.0,910403.0
2025-06-20 10:27:45.681232,292.45,924123.0,910403.0
2025-06-20 10:27:45.739967,292.45,924123.0,910403.0
2025-06-20 10:27:45.783238,292.45,923090.0,908142.0
2025-06-20 10:27:46.290922,292.45,923090.0,908142.0
2025-06-20 10:27:46.851296,292.45,922532.0,917165.0
2025-06-20 10:27:47.689019,292.45,922532.0,917165.0
2025-06-20 10:27:47.722317,292.4,922532.0,917165.0
2025-06-20 10:27:47.958605,292.4,923486.0,915594.0
2025-06-20 10:27:48.677985,292.4,923486.0,915594.0
2025-06-20 10:27:49.044388,292.4,923486.0,915594.0
2025-06-20 10:27:49.047899,292.4,923112.0,913185.0
2025-06-20 10:27:49.679877,292.4,923112.0,913185.0
2025-06-20 10:27:50.016331,292.4,923112.0,913185.0
2025-06-20 10:27:50.146588,292.4,926006.0,907340.0
2025-06-20 10:27:50.679485,292.3,926006.0,907340.0
2025-06-20 10:27:51.148822,292.45,928109.0,904902.0
2025-06-20 10:27:51.508623,292.45,928109.0,904902.0
2025-06-20 10:27:51.680171,292.45,928109.0,904902.0
2025-06-20 10:27:52.148975,292.45,926309.0,905650.0
2025-06-20 10:27:52.678617,292.4,926309.0,905650.0
2025-06-20 10:27:52.816300,292.4,926309.0,905650.0
2025-06-20 10:27:53.251184,292.4,922182.0,908172.0
2025-06-20 10:27:53.671520,292.4,922182.0,908172.0
2025-06-20 10:27:54.033204,292.4,922182.0,908172.0
2025-06-20 10:27:54.351527,292.4,920222.0,906906.0
2025-06-20 10:27:54.681554,292.3,920222.0,906906.0
2025-06-20 10:27:55.549629,292.45,929193.0,897084.0
2025-06-20 10:27:55.621702,292.45,929193.0,897084.0
2025-06-20 10:27:55.719202,292.45,929193.0,897084.0
2025-06-20 10:27:56.557751,292.35,931354.0,898758.0
2025-06-20 10:27:56.676951,292.35,931354.0,898758.0
2025-06-20 10:27:57.555758,292.4,931427.0,901303.0
2025-06-20 10:27:57.680186,292.4,931427.0,901303.0
2025-06-20 10:27:58.567819,292.4,928345.0,900971.0
2025-06-20 10:27:59.554534,292.4,929891.0,900212.0
2025-06-20 10:28:00.668753,292.45,929891.0,900212.0
2025-06-20 10:28:02.676470,292.4,929891.0,900212.0
2025-06-20 10:28:04.465297,292.45,926824.0,900522.0
2025-06-20 10:28:04.677434,292.45,926824.0,900522.0
2025-06-20 10:28:06.677533,292.45,926824.0,900522.0
2025-06-20 10:28:08.675894,292.4,926824.0,900522.0
2025-06-20 10:28:10.473261,292.55,928788.0,893067.0
2025-06-20 10:28:10.677535,292.55,928788.0,893067.0
2025-06-20 10:28:14.676375,292.4,928788.0,893067.0
2025-06-20 10:28:16.478828,292.3,916202.0,910041.0
2025-06-20 10:28:17.676577,292.3,916202.0,910041.0
2025-06-20 10:28:20.679239,292.3,916202.0,910041.0
2025-06-20 10:28:22.707112,292.3,919431.0,910918.0
2025-06-20 10:28:23.697738,292.2,919431.0,910918.0
2025-06-20 10:28:26.677602,292.35,919431.0,910918.0
2025-06-20 10:28:28.478953,292.3,912301.0,914310.0
2025-06-20 10:28:29.672730,292.3,912301.0,914310.0
2025-06-20 10:28:32.678725,292.3,912301.0,914310.0
2025-06-20 10:28:34.708190,292.3,915575.0,922080.0
2025-06-20 10:28:35.682316,292.3,915575.0,922080.0
2025-06-20 10:28:38.686400,292.2,915575.0,922080.0
2025-06-20 10:28:40.786784,292.3,907153.0,922298.0
2025-06-20 10:28:41.686029,292.3,907153.0,922298.0
2025-06-20 10:28:44.679360,292.3,907153.0,922298.0
2025-06-20 10:28:46.927138,292.25,907403.0,928184.0
2025-06-20 10:28:47.680254,292.25,907403.0,928184.0
2025-06-20 10:28:50.740508,292.25,907403.0,928184.0
2025-06-20 10:28:53.291564,292.1,914270.0,929767.0
2025-06-20 10:28:53.676729,292.1,914270.0,929767.0
2025-06-20 10:28:56.680488,292.25,914270.0,929767.0
2025-06-20 10:28:59.196218,292.1,915493.0,928621.0
2025-06-20 10:28:59.678972,292.1,915493.0,928621.0
2025-06-20 10:29:01.680949,292.25,915493.0,928621.0
2025-06-20 10:29:03.673589,292.25,915493.0,928621.0
2025-06-20 10:29:05.098147,292.15,914932.0,933194.0
2025-06-20 10:29:05.682403,292.25,914932.0,933194.0
2025-06-20 10:29:07.677860,292.25,914932.0,933194.0
2025-06-20 10:29:09.682415,292.25,914932.0,933194.0
2025-06-20 10:29:11.304149,292.25,916186.0,930373.0
2025-06-20 10:29:11.694066,292.25,916186.0,930373.0
2025-06-20 10:29:13.679684,292.2,916186.0,930373.0
2025-06-20 10:29:15.684819,292.2,916186.0,930373.0
2025-06-20 10:29:17.632012,292.2,923036.0,935283.0
2025-06-20 10:29:17.722142,292.2,923036.0,935283.0
2025-06-20 10:29:19.698083,292.2,923036.0,935283.0
2025-06-20 10:29:21.681373,292.2,923036.0,935283.0
2025-06-20 10:29:23.312897,292.1,921408.0,931774.0
2025-06-20 10:29:23.682112,292.1,921408.0,931774.0
2025-06-20 10:29:25.680029,292.05,921408.0,931774.0
2025-06-20 10:29:28.960705,292.0,916251.0,938582.0
2025-06-20 10:29:29.680402,292.0,916251.0,938582.0
2025-06-20 10:29:31.685451,292.0,916251.0,938582.0
2025-06-20 10:29:33.685047,292.05,916251.0,938582.0
2025-06-20 10:29:34.618702,292.15,918122.0,949164.0
2025-06-20 10:29:35.682179,292.0,918122.0,949164.0
2025-06-20 10:29:38.683202,292.0,918122.0,949164.0
2025-06-20 10:29:40.437838,292.0,908913.0,939167.0
2025-06-20 10:29:41.714423,292.0,908913.0,939167.0
2025-06-20 10:29:44.757194,292.05,908913.0,939167.0
2025-06-20 10:29:46.588226,292.0,908812.0,947137.0
2025-06-20 10:29:47.715879,292.0,908812.0,947137.0
2025-06-20 10:29:50.718804,292.05,908812.0,947137.0
2025-06-20 10:29:52.332380,292.1,908743.0,950426.0
2025-06-20 10:29:53.717132,292.05,908743.0,950426.0
2025-06-20 10:29:56.696229,292.0,908743.0,950426.0
2025-06-20 10:29:58.042625,292.05,906817.0,951875.0
2025-06-20 10:29:59.690238,292.05,906817.0,951875.0
2025-06-20 10:30:01.711334,292.05,906817.0,951875.0
2025-06-20 10:30:03.469654,292.1,907501.0,959187.0
2025-06-20 10:30:04.685398,292.05,907501.0,959187.0
2025-06-20 10:30:07.696552,292.05,907501.0,959187.0
2025-06-20 10:30:09.628831,292.1,903649.0,953894.0
2025-06-20 10:30:09.777802,292.1,903649.0,953894.0
2025-06-20 10:30:11.706612,292.0,903649.0,953894.0
2025-06-20 10:30:13.732985,292.0,903649.0,953894.0
2025-06-20 10:30:15.551550,292.1,906686.0,957332.0
2025-06-20 10:30:15.708583,292.1,906686.0,957332.0
2025-06-20 10:30:17.696432,292.0,906686.0,957332.0
2025-06-20 10:30:19.726635,292.05,906686.0,957332.0
2025-06-20 10:30:21.466418,291.95,911116.0,963475.0
2025-06-20 10:30:21.707388,291.95,911116.0,963475.0
2025-06-20 10:30:23.726289,292.05,911116.0,963475.0
2025-06-20 10:30:25.716449,292.05,911116.0,963475.0
2025-06-20 10:30:27.160289,292.05,915553.0,962204.0
2025-06-20 10:30:27.718418,292.05,915553.0,962204.0
2025-06-20 10:30:31.335245,291.95,915553.0,962204.0
2025-06-20 10:30:32.865030,292.05,909818.0,959469.0
2025-06-20 10:30:33.687602,292.05,909818.0,959469.0
2025-06-20 10:30:36.685713,292.05,909818.0,959469.0
2025-06-20 10:30:38.672144,291.95,914239.0,959588.0
2025-06-20 10:30:39.696022,292.05,914239.0,959588.0
2025-06-20 10:30:42.684319,292.05,914239.0,959588.0
2025-06-20 10:30:43.182116,292.05,914239.0,959588.0
2025-06-20 10:30:44.214644,292.05,914239.0,959588.0
2025-06-20 10:30:44.482964,292.05,915912.0,941663.0
2025-06-20 10:30:44.629453,292.05,915912.0,941663.0
2025-06-20 10:30:45.308499,292.05,915912.0,941663.0
2025-06-20 10:30:45.704750,292.1,915912.0,941663.0
2025-06-20 10:30:45.974049,292.1,915912.0,941663.0
2025-06-20 10:30:46.479977,292.1,915912.0,941663.0
2025-06-20 10:30:47.667005,292.1,915912.0,941663.0
2025-06-20 10:30:48.383294,292.1,915912.0,941663.0
2025-06-20 10:30:48.682282,292.1,915912.0,941663.0
2025-06-20 10:30:49.735090,292.1,915912.0,941663.0
2025-06-20 10:30:50.077918,292.1,920323.0,941857.0
2025-06-20 10:30:50.756958,292.1,920323.0,941857.0
2025-06-20 10:30:51.689334,292.1,920323.0,941857.0
2025-06-20 10:30:52.257424,292.1,920323.0,941857.0
2025-06-20 10:30:53.534609,292.1,920323.0,941857.0
2025-06-20 10:30:54.689152,292.1,920323.0,941857.0
2025-06-20 10:30:54.803172,292.1,920323.0,941857.0
2025-06-20 10:30:55.698416,292.05,916961.0,939438.0
2025-06-20 10:30:56.506789,292.05,916961.0,939438.0
2025-06-20 10:30:57.730244,292.1,916961.0,939438.0
2025-06-20 10:31:00.687596,292.15,916961.0,939438.0
2025-06-20 10:31:01.785640,292.15,920222.0,931059.0
2025-06-20 10:31:03.693276,292.15,920222.0,931059.0
2025-06-20 10:31:06.722635,292.15,920222.0,931059.0
2025-06-20 10:31:08.089668,292.15,916456.0,934045.0
2025-06-20 10:31:09.950982,292.2,916456.0,934045.0
2025-06-20 10:31:12.709059,292.2,916456.0,934045.0
2025-06-20 10:31:14.312355,292.15,919780.0,930242.0
2025-06-20 10:31:15.697493,292.25,919780.0,930242.0
2025-06-20 10:31:18.742336,292.25,919780.0,930242.0
2025-06-20 10:31:20.299193,292.15,920096.0,930873.0
2025-06-20 10:31:21.709902,292.15,920096.0,930873.0
2025-06-20 10:31:24.742456,292.25,920096.0,930873.0
2025-06-20 10:31:26.196330,292.25,923452.0,933386.0
2025-06-20 10:31:27.735867,292.15,923452.0,933386.0
2025-06-20 10:31:30.724171,292.25,923452.0,933386.0
2025-06-20 10:31:31.809057,292.15,922284.0,934167.0
2025-06-20 10:31:33.739824,292.15,922284.0,934167.0
2025-06-20 10:31:36.716816,292.15,922284.0,934167.0
2025-06-20 10:31:38.016512,292.15,915229.0,939745.0
2025-06-20 10:31:39.758900,292.2,915229.0,939745.0
2025-06-20 10:31:42.739281,292.25,915229.0,939745.0
2025-06-20 10:31:44.180196,292.2,921103.0,937435.0
2025-06-20 10:31:45.765023,292.25,921103.0,937435.0
2025-06-20 10:31:48.709841,292.25,921103.0,937435.0
2025-06-20 10:31:49.822100,292.2,922090.0,934533.0
2025-06-20 10:31:51.701381,292.2,922090.0,934533.0
2025-06-20 10:31:54.728014,292.2,922090.0,934533.0
2025-06-20 10:31:55.819890,292.2,917529.0,941709.0
2025-06-20 10:31:57.738074,292.2,917529.0,941709.0
2025-06-20 10:32:00.736518,292.1,917529.0,941709.0
2025-06-20 10:32:01.545874,292.1,913496.0,957515.0
2025-06-20 10:32:03.711326,292.3,913496.0,957515.0
2025-06-20 10:32:07.736341,292.1,913244.0,950153.0
2025-06-20 10:32:08.698773,292.1,913244.0,950153.0
2025-06-20 10:32:12.693825,292.1,913244.0,950153.0
2025-06-20 10:32:14.034350,292.1,910144.0,953768.0
2025-06-20 10:32:19.697282,292.0,910144.0,953768.0
2025-06-20 10:32:20.463415,292.0,908647.0,960964.0
2025-06-20 10:32:23.698412,292.1,908647.0,960964.0
2025-06-20 10:32:26.642102,292.05,907878.0,962732.0
2025-06-20 10:32:27.693880,292.1,907878.0,962732.0
2025-06-20 10:32:30.742907,292.1,907878.0,962732.0
2025-06-20 10:32:32.767849,292.1,911162.0,962006.0
2025-06-20 10:32:33.692144,292.1,911162.0,962006.0
2025-06-20 10:32:36.734296,292.05,911162.0,962006.0
2025-06-20 10:32:39.205006,292.1,909487.0,961398.0
2025-06-20 10:32:39.735383,292.1,909487.0,961398.0
2025-06-20 10:32:42.727885,292.0,909487.0,961398.0
2025-06-20 10:32:44.853488,292.0,907539.0,962862.0
2025-06-20 10:32:45.727942,292.0,907539.0,962862.0
2025-06-20 10:32:48.713547,292.15,907539.0,962862.0
2025-06-20 10:32:51.055382,292.1,917504.0,946088.0
2025-06-20 10:32:51.874315,292.2,917504.0,946088.0
2025-06-20 10:32:54.702083,292.25,917504.0,946088.0
2025-06-20 10:32:57.260405,292.2,911515.0,948424.0
2025-06-20 10:32:57.702313,292.2,911515.0,948424.0
2025-06-20 10:33:00.702895,292.1,911515.0,948424.0
2025-06-20 10:33:01.486102,292.1,911663.0,950955.0
2025-06-20 10:33:02.560139,292.1,913744.0,950339.0
2025-06-20 10:33:03.560451,292.1,911306.0,951441.0
2025-06-20 10:33:04.661794,292.1,914221.0,950943.0
2025-06-20 10:33:04.714807,292.1,914221.0,950943.0
2025-06-20 10:33:05.768489,292.1,912935.0,950467.0
2025-06-20 10:33:06.866128,292.1,913272.0,950296.0
2025-06-20 10:33:07.741428,292.1,913272.0,950296.0
2025-06-20 10:33:07.761085,292.1,918430.0,944325.0
2025-06-20 10:33:09.155049,292.1,918579.0,944622.0
2025-06-20 10:33:09.714681,292.15,918579.0,944622.0
2025-06-20 10:33:09.973490,292.15,917286.0,948051.0
2025-06-20 10:33:11.102989,292.15,917633.0,947968.0
2025-06-20 10:33:11.707889,292.3,917633.0,947968.0
2025-06-20 10:33:12.166960,292.3,918742.0,946199.0
2025-06-20 10:33:12.697944,292.3,918742.0,946199.0
2025-06-20 10:33:13.213693,292.3,918812.0,946798.0
2025-06-20 10:33:14.264445,292.3,916559.0,950370.0
2025-06-20 10:33:15.364670,292.3,913242.0,951138.0
2025-06-20 10:33:16.368506,292.3,914742.0,951257.0
2025-06-20 10:33:16.692784,292.2,914742.0,951257.0
2025-06-20 10:33:17.567733,292.2,917400.0,947355.0
2025-06-20 10:33:18.571583,292.2,927482.0,947876.0
2025-06-20 10:33:19.497750,292.2,925553.0,948310.0
2025-06-20 10:33:20.497397,292.2,908430.0,953288.0
2025-06-20 10:33:20.690832,292.2,908430.0,953288.0
2025-06-20 10:33:21.483966,292.2,919562.0,951125.0
2025-06-20 10:33:22.574733,292.25,920948.0,951144.0
2025-06-20 10:33:22.744077,292.25,920948.0,951144.0
2025-06-20 10:33:23.652194,292.2,919942.0,951372.0
2025-06-20 10:33:23.752935,292.2,919942.0,951372.0
2025-06-20 10:33:24.576277,292.25,921478.0,952378.0
2025-06-20 10:33:24.690289,292.25,921478.0,952378.0
2025-06-20 10:33:25.491498,292.25,921630.0,952811.0
2025-06-20 10:33:26.499753,292.2,912473.0,958243.0
2025-06-20 10:33:26.696785,292.2,912473.0,958243.0
2025-06-20 10:33:27.579972,292.2,920604.0,955825.0
2025-06-20 10:33:28.677966,292.25,920842.0,955692.0
2025-06-20 10:33:28.757094,292.25,920842.0,955692.0
2025-06-20 10:33:29.711959,292.2,920842.0,955692.0
2025-06-20 10:33:29.777934,292.2,918484.0,955771.0
2025-06-20 10:33:30.696135,292.2,918484.0,955771.0
2025-06-20 10:33:30.780156,292.2,916152.0,956973.0
2025-06-20 10:33:31.698840,292.15,916152.0,956973.0
2025-06-20 10:33:31.781515,292.15,916988.0,960375.0
2025-06-20 10:33:32.833651,292.2,916988.0,960375.0
2025-06-20 10:33:32.839234,292.2,917278.0,959130.0
2025-06-20 10:33:33.716615,292.2,917278.0,959130.0
2025-06-20 10:33:33.780071,292.2,920720.0,956089.0
2025-06-20 10:33:34.705677,292.25,920720.0,956089.0
2025-06-20 10:33:34.780450,292.25,930960.0,946125.0
2025-06-20 10:33:35.777468,292.15,930960.0,946125.0
2025-06-20 10:33:35.908776,292.15,930306.0,951757.0
2025-06-20 10:33:36.703410,292.15,930306.0,951757.0
2025-06-20 10:33:36.884809,292.15,921136.0,959720.0
2025-06-20 10:33:37.696447,292.25,921136.0,959720.0
2025-06-20 10:33:37.883286,292.25,921601.0,960038.0
2025-06-20 10:33:38.691682,292.25,921601.0,960038.0
2025-06-20 10:33:38.991824,292.25,919443.0,957722.0
2025-06-20 10:33:39.701911,292.25,919443.0,957722.0
2025-06-20 10:33:40.079080,292.25,918798.0,955096.0
2025-06-20 10:33:40.699948,292.15,918798.0,955096.0
2025-06-20 10:33:41.180611,292.25,920011.0,955095.0
2025-06-20 10:33:41.690450,292.25,920011.0,955095.0
2025-06-20 10:33:42.281936,292.25,916334.0,956019.0
2025-06-20 10:33:42.688654,292.25,916334.0,956019.0
2025-06-20 10:33:43.185750,292.25,921115.0,954904.0
2025-06-20 10:33:43.652526,292.25,921115.0,954904.0
2025-06-20 10:33:43.720495,292.15,921115.0,954904.0
2025-06-20 10:33:44.048059,292.15,921115.0,954904.0
2025-06-20 10:33:44.282257,292.3,923696.0,954954.0
2025-06-20 10:33:44.343332,292.3,923696.0,954954.0
2025-06-20 10:33:44.691477,292.3,923696.0,954954.0
2025-06-20 10:33:44.727595,292.3,923696.0,954954.0
2025-06-20 10:33:45.056651,292.3,923696.0,954954.0
2025-06-20 10:33:45.382506,292.15,924165.0,956161.0
2025-06-20 10:33:45.694700,292.15,924165.0,956161.0
2025-06-20 10:33:45.742722,292.15,924165.0,956161.0
2025-06-20 10:33:46.380203,292.15,924165.0,956161.0
2025-06-20 10:33:46.499054,292.15,924165.0,956365.0
2025-06-20 10:33:46.834446,292.15,924165.0,956365.0
2025-06-20 10:33:47.505722,292.15,924165.0,956365.0
2025-06-20 10:33:47.584784,292.15,922658.0,952612.0
2025-06-20 10:33:47.830250,292.15,922658.0,952612.0
2025-06-20 10:33:48.587957,292.15,922672.0,955751.0
2025-06-20 10:33:48.702627,292.15,922672.0,955751.0
2025-06-20 10:33:48.789680,292.15,922672.0,955751.0
2025-06-20 10:33:49.495308,292.15,923526.0,954571.0
2025-06-20 10:33:49.692976,292.25,923526.0,954571.0
2025-06-20 10:33:50.141928,292.25,923526.0,954571.0
2025-06-20 10:33:50.768925,292.15,923526.0,954571.0
2025-06-20 10:33:50.772046,292.15,922018.0,957968.0
2025-06-20 10:33:51.354087,292.15,922018.0,957968.0
2025-06-20 10:33:51.790608,292.15,922080.0,958002.0
2025-06-20 10:33:52.665377,292.15,922080.0,958002.0
2025-06-20 10:33:52.713728,292.25,922080.0,958002.0
2025-06-20 10:33:52.895349,292.25,923741.0,954276.0
2025-06-20 10:33:53.901379,292.25,922460.0,958083.0
2025-06-20 10:33:53.993061,292.25,922460.0,958083.0
2025-06-20 10:33:54.738521,292.15,922460.0,958083.0
2025-06-20 10:33:54.792818,292.15,922348.0,956264.0
2025-06-20 10:33:55.201049,292.15,922348.0,956264.0
2025-06-20 10:33:55.906058,292.15,922497.0,957970.0
2025-06-20 10:33:56.689382,292.25,922497.0,957970.0
2025-06-20 10:33:56.859479,292.25,922497.0,957970.0
2025-06-20 10:33:57.001220,292.25,922126.0,956057.0
2025-06-20 10:33:57.694455,292.15,922126.0,956057.0
2025-06-20 10:33:58.095476,292.15,922150.0,953978.0
2025-06-20 10:33:59.202736,292.15,922974.0,954726.0
2025-06-20 10:33:59.687494,292.25,922974.0,954726.0
2025-06-20 10:34:00.307044,292.15,924520.0,954616.0
2025-06-20 10:34:00.693190,292.15,924520.0,954616.0
2025-06-20 10:34:01.908641,292.25,926212.0,959676.0
2025-06-20 10:34:03.696383,292.15,926212.0,959676.0
2025-06-20 10:34:06.699301,292.15,926212.0,959676.0
2025-06-20 10:34:07.709687,292.2,930027.0,946202.0
2025-06-20 10:34:09.696695,292.25,930027.0,946202.0
2025-06-20 10:34:12.697413,292.2,930027.0,946202.0
2025-06-20 10:34:13.804621,292.15,929461.0,950507.0
2025-06-20 10:34:15.728518,292.3,929461.0,950507.0
2025-06-20 10:34:18.695621,292.2,929461.0,950507.0
2025-06-20 10:34:19.510053,292.25,932777.0,958419.0
2025-06-20 10:34:21.701897,292.3,932777.0,958419.0
2025-06-20 10:34:24.737813,292.25,932777.0,958419.0
2025-06-20 10:34:25.013902,292.25,929543.0,961746.0
2025-06-20 10:34:27.743104,292.2,929543.0,961746.0
2025-06-20 10:34:30.642230,292.25,930522.0,956356.0
2025-06-20 10:34:30.703577,292.25,930522.0,956356.0
2025-06-20 10:34:33.721614,292.15,930522.0,956356.0
2025-06-20 10:34:36.427720,292.3,930112.0,956257.0
2025-06-20 10:34:36.736067,292.3,930112.0,956257.0
2025-06-20 10:34:39.706929,292.3,930112.0,956257.0
2025-06-20 10:34:42.120634,292.3,931186.0,955629.0
2025-06-20 10:34:42.741147,292.3,931186.0,955629.0
2025-06-20 10:34:45.747953,292.3,931186.0,955629.0
2025-06-20 10:34:47.630924,292.2,928693.0,963560.0
2025-06-20 10:34:48.700622,292.3,928693.0,963560.0
2025-06-20 10:34:52.412042,292.3,928693.0,963560.0
2025-06-20 10:34:53.331430,292.1,925228.0,963430.0
2025-06-20 10:34:54.722643,292.25,925228.0,963430.0
2025-06-20 10:34:56.761961,292.25,925228.0,963430.0
2025-06-20 10:34:58.748035,292.25,929639.0,966138.0
2025-06-20 10:35:00.767463,292.2,929639.0,966138.0
2025-06-20 10:35:02.710454,292.2,929639.0,966138.0
2025-06-20 10:35:04.175487,292.1,926664.0,975306.0
2025-06-20 10:35:04.695863,292.1,926664.0,975306.0
2025-06-20 10:35:06.700858,292.1,926664.0,975306.0
2025-06-20 10:35:09.700612,292.25,926664.0,975306.0
2025-06-20 10:35:09.776698,292.25,933835.0,968417.0
2025-06-20 10:35:12.702237,292.25,933835.0,968417.0
2025-06-20 10:35:15.460572,292.15,932309.0,963147.0
2025-06-20 10:35:15.700836,292.15,932309.0,963147.0
2025-06-20 10:35:18.702365,292.15,932309.0,963147.0
2025-06-20 10:35:21.491862,292.2,933589.0,969084.0
2025-06-20 10:35:21.697754,292.2,933589.0,969084.0
2025-06-20 10:35:23.725779,292.2,933589.0,969084.0
2025-06-20 10:35:25.705197,292.2,933589.0,969084.0
2025-06-20 10:35:27.154930,292.25,933233.0,970966.0
2025-06-20 10:35:27.703914,292.25,933233.0,970966.0
2025-06-20 10:35:31.707206,292.25,933233.0,970966.0
2025-06-20 10:35:33.161055,292.25,934025.0,973676.0
2025-06-20 10:35:33.702242,292.25,934025.0,973676.0
2025-06-20 10:35:35.700861,292.25,934025.0,973676.0
2025-06-20 10:35:37.699111,292.25,934025.0,973676.0
2025-06-20 10:35:38.971249,292.2,931898.0,977976.0
2025-06-20 10:35:39.743014,292.25,931898.0,977976.0
2025-06-20 10:35:41.698004,292.2,931898.0,977976.0
2025-06-20 10:35:43.714498,292.25,931898.0,977976.0
2025-06-20 10:35:44.770065,292.25,932174.0,976567.0
2025-06-20 10:35:45.701460,292.2,932174.0,976567.0
2025-06-20 10:35:47.716404,292.2,932174.0,976567.0
2025-06-20 10:35:49.758529,292.2,932174.0,976567.0
2025-06-20 10:35:50.768140,292.2,930397.0,980268.0
2025-06-20 10:35:51.708566,292.2,930397.0,980268.0
2025-06-20 10:35:53.712701,292.15,930397.0,980268.0
2025-06-20 10:35:55.723087,292.2,930397.0,980268.0
2025-06-20 10:35:56.672372,292.2,931420.0,982196.0
2025-06-20 10:35:59.711596,292.25,931420.0,982196.0
2025-06-20 10:36:02.174642,292.15,928685.0,990491.0
2025-06-20 10:36:03.711430,292.15,928685.0,990491.0
2025-06-20 10:36:05.702762,292.1,928685.0,990491.0
2025-06-20 10:36:08.073136,292.1,926004.0,993386.0
2025-06-20 10:36:08.734045,292.05,926004.0,993386.0
2025-06-20 10:36:11.711259,292.1,926004.0,993386.0
2025-06-20 10:36:14.278394,292.1,925909.0,1000065.0
2025-06-20 10:36:14.727464,292.1,925909.0,1000065.0
2025-06-20 10:36:17.715357,292.0,925909.0,1000065.0
2025-06-20 10:36:20.179523,292.0,922683.0,1003251.0
2025-06-20 10:36:20.707908,292.0,922683.0,1003251.0
2025-06-20 10:36:23.713284,292.1,922683.0,1003251.0
2025-06-20 10:36:26.081746,292.1,925166.0,999148.0
2025-06-20 10:36:26.725647,292.1,925166.0,999148.0
2025-06-20 10:36:29.700945,292.0,925166.0,999148.0
2025-06-20 10:36:32.090757,292.1,925087.0,1003097.0
2025-06-20 10:36:32.704407,292.1,925087.0,1003097.0
2025-06-20 10:36:35.712676,292.0,925087.0,1003097.0
2025-06-20 10:36:38.292681,292.1,926434.0,997779.0
2025-06-20 10:36:38.701191,292.1,926434.0,997779.0
2025-06-20 10:36:41.716470,292.1,926434.0,997779.0
2025-06-20 10:36:44.007657,292.1,926081.0,1003972.0
2025-06-20 10:36:44.174198,292.1,926081.0,1003972.0
2025-06-20 10:36:44.715054,292.1,926081.0,1003972.0
2025-06-20 10:36:44.843094,292.1,926081.0,1003972.0
2025-06-20 10:36:45.235298,292.1,926081.0,1003972.0
2025-06-20 10:36:46.282453,292.1,926081.0,1003972.0
2025-06-20 10:36:46.707415,292.05,926081.0,1003972.0
2025-06-20 10:36:46.948156,292.05,926081.0,1003972.0
2025-06-20 10:36:47.413819,292.05,926081.0,1003972.0
2025-06-20 10:36:48.391333,292.05,926081.0,1003972.0
2025-06-20 10:36:48.703102,292.05,926081.0,1003972.0
2025-06-20 10:36:49.346798,292.05,926081.0,1003972.0
2025-06-20 10:36:49.714633,292.05,924338.0,999433.0
2025-06-20 10:36:50.687761,292.05,924338.0,999433.0
2025-06-20 10:36:50.725911,292.05,924338.0,999433.0
2025-06-20 10:36:51.675083,292.05,924338.0,999433.0
2025-06-20 10:36:52.705287,292.05,924338.0,999433.0
2025-06-20 10:36:53.225729,292.05,924338.0,999433.0
2025-06-20 10:36:54.511376,292.05,924338.0,999433.0
2025-06-20 10:36:54.705917,292.05,924338.0,999433.0
2025-06-20 10:36:55.517097,292.05,924059.0,999105.0
2025-06-20 10:36:55.757265,292.05,924059.0,999105.0
2025-06-20 10:36:56.703061,292.05,924059.0,999105.0
2025-06-20 10:36:57.370961,292.05,924059.0,999105.0
2025-06-20 10:36:58.706965,292.0,924059.0,999105.0
2025-06-20 10:37:00.702283,292.05,924059.0,999105.0
2025-06-20 10:37:00.905930,292.05,919491.0,1002922.0
2025-06-20 10:37:02.704323,292.05,919491.0,1002922.0
2025-06-20 10:37:04.709252,292.0,919491.0,1002922.0
2025-06-20 10:37:06.722745,292.0,919491.0,1002922.0
2025-06-20 10:37:07.030727,292.0,924932.0,1004091.0
2025-06-20 10:37:08.706457,292.0,924932.0,1004091.0
2025-06-20 10:37:10.715856,291.9,924932.0,1004091.0
2025-06-20 10:37:12.714490,292.0,924932.0,1004091.0
2025-06-20 10:37:13.211060,292.0,919146.0,1002404.0
2025-06-20 10:37:14.706356,292.0,919146.0,1002404.0
2025-06-20 10:37:16.713590,291.95,919146.0,1002404.0
2025-06-20 10:37:18.618495,292.0,919105.0,1005456.0
2025-06-20 10:37:19.709786,292.05,919105.0,1005456.0
2025-06-20 10:37:22.713609,291.9,919105.0,1005456.0
2025-06-20 10:37:24.222833,292.0,921111.0,1006270.0
2025-06-20 10:37:25.707017,292.0,921111.0,1006270.0
2025-06-20 10:37:28.760884,292.0,921111.0,1006270.0
2025-06-20 10:37:29.826256,292.0,919895.0,1008994.0
2025-06-20 10:37:31.707733,292.0,919895.0,1008994.0
2025-06-20 10:37:34.716750,291.9,919895.0,1008994.0
2025-06-20 10:37:35.328643,292.0,919726.0,1012419.0
2025-06-20 10:37:37.721837,292.0,919726.0,1012419.0
2025-06-20 10:37:40.714639,292.0,919726.0,1012419.0
2025-06-20 10:37:40.944810,292.0,921036.0,1019228.0
2025-06-20 10:37:43.738952,292.0,921036.0,1019228.0
2025-06-20 10:37:46.716160,291.9,921036.0,1019228.0
2025-06-20 10:37:46.743400,291.9,920811.0,1027650.0
2025-06-20 10:37:49.748272,291.9,920811.0,1027650.0
2025-06-20 10:37:52.346934,291.95,917325.0,1028821.0
2025-06-20 10:37:52.756966,291.95,917325.0,1028821.0
2025-06-20 10:37:55.708627,291.9,917325.0,1028821.0
2025-06-20 10:37:57.976037,291.9,915412.0,1027692.0
2025-06-20 10:37:58.713562,291.95,915412.0,1027692.0
2025-06-20 10:38:01.711637,291.95,915412.0,1027692.0
2025-06-20 10:38:03.548470,292.0,919430.0,1011972.0
2025-06-20 10:38:04.738564,291.9,919430.0,1011972.0
2025-06-20 10:38:07.713934,291.95,919430.0,1011972.0
2025-06-20 10:38:09.252238,292.0,917160.0,1017017.0
2025-06-20 10:38:09.719010,292.0,917160.0,1017017.0
2025-06-20 10:38:11.762462,292.0,917160.0,1017017.0
2025-06-20 10:38:13.712548,291.95,917160.0,1017017.0
2025-06-20 10:38:14.757837,291.95,924802.0,1011518.0
2025-06-20 10:38:15.728304,292.0,924802.0,1011518.0
2025-06-20 10:38:17.711009,291.95,924802.0,1011518.0
2025-06-20 10:38:19.717934,291.95,924802.0,1011518.0
2025-06-20 10:38:20.502722,292.15,939365.0,986573.0
2025-06-20 10:38:21.711899,292.25,939365.0,986573.0
2025-06-20 10:38:23.720235,292.15,939365.0,986573.0
2025-06-20 10:38:25.713083,292.1,939365.0,986573.0
2025-06-20 10:38:26.001172,292.1,938551.0,982073.0
2025-06-20 10:38:27.709965,292.2,938551.0,982073.0
2025-06-20 10:38:29.714640,292.1,938551.0,982073.0
2025-06-20 10:38:31.411614,292.1,928248.0,991005.0
2025-06-20 10:38:31.763735,292.2,928248.0,991005.0
2025-06-20 10:38:33.735681,292.2,928248.0,991005.0
2025-06-20 10:38:35.719664,292.2,928248.0,991005.0
2025-06-20 10:38:36.987763,292.15,932638.0,996159.0
2025-06-20 10:38:37.719923,292.15,932638.0,996159.0
2025-06-20 10:38:39.727600,292.2,932638.0,996159.0
2025-06-20 10:38:41.721368,292.1,932638.0,996159.0
2025-06-20 10:38:42.788758,292.15,927941.0,1000833.0
2025-06-20 10:38:43.712173,292.1,927941.0,1000833.0
2025-06-20 10:38:45.716298,292.1,927941.0,1000833.0
2025-06-20 10:38:47.734653,291.95,927941.0,1000833.0
2025-06-20 10:38:48.386183,291.95,911825.0,1028226.0
2025-06-20 10:38:49.715533,291.95,911825.0,1028226.0
2025-06-20 10:38:51.715261,292.0,911825.0,1028226.0
2025-06-20 10:38:53.716236,292.0,911825.0,1028226.0
2025-06-20 10:38:53.889836,291.95,916737.0,1022025.0
2025-06-20 10:38:55.713384,292.0,916737.0,1022025.0
2025-06-20 10:38:57.760321,291.95,916737.0,1022025.0
2025-06-20 10:38:59.353684,292.0,916855.0,1026486.0
2025-06-20 10:38:59.744335,292.0,916855.0,1026486.0
2025-06-20 10:39:01.752082,292.05,916855.0,1026486.0
2025-06-20 10:39:03.748382,292.05,916855.0,1026486.0
2025-06-20 10:39:04.907807,292.05,925569.0,1010781.0
2025-06-20 10:39:05.742587,292.05,925569.0,1010781.0
2025-06-20 10:39:07.743072,292.2,925569.0,1010781.0
2025-06-20 10:39:09.718852,292.1,925569.0,1010781.0
2025-06-20 10:39:10.801803,292.1,932721.0,997766.0
2025-06-20 10:39:11.719086,292.1,932721.0,997766.0
2025-06-20 10:39:13.731621,292.2,932721.0,997766.0
2025-06-20 10:39:15.713270,292.2,932721.0,997766.0
2025-06-20 10:39:16.312128,292.2,927545.0,1000946.0
2025-06-20 10:39:17.722127,292.2,927545.0,1000946.0
2025-06-20 10:39:19.715078,292.2,927545.0,1000946.0
2025-06-20 10:39:21.718369,292.2,927545.0,1000946.0
2025-06-20 10:39:21.811374,292.2,926526.0,1004206.0
2025-06-20 10:39:23.715420,292.2,926526.0,1004206.0
2025-06-20 10:39:25.720153,292.2,926526.0,1004206.0
2025-06-20 10:39:27.430927,292.1,916208.0,1108831.0
2025-06-20 10:39:27.717857,292.1,916208.0,1108831.0
2025-06-20 10:39:29.718943,292.1,916208.0,1108831.0
2025-06-20 10:39:31.731075,292.1,916208.0,1108831.0
2025-06-20 10:39:33.433467,292.0,914656.0,1117501.0
2025-06-20 10:39:33.721217,292.0,914656.0,1117501.0
2025-06-20 10:39:35.721954,292.1,914656.0,1117501.0
2025-06-20 10:39:37.719860,292.1,914656.0,1117501.0
2025-06-20 10:39:39.629137,292.1,909851.0,1122742.0
2025-06-20 10:39:39.728261,292.1,909851.0,1122742.0
2025-06-20 10:39:41.722509,292.1,909851.0,1122742.0
2025-06-20 10:39:43.725777,292.0,909851.0,1122742.0
2025-06-20 10:39:44.642457,292.0,909851.0,1122742.0
2025-06-20 10:39:45.032738,292.0,909851.0,1122742.0
2025-06-20 10:39:45.724256,292.1,909851.0,1122742.0
2025-06-20 10:39:45.751181,292.1,909851.0,1122742.0
2025-06-20 10:39:45.761314,292.1,909155.0,1123408.0
2025-06-20 10:39:46.079177,292.1,909155.0,1123408.0
2025-06-20 10:39:47.427630,292.1,909155.0,1123408.0
2025-06-20 10:39:47.723102,292.1,909155.0,1123408.0
2025-06-20 10:39:47.875073,292.1,909155.0,1123408.0
2025-06-20 10:39:48.451363,292.1,909155.0,1123408.0
2025-06-20 10:39:49.774380,292.1,909155.0,1123408.0
2025-06-20 10:39:49.822473,292.1,909155.0,1123408.0
2025-06-20 10:39:51.249392,292.1,909155.0,1123408.0
2025-06-20 10:39:51.719217,292.1,909155.0,1123408.0
2025-06-20 10:39:51.746119,292.1,916480.0,1117269.0
2025-06-20 10:39:52.151488,292.1,916480.0,1117269.0
2025-06-20 10:39:53.830661,292.1,916480.0,1117269.0
2025-06-20 10:39:53.844138,292.1,916480.0,1117269.0
2025-06-20 10:39:55.042182,292.1,916480.0,1117269.0
2025-06-20 10:39:55.731529,292.15,916480.0,1117269.0
2025-06-20 10:39:56.239042,292.15,916480.0,1117269.0
2025-06-20 10:39:57.646239,292.15,920997.0,1107221.0
2025-06-20 10:39:57.756758,292.15,920997.0,1107221.0
2025-06-20 10:39:57.880569,292.15,920997.0,1107221.0
2025-06-20 10:39:59.724877,292.05,920997.0,1107221.0
2025-06-20 10:40:01.774109,292.0,920997.0,1107221.0
2025-06-20 10:40:03.455443,292.05,909366.0,1122659.0
2025-06-20 10:40:03.729974,292.05,909366.0,1122659.0
2025-06-20 10:40:05.723761,292.05,909366.0,1122659.0
2025-06-20 10:40:07.731329,292.0,909366.0,1122659.0
2025-06-20 10:40:09.451368,292.0,906079.0,1135782.0
2025-06-20 10:40:09.728782,292.0,906079.0,1135782.0
2025-06-20 10:40:11.729143,292.0,906079.0,1135782.0
2025-06-20 10:40:14.777496,292.0,906079.0,1135782.0
2025-06-20 10:40:15.564617,292.0,915988.0,1134038.0
2025-06-20 10:40:17.726319,291.9,915988.0,1134038.0
2025-06-20 10:40:20.745780,292.0,915988.0,1134038.0
2025-06-20 10:40:21.476573,291.9,909951.0,1137110.0
2025-06-20 10:40:24.182179,292.0,909951.0,1137110.0
2025-06-20 10:40:26.825692,291.9,909951.0,1137110.0
2025-06-20 10:40:27.265127,291.9,908495.0,1135691.0
2025-06-20 10:40:28.739575,292.0,908495.0,1135691.0
2025-06-20 10:40:32.740835,292.0,908495.0,1135691.0
2025-06-20 10:40:33.218236,292.0,911321.0,1135360.0
2025-06-20 10:40:34.774758,292.0,911321.0,1135360.0
2025-06-20 10:40:36.804172,291.85,911321.0,1135360.0
2025-06-20 10:40:38.273450,291.85,902653.0,1144822.0
2025-06-20 10:40:38.725481,291.85,902653.0,1144822.0
2025-06-20 10:40:40.735590,291.9,902653.0,1144822.0
2025-06-20 10:40:42.727704,291.9,902653.0,1144822.0
2025-06-20 10:40:44.073689,291.85,904508.0,1149252.0
2025-06-20 10:40:44.738648,291.85,904508.0,1149252.0
2025-06-20 10:40:46.751110,291.85,904508.0,1149252.0
2025-06-20 10:40:48.738845,291.75,904508.0,1149252.0
2025-06-20 10:40:49.581134,291.75,904769.0,1149124.0
2025-06-20 10:40:50.730510,291.9,904769.0,1149124.0
2025-06-20 10:40:53.793445,291.9,904769.0,1149124.0
2025-06-20 10:40:55.389203,291.9,907314.0,1143049.0
2025-06-20 10:40:56.728492,291.85,907314.0,1143049.0
2025-06-20 10:40:59.743567,292.0,907314.0,1143049.0
2025-06-20 10:41:01.192152,291.9,915718.0,1141096.0
2025-06-20 10:41:02.757156,292.0,915718.0,1141096.0
2025-06-20 10:41:06.730317,291.95,915718.0,1141096.0
2025-06-20 10:41:07.506418,291.95,913430.0,1135478.0
2025-06-20 10:41:09.776464,291.9,913430.0,1135478.0
2025-06-20 10:41:12.741599,292.0,913430.0,1135478.0
2025-06-20 10:41:13.599253,292.0,913628.0,1138658.0
2025-06-20 10:41:18.744926,291.9,913628.0,1138658.0
2025-06-20 10:41:19.601540,292.0,913966.0,1136923.0
2025-06-20 10:41:21.745271,291.9,913966.0,1136923.0
2025-06-20 10:41:24.753549,291.9,913966.0,1136923.0
2025-06-20 10:41:25.206484,291.9,910172.0,1136104.0
2025-06-20 10:41:27.751268,291.9,910172.0,1136104.0
2025-06-20 10:41:30.733030,292.0,910172.0,1136104.0
2025-06-20 10:41:31.314406,292.0,906743.0,1137281.0
2025-06-20 10:41:34.750609,292.0,906743.0,1137281.0
2025-06-20 10:41:37.725283,292.0,911102.0,1137965.0
2025-06-20 10:41:38.832592,292.0,911102.0,1137965.0
2025-06-20 10:41:41.748523,291.9,911102.0,1137965.0
2025-06-20 10:41:43.953036,291.9,907741.0,1141746.0
2025-06-20 10:41:44.743551,291.9,907741.0,1141746.0
2025-06-20 10:41:49.796032,291.95,909362.0,1141215.0
2025-06-20 10:41:50.765682,291.9,909362.0,1141215.0
2025-06-20 10:41:52.761808,291.9,909362.0,1141215.0
2025-06-20 10:41:54.889533,291.9,909362.0,1141215.0
2025-06-20 10:41:54.946967,291.9,909876.0,1140822.0
2025-06-20 10:41:56.766325,291.9,909876.0,1140822.0
2025-06-20 10:41:58.733557,292.0,909876.0,1140822.0
2025-06-20 10:42:00.127293,291.9,914251.0,1138467.0
2025-06-20 10:42:00.738365,291.9,914251.0,1138467.0
2025-06-20 10:42:02.757232,291.9,914251.0,1138467.0
2025-06-20 10:42:04.736147,292.0,914251.0,1138467.0
2025-06-20 10:42:05.329953,292.0,908061.0,1143971.0
2025-06-20 10:42:06.730735,292.0,908061.0,1143971.0
2025-06-20 10:42:08.733131,291.95,908061.0,1143971.0
2025-06-20 10:42:10.776351,291.9,908061.0,1143971.0
2025-06-20 10:42:11.052740,291.9,902903.0,1145580.0
2025-06-20 10:42:12.757232,292.0,902903.0,1145580.0
2025-06-20 10:42:14.777592,292.0,902903.0,1145580.0
2025-06-20 10:42:16.454980,292.0,909267.0,1145876.0
2025-06-20 10:42:16.740334,292.0,909267.0,1145876.0
2025-06-20 10:42:18.737802,292.0,909267.0,1145876.0
2025-06-20 10:42:20.732724,291.9,909267.0,1145876.0
2025-06-20 10:42:22.430029,292.0,909277.0,1146296.0
2025-06-20 10:42:22.736857,292.0,909277.0,1146296.0
2025-06-20 10:42:24.730673,292.0,909277.0,1146296.0
2025-06-20 10:42:26.740451,292.0,909277.0,1146296.0
2025-06-20 10:42:28.055137,292.0,911510.0,1137543.0
2025-06-20 10:42:28.737748,291.95,911510.0,1137543.0
2025-06-20 10:42:30.998167,291.95,911510.0,1137543.0
2025-06-20 10:42:32.780289,291.95,911510.0,1137543.0
2025-06-20 10:42:34.052722,291.95,911330.0,1143912.0
2025-06-20 10:42:34.761420,291.95,911330.0,1143912.0
2025-06-20 10:42:36.751210,292.0,911330.0,1143912.0
2025-06-20 10:42:38.788312,292.0,911330.0,1143912.0
2025-06-20 10:42:39.800592,292.0,911397.0,1145361.0
2025-06-20 10:42:40.776694,291.95,911397.0,1145361.0
2025-06-20 10:42:43.775656,291.95,911397.0,1145361.0
2025-06-20 10:42:45.033741,291.95,911397.0,1145361.0
2025-06-20 10:42:45.560710,291.95,909333.0,1146150.0
2025-06-20 10:42:45.740200,291.95,909333.0,1146150.0
2025-06-20 10:42:46.131389,291.95,909333.0,1146150.0
2025-06-20 10:42:46.803692,291.95,909333.0,1146150.0
2025-06-20 10:42:47.392555,291.95,909333.0,1146150.0
2025-06-20 10:42:48.064339,291.95,909333.0,1146150.0
2025-06-20 10:42:49.087300,291.95,909333.0,1146150.0
2025-06-20 10:42:50.481717,291.95,909333.0,1146150.0
2025-06-20 10:42:51.469475,291.9,912283.0,1146530.0
2025-06-20 10:42:51.761572,291.9,912283.0,1146530.0
2025-06-20 10:42:51.838049,291.9,912283.0,1146530.0
2025-06-20 10:42:52.869649,291.9,912283.0,1146530.0
2025-06-20 10:42:53.785530,291.95,912283.0,1146530.0
2025-06-20 10:42:54.399319,291.95,912283.0,1146530.0
2025-06-20 10:42:55.638527,291.95,912283.0,1146530.0
2025-06-20 10:42:55.743417,291.95,912283.0,1146530.0
2025-06-20 10:42:56.892153,291.95,912283.0,1146530.0
2025-06-20 10:42:57.160252,291.95,911701.0,1149907.0
2025-06-20 10:42:58.581340,291.95,911701.0,1149907.0
2025-06-20 10:43:01.216811,292.0,911701.0,1149907.0
2025-06-20 10:43:01.746471,292.0,911701.0,1149907.0
2025-06-20 10:43:02.577689,292.0,914964.0,1044888.0
2025-06-20 10:43:03.743095,291.95,914964.0,1044888.0
2025-06-20 10:43:05.745430,292.05,914964.0,1044888.0
2025-06-20 10:43:07.747502,292.0,914964.0,1044888.0
2025-06-20 10:43:07.966594,292.0,915695.0,1043509.0
2025-06-20 10:43:09.749629,292.05,915695.0,1043509.0
2025-06-20 10:43:11.769413,292.0,915695.0,1043509.0
2025-06-20 10:43:13.269935,292.0,917680.0,1043371.0
2025-06-20 10:43:13.770584,292.05,917680.0,1043371.0
2025-06-20 10:43:15.741772,292.0,917680.0,1043371.0
2025-06-20 10:43:17.785439,292.0,917680.0,1043371.0
2025-06-20 10:43:18.985365,292.0,910434.0,1045739.0
2025-06-20 10:43:19.739340,292.0,910434.0,1045739.0
2025-06-20 10:43:23.749225,291.95,910434.0,1045739.0
2025-06-20 10:43:24.579312,292.0,912620.0,1047518.0
2025-06-20 10:43:25.740669,292.0,912620.0,1047518.0
2025-06-20 10:43:27.826294,292.05,912620.0,1047518.0
2025-06-20 10:43:30.182147,292.05,910365.0,1048666.0
2025-06-20 10:43:31.738146,292.0,910365.0,1048666.0
2025-06-20 10:43:35.888681,292.0,915312.0,1048176.0
2025-06-20 10:43:37.744922,292.0,915312.0,1048176.0
2025-06-20 10:43:39.739817,291.95,915312.0,1048176.0
2025-06-20 10:43:41.289662,291.95,912489.0,1049178.0
2025-06-20 10:43:41.753279,291.95,912489.0,1049178.0
2025-06-20 10:43:43.768442,292.0,912489.0,1049178.0
2025-06-20 10:43:46.593077,291.95,911764.0,1052408.0
2025-06-20 10:43:47.792619,291.95,911764.0,1052408.0
2025-06-20 10:43:49.770269,291.95,911764.0,1052408.0
2025-06-20 10:43:51.782087,291.95,911764.0,1052408.0
2025-06-20 10:43:52.096399,291.95,905761.0,1059161.0
2025-06-20 10:43:53.766961,291.95,905761.0,1059161.0
2025-06-20 10:43:55.770398,291.95,905761.0,1059161.0
2025-06-20 10:43:57.757474,291.9,905761.0,1059161.0
2025-06-20 10:43:57.929880,291.95,906758.0,1059153.0
2025-06-20 10:43:59.747665,291.95,906758.0,1059153.0
2025-06-20 10:44:01.752449,291.9,906758.0,1059153.0
2025-06-20 10:44:03.429635,291.9,908610.0,1057218.0
2025-06-20 10:44:08.807575,291.9,908505.0,1055525.0
2025-06-20 10:44:09.751684,291.95,908505.0,1055525.0
2025-06-20 10:44:11.758085,291.9,908505.0,1055525.0
2025-06-20 10:44:13.778221,291.95,908505.0,1055525.0
2025-06-20 10:44:14.446855,291.95,906372.0,1059088.0
2025-06-20 10:44:15.770628,291.95,906372.0,1059088.0
2025-06-20 10:44:17.794295,291.9,906372.0,1059088.0
2025-06-20 10:44:19.792561,291.8,906372.0,1059088.0
2025-06-20 10:44:20.217556,291.8,900327.0,1066696.0
2025-06-20 10:44:23.781712,291.9,900327.0,1066696.0
2025-06-20 10:44:25.761302,291.85,900327.0,1066696.0
2025-06-20 10:44:25.815782,291.85,903397.0,1069367.0
2025-06-20 10:44:27.747551,291.85,903397.0,1069367.0
2025-06-20 10:44:29.763583,291.95,903397.0,1069367.0
2025-06-20 10:44:31.466641,291.85,904016.0,1065356.0
2025-06-20 10:44:31.756160,291.85,904016.0,1065356.0
2025-06-20 10:44:33.751366,291.85,904016.0,1065356.0
2025-06-20 10:44:35.764405,291.85,904016.0,1065356.0
2025-06-20 10:44:36.825984,291.85,906520.0,1069874.0
2025-06-20 10:44:37.767894,291.9,906520.0,1069874.0
2025-06-20 10:44:39.763841,291.9,906520.0,1069874.0
2025-06-20 10:44:41.749111,291.85,906520.0,1069874.0
2025-06-20 10:44:42.330380,291.85,907384.0,1066521.0
2025-06-20 10:44:45.802987,291.9,907384.0,1066521.0
2025-06-20 10:44:47.777643,291.9,907987.0,1068948.0
2025-06-20 10:44:49.749611,291.85,907987.0,1068948.0
2025-06-20 10:44:53.234475,291.85,908728.0,1067809.0
2025-06-20 10:44:53.770243,291.85,908728.0,1067809.0
2025-06-20 10:44:55.761714,291.85,908728.0,1067809.0
2025-06-20 10:44:58.140320,291.9,908773.0,1066847.0
2025-06-20 10:44:59.761866,291.85,908773.0,1066847.0
2025-06-20 10:45:01.768468,291.9,908773.0,1066847.0
2025-06-20 10:45:03.571235,291.9,912198.0,1062034.0
2025-06-20 10:45:04.753607,291.8,912198.0,1062034.0
2025-06-20 10:45:07.757450,291.8,912198.0,1062034.0
2025-06-20 10:45:08.958609,291.9,911482.0,1062436.0
2025-06-20 10:45:10.782364,291.9,911482.0,1062436.0
2025-06-20 10:45:13.754708,291.9,911482.0,1062436.0
2025-06-20 10:45:14.352302,291.9,911577.0,1062090.0
2025-06-20 10:45:16.783242,291.9,911577.0,1062090.0
2025-06-20 10:45:19.767154,291.85,911577.0,1062090.0
2025-06-20 10:45:20.154400,291.8,911189.0,1061599.0
2025-06-20 10:45:22.763875,291.95,911189.0,1061599.0
2025-06-20 10:45:25.663281,291.95,912308.0,1061506.0
2025-06-20 10:45:25.763683,291.95,912308.0,1061506.0
2025-06-20 10:45:27.794628,291.95,912308.0,1061506.0
2025-06-20 10:45:29.752884,291.95,912308.0,1061506.0
2025-06-20 10:45:30.863974,291.75,894823.0,1085470.0
2025-06-20 10:45:31.752704,291.75,894823.0,1085470.0
2025-06-20 10:45:33.756772,291.75,894823.0,1085470.0
2025-06-20 10:45:35.969825,291.75,900018.0,1088753.0
2025-06-20 10:45:37.769052,291.75,900018.0,1088753.0
2025-06-20 10:45:39.758415,291.75,900018.0,1088753.0
2025-06-20 10:45:41.475601,291.6,900771.0,1085407.0
2025-06-20 10:45:41.760739,291.6,900771.0,1085407.0
2025-06-20 10:45:43.757007,291.6,900771.0,1085407.0
2025-06-20 10:45:45.450265,291.6,900771.0,1085407.0
2025-06-20 10:45:45.765899,291.65,900771.0,1085407.0
2025-06-20 10:45:45.824210,291.65,900771.0,1085407.0
2025-06-20 10:45:46.175230,291.65,900771.0,1085407.0
2025-06-20 10:45:46.880441,291.65,902298.0,1085090.0
2025-06-20 10:45:47.175617,291.65,902298.0,1085090.0
2025-06-20 10:45:48.248805,291.65,902298.0,1085090.0
2025-06-20 10:45:49.302264,291.65,902298.0,1085090.0
2025-06-20 10:45:49.742528,291.6,902298.0,1085090.0
2025-06-20 10:45:50.684754,291.6,902298.0,1085090.0
2025-06-20 10:45:51.757425,291.6,902298.0,1085090.0
2025-06-20 10:45:52.149950,291.6,902298.0,1085090.0
2025-06-20 10:45:52.386172,291.7,897845.0,1086963.0
2025-06-20 10:45:53.081523,291.7,897845.0,1086963.0
2025-06-20 10:45:53.749797,291.6,897845.0,1086963.0
2025-06-20 10:45:54.637046,291.6,897845.0,1086963.0
2025-06-20 10:45:55.751685,291.7,897845.0,1086963.0
2025-06-20 10:45:55.922580,291.7,897845.0,1086963.0
2025-06-20 10:45:57.209036,291.7,897845.0,1086963.0
2025-06-20 10:45:57.750759,291.7,897845.0,1086963.0
2025-06-20 10:45:58.087016,291.75,901346.0,1093027.0
2025-06-20 10:45:58.823313,291.75,901346.0,1093027.0
2025-06-20 10:45:59.752163,291.75,901346.0,1093027.0
2025-06-20 10:46:01.778485,291.75,901346.0,1093027.0
2025-06-20 10:46:03.292521,291.75,905838.0,1080325.0
2025-06-20 10:46:03.748800,291.7,905838.0,1080325.0
2025-06-20 10:46:05.753219,291.8,905838.0,1080325.0
2025-06-20 10:46:07.750907,291.75,905838.0,1080325.0
2025-06-20 10:46:08.596538,291.8,909917.0,1071663.0
2025-06-20 10:46:09.766519,291.8,909917.0,1071663.0
2025-06-20 10:46:11.751629,291.9,909917.0,1071663.0
2025-06-20 10:46:13.754587,291.75,909917.0,1071663.0
2025-06-20 10:46:14.095578,291.75,910082.0,1073616.0
2025-06-20 10:46:15.756883,291.75,910082.0,1073616.0
2025-06-20 10:46:17.749370,291.7,910082.0,1073616.0
2025-06-20 10:46:19.507119,291.9,910379.0,1074724.0
2025-06-20 10:46:19.759311,291.75,910379.0,1074724.0
2025-06-20 10:46:21.761001,291.75,910379.0,1074724.0
2025-06-20 10:46:24.776297,291.8,910379.0,1074724.0
2025-06-20 10:46:25.228205,291.8,910033.0,1071941.0
2025-06-20 10:46:27.759433,291.9,910033.0,1071941.0
2025-06-20 10:46:30.762075,291.8,910033.0,1071941.0
2025-06-20 10:46:31.305620,291.8,913267.0,1071986.0
2025-06-20 10:46:33.750220,291.95,913267.0,1071986.0
2025-06-20 10:46:36.612535,291.9,910232.0,1079417.0
2025-06-20 10:46:36.781714,291.9,910232.0,1079417.0
2025-06-20 10:46:40.762452,291.9,910232.0,1079417.0
2025-06-20 10:46:41.816956,291.9,909946.0,1078881.0
2025-06-20 10:46:42.755207,291.9,909946.0,1078881.0
2025-06-20 10:46:47.057749,291.9,910043.0,1078484.0
2025-06-20 10:46:50.749298,291.85,910043.0,1078484.0
2025-06-20 10:46:52.561805,291.9,909207.0,1082142.0
2025-06-20 10:46:52.765849,291.9,909207.0,1082142.0
2025-06-20 10:46:54.753456,291.85,909207.0,1082142.0
2025-06-20 10:46:56.770590,291.85,909207.0,1082142.0
2025-06-20 10:46:57.937177,291.9,910121.0,1080359.0
2025-06-20 10:46:58.803897,291.9,910121.0,1080359.0
2025-06-20 10:47:02.759960,291.95,910121.0,1080359.0
2025-06-20 10:47:03.129143,291.95,911348.0,1074352.0
2025-06-20 10:47:08.454527,291.95,910802.0,1070509.0
2025-06-20 10:47:10.753423,291.85,910802.0,1070509.0
2025-06-20 10:47:12.762488,291.85,910802.0,1070509.0
2025-06-20 10:47:13.734653,291.85,911295.0,1073365.0
2025-06-20 10:47:14.783224,291.85,911295.0,1073365.0
2025-06-20 10:47:16.776942,291.85,911295.0,1073365.0
2025-06-20 10:47:18.794327,291.85,911295.0,1073365.0
2025-06-20 10:47:19.137868,291.85,910274.0,1070466.0
