timestamp,ltp,bid_qty,ask_qty
2025-06-20 10:10:48.215950,1444.5,327618.0,625394.0
2025-06-20 10:10:48.589773,1444.5,327618.0,625394.0
2025-06-20 10:10:49.063633,1444.2,327486.0,624771.0
2025-06-20 10:10:49.587865,1444.1,327486.0,624771.0
2025-06-20 10:10:50.064933,1444.1,327464.0,623298.0
2025-06-20 10:10:50.584473,1444.2,327464.0,623298.0
2025-06-20 10:10:51.065213,1444.2,327549.0,624882.0
2025-06-20 10:10:51.590816,1444.5,327549.0,624882.0
2025-06-20 10:10:51.964517,1444.5,327835.0,624927.0
2025-06-20 10:10:52.587220,1444.2,327835.0,624927.0
2025-06-20 10:10:53.065280,1444.5,328119.0,624923.0
2025-06-20 10:10:53.584271,1444.5,328119.0,624923.0
2025-06-20 10:10:54.064150,1444.2,328091.0,624370.0
2025-06-20 10:10:54.587273,1444.2,328091.0,624370.0
2025-06-20 10:10:55.585774,1444.6,328091.0,624370.0
2025-06-20 10:10:55.664581,1444.6,328539.0,624529.0
2025-06-20 10:10:56.591792,1444.6,328539.0,624529.0
2025-06-20 10:10:56.667624,1444.6,327853.0,628126.0
2025-06-20 10:10:57.586217,1444.2,327853.0,628126.0
2025-06-20 10:10:57.766862,1444.2,327785.0,629221.0
2025-06-20 10:10:58.608213,1444.7,327785.0,629221.0
2025-06-20 10:10:58.766879,1444.7,328426.0,624776.0
2025-06-20 10:10:59.591264,1444.5,328426.0,624776.0
2025-06-20 10:10:59.965808,1444.5,328349.0,625003.0
2025-06-20 10:11:00.657881,1444.6,328349.0,625003.0
2025-06-20 10:11:01.167198,1444.3,327714.0,626524.0
2025-06-20 10:11:01.599284,1444.5,327714.0,626524.0
2025-06-20 10:11:02.269661,1444.5,328066.0,626294.0
2025-06-20 10:11:02.588531,1444.5,328066.0,626294.0
2025-06-20 10:11:03.368779,1444.5,327853.0,626186.0
2025-06-20 10:11:03.590572,1444.5,327853.0,626186.0
2025-06-20 10:11:04.477348,1444.2,329114.0,624775.0
2025-06-20 10:11:04.589522,1444.7,329114.0,624775.0
2025-06-20 10:11:05.573529,1444.2,329597.0,624876.0
2025-06-20 10:11:05.589860,1444.2,329597.0,624876.0
2025-06-20 10:11:06.596407,1444.2,329597.0,624876.0
2025-06-20 10:11:06.671462,1444.2,329866.0,624988.0
2025-06-20 10:11:07.599107,1444.8,329866.0,624988.0
2025-06-20 10:11:07.773785,1444.3,330144.0,624742.0
2025-06-20 10:11:08.597278,1444.2,330144.0,624742.0
2025-06-20 10:11:08.884760,1444.3,329733.0,624439.0
2025-06-20 10:11:09.619920,1444.8,329733.0,624439.0
2025-06-20 10:11:09.877323,1444.8,331340.0,623048.0
2025-06-20 10:11:10.639749,1444.8,331340.0,623048.0
2025-06-20 10:11:10.975603,1444.8,330899.0,624352.0
2025-06-20 10:11:11.595054,1444.8,330899.0,624352.0
2025-06-20 10:11:12.106917,1444.4,331889.0,624307.0
2025-06-20 10:11:12.868626,1444.8,331889.0,624307.0
2025-06-20 10:11:13.178305,1444.8,332007.0,624236.0
2025-06-20 10:11:13.611885,1444.8,332007.0,624236.0
2025-06-20 10:11:14.277140,1444.8,333609.0,621507.0
2025-06-20 10:11:14.592281,1444.8,333609.0,621507.0
2025-06-20 10:11:15.277083,1444.8,333587.0,624028.0
2025-06-20 10:11:15.597510,1444.5,333587.0,624028.0
2025-06-20 10:11:16.384530,1444.8,333886.0,624353.0
2025-06-20 10:11:16.639986,1444.8,333886.0,624353.0
2025-06-20 10:11:17.385540,1444.8,333332.0,624350.0
2025-06-20 10:11:18.385421,1444.8,333474.0,624287.0
2025-06-20 10:11:19.258747,1444.8,333474.0,624287.0
2025-06-20 10:11:19.490189,1444.8,333665.0,622175.0
2025-06-20 10:11:19.626780,1444.8,333665.0,622175.0
2025-06-20 10:11:20.385458,1444.8,334877.0,620124.0
2025-06-20 10:11:20.589033,1444.9,334877.0,620124.0
2025-06-20 10:11:21.282665,1444.9,334614.0,620248.0
2025-06-20 10:11:21.643200,1444.9,334614.0,620248.0
2025-06-20 10:11:22.385143,1444.9,334877.0,621414.0
2025-06-20 10:11:23.487168,1444.9,332691.0,621951.0
2025-06-20 10:11:23.699364,1444.9,332691.0,621951.0
2025-06-20 10:11:24.506140,1445.3,336174.0,596261.0
2025-06-20 10:11:24.638950,1445.3,336174.0,596261.0
2025-06-20 10:11:26.250007,1445.9,336174.0,596261.0
2025-06-20 10:11:26.285346,1445.4,336344.0,595899.0
2025-06-20 10:11:26.599731,1445.7,336344.0,595899.0
2025-06-20 10:11:27.185172,1445.3,331950.0,595728.0
2025-06-20 10:11:27.600684,1445.7,331950.0,595728.0
2025-06-20 10:11:28.291190,1445.9,329487.0,594864.0
2025-06-20 10:11:28.848188,1445.8,329487.0,594864.0
2025-06-20 10:11:29.432179,1446.0,330190.0,587451.0
2025-06-20 10:11:29.593970,1445.9,330190.0,587451.0
2025-06-20 10:11:30.487398,1445.5,331471.0,590772.0
2025-06-20 10:11:30.610916,1446.0,331471.0,590772.0
2025-06-20 10:11:31.587649,1445.5,331471.0,590772.0
2025-06-20 10:11:31.605421,1445.5,331591.0,590986.0
2025-06-20 10:11:32.594261,1446.2,331591.0,590986.0
2025-06-20 10:11:32.688744,1445.9,331919.0,588000.0
2025-06-20 10:11:33.589298,1446.2,331919.0,588000.0
2025-06-20 10:11:33.794479,1445.8,333652.0,585947.0
2025-06-20 10:11:34.594554,1446.2,333652.0,585947.0
2025-06-20 10:11:34.989039,1446.0,333255.0,589314.0
2025-06-20 10:11:35.585616,1446.1,333255.0,589314.0
2025-06-20 10:11:36.089961,1446.0,331673.0,589524.0
2025-06-20 10:11:36.589153,1445.7,331673.0,589524.0
2025-06-20 10:11:37.092331,1446.3,328995.0,584447.0
2025-06-20 10:11:37.586700,1445.8,328995.0,584447.0
2025-06-20 10:11:38.094444,1445.8,330463.0,585625.0
2025-06-20 10:11:38.586302,1446.3,330463.0,585625.0
2025-06-20 10:11:39.194517,1446.3,330010.0,586617.0
2025-06-20 10:11:39.588227,1446.4,330010.0,586617.0
2025-06-20 10:11:40.405596,1446.4,328590.0,584974.0
2025-06-20 10:11:40.590261,1445.8,328590.0,584974.0
2025-06-20 10:11:41.496203,1446.2,329637.0,589603.0
2025-06-20 10:11:41.586322,1446.1,329637.0,589603.0
2025-06-20 10:11:42.501776,1446.0,329590.0,589217.0
2025-06-20 10:11:42.592725,1446.2,329590.0,589217.0
2025-06-20 10:11:44.098477,1446.2,330883.0,592360.0
2025-06-20 10:11:44.588973,1446.3,330883.0,592360.0
2025-06-20 10:11:45.200882,1446.0,328671.0,590229.0
2025-06-20 10:11:45.593858,1446.3,328671.0,590229.0
2025-06-20 10:11:46.538156,1446.0,329395.0,591875.0
2025-06-20 10:11:46.587398,1446.3,329395.0,591875.0
2025-06-20 10:11:47.414450,1446.3,328987.0,594804.0
2025-06-20 10:11:47.590874,1446.3,328987.0,594804.0
2025-06-20 10:11:48.502411,1446.2,328634.0,592441.0
2025-06-20 10:11:48.589622,1446.2,328634.0,592441.0
2025-06-20 10:11:49.592416,1445.7,328634.0,592441.0
2025-06-20 10:11:49.706005,1445.7,329581.0,591826.0
2025-06-20 10:11:50.590801,1446.3,329581.0,591826.0
2025-06-20 10:11:51.032356,1446.3,329634.0,590430.0
2025-06-20 10:11:51.591379,1446.0,329634.0,590430.0
2025-06-20 10:11:52.114550,1445.8,328786.0,594742.0
2025-06-20 10:11:52.589892,1446.2,328786.0,594742.0
2025-06-20 10:11:53.034890,1446.2,329908.0,595137.0
2025-06-20 10:11:53.595207,1445.8,329908.0,595137.0
2025-06-20 10:11:54.010235,1445.8,329937.0,592373.0
2025-06-20 10:11:54.590628,1445.9,329937.0,592373.0
2025-06-20 10:11:55.010976,1445.9,330055.0,590857.0
2025-06-20 10:11:55.590796,1446.1,330055.0,590857.0
2025-06-20 10:11:56.588721,1445.8,330055.0,590857.0
2025-06-20 10:11:56.617644,1445.8,330309.0,591028.0
2025-06-20 10:11:57.597296,1446.2,330309.0,591028.0
2025-06-20 10:11:57.713873,1446.3,332557.0,585424.0
2025-06-20 10:11:58.592531,1446.3,332557.0,585424.0
2025-06-20 10:11:58.835656,1446.3,333025.0,586442.0
2025-06-20 10:11:59.594273,1446.5,333025.0,586442.0
2025-06-20 10:11:59.918730,1446.5,332909.0,586111.0
2025-06-20 10:12:00.820299,1446.3,333447.0,587860.0
2025-06-20 10:12:01.590499,1446.3,333447.0,587860.0
2025-06-20 10:12:01.924753,1446.3,334018.0,589234.0
2025-06-20 10:12:02.587699,1446.3,334018.0,589234.0
2025-06-20 10:12:03.007251,1446.1,333171.0,588438.0
2025-06-20 10:12:03.591610,1446.5,333171.0,588438.0
2025-06-20 10:12:04.109075,1446.3,332840.0,588137.0
2025-06-20 10:12:04.595106,1446.5,332840.0,588137.0
2025-06-20 10:12:05.210356,1446.3,333258.0,587209.0
2025-06-20 10:12:05.593888,1446.6,333258.0,587209.0
2025-06-20 10:12:06.433306,1446.6,334926.0,589081.0
2025-06-20 10:12:06.592346,1446.6,334926.0,589081.0
2025-06-20 10:12:07.326824,1446.9,335580.0,586943.0
2025-06-20 10:12:07.590900,1446.5,335580.0,586943.0
2025-06-20 10:12:08.435222,1446.4,335846.0,588645.0
2025-06-20 10:12:08.592115,1446.8,335846.0,588645.0
2025-06-20 10:12:09.422845,1446.9,335826.0,590232.0
2025-06-20 10:12:09.592622,1446.9,335826.0,590232.0
2025-06-20 10:12:10.425945,1446.3,335110.0,592468.0
2025-06-20 10:12:10.596107,1446.9,335110.0,592468.0
2025-06-20 10:12:11.424573,1446.9,335377.0,591110.0
2025-06-20 10:12:11.591288,1446.9,335377.0,591110.0
2025-06-20 10:12:12.422371,1446.9,335554.0,592433.0
2025-06-20 10:12:12.590396,1446.4,335554.0,592433.0
2025-06-20 10:12:13.518984,1446.8,332536.0,594060.0
2025-06-20 10:12:13.591565,1446.8,332536.0,594060.0
2025-06-20 10:12:14.606528,1446.5,332536.0,594060.0
2025-06-20 10:12:14.674344,1446.5,333247.0,594063.0
2025-06-20 10:12:15.590861,1446.2,333247.0,594063.0
2025-06-20 10:12:15.716789,1446.5,334710.0,595521.0
2025-06-20 10:12:16.594809,1446.6,334710.0,595521.0
2025-06-20 10:12:16.926343,1446.9,334793.0,595105.0
2025-06-20 10:12:17.595795,1446.9,334793.0,595105.0
2025-06-20 10:12:17.845865,1446.6,336083.0,594415.0
2025-06-20 10:12:18.596878,1446.9,336083.0,594415.0
2025-06-20 10:12:18.918589,1446.9,334289.0,592744.0
2025-06-20 10:12:19.589845,1446.6,334289.0,592744.0
2025-06-20 10:12:19.919849,1446.6,335152.0,593803.0
2025-06-20 10:12:20.591476,1446.8,335152.0,593803.0
2025-06-20 10:12:20.943314,1446.8,334889.0,590341.0
2025-06-20 10:12:21.592870,1447.0,334889.0,590341.0
2025-06-20 10:12:21.947610,1446.9,336795.0,592010.0
2025-06-20 10:12:22.593813,1446.6,336795.0,592010.0
2025-06-20 10:12:22.930087,1446.9,336544.0,592380.0
2025-06-20 10:12:23.591479,1446.8,336544.0,592380.0
2025-06-20 10:12:23.937812,1446.9,338595.0,587697.0
2025-06-20 10:12:24.593869,1446.8,338595.0,587697.0
2025-06-20 10:12:25.024566,1446.5,336010.0,594330.0
2025-06-20 10:12:25.600341,1446.8,336010.0,594330.0
2025-06-20 10:12:26.024029,1446.8,337018.0,593078.0
2025-06-20 10:12:26.598955,1446.6,337018.0,593078.0
2025-06-20 10:12:27.127560,1446.9,335085.0,591736.0
2025-06-20 10:12:27.593121,1446.9,335085.0,591736.0
2025-06-20 10:12:28.127609,1446.9,335697.0,593699.0
2025-06-20 10:12:28.592704,1447.0,335697.0,593699.0
2025-06-20 10:12:29.235220,1446.8,334928.0,593147.0
2025-06-20 10:12:29.591325,1446.9,334928.0,593147.0
2025-06-20 10:12:30.442679,1446.9,335158.0,591711.0
2025-06-20 10:12:30.594238,1446.5,335158.0,591711.0
2025-06-20 10:12:31.433805,1446.9,335478.0,588859.0
2025-06-20 10:12:31.596318,1446.8,335478.0,588859.0
2025-06-20 10:12:32.450322,1447.1,335806.0,588676.0
2025-06-20 10:12:32.598943,1447.1,335806.0,588676.0
2025-06-20 10:12:33.529686,1446.5,333148.0,591458.0
2025-06-20 10:12:33.592855,1446.8,333148.0,591458.0
2025-06-20 10:12:34.595893,1447.4,333148.0,591458.0
2025-06-20 10:12:34.642346,1447.4,336131.0,588186.0
2025-06-20 10:12:35.594501,1447.0,336131.0,588186.0
2025-06-20 10:12:35.769144,1447.4,336428.0,590630.0
2025-06-20 10:12:36.596510,1447.1,336428.0,590630.0
2025-06-20 10:12:36.840452,1447.1,336692.0,589107.0
2025-06-20 10:12:37.598723,1447.5,336692.0,589107.0
2025-06-20 10:12:37.935145,1447.1,338020.0,586017.0
2025-06-20 10:12:38.593095,1447.1,338020.0,586017.0
2025-06-20 10:12:38.936115,1447.0,330920.0,588267.0
2025-06-20 10:12:39.594155,1447.1,330920.0,588267.0
2025-06-20 10:12:40.035532,1447.0,332811.0,591059.0
2025-06-20 10:12:40.548690,1447.0,332811.0,591059.0
2025-06-20 10:12:40.593505,1447.1,332811.0,591059.0
2025-06-20 10:12:40.919415,1447.1,332811.0,591059.0
2025-06-20 10:12:41.164074,1447.1,332811.0,591059.0
2025-06-20 10:12:41.171144,1447.1,333669.0,593036.0
2025-06-20 10:12:41.439509,1447.1,333669.0,593036.0
2025-06-20 10:12:41.593387,1447.3,333669.0,593036.0
2025-06-20 10:12:41.697364,1447.3,333669.0,593036.0
2025-06-20 10:12:42.232889,1447.3,334553.0,591046.0
2025-06-20 10:12:42.299775,1447.3,334553.0,591046.0
2025-06-20 10:12:42.593007,1447.3,334553.0,591046.0
2025-06-20 10:12:42.955931,1447.3,334553.0,591046.0
2025-06-20 10:12:43.348585,1447.4,334583.0,590821.0
2025-06-20 10:12:43.439343,1447.4,334583.0,590821.0
2025-06-20 10:12:43.592411,1447.5,334583.0,590821.0
2025-06-20 10:12:43.943605,1447.5,334583.0,590821.0
2025-06-20 10:12:44.233363,1447.4,334679.0,590389.0
2025-06-20 10:12:44.654386,1447.4,334679.0,590389.0
2025-06-20 10:12:44.667234,1447.7,334679.0,590389.0
2025-06-20 10:12:45.419781,1447.7,334679.0,590389.0
2025-06-20 10:12:45.459819,1447.3,335284.0,589315.0
2025-06-20 10:12:45.622386,1447.6,335284.0,589315.0
2025-06-20 10:12:46.442561,1447.3,333703.0,587705.0
2025-06-20 10:12:46.598001,1447.6,333703.0,587705.0
2025-06-20 10:12:46.684023,1447.6,333703.0,587705.0
2025-06-20 10:12:47.536347,1447.7,333790.0,587085.0
2025-06-20 10:12:47.600742,1447.7,333790.0,587085.0
2025-06-20 10:12:47.650635,1447.7,333790.0,587085.0
2025-06-20 10:12:48.593884,1447.7,333790.0,587085.0
2025-06-20 10:12:48.650576,1447.8,334368.0,581668.0
2025-06-20 10:12:49.154643,1447.8,334368.0,581668.0
2025-06-20 10:12:49.596032,1447.2,334368.0,581668.0
2025-06-20 10:12:49.736534,1447.8,334801.0,584609.0
2025-06-20 10:12:50.478285,1447.8,334801.0,584609.0
2025-06-20 10:12:50.594999,1447.3,334801.0,584609.0
2025-06-20 10:12:50.941053,1447.3,336105.0,585482.0
2025-06-20 10:12:51.601971,1447.3,336105.0,585482.0
2025-06-20 10:12:51.716731,1447.3,336105.0,585482.0
2025-06-20 10:12:51.938454,1447.7,333618.0,584186.0
2025-06-20 10:12:52.595252,1447.1,333618.0,584186.0
2025-06-20 10:12:53.040015,1447.5,334273.0,589432.0
2025-06-20 10:12:53.264912,1447.5,334273.0,589432.0
2025-06-20 10:12:53.598190,1447.6,334273.0,589432.0
2025-06-20 10:12:54.142813,1447.6,334068.0,590106.0
2025-06-20 10:12:54.603573,1447.1,334068.0,590106.0
2025-06-20 10:12:55.247898,1447.1,332664.0,591702.0
2025-06-20 10:12:55.595576,1447.3,332664.0,591702.0
2025-06-20 10:12:56.246208,1447.7,332183.0,591049.0
2025-06-20 10:12:56.596616,1447.8,332183.0,591049.0
2025-06-20 10:12:57.455491,1447.1,333403.0,591022.0
2025-06-20 10:12:57.633786,1447.1,333403.0,591022.0
2025-06-20 10:12:58.444753,1447.1,333035.0,591760.0
2025-06-20 10:12:58.597808,1447.6,333035.0,591760.0
2025-06-20 10:12:59.550032,1447.5,333608.0,593510.0
2025-06-20 10:12:59.594533,1447.5,333608.0,593510.0
2025-06-20 10:13:00.623059,1447.5,333608.0,593510.0
2025-06-20 10:13:00.746258,1447.5,333581.0,593925.0
2025-06-20 10:13:01.592916,1447.5,333581.0,593925.0
2025-06-20 10:13:01.750854,1447.5,334115.0,594769.0
2025-06-20 10:13:02.596771,1447.1,334115.0,594769.0
2025-06-20 10:13:02.867786,1447.5,333971.0,591619.0
2025-06-20 10:13:03.601425,1447.1,333971.0,591619.0
2025-06-20 10:13:03.951482,1447.5,334031.0,591608.0
2025-06-20 10:13:04.593990,1447.5,334031.0,591608.0
2025-06-20 10:13:05.054298,1447.5,333491.0,592623.0
2025-06-20 10:13:05.594406,1447.5,333491.0,592623.0
2025-06-20 10:13:06.159142,1447.3,332565.0,593523.0
2025-06-20 10:13:06.598741,1447.5,332565.0,593523.0
2025-06-20 10:13:07.251936,1447.5,333814.0,592601.0
2025-06-20 10:13:07.595379,1447.5,333814.0,592601.0
2025-06-20 10:13:08.389906,1447.6,334873.0,590396.0
2025-06-20 10:13:08.601431,1447.5,334873.0,590396.0
2025-06-20 10:13:09.462203,1447.1,333756.0,590083.0
2025-06-20 10:13:09.638699,1447.5,333756.0,590083.0
2025-06-20 10:13:10.558675,1447.5,330656.0,592523.0
2025-06-20 10:13:10.596552,1447.5,330656.0,592523.0
2025-06-20 10:13:11.559505,1447.5,332297.0,591296.0
2025-06-20 10:13:11.594788,1447.5,332297.0,591296.0
2025-06-20 10:13:12.594461,1447.5,332297.0,591296.0
2025-06-20 10:13:12.662479,1447.5,333382.0,593501.0
2025-06-20 10:13:13.599317,1447.5,333382.0,593501.0
2025-06-20 10:13:13.761698,1447.4,333353.0,592303.0
2025-06-20 10:13:14.599464,1447.6,333353.0,592303.0
2025-06-20 10:13:14.906494,1447.5,331953.0,593914.0
2025-06-20 10:13:15.596482,1447.5,331953.0,593914.0
2025-06-20 10:13:15.960885,1447.5,331728.0,594449.0
2025-06-20 10:13:16.601304,1447.6,331728.0,594449.0
2025-06-20 10:13:17.061660,1447.5,331133.0,592078.0
2025-06-20 10:13:17.596366,1447.5,331133.0,592078.0
2025-06-20 10:13:18.164330,1447.5,331511.0,588355.0
2025-06-20 10:13:18.597781,1447.6,331511.0,588355.0
2025-06-20 10:13:19.166055,1447.5,332520.0,589237.0
2025-06-20 10:13:19.601322,1447.6,332520.0,589237.0
2025-06-20 10:13:20.162902,1447.6,332740.0,589896.0
2025-06-20 10:13:20.600231,1447.6,332740.0,589896.0
2025-06-20 10:13:21.165600,1447.6,332446.0,594219.0
2025-06-20 10:13:21.601043,1447.7,332446.0,594219.0
2025-06-20 10:13:22.267301,1447.5,332659.0,590857.0
2025-06-20 10:13:22.598645,1447.5,332659.0,590857.0
2025-06-20 10:13:23.264433,1447.5,332188.0,593473.0
2025-06-20 10:13:23.602700,1447.6,332188.0,593473.0
2025-06-20 10:13:24.566195,1447.7,332222.0,593473.0
2025-06-20 10:13:24.600477,1447.7,332222.0,593473.0
2025-06-20 10:13:25.268798,1447.7,332211.0,594308.0
2025-06-20 10:13:25.595737,1447.6,332211.0,594308.0
2025-06-20 10:13:26.268227,1447.6,332271.0,592887.0
2025-06-20 10:13:26.605567,1447.5,332271.0,592887.0
2025-06-20 10:13:27.267052,1447.6,332312.0,592011.0
2025-06-20 10:13:27.596742,1447.6,332312.0,592011.0
2025-06-20 10:13:28.268929,1447.3,327066.0,598492.0
2025-06-20 10:13:28.595958,1447.2,327066.0,598492.0
2025-06-20 10:13:29.371104,1447.3,329359.0,598016.0
2025-06-20 10:13:29.595611,1447.3,329359.0,598016.0
2025-06-20 10:13:30.380892,1447.3,329819.0,601293.0
2025-06-20 10:13:31.474205,1446.6,330116.0,603201.0
2025-06-20 10:13:31.596768,1447.2,330116.0,603201.0
2025-06-20 10:13:32.573770,1447.0,329959.0,605630.0
2025-06-20 10:13:32.599546,1447.0,329959.0,605630.0
2025-06-20 10:13:33.593516,1446.5,329959.0,605630.0
2025-06-20 10:13:33.675250,1446.5,330342.0,605069.0
2025-06-20 10:13:34.596220,1446.8,330342.0,605069.0
2025-06-20 10:13:34.771240,1446.8,331480.0,605587.0
2025-06-20 10:13:35.596959,1447.3,331480.0,605587.0
2025-06-20 10:13:35.887956,1447.0,330814.0,607408.0
2025-06-20 10:13:36.596349,1447.0,330814.0,607408.0
2025-06-20 10:13:36.975558,1446.6,331000.0,607439.0
2025-06-20 10:13:37.600666,1447.1,331000.0,607439.0
2025-06-20 10:13:37.974327,1447.1,330939.0,608527.0
2025-06-20 10:13:38.594577,1446.5,330939.0,608527.0
2025-06-20 10:13:39.075770,1446.6,330291.0,609836.0
2025-06-20 10:13:39.594573,1447.0,330291.0,609836.0
2025-06-20 10:13:40.174898,1447.0,329843.0,609475.0
2025-06-20 10:13:40.602525,1446.3,329843.0,609475.0
2025-06-20 10:13:41.276376,1446.4,329847.0,609562.0
2025-06-20 10:13:41.600928,1446.4,329847.0,609562.0
2025-06-20 10:13:42.580045,1446.9,332033.0,610697.0
2025-06-20 10:13:42.597107,1446.9,332033.0,610697.0
2025-06-20 10:13:43.277974,1447.0,332844.0,608790.0
2025-06-20 10:13:43.597244,1447.0,332844.0,608790.0
2025-06-20 10:13:44.483193,1447.0,333298.0,607879.0
2025-06-20 10:13:45.482353,1446.5,332515.0,610816.0
2025-06-20 10:13:45.599996,1446.9,332515.0,610816.0
2025-06-20 10:13:46.579692,1446.4,332761.0,610472.0
2025-06-20 10:13:46.597190,1446.4,332761.0,610472.0
2025-06-20 10:13:47.623810,1446.4,332761.0,610472.0
2025-06-20 10:13:47.678061,1446.4,333275.0,610060.0
2025-06-20 10:13:48.599612,1446.9,333275.0,610060.0
2025-06-20 10:13:48.778175,1446.9,334055.0,610330.0
2025-06-20 10:13:49.643172,1446.9,334055.0,610330.0
2025-06-20 10:13:49.890932,1446.9,333509.0,611935.0
2025-06-20 10:13:50.597019,1446.6,333509.0,611935.0
2025-06-20 10:13:50.983942,1446.6,333537.0,612624.0
2025-06-20 10:13:51.596369,1446.6,333537.0,612624.0
2025-06-20 10:13:52.118069,1446.6,333104.0,611139.0
2025-06-20 10:13:52.602639,1447.1,333104.0,611139.0
2025-06-20 10:13:53.186157,1446.6,333682.0,611755.0
2025-06-20 10:13:53.600447,1447.1,333682.0,611755.0
2025-06-20 10:13:54.287125,1446.6,333185.0,611493.0
2025-06-20 10:13:54.595504,1447.1,333185.0,611493.0
2025-06-20 10:13:55.285121,1446.6,332961.0,614393.0
2025-06-20 10:13:55.594457,1446.9,332961.0,614393.0
2025-06-20 10:13:56.401655,1446.6,332066.0,617297.0
2025-06-20 10:13:56.604835,1446.8,332066.0,617297.0
2025-06-20 10:13:57.488760,1446.8,332246.0,616894.0
2025-06-20 10:13:58.590597,1446.6,332336.0,617159.0
2025-06-20 10:13:58.602264,1446.6,332336.0,617159.0
2025-06-20 10:13:59.598237,1446.9,332336.0,617159.0
2025-06-20 10:13:59.694065,1446.9,331990.0,617315.0
2025-06-20 10:14:00.611645,1446.9,331990.0,617315.0
2025-06-20 10:14:00.996030,1446.9,333244.0,616593.0
2025-06-20 10:14:01.602713,1446.9,333244.0,616593.0
2025-06-20 10:14:02.095846,1446.9,333672.0,614278.0
2025-06-20 10:14:02.653039,1447.0,333672.0,614278.0
2025-06-20 10:14:03.093053,1447.0,333757.0,614486.0
2025-06-20 10:14:03.600791,1446.7,333757.0,614486.0
2025-06-20 10:14:04.191610,1446.7,333330.0,617719.0
2025-06-20 10:14:04.609183,1446.9,333330.0,617719.0
2025-06-20 10:14:05.292506,1446.7,333571.0,616793.0
2025-06-20 10:14:05.650977,1446.7,333571.0,616793.0
2025-06-20 10:14:06.291431,1447.0,333791.0,615142.0
2025-06-20 10:14:06.607215,1447.0,333791.0,615142.0
2025-06-20 10:14:07.496150,1447.0,334133.0,609322.0
2025-06-20 10:14:07.620409,1447.0,334133.0,609322.0
2025-06-20 10:14:08.492979,1446.8,333709.0,612684.0
2025-06-20 10:14:08.608222,1447.0,333709.0,612684.0
2025-06-20 10:14:09.492250,1447.0,333262.0,612777.0
2025-06-20 10:14:09.608741,1446.7,333262.0,612777.0
2025-06-20 10:14:10.592085,1446.7,333153.0,613233.0
2025-06-20 10:14:10.602210,1446.7,333153.0,613233.0
2025-06-20 10:14:11.602299,1447.0,333224.0,610703.0
2025-06-20 10:14:11.614084,1447.0,333224.0,610703.0
2025-06-20 10:14:12.605167,1447.1,333224.0,610703.0
2025-06-20 10:14:12.694981,1447.1,334409.0,614245.0
2025-06-20 10:14:13.621199,1446.7,334409.0,614245.0
2025-06-20 10:14:13.700617,1446.7,333418.0,612003.0
2025-06-20 10:14:14.604541,1446.7,333418.0,612003.0
2025-06-20 10:14:14.699899,1446.7,335156.0,611156.0
2025-06-20 10:14:15.601980,1447.4,335156.0,611156.0
2025-06-20 10:14:15.801772,1447.4,336204.0,609845.0
2025-06-20 10:14:16.604699,1447.5,336204.0,609845.0
2025-06-20 10:14:16.804500,1447.5,337917.0,606211.0
2025-06-20 10:14:17.599486,1447.5,337917.0,606211.0
2025-06-20 10:14:17.800999,1447.5,338036.0,607064.0
2025-06-20 10:14:18.600395,1447.1,338036.0,607064.0
2025-06-20 10:14:18.913278,1447.1,337788.0,607756.0
2025-06-20 10:14:19.647677,1447.3,337788.0,607756.0
2025-06-20 10:14:19.912046,1447.1,338214.0,607827.0
2025-06-20 10:14:20.606696,1447.1,338214.0,607827.0
2025-06-20 10:14:21.100677,1447.1,334537.0,608951.0
2025-06-20 10:14:21.607893,1447.5,334537.0,608951.0
2025-06-20 10:14:22.202775,1447.5,334813.0,610188.0
2025-06-20 10:14:22.610305,1447.1,334813.0,610188.0
2025-06-20 10:14:23.310142,1447.1,334115.0,612598.0
2025-06-20 10:14:23.604821,1447.4,334115.0,612598.0
2025-06-20 10:14:24.602122,1447.4,334115.0,612598.0
2025-06-20 10:14:24.809077,1447.4,334881.0,612104.0
2025-06-20 10:14:25.603196,1447.0,334881.0,612104.0
2025-06-20 10:14:25.811670,1447.0,332688.0,609789.0
2025-06-20 10:14:26.604297,1447.1,332688.0,609789.0
2025-06-20 10:14:26.914935,1447.1,333733.0,611780.0
2025-06-20 10:14:27.606521,1447.3,333733.0,611780.0
2025-06-20 10:14:27.912328,1447.4,333549.0,611261.0
2025-06-20 10:14:28.601159,1446.9,333549.0,611261.0
2025-06-20 10:14:28.872698,1446.9,333167.0,611375.0
2025-06-20 10:14:29.601548,1446.9,333167.0,611375.0
2025-06-20 10:14:29.915197,1446.9,334013.0,611490.0
2025-06-20 10:14:30.606150,1447.3,334013.0,611490.0
2025-06-20 10:14:30.819356,1447.3,331567.0,612064.0
2025-06-20 10:14:31.663845,1447.2,331567.0,612064.0
2025-06-20 10:14:31.818720,1447.2,333576.0,613070.0
2025-06-20 10:14:32.601952,1446.9,333576.0,613070.0
2025-06-20 10:14:32.821317,1446.9,333858.0,609754.0
2025-06-20 10:14:33.611716,1446.8,333858.0,609754.0
2025-06-20 10:14:33.931148,1446.8,334094.0,612191.0
2025-06-20 10:14:34.644150,1447.2,334094.0,612191.0
2025-06-20 10:14:34.821249,1447.2,335668.0,611679.0
2025-06-20 10:14:35.605129,1447.4,335668.0,611679.0
2025-06-20 10:14:35.920673,1447.4,335651.0,614913.0
2025-06-20 10:14:36.615029,1447.4,335651.0,614913.0
2025-06-20 10:14:37.106544,1446.9,336262.0,611704.0
2025-06-20 10:14:37.602340,1447.3,336262.0,611704.0
2025-06-20 10:14:38.109889,1447.3,336097.0,615725.0
2025-06-20 10:14:38.608042,1447.2,336097.0,615725.0
2025-06-20 10:14:39.317342,1446.9,336171.0,613541.0
2025-06-20 10:14:39.602158,1447.2,336171.0,613541.0
2025-06-20 10:14:40.397361,1447.2,337159.0,614945.0
2025-06-20 10:14:40.603075,1447.4,337159.0,614945.0
2025-06-20 10:14:41.324681,1447.2,337263.0,615394.0
2025-06-20 10:14:41.603271,1447.0,337263.0,615394.0
2025-06-20 10:14:42.423681,1447.3,337546.0,611696.0
2025-06-20 10:14:42.604281,1447.3,337546.0,611696.0
2025-06-20 10:14:43.511392,1447.2,337145.0,611013.0
2025-06-20 10:14:43.607396,1447.2,337145.0,611013.0
2025-06-20 10:14:44.611221,1447.2,337145.0,611013.0
2025-06-20 10:14:44.634350,1447.2,337339.0,610802.0
2025-06-20 10:14:45.616905,1447.2,337339.0,610802.0
2025-06-20 10:14:45.668018,1447.2,337036.0,610709.0
2025-06-20 10:14:46.604306,1447.6,337036.0,610709.0
2025-06-20 10:14:46.649523,1447.6,338059.0,608337.0
2025-06-20 10:14:47.519762,1447.6,338528.0,610369.0
2025-06-20 10:14:47.657865,1447.4,338528.0,610369.0
2025-06-20 10:14:48.602864,1447.5,338528.0,610369.0
2025-06-20 10:14:48.717094,1447.5,338960.0,609711.0
2025-06-20 10:14:49.602336,1447.1,338960.0,609711.0
2025-06-20 10:14:49.932607,1447.1,338700.0,610980.0
2025-06-20 10:14:50.601073,1447.5,338700.0,610980.0
2025-06-20 10:14:50.831814,1447.5,338570.0,613235.0
2025-06-20 10:14:51.604478,1447.5,338570.0,613235.0
2025-06-20 10:14:51.719754,1447.5,338780.0,613043.0
2025-06-20 10:14:52.603126,1447.4,338780.0,613043.0
2025-06-20 10:14:52.727519,1447.4,338759.0,613906.0
2025-06-20 10:14:53.600509,1447.5,338759.0,613906.0
2025-06-20 10:14:53.849074,1447.5,338674.0,613574.0
2025-06-20 10:14:54.606756,1447.5,338674.0,613574.0
2025-06-20 10:14:54.849201,1447.2,338223.0,608628.0
2025-06-20 10:14:55.633136,1447.4,338223.0,608628.0
2025-06-20 10:14:55.832413,1447.2,338770.0,608385.0
2025-06-20 10:14:56.602601,1447.8,338770.0,608385.0
2025-06-20 10:14:56.858185,1447.7,339549.0,603934.0
2025-06-20 10:14:57.617432,1447.7,339549.0,603934.0
2025-06-20 10:14:57.853552,1447.7,339027.0,603943.0
2025-06-20 10:14:58.607171,1447.5,339027.0,603943.0
2025-06-20 10:14:58.726578,1447.5,338028.0,605088.0
2025-06-20 10:14:59.603622,1447.8,338028.0,605088.0
2025-06-20 10:14:59.748751,1447.8,338430.0,604822.0
2025-06-20 10:15:00.938316,1447.8,338734.0,601611.0
2025-06-20 10:15:01.672557,1447.7,338734.0,601611.0
2025-06-20 10:15:02.028367,1447.9,339673.0,604490.0
2025-06-20 10:15:02.605726,1447.9,339673.0,604490.0
2025-06-20 10:15:03.128989,1448.0,340888.0,604706.0
2025-06-20 10:15:03.645206,1448.0,340888.0,604706.0
2025-06-20 10:15:04.132230,1447.8,338452.0,602835.0
2025-06-20 10:15:04.605099,1448.0,338452.0,602835.0
2025-06-20 10:15:05.235313,1447.7,339864.0,604407.0
2025-06-20 10:15:05.605309,1448.0,339864.0,604407.0
2025-06-20 10:15:06.230574,1448.0,341057.0,604352.0
2025-06-20 10:15:06.607260,1447.8,341057.0,604352.0
2025-06-20 10:15:07.232061,1447.8,339619.0,603105.0
2025-06-20 10:15:07.606763,1447.7,339619.0,603105.0
2025-06-20 10:15:08.231133,1447.7,338711.0,605441.0
2025-06-20 10:15:08.602708,1447.8,338711.0,605441.0
2025-06-20 10:15:09.445777,1448.0,339901.0,607507.0
2025-06-20 10:15:09.603788,1447.8,339901.0,607507.0
2025-06-20 10:15:10.437897,1447.9,340623.0,607240.0
2025-06-20 10:15:10.607304,1447.9,340623.0,607240.0
2025-06-20 10:15:11.534812,1447.8,340218.0,607227.0
2025-06-20 10:15:11.604641,1447.8,340218.0,607227.0
2025-06-20 10:15:12.604381,1447.8,340218.0,607227.0
2025-06-20 10:15:12.644018,1447.8,341900.0,607111.0
2025-06-20 10:15:13.604752,1447.9,341900.0,607111.0
2025-06-20 10:15:13.735640,1447.9,340933.0,606777.0
2025-06-20 10:15:14.602291,1448.1,340933.0,606777.0
2025-06-20 10:15:14.848859,1448.2,341306.0,595829.0
2025-06-20 10:15:15.602803,1448.4,341306.0,595829.0
2025-06-20 10:15:15.937515,1448.1,342308.0,595343.0
2025-06-20 10:15:16.605404,1448.4,342308.0,595343.0
2025-06-20 10:15:16.939581,1448.4,342816.0,595015.0
2025-06-20 10:15:17.605679,1448.8,342816.0,595015.0
2025-06-20 10:15:17.939384,1448.8,344011.0,591668.0
2025-06-20 10:15:18.605128,1448.9,344011.0,591668.0
2025-06-20 10:15:18.940961,1448.4,342215.0,591941.0
2025-06-20 10:15:19.602289,1448.9,342215.0,591941.0
2025-06-20 10:15:19.939940,1448.4,342557.0,592904.0
2025-06-20 10:15:20.606458,1449.0,342557.0,592904.0
2025-06-20 10:15:21.041044,1448.6,342437.0,595499.0
2025-06-20 10:15:21.605739,1449.0,342437.0,595499.0
2025-06-20 10:15:22.141547,1449.0,342944.0,596095.0
2025-06-20 10:15:22.614638,1449.0,342944.0,596095.0
2025-06-20 10:15:23.243145,1448.6,343181.0,593398.0
2025-06-20 10:15:23.604962,1448.4,343181.0,593398.0
2025-06-20 10:15:24.150243,1448.6,341344.0,593511.0
2025-06-20 10:15:24.609180,1448.5,341344.0,593511.0
2025-06-20 10:15:25.244458,1449.0,341862.0,593241.0
2025-06-20 10:15:25.605002,1449.0,341862.0,593241.0
2025-06-20 10:15:26.356062,1449.0,342696.0,594937.0
2025-06-20 10:15:26.607127,1449.0,342696.0,594937.0
2025-06-20 10:15:27.447557,1448.8,340669.0,594203.0
2025-06-20 10:15:27.606709,1448.8,340669.0,594203.0
2025-06-20 10:15:28.548573,1449.0,340994.0,592789.0
2025-06-20 10:15:28.607165,1448.8,340994.0,592789.0
2025-06-20 10:15:29.613961,1449.0,340994.0,592789.0
2025-06-20 10:15:29.672362,1449.0,342137.0,595065.0
2025-06-20 10:15:30.606874,1449.0,342137.0,595065.0
2025-06-20 10:15:30.658979,1449.0,342607.0,594390.0
2025-06-20 10:15:31.605176,1449.0,342607.0,594390.0
2025-06-20 10:15:31.661542,1449.0,341307.0,594200.0
2025-06-20 10:15:32.605960,1448.9,341307.0,594200.0
2025-06-20 10:15:32.747832,1448.9,339988.0,593533.0
2025-06-20 10:15:33.605641,1448.5,339988.0,593533.0
2025-06-20 10:15:33.863382,1448.5,339700.0,594398.0
2025-06-20 10:15:34.606239,1448.5,339700.0,594398.0
2025-06-20 10:15:34.873101,1448.9,339601.0,596098.0
2025-06-20 10:15:35.608769,1448.9,339601.0,596098.0
2025-06-20 10:15:35.751819,1448.9,339814.0,596202.0
2025-06-20 10:15:36.606345,1448.5,339814.0,596202.0
2025-06-20 10:15:36.752030,1448.5,337668.0,596639.0
2025-06-20 10:15:37.606712,1448.9,337668.0,596639.0
2025-06-20 10:15:37.868376,1448.9,339973.0,597168.0
2025-06-20 10:15:38.607966,1448.9,339973.0,597168.0
2025-06-20 10:15:38.889715,1448.9,339892.0,596847.0
2025-06-20 10:15:39.610006,1448.9,339892.0,596847.0
2025-06-20 10:15:39.866525,1448.9,340262.0,597339.0
2025-06-20 10:15:40.612990,1448.9,340262.0,597339.0
2025-06-20 10:15:40.867973,1448.4,338555.0,595116.0
2025-06-20 10:15:40.968603,1448.4,338555.0,595116.0
2025-06-20 10:15:41.371747,1448.4,338555.0,595116.0
2025-06-20 10:15:41.608808,1448.9,338555.0,595116.0
2025-06-20 10:15:41.916715,1448.9,338555.0,595116.0
2025-06-20 10:15:41.954652,1448.9,337355.0,595545.0
2025-06-20 10:15:42.173366,1448.9,337355.0,595545.0
2025-06-20 10:15:42.606419,1449.0,337355.0,595545.0
2025-06-20 10:15:42.772692,1449.0,337355.0,595545.0
2025-06-20 10:15:42.958424,1449.0,341813.0,595531.0
2025-06-20 10:15:43.464139,1449.0,341813.0,595531.0
2025-06-20 10:15:43.608440,1449.0,341813.0,595531.0
2025-06-20 10:15:43.858808,1449.0,341813.0,595531.0
2025-06-20 10:15:43.958041,1449.0,342323.0,595970.0
2025-06-20 10:15:44.464422,1449.0,342323.0,595970.0
2025-06-20 10:15:44.609157,1449.0,342323.0,595970.0
2025-06-20 10:15:44.821785,1449.0,342323.0,595970.0
2025-06-20 10:15:45.092414,1448.8,337445.0,593329.0
2025-06-20 10:15:45.606195,1449.0,337445.0,593329.0
2025-06-20 10:15:45.782489,1449.0,337445.0,593329.0
2025-06-20 10:15:46.168349,1449.0,337396.0,595067.0
2025-06-20 10:15:46.607658,1449.0,337396.0,595067.0
2025-06-20 10:15:47.115978,1449.0,337396.0,595067.0
2025-06-20 10:15:47.180680,1449.0,337671.0,592824.0
2025-06-20 10:15:47.606546,1449.1,337671.0,592824.0
2025-06-20 10:15:48.076660,1449.1,337671.0,592824.0
2025-06-20 10:15:48.171410,1449.1,343341.0,577571.0
2025-06-20 10:15:48.607644,1449.2,343341.0,577571.0
2025-06-20 10:15:49.185267,1448.8,342865.0,583298.0
2025-06-20 10:15:49.655105,1448.8,342865.0,583298.0
2025-06-20 10:15:49.659681,1448.8,342865.0,583298.0
2025-06-20 10:15:50.173183,1449.0,342604.0,582667.0
2025-06-20 10:15:50.607925,1449.5,342604.0,582667.0
2025-06-20 10:15:50.882633,1449.5,342604.0,582667.0
2025-06-20 10:15:51.261441,1448.9,340906.0,585405.0
2025-06-20 10:15:51.608557,1449.0,340906.0,585405.0
2025-06-20 10:15:52.127899,1449.0,340906.0,585405.0
2025-06-20 10:15:52.261745,1449.5,343455.0,583660.0
2025-06-20 10:15:52.608625,1449.5,343455.0,583660.0
2025-06-20 10:15:53.263527,1449.5,342926.0,585490.0
2025-06-20 10:15:53.605259,1449.0,342926.0,585490.0
2025-06-20 10:15:53.707551,1449.0,342926.0,585490.0
2025-06-20 10:15:54.185716,1449.5,342830.0,585422.0
2025-06-20 10:15:54.607739,1449.5,342830.0,585422.0
2025-06-20 10:15:55.796503,1449.1,342227.0,587301.0
2025-06-20 10:15:55.798506,1449.0,342227.0,587301.0
2025-06-20 10:15:56.175656,1448.9,342305.0,585869.0
2025-06-20 10:15:56.608635,1449.0,342305.0,585869.0
2025-06-20 10:15:57.268004,1449.0,340765.0,588380.0
2025-06-20 10:15:57.677712,1449.0,340765.0,588380.0
2025-06-20 10:15:58.374505,1449.5,341651.0,585903.0
2025-06-20 10:15:58.605884,1449.5,341651.0,585903.0
2025-06-20 10:15:59.468572,1449.5,342372.0,585663.0
2025-06-20 10:15:59.609518,1449.0,342372.0,585663.0
2025-06-20 10:16:00.381498,1448.9,342550.0,583657.0
2025-06-20 10:16:01.609856,1449.5,342550.0,583657.0
2025-06-20 10:16:01.884493,1449.5,343495.0,582815.0
2025-06-20 10:16:02.605331,1449.5,343495.0,582815.0
2025-06-20 10:16:02.972937,1449.3,344704.0,583346.0
2025-06-20 10:16:03.610733,1449.7,344704.0,583346.0
2025-06-20 10:16:04.122435,1449.3,344119.0,583396.0
2025-06-20 10:16:04.613147,1449.3,344119.0,583396.0
2025-06-20 10:16:05.179568,1449.3,343438.0,582953.0
2025-06-20 10:16:05.659631,1449.3,343438.0,582953.0
2025-06-20 10:16:06.273214,1449.3,347293.0,580821.0
2025-06-20 10:16:06.612070,1449.7,347293.0,580821.0
2025-06-20 10:16:07.171151,1449.7,347009.0,580007.0
2025-06-20 10:16:07.610302,1449.7,347009.0,580007.0
2025-06-20 10:16:08.173411,1449.7,347787.0,581457.0
2025-06-20 10:16:08.608005,1449.4,347787.0,581457.0
2025-06-20 10:16:09.272860,1449.8,349496.0,579162.0
2025-06-20 10:16:09.608840,1449.6,349496.0,579162.0
2025-06-20 10:16:10.273113,1449.8,348017.0,580191.0
2025-06-20 10:16:10.607997,1449.8,348017.0,580191.0
2025-06-20 10:16:11.375790,1449.5,347742.0,578498.0
2025-06-20 10:16:11.607571,1449.8,347742.0,578498.0
2025-06-20 10:16:12.473312,1449.9,349380.0,579495.0
2025-06-20 10:16:12.607415,1449.9,349380.0,579495.0
2025-06-20 10:16:13.575751,1449.8,348547.0,580542.0
2025-06-20 10:16:13.606919,1449.8,348547.0,580542.0
2025-06-20 10:16:14.587042,1449.4,346278.0,580671.0
2025-06-20 10:16:14.608003,1449.4,346278.0,580671.0
2025-06-20 10:16:15.575847,1449.4,344459.0,584578.0
2025-06-20 10:16:15.608934,1449.4,344459.0,584578.0
2025-06-20 10:16:16.577229,1449.4,343636.0,583099.0
2025-06-20 10:16:16.609835,1449.4,343636.0,583099.0
2025-06-20 10:16:17.608509,1449.9,343636.0,583099.0
2025-06-20 10:16:17.679927,1449.9,347168.0,580327.0
2025-06-20 10:16:18.613375,1449.4,347168.0,580327.0
2025-06-20 10:16:18.780234,1449.4,346483.0,579939.0
2025-06-20 10:16:19.608571,1450.0,346483.0,579939.0
2025-06-20 10:16:19.887732,1450.0,344483.0,578756.0
2025-06-20 10:16:20.610325,1449.5,344483.0,578756.0
2025-06-20 10:16:20.978701,1449.6,345348.0,579244.0
2025-06-20 10:16:21.608471,1449.6,345348.0,579244.0
2025-06-20 10:16:22.082570,1449.6,345504.0,581215.0
2025-06-20 10:16:22.611284,1449.9,345504.0,581215.0
2025-06-20 10:16:23.182108,1449.5,345552.0,581873.0
2025-06-20 10:16:23.608856,1449.9,345552.0,581873.0
2025-06-20 10:16:24.282837,1449.5,345368.0,582329.0
2025-06-20 10:16:24.621414,1450.0,345368.0,582329.0
2025-06-20 10:16:25.294881,1450.0,344998.0,581548.0
2025-06-20 10:16:25.608882,1450.0,344998.0,581548.0
2025-06-20 10:16:26.389947,1449.9,342358.0,581801.0
2025-06-20 10:16:26.643008,1449.9,342358.0,581801.0
2025-06-20 10:16:27.484770,1449.9,343201.0,583443.0
2025-06-20 10:16:27.615527,1449.5,343201.0,583443.0
2025-06-20 10:16:28.496119,1449.5,342846.0,582624.0
2025-06-20 10:16:28.608393,1449.9,342846.0,582624.0
2025-06-20 10:16:29.584498,1449.5,342423.0,582109.0
2025-06-20 10:16:29.609967,1449.5,342423.0,582109.0
2025-06-20 10:16:30.584754,1449.5,343314.0,583359.0
2025-06-20 10:16:30.610244,1449.5,343314.0,583359.0
2025-06-20 10:16:31.585532,1449.9,342827.0,585062.0
2025-06-20 10:16:31.640622,1449.9,342827.0,585062.0
2025-06-20 10:16:32.485954,1449.9,341527.0,584014.0
2025-06-20 10:16:32.608566,1449.5,341527.0,584014.0
2025-06-20 10:16:33.486318,1449.9,343320.0,582801.0
2025-06-20 10:16:33.607935,1449.9,343320.0,582801.0
2025-06-20 10:16:34.589459,1449.9,343158.0,582344.0
2025-06-20 10:16:34.657365,1449.9,343158.0,582344.0
2025-06-20 10:16:35.609733,1449.5,343158.0,582344.0
2025-06-20 10:16:35.698146,1449.5,342437.0,584747.0
2025-06-20 10:16:36.616084,1449.5,342437.0,584747.0
2025-06-20 10:16:36.789934,1449.9,342476.0,583590.0
2025-06-20 10:16:37.609003,1449.5,342476.0,583590.0
2025-06-20 10:16:37.910501,1449.5,342896.0,583981.0
2025-06-20 10:16:38.614924,1449.9,342896.0,583981.0
2025-06-20 10:16:38.903711,1449.5,342683.0,587574.0
2025-06-20 10:16:39.645554,1449.5,342683.0,587574.0
2025-06-20 10:16:39.992239,1449.8,341603.0,588674.0
2025-06-20 10:16:40.609735,1449.8,341603.0,588674.0
2025-06-20 10:16:40.991569,1449.8,341846.0,589086.0
2025-06-20 10:16:41.614585,1449.5,341846.0,589086.0
2025-06-20 10:16:41.994206,1449.5,338950.0,592707.0
2025-06-20 10:16:42.613981,1449.2,338950.0,592707.0
2025-06-20 10:16:42.995108,1449.2,337819.0,595817.0
2025-06-20 10:16:43.614923,1449.2,337819.0,595817.0
2025-06-20 10:16:43.994019,1449.2,336971.0,596898.0
2025-06-20 10:16:44.663132,1448.5,336971.0,596898.0
2025-06-20 10:16:44.993998,1449.1,339744.0,599698.0
2025-06-20 10:16:45.612416,1449.1,339744.0,599698.0
2025-06-20 10:16:45.995595,1449.1,338087.0,601194.0
2025-06-20 10:16:46.611292,1449.0,338087.0,601194.0
2025-06-20 10:16:46.994593,1449.0,337333.0,600998.0
2025-06-20 10:16:47.614425,1448.9,337333.0,600998.0
2025-06-20 10:16:47.996909,1448.9,338338.0,602143.0
2025-06-20 10:16:48.610880,1448.9,338338.0,602143.0
2025-06-20 10:16:48.996182,1448.4,336948.0,604355.0
2025-06-20 10:16:49.611027,1449.0,336948.0,604355.0
2025-06-20 10:16:49.998292,1448.4,335656.0,602368.0
2025-06-20 10:16:50.609964,1449.0,335656.0,602368.0
2025-06-20 10:16:51.099413,1448.5,337095.0,604182.0
2025-06-20 10:16:51.612752,1448.5,337095.0,604182.0
2025-06-20 10:16:52.098139,1449.0,337837.0,604992.0
2025-06-20 10:16:52.611663,1448.4,337837.0,604992.0
2025-06-20 10:16:53.100354,1448.4,336582.0,605607.0
2025-06-20 10:16:53.611582,1448.4,336582.0,605607.0
2025-06-20 10:16:54.105718,1448.4,334618.0,606095.0
2025-06-20 10:16:54.659368,1448.4,334618.0,606095.0
2025-06-20 10:16:55.102858,1448.4,336351.0,606482.0
2025-06-20 10:16:55.611095,1448.4,336351.0,606482.0
2025-06-20 10:16:56.203909,1448.4,335279.0,607392.0
2025-06-20 10:16:57.318871,1449.0,335450.0,607917.0
2025-06-20 10:16:57.658389,1449.0,335450.0,607917.0
2025-06-20 10:16:58.317116,1448.4,335225.0,608145.0
2025-06-20 10:16:58.611668,1448.4,335225.0,608145.0
2025-06-20 10:16:59.445547,1448.4,334080.0,607352.0
2025-06-20 10:16:59.611749,1448.4,334080.0,607352.0
2025-06-20 10:17:00.664883,1448.9,334080.0,607352.0
2025-06-20 10:17:00.908469,1448.9,336200.0,608934.0
2025-06-20 10:17:01.611374,1448.5,336200.0,608934.0
2025-06-20 10:17:01.808230,1448.5,336395.0,609027.0
2025-06-20 10:17:02.614397,1448.5,336395.0,609027.0
2025-06-20 10:17:02.707312,1448.5,336255.0,610776.0
2025-06-20 10:17:03.613368,1449.5,336255.0,610776.0
2025-06-20 10:17:03.806939,1449.4,335868.0,605479.0
2025-06-20 10:17:04.611908,1449.0,335868.0,605479.0
2025-06-20 10:17:04.812606,1449.0,337647.0,606303.0
2025-06-20 10:17:05.612160,1448.9,337647.0,606303.0
2025-06-20 10:17:05.817578,1448.9,338381.0,607637.0
2025-06-20 10:17:06.610715,1449.5,338381.0,607637.0
2025-06-20 10:17:06.816538,1449.5,338408.0,606932.0
2025-06-20 10:17:07.611804,1449.5,338408.0,606932.0
2025-06-20 10:17:07.817023,1449.5,339198.0,606939.0
2025-06-20 10:17:08.616432,1449.5,339198.0,606939.0
2025-06-20 10:17:08.711881,1449.5,339322.0,607190.0
2025-06-20 10:17:09.614889,1448.9,339322.0,607190.0
2025-06-20 10:17:09.818513,1448.9,338735.0,606938.0
2025-06-20 10:17:10.611950,1449.5,338735.0,606938.0
2025-06-20 10:17:10.712528,1449.5,340236.0,607557.0
2025-06-20 10:17:11.611611,1448.9,340236.0,607557.0
2025-06-20 10:17:11.712142,1448.9,339994.0,608809.0
2025-06-20 10:17:12.618314,1448.9,339994.0,608809.0
2025-06-20 10:17:12.711626,1448.9,340096.0,609223.0
2025-06-20 10:17:13.614623,1449.0,340096.0,609223.0
2025-06-20 10:17:13.711998,1449.0,340220.0,608808.0
2025-06-20 10:17:14.631389,1449.2,340220.0,608808.0
2025-06-20 10:17:14.640748,1449.2,338400.0,604980.0
2025-06-20 10:17:15.514062,1449.2,339708.0,606748.0
2025-06-20 10:17:15.612370,1449.1,339708.0,606748.0
2025-06-20 10:17:16.516927,1448.9,340182.0,607775.0
2025-06-20 10:17:16.611375,1448.9,340182.0,607775.0
2025-06-20 10:17:17.617831,1449.0,340182.0,607775.0
2025-06-20 10:17:17.636375,1449.0,340077.0,608183.0
2025-06-20 10:17:18.515511,1448.9,339736.0,608798.0
2025-06-20 10:17:18.618064,1448.9,339736.0,608798.0
2025-06-20 10:17:19.516878,1449.0,339869.0,608605.0
2025-06-20 10:17:19.613054,1449.0,339869.0,608605.0
2025-06-20 10:17:20.444327,1449.0,340092.0,608624.0
2025-06-20 10:17:21.441016,1448.9,341026.0,607757.0
2025-06-20 10:17:21.610421,1448.9,341026.0,607757.0
2025-06-20 10:17:22.334326,1449.4,341535.0,606392.0
2025-06-20 10:17:22.611022,1449.0,341535.0,606392.0
2025-06-20 10:17:23.333380,1448.9,341042.0,606919.0
2025-06-20 10:17:23.617360,1449.4,341042.0,606919.0
2025-06-20 10:17:24.332720,1449.3,345126.0,596301.0
2025-06-20 10:17:24.616414,1449.3,345126.0,596301.0
2025-06-20 10:17:25.448335,1449.5,345013.0,602808.0
2025-06-20 10:17:25.618998,1449.5,345013.0,602808.0
2025-06-20 10:17:26.223573,1449.3,344286.0,602582.0
2025-06-20 10:17:26.615564,1449.3,344286.0,602582.0
2025-06-20 10:17:27.225851,1449.2,343278.0,607931.0
2025-06-20 10:17:27.613892,1449.2,343278.0,607931.0
2025-06-20 10:17:28.225561,1449.0,341932.0,607951.0
2025-06-20 10:17:28.613300,1449.2,341932.0,607951.0
2025-06-20 10:17:29.225235,1449.1,342421.0,609385.0
2025-06-20 10:17:29.616255,1449.1,342421.0,609385.0
2025-06-20 10:17:30.235937,1449.2,343275.0,608952.0
2025-06-20 10:17:30.615659,1449.2,343275.0,608952.0
2025-06-20 10:17:31.226948,1449.2,342518.0,609113.0
2025-06-20 10:17:31.614756,1449.2,342518.0,609113.0
2025-06-20 10:17:32.226411,1449.2,341772.0,610757.0
2025-06-20 10:17:32.612666,1449.8,341772.0,610757.0
2025-06-20 10:17:33.127988,1449.2,341011.0,610834.0
2025-06-20 10:17:33.639824,1449.1,341011.0,610834.0
2025-06-20 10:17:34.126255,1449.1,340821.0,610428.0
2025-06-20 10:17:34.617155,1449.2,340821.0,610428.0
2025-06-20 10:17:35.129119,1449.2,341159.0,610081.0
2025-06-20 10:17:35.616060,1449.5,341159.0,610081.0
2025-06-20 10:17:36.127838,1449.8,342014.0,608755.0
2025-06-20 10:17:36.613570,1449.8,342014.0,608755.0
2025-06-20 10:17:37.126877,1449.8,342438.0,608394.0
2025-06-20 10:17:37.615480,1449.8,342438.0,608394.0
2025-06-20 10:17:38.028518,1449.8,343137.0,609649.0
2025-06-20 10:17:38.642758,1449.8,343137.0,609649.0
2025-06-20 10:17:39.031578,1449.3,343730.0,607773.0
2025-06-20 10:17:39.617369,1449.5,343730.0,607773.0
2025-06-20 10:17:40.029797,1449.4,343785.0,607589.0
2025-06-20 10:17:40.618132,1449.4,343785.0,607589.0
2025-06-20 10:17:40.936369,1449.1,343006.0,609147.0
2025-06-20 10:17:41.618769,1449.1,343006.0,609147.0
2025-06-20 10:17:41.932851,1449.8,342514.0,610629.0
2025-06-20 10:17:42.616798,1449.2,342514.0,610629.0
2025-06-20 10:17:42.845818,1449.8,342558.0,610562.0
2025-06-20 10:17:43.637486,1449.8,342558.0,610562.0
2025-06-20 10:17:43.847640,1449.8,346862.0,606452.0
2025-06-20 10:17:44.935420,1449.4,345303.0,608562.0
2025-06-20 10:17:45.614836,1449.8,345303.0,608562.0
2025-06-20 10:17:45.931525,1449.8,344778.0,608763.0
2025-06-20 10:17:46.613680,1449.8,344778.0,608763.0
2025-06-20 10:17:46.934806,1449.8,343469.0,611192.0
2025-06-20 10:17:47.614044,1449.3,343469.0,611192.0
2025-06-20 10:17:47.844958,1449.3,341674.0,611604.0
2025-06-20 10:17:48.615753,1449.3,341674.0,611604.0
2025-06-20 10:17:48.846118,1449.3,343696.0,610356.0
2025-06-20 10:17:49.614154,1449.8,343696.0,610356.0
2025-06-20 10:17:49.846875,1449.8,344629.0,608089.0
2025-06-20 10:17:50.616071,1449.8,344629.0,608089.0
2025-06-20 10:17:50.935441,1449.3,344205.0,609090.0
2025-06-20 10:17:51.615014,1449.3,344205.0,609090.0
2025-06-20 10:17:51.934070,1449.3,344552.0,608590.0
2025-06-20 10:17:52.614711,1449.9,344552.0,608590.0
2025-06-20 10:17:52.849633,1449.4,345119.0,609148.0
2025-06-20 10:17:53.615836,1449.3,345119.0,609148.0
2025-06-20 10:17:53.847205,1449.3,343945.0,607075.0
2025-06-20 10:17:54.615639,1449.8,343945.0,607075.0
2025-06-20 10:17:54.849703,1449.8,347890.0,609413.0
2025-06-20 10:17:55.616887,1449.8,347890.0,609413.0
2025-06-20 10:17:55.851687,1449.8,345823.0,608567.0
2025-06-20 10:17:56.618438,1449.9,345823.0,608567.0
2025-06-20 10:17:56.939320,1449.9,345769.0,608184.0
2025-06-20 10:17:57.617652,1449.9,345769.0,608184.0
2025-06-20 10:17:57.738703,1449.6,345767.0,608736.0
2025-06-20 10:17:58.616020,1449.6,345767.0,608736.0
2025-06-20 10:17:58.644502,1449.6,345670.0,608562.0
2025-06-20 10:17:59.538522,1449.2,344048.0,608393.0
2025-06-20 10:17:59.617697,1449.1,344048.0,608393.0
2025-06-20 10:18:00.542216,1449.8,345117.0,608751.0
2025-06-20 10:18:00.620947,1449.8,345117.0,608751.0
2025-06-20 10:18:01.619033,1450.0,345117.0,608751.0
2025-06-20 10:18:01.852716,1450.0,348121.0,599606.0
2025-06-20 10:18:02.618458,1450.0,348121.0,599606.0
2025-06-20 10:18:02.943423,1449.7,348566.0,600198.0
2025-06-20 10:18:03.619825,1450.0,348566.0,600198.0
2025-06-20 10:18:03.744909,1450.0,348375.0,601107.0
2025-06-20 10:18:04.618053,1449.7,348375.0,601107.0
2025-06-20 10:18:04.744552,1450.0,348770.0,599414.0
2025-06-20 10:18:05.620657,1450.0,348770.0,599414.0
2025-06-20 10:18:05.745823,1449.5,346765.0,598998.0
2025-06-20 10:18:06.617895,1450.0,346765.0,598998.0
2025-06-20 10:18:06.745200,1450.0,348824.0,601444.0
2025-06-20 10:18:07.618120,1449.9,348824.0,601444.0
2025-06-20 10:18:07.654760,1449.9,345970.0,603896.0
2025-06-20 10:18:08.619109,1449.7,345970.0,603896.0
2025-06-20 10:18:08.659335,1449.7,345695.0,604098.0
2025-06-20 10:18:09.547767,1449.6,346417.0,602029.0
2025-06-20 10:18:09.618321,1449.6,346417.0,602029.0
2025-06-20 10:18:10.548077,1449.4,343871.0,602581.0
2025-06-20 10:18:10.618190,1449.4,343871.0,602581.0
2025-06-20 10:18:11.550870,1449.8,347570.0,605779.0
2025-06-20 10:18:11.619628,1449.4,347570.0,605779.0
2025-06-20 10:18:12.550115,1449.9,349736.0,602183.0
2025-06-20 10:18:12.617189,1449.9,349736.0,602183.0
2025-06-20 10:18:13.551383,1450.2,347508.0,571012.0
2025-06-20 10:18:13.617801,1450.2,347508.0,571012.0
2025-06-20 10:18:14.552399,1450.4,347029.0,572803.0
2025-06-20 10:18:14.671966,1450.4,347029.0,572803.0
2025-06-20 10:18:15.571920,1450.2,347382.0,568525.0
2025-06-20 10:18:15.617258,1450.2,347382.0,568525.0
2025-06-20 10:18:16.553310,1450.1,346223.0,570597.0
2025-06-20 10:18:16.618444,1450.1,346223.0,570597.0
2025-06-20 10:18:17.555808,1450.2,346114.0,566581.0
2025-06-20 10:18:17.619084,1450.2,346114.0,566581.0
2025-06-20 10:18:18.555356,1451.0,346632.0,565329.0
2025-06-20 10:18:18.617897,1451.3,346632.0,565329.0
2025-06-20 10:18:19.555654,1451.0,347704.0,566182.0
2025-06-20 10:18:19.618407,1451.6,347704.0,566182.0
2025-06-20 10:18:20.567919,1451.1,347206.0,568999.0
2025-06-20 10:18:20.618964,1451.1,347206.0,568999.0
2025-06-20 10:18:21.460916,1451.1,347141.0,569858.0
2025-06-20 10:18:21.620532,1451.1,347141.0,569858.0
2025-06-20 10:18:22.457482,1451.1,343633.0,571231.0
2025-06-20 10:18:22.619214,1451.3,343633.0,571231.0
2025-06-20 10:18:23.457162,1451.3,343997.0,575085.0
2025-06-20 10:18:23.619092,1451.3,343997.0,575085.0
2025-06-20 10:18:24.457194,1450.6,344933.0,575403.0
2025-06-20 10:18:24.619594,1450.6,344933.0,575403.0
2025-06-20 10:18:25.457243,1450.9,341550.0,570065.0
2025-06-20 10:18:25.620605,1451.1,341550.0,570065.0
2025-06-20 10:18:26.458434,1451.0,340117.0,570194.0
2025-06-20 10:18:26.650605,1451.6,340117.0,570194.0
2025-06-20 10:18:27.458180,1451.1,342040.0,570757.0
2025-06-20 10:18:27.619944,1451.1,342040.0,570757.0
2025-06-20 10:18:28.382209,1451.6,342894.0,573711.0
2025-06-20 10:18:28.622439,1451.0,342894.0,573711.0
2025-06-20 10:18:29.373313,1451.5,341879.0,574237.0
2025-06-20 10:18:29.618557,1451.5,341879.0,574237.0
2025-06-20 10:18:30.372970,1451.5,343090.0,575015.0
2025-06-20 10:18:30.619851,1451.5,343090.0,575015.0
2025-06-20 10:18:31.370914,1451.8,344776.0,573563.0
2025-06-20 10:18:31.623720,1451.2,344776.0,573563.0
2025-06-20 10:18:32.372729,1451.2,344641.0,573929.0
2025-06-20 10:18:32.621725,1451.7,344641.0,573929.0
2025-06-20 10:18:33.373538,1451.8,345320.0,573888.0
2025-06-20 10:18:33.618826,1451.8,345320.0,573888.0
2025-06-20 10:18:34.378150,1451.2,343810.0,575733.0
2025-06-20 10:18:34.623136,1451.2,343810.0,575733.0
2025-06-20 10:18:35.263178,1451.2,343700.0,577383.0
2025-06-20 10:18:35.621266,1451.2,343700.0,577383.0
2025-06-20 10:18:36.263021,1451.2,341873.0,573991.0
2025-06-20 10:18:36.622091,1451.7,341873.0,573991.0
2025-06-20 10:18:37.263536,1451.7,340684.0,570651.0
2025-06-20 10:18:37.621865,1451.2,340684.0,570651.0
2025-06-20 10:18:38.264758,1451.7,342004.0,568731.0
2025-06-20 10:18:38.621733,1451.2,342004.0,568731.0
2025-06-20 10:18:39.263969,1451.8,336081.0,568915.0
2025-06-20 10:18:39.620393,1451.2,336081.0,568915.0
2025-06-20 10:18:40.264772,1451.6,337402.0,569654.0
2025-06-20 10:18:40.620707,1451.6,337402.0,569654.0
2025-06-20 10:18:41.265686,1451.2,336801.0,568286.0
2025-06-20 10:18:41.585892,1451.2,336801.0,568286.0
2025-06-20 10:18:41.620064,1451.2,336801.0,568286.0
2025-06-20 10:18:41.676970,1451.2,336801.0,568286.0
2025-06-20 10:18:42.123873,1451.2,336801.0,568286.0
2025-06-20 10:18:42.314265,1451.3,335766.0,568349.0
2025-06-20 10:18:42.456628,1451.3,335766.0,568349.0
2025-06-20 10:18:42.676929,1451.3,335766.0,568349.0
2025-06-20 10:18:42.735521,1451.3,335766.0,568349.0
2025-06-20 10:18:43.267914,1451.8,338176.0,569985.0
2025-06-20 10:18:43.307349,1451.8,338176.0,569985.0
2025-06-20 10:18:43.622509,1451.8,338176.0,569985.0
2025-06-20 10:18:43.951038,1451.8,338176.0,569985.0
2025-06-20 10:18:44.267882,1451.2,338052.0,570900.0
2025-06-20 10:18:44.440457,1451.2,338052.0,570900.0
2025-06-20 10:18:44.688286,1451.2,338052.0,570900.0
2025-06-20 10:18:45.017507,1451.2,338052.0,570900.0
2025-06-20 10:18:45.229479,1451.1,339812.0,574495.0
2025-06-20 10:18:45.442619,1451.1,339812.0,574495.0
2025-06-20 10:18:45.637661,1451.7,339812.0,574495.0
2025-06-20 10:18:46.166612,1451.7,340507.0,573241.0
2025-06-20 10:18:46.385000,1451.7,340507.0,573241.0
2025-06-20 10:18:46.622752,1451.1,340507.0,573241.0
2025-06-20 10:18:47.175746,1451.0,339403.0,574309.0
2025-06-20 10:18:47.621662,1451.2,339403.0,574309.0
2025-06-20 10:18:47.691363,1451.2,339403.0,574309.0
2025-06-20 10:18:48.168223,1451.1,339694.0,575440.0
2025-06-20 10:18:48.621353,1451.8,339694.0,575440.0
2025-06-20 10:18:48.700544,1451.8,339694.0,575440.0
2025-06-20 10:18:49.170540,1451.8,340925.0,573226.0
2025-06-20 10:18:49.650525,1451.3,340925.0,573226.0
2025-06-20 10:18:50.171320,1451.5,340390.0,572628.0
2025-06-20 10:18:50.226888,1451.5,340390.0,572628.0
2025-06-20 10:18:50.622369,1451.5,340390.0,572628.0
2025-06-20 10:18:51.173419,1451.8,341129.0,573021.0
2025-06-20 10:18:51.466823,1451.8,341129.0,573021.0
2025-06-20 10:18:51.627127,1451.3,341129.0,573021.0
2025-06-20 10:18:52.178937,1451.2,341337.0,574198.0
2025-06-20 10:18:52.620500,1451.3,341337.0,574198.0
2025-06-20 10:18:52.723593,1451.3,341337.0,574198.0
2025-06-20 10:18:53.081126,1451.5,341835.0,573902.0
2025-06-20 10:18:53.627645,1451.3,341835.0,573902.0
2025-06-20 10:18:54.072998,1451.7,342846.0,573847.0
2025-06-20 10:18:54.432938,1451.7,342846.0,573847.0
2025-06-20 10:18:54.628338,1451.7,342846.0,573847.0
2025-06-20 10:18:55.073948,1451.7,343453.0,574210.0
2025-06-20 10:18:55.638926,1451.5,343453.0,574210.0
2025-06-20 10:18:56.072931,1451.5,344025.0,573830.0
2025-06-20 10:18:56.621232,1451.5,344025.0,573830.0
2025-06-20 10:18:57.073866,1451.7,342649.0,573992.0
2025-06-20 10:18:57.628408,1451.5,342649.0,573992.0
2025-06-20 10:18:58.074134,1451.4,343142.0,574678.0
2025-06-20 10:18:58.630847,1451.3,343142.0,574678.0
2025-06-20 10:18:58.984060,1451.3,341624.0,575590.0
2025-06-20 10:18:59.628376,1451.5,341624.0,575590.0
2025-06-20 10:18:59.974883,1451.3,342129.0,575008.0
2025-06-20 10:19:00.630004,1451.3,342129.0,575008.0
2025-06-20 10:19:01.476120,1451.7,342744.0,575152.0
2025-06-20 10:19:01.626630,1451.3,342744.0,575152.0
2025-06-20 10:19:02.587345,1451.3,340923.0,574875.0
2025-06-20 10:19:02.627457,1451.3,340923.0,574875.0
2025-06-20 10:19:03.625117,1451.2,340923.0,574875.0
2025-06-20 10:19:03.675221,1451.2,339665.0,578438.0
2025-06-20 10:19:04.633572,1451.1,339665.0,578438.0
2025-06-20 10:19:04.676543,1451.1,340060.0,577684.0
2025-06-20 10:19:05.634547,1451.1,340060.0,577684.0
2025-06-20 10:19:05.779930,1451.2,339454.0,579262.0
2025-06-20 10:19:06.626170,1451.0,339454.0,579262.0
2025-06-20 10:19:06.884227,1451.1,342045.0,581960.0
2025-06-20 10:19:07.625999,1451.1,342045.0,581960.0
2025-06-20 10:19:07.980753,1450.7,337994.0,584149.0
2025-06-20 10:19:08.620864,1451.0,337994.0,584149.0
2025-06-20 10:19:08.977457,1450.8,341256.0,581515.0
2025-06-20 10:19:09.622186,1451.2,341256.0,581515.0
2025-06-20 10:19:09.977469,1451.2,341200.0,581096.0
2025-06-20 10:19:10.632761,1451.2,341200.0,581096.0
2025-06-20 10:19:10.979593,1450.8,341625.0,585088.0
2025-06-20 10:19:11.630042,1450.8,341625.0,585088.0
2025-06-20 10:19:12.081852,1450.8,341149.0,585603.0
2025-06-20 10:19:12.623566,1451.0,341149.0,585603.0
2025-06-20 10:19:13.190838,1451.0,341425.0,586321.0
2025-06-20 10:19:13.629567,1451.0,341425.0,586321.0
2025-06-20 10:19:14.295235,1450.8,341206.0,586831.0
2025-06-20 10:19:14.632883,1450.8,341206.0,586831.0
2025-06-20 10:19:15.392590,1451.5,342198.0,584002.0
2025-06-20 10:19:15.637299,1450.8,342198.0,584002.0
2025-06-20 10:19:16.483305,1451.0,341833.0,586704.0
2025-06-20 10:19:16.637263,1451.0,341833.0,586704.0
2025-06-20 10:19:17.588119,1450.9,341610.0,588029.0
2025-06-20 10:19:17.635533,1450.9,341610.0,588029.0
2025-06-20 10:19:18.692297,1451.6,341610.0,588029.0
2025-06-20 10:19:18.785767,1451.5,343444.0,588988.0
2025-06-20 10:19:19.622575,1451.7,343444.0,588988.0
2025-06-20 10:19:19.801475,1451.7,347190.0,587764.0
2025-06-20 10:19:20.635685,1451.4,347190.0,587764.0
2025-06-20 10:19:20.897775,1451.4,347414.0,588190.0
2025-06-20 10:19:21.639569,1451.7,347414.0,588190.0
2025-06-20 10:19:21.987651,1451.3,345004.0,589010.0
2025-06-20 10:19:22.638930,1451.1,345004.0,589010.0
2025-06-20 10:19:23.090534,1451.1,345216.0,590288.0
2025-06-20 10:19:23.632783,1451.0,345216.0,590288.0
2025-06-20 10:19:24.190081,1451.7,347628.0,584567.0
2025-06-20 10:19:24.862691,1451.9,347628.0,584567.0
2025-06-20 10:19:25.291356,1452.0,345099.0,583134.0
2025-06-20 10:19:25.638844,1452.1,345099.0,583134.0
2025-06-20 10:19:26.406500,1451.7,344176.0,581966.0
2025-06-20 10:19:26.655816,1452.2,344176.0,581966.0
2025-06-20 10:19:27.494017,1451.9,343636.0,581218.0
2025-06-20 10:19:27.665362,1451.9,343636.0,581218.0
2025-06-20 10:19:28.594997,1452.4,342944.0,583287.0
2025-06-20 10:19:28.683909,1452.4,342944.0,583287.0
2025-06-20 10:19:29.860387,1451.8,342944.0,583287.0
2025-06-20 10:19:29.881682,1451.8,343042.0,587138.0
2025-06-20 10:19:30.630205,1451.8,343042.0,587138.0
2025-06-20 10:19:30.794594,1451.8,342397.0,584852.0
2025-06-20 10:19:31.637725,1451.8,342397.0,584852.0
2025-06-20 10:19:31.911398,1451.8,342714.0,586249.0
2025-06-20 10:19:32.638023,1451.8,342714.0,586249.0
2025-06-20 10:19:32.997937,1451.8,342363.0,585585.0
2025-06-20 10:19:33.645017,1451.8,342363.0,585585.0
2025-06-20 10:19:34.099102,1451.8,342269.0,586729.0
2025-06-20 10:19:34.630761,1451.8,342269.0,586729.0
2025-06-20 10:19:35.200353,1451.8,339501.0,582494.0
2025-06-20 10:19:36.220626,1451.8,342491.0,582902.0
2025-06-20 10:19:36.627236,1451.9,342491.0,582902.0
2025-06-20 10:19:37.368488,1451.9,343478.0,580750.0
2025-06-20 10:19:37.691393,1451.9,343478.0,580750.0
2025-06-20 10:19:38.416163,1452.6,343710.0,583294.0
2025-06-20 10:19:38.625480,1452.5,343710.0,583294.0
2025-06-20 10:19:39.504089,1451.8,342270.0,585815.0
2025-06-20 10:19:39.629580,1451.8,342270.0,585815.0
2025-06-20 10:19:40.589441,1451.8,341730.0,587446.0
2025-06-20 10:19:40.904349,1451.7,341730.0,587446.0
2025-06-20 10:19:41.506688,1452.0,342385.0,586998.0
2025-06-20 10:19:41.669715,1452.0,342385.0,586998.0
2025-06-20 10:19:42.608007,1451.4,342642.0,588330.0
2025-06-20 10:19:42.637313,1451.4,342642.0,588330.0
2025-06-20 10:19:43.624783,1451.6,342642.0,588330.0
2025-06-20 10:19:43.706857,1451.6,343010.0,588380.0
2025-06-20 10:19:44.625716,1451.3,343010.0,588380.0
2025-06-20 10:19:44.807921,1451.4,342883.0,590692.0
2025-06-20 10:19:45.630694,1451.4,342883.0,590692.0
2025-06-20 10:19:45.916217,1451.4,342816.0,590197.0
2025-06-20 10:19:46.632737,1451.4,342816.0,590197.0
2025-06-20 10:19:47.012393,1451.3,341334.0,588652.0
2025-06-20 10:19:47.633794,1451.5,341334.0,588652.0
2025-06-20 10:19:48.013412,1451.5,342552.0,587398.0
2025-06-20 10:19:48.631598,1451.6,342552.0,587398.0
2025-06-20 10:19:49.114539,1451.4,341468.0,588082.0
2025-06-20 10:19:49.628860,1451.4,341468.0,588082.0
2025-06-20 10:19:50.219004,1451.4,342048.0,591555.0
2025-06-20 10:19:50.632466,1451.6,342048.0,591555.0
2025-06-20 10:19:51.317008,1451.6,341763.0,591583.0
2025-06-20 10:19:52.428118,1451.6,342506.0,592304.0
2025-06-20 10:19:52.694299,1451.6,342506.0,592304.0
2025-06-20 10:19:53.431207,1451.5,342815.0,591805.0
2025-06-20 10:19:53.629249,1451.5,342815.0,591805.0
2025-06-20 10:19:54.523577,1451.4,342281.0,593102.0
2025-06-20 10:19:54.633842,1451.4,342281.0,593102.0
2025-06-20 10:19:55.622494,1451.8,341644.0,590924.0
2025-06-20 10:19:55.633841,1451.8,341644.0,590924.0
2025-06-20 10:19:56.629837,1451.5,341644.0,590924.0
2025-06-20 10:19:56.722933,1451.5,342059.0,592480.0
2025-06-20 10:19:57.627488,1451.5,342059.0,592480.0
2025-06-20 10:19:57.827698,1451.5,342574.0,593433.0
2025-06-20 10:19:58.629348,1451.4,342574.0,593433.0
2025-06-20 10:19:58.829178,1451.4,344915.0,593715.0
2025-06-20 10:19:59.629932,1451.4,344915.0,593715.0
2025-06-20 10:19:59.938965,1451.4,344362.0,592842.0
2025-06-20 10:20:00.665008,1451.5,344362.0,592842.0
2025-06-20 10:20:00.831806,1451.5,344880.0,590098.0
2025-06-20 10:20:01.635447,1452.0,344880.0,590098.0
2025-06-20 10:20:01.741565,1452.0,347536.0,575469.0
2025-06-20 10:20:02.633157,1452.6,347536.0,575469.0
2025-06-20 10:20:02.739495,1452.6,346868.0,581825.0
2025-06-20 10:20:03.633619,1452.5,346868.0,581825.0
2025-06-20 10:20:03.734161,1452.9,347669.0,579952.0
2025-06-20 10:20:04.630977,1452.5,347669.0,579952.0
2025-06-20 10:20:04.754709,1452.5,347309.0,581332.0
2025-06-20 10:20:05.633825,1452.9,347309.0,581332.0
2025-06-20 10:20:05.638830,1452.9,347858.0,582764.0
2025-06-20 10:20:06.534913,1452.9,346592.0,580715.0
2025-06-20 10:20:06.632305,1452.9,346592.0,580715.0
2025-06-20 10:20:07.536135,1452.7,349616.0,581979.0
2025-06-20 10:20:07.632980,1452.7,349616.0,581979.0
2025-06-20 10:20:08.440619,1452.9,348200.0,580255.0
2025-06-20 10:20:08.633492,1452.7,348200.0,580255.0
2025-06-20 10:20:09.341657,1452.5,346837.0,580413.0
2025-06-20 10:20:09.633982,1452.5,346837.0,580413.0
2025-06-20 10:20:10.342075,1452.7,347282.0,581222.0
2025-06-20 10:20:10.632728,1452.5,347282.0,581222.0
2025-06-20 10:20:11.546629,1452.5,345508.0,582450.0
2025-06-20 10:20:11.632304,1452.5,345508.0,582450.0
2025-06-20 10:20:12.285328,1452.5,347997.0,584760.0
2025-06-20 10:20:12.633948,1452.5,347997.0,584760.0
2025-06-20 10:20:13.343491,1453.0,341455.0,569976.0
2025-06-20 10:20:13.633419,1452.7,341455.0,569976.0
2025-06-20 10:20:14.238339,1452.7,342855.0,576109.0
2025-06-20 10:20:14.635235,1452.6,342855.0,576109.0
2025-06-20 10:20:15.239050,1452.7,343179.0,575303.0
2025-06-20 10:20:15.633622,1452.5,343179.0,575303.0
2025-06-20 10:20:16.141670,1452.5,342792.0,579650.0
2025-06-20 10:20:16.635151,1452.6,342792.0,579650.0
2025-06-20 10:20:17.141092,1453.0,338604.0,575216.0
2025-06-20 10:20:17.642043,1452.6,338604.0,575216.0
2025-06-20 10:20:18.041829,1452.6,341441.0,577388.0
2025-06-20 10:20:18.632541,1453.0,341441.0,577388.0
2025-06-20 10:20:18.955206,1452.6,342740.0,576505.0
2025-06-20 10:20:19.634146,1452.7,342740.0,576505.0
2025-06-20 10:20:19.946125,1452.6,343585.0,575111.0
2025-06-20 10:20:20.632113,1453.1,343585.0,575111.0
2025-06-20 10:20:20.944061,1453.2,343668.0,574501.0
2025-06-20 10:20:21.634851,1452.8,343668.0,574501.0
2025-06-20 10:20:21.878917,1452.7,342670.0,576318.0
2025-06-20 10:20:22.634999,1452.7,342670.0,576318.0
2025-06-20 10:20:22.869063,1452.7,345332.0,577155.0
2025-06-20 10:20:23.636129,1452.7,345332.0,577155.0
2025-06-20 10:20:23.857161,1452.6,346277.0,580492.0
2025-06-20 10:20:24.637538,1452.7,346277.0,580492.0
2025-06-20 10:20:24.855893,1452.7,346306.0,580727.0
2025-06-20 10:20:25.636726,1452.5,346306.0,580727.0
2025-06-20 10:20:25.861661,1452.5,345947.0,581642.0
2025-06-20 10:20:26.633894,1453.0,345947.0,581642.0
2025-06-20 10:20:26.860811,1452.7,345979.0,577286.0
2025-06-20 10:20:27.695068,1453.5,345979.0,577286.0
2025-06-20 10:20:28.150676,1453.5,346616.0,577588.0
2025-06-20 10:20:28.635526,1453.0,346616.0,577588.0
2025-06-20 10:20:28.882497,1453.0,345526.0,578353.0
2025-06-20 10:20:29.633741,1452.9,345526.0,578353.0
2025-06-20 10:20:29.862886,1452.9,343284.0,577177.0
2025-06-20 10:20:30.634470,1453.6,343284.0,577177.0
2025-06-20 10:20:30.751850,1453.6,345211.0,577288.0
2025-06-20 10:20:31.634818,1453.2,345211.0,577288.0
2025-06-20 10:20:31.754432,1453.2,346984.0,575027.0
2025-06-20 10:20:32.698787,1453.7,346984.0,575027.0
2025-06-20 10:20:32.755693,1453.7,347783.0,574912.0
2025-06-20 10:20:33.634471,1453.5,347783.0,574912.0
2025-06-20 10:20:33.758541,1453.3,348520.0,575656.0
2025-06-20 10:20:34.634903,1453.6,348520.0,575656.0
2025-06-20 10:20:34.759098,1453.6,346027.0,575707.0
2025-06-20 10:20:35.634201,1453.8,346027.0,575707.0
2025-06-20 10:20:35.758621,1453.3,349283.0,577763.0
2025-06-20 10:20:36.658912,1453.2,349283.0,577763.0
2025-06-20 10:20:36.760593,1453.2,349552.0,577878.0
2025-06-20 10:20:37.634432,1453.4,349552.0,577878.0
2025-06-20 10:20:37.762910,1453.4,350714.0,576259.0
2025-06-20 10:20:38.635725,1453.3,350714.0,576259.0
2025-06-20 10:20:38.759601,1453.3,351568.0,576623.0
2025-06-20 10:20:39.638953,1453.5,351568.0,576623.0
2025-06-20 10:20:39.762980,1453.5,350056.0,576179.0
2025-06-20 10:20:40.637876,1453.8,350056.0,576179.0
2025-06-20 10:20:40.761715,1453.8,348002.0,576789.0
2025-06-20 10:20:41.632946,1453.2,348002.0,576789.0
2025-06-20 10:20:42.062764,1453.2,350145.0,577190.0
2025-06-20 10:20:42.636923,1453.3,350145.0,577190.0
2025-06-20 10:20:42.894546,1453.3,349373.0,576190.0
2025-06-20 10:20:43.636135,1453.3,349373.0,576190.0
2025-06-20 10:20:43.895217,1453.6,348535.0,576428.0
2025-06-20 10:20:44.636951,1453.3,348535.0,576428.0
2025-06-20 10:20:44.970472,1453.3,349120.0,574955.0
2025-06-20 10:20:45.648074,1453.3,349120.0,574955.0
2025-06-20 10:20:45.876730,1453.3,346800.0,576416.0
2025-06-20 10:20:46.636380,1453.2,346800.0,576416.0
2025-06-20 10:20:46.878015,1453.2,343610.0,578594.0
2025-06-20 10:20:47.637300,1453.4,343610.0,578594.0
2025-06-20 10:20:47.968246,1453.1,343580.0,582325.0
2025-06-20 10:20:48.636647,1453.4,343580.0,582325.0
2025-06-20 10:20:48.891260,1453.4,343327.0,582339.0
2025-06-20 10:20:49.690071,1453.5,343327.0,582339.0
2025-06-20 10:20:49.877464,1453.5,344593.0,582727.0
2025-06-20 10:20:50.662800,1453.5,344593.0,582727.0
2025-06-20 10:20:50.880458,1453.0,346614.0,583556.0
2025-06-20 10:20:51.635853,1452.9,346614.0,583556.0
2025-06-20 10:20:51.971083,1452.9,348607.0,587031.0
2025-06-20 10:20:52.637018,1453.0,348607.0,587031.0
2025-06-20 10:20:52.971886,1453.0,349142.0,586945.0
2025-06-20 10:20:53.641921,1452.9,349142.0,586945.0
2025-06-20 10:20:53.972764,1452.9,349362.0,588623.0
2025-06-20 10:20:54.636681,1452.9,349362.0,588623.0
2025-06-20 10:20:55.069287,1452.7,343378.0,593607.0
2025-06-20 10:20:55.635838,1452.7,343378.0,593607.0
2025-06-20 10:20:56.071426,1452.7,343992.0,593169.0
2025-06-20 10:20:56.635686,1452.7,343992.0,593169.0
2025-06-20 10:20:57.172711,1452.7,344865.0,594672.0
2025-06-20 10:20:57.639878,1452.5,344865.0,594672.0
2025-06-20 10:20:58.276391,1452.4,343809.0,597036.0
2025-06-20 10:20:58.636138,1452.4,343809.0,597036.0
2025-06-20 10:20:59.473244,1452.3,343465.0,596415.0
2025-06-20 10:20:59.640461,1452.3,343465.0,596415.0
2025-06-20 10:21:00.386657,1452.3,343798.0,596030.0
2025-06-20 10:21:01.570041,1452.4,344468.0,595862.0
2025-06-20 10:21:01.636309,1452.4,344468.0,595862.0
2025-06-20 10:21:02.580677,1452.9,345175.0,595965.0
2025-06-20 10:21:02.638103,1452.9,345175.0,595965.0
2025-06-20 10:21:03.473565,1452.9,347336.0,594310.0
2025-06-20 10:21:03.640784,1452.9,347336.0,594310.0
2025-06-20 10:21:04.471466,1452.5,346377.0,594824.0
2025-06-20 10:21:04.647613,1452.9,346377.0,594824.0
2025-06-20 10:21:05.471526,1452.9,346765.0,595413.0
2025-06-20 10:21:05.638496,1452.9,346765.0,595413.0
2025-06-20 10:21:06.471775,1452.5,347366.0,596410.0
2025-06-20 10:21:06.636406,1452.5,347366.0,596410.0
2025-06-20 10:21:07.473691,1452.9,349797.0,594315.0
2025-06-20 10:21:07.663804,1452.6,349797.0,594315.0
2025-06-20 10:21:08.473758,1452.7,348337.0,593799.0
2025-06-20 10:21:08.636188,1452.9,348337.0,593799.0
2025-06-20 10:21:09.489496,1452.9,349420.0,593773.0
2025-06-20 10:21:09.638220,1453.0,349420.0,593773.0
2025-06-20 10:21:10.279540,1452.7,345810.0,620078.0
2025-06-20 10:21:10.637208,1452.7,345810.0,620078.0
2025-06-20 10:21:11.279501,1452.9,347532.0,620770.0
2025-06-20 10:21:11.635560,1452.9,347532.0,620770.0
2025-06-20 10:21:12.280855,1452.8,350399.0,620423.0
2025-06-20 10:21:12.638824,1452.8,350399.0,620423.0
2025-06-20 10:21:13.186027,1452.8,347518.0,614523.0
2025-06-20 10:21:13.642941,1453.4,347518.0,614523.0
2025-06-20 10:21:14.180569,1452.8,351228.0,616695.0
2025-06-20 10:21:14.644051,1452.8,351228.0,616695.0
2025-06-20 10:21:15.129679,1452.8,348914.0,619230.0
2025-06-20 10:21:15.695010,1453.2,348914.0,619230.0
2025-06-20 10:21:16.081056,1453.1,348536.0,614838.0
2025-06-20 10:21:16.643217,1453.2,348536.0,614838.0
2025-06-20 10:21:16.982091,1453.2,350522.0,616578.0
2025-06-20 10:21:17.639008,1453.2,350522.0,616578.0
2025-06-20 10:21:17.986163,1453.8,351834.0,615558.0
2025-06-20 10:21:18.639030,1453.9,351834.0,615558.0
2025-06-20 10:21:18.905987,1453.3,353631.0,615164.0
2025-06-20 10:21:19.637891,1453.5,353631.0,615164.0
2025-06-20 10:21:19.896742,1453.3,347024.0,613965.0
2025-06-20 10:21:20.644402,1453.9,347024.0,613965.0
2025-06-20 10:21:20.933447,1453.9,349586.0,614998.0
2025-06-20 10:21:21.638826,1453.9,349586.0,614998.0
2025-06-20 10:21:21.917884,1453.9,351165.0,613441.0
2025-06-20 10:21:22.636502,1453.5,351165.0,613441.0
2025-06-20 10:21:22.898830,1453.9,351475.0,614527.0
2025-06-20 10:21:23.638658,1453.9,351475.0,614527.0
2025-06-20 10:21:23.785352,1453.2,351563.0,615585.0
2025-06-20 10:21:24.637603,1453.9,351563.0,615585.0
2025-06-20 10:21:24.689799,1453.9,349587.0,615732.0
2025-06-20 10:21:25.642633,1453.9,349587.0,615732.0
2025-06-20 10:21:25.700852,1453.9,350985.0,614240.0
2025-06-20 10:21:26.638351,1453.5,350985.0,614240.0
2025-06-20 10:21:26.695146,1453.5,352070.0,613428.0
2025-06-20 10:21:27.638115,1453.9,352070.0,613428.0
2025-06-20 10:21:27.688326,1453.9,351678.0,616103.0
2025-06-20 10:21:28.616019,1453.9,351330.0,616375.0
2025-06-20 10:21:28.639990,1453.5,351330.0,616375.0
2025-06-20 10:21:29.591222,1453.9,351725.0,614141.0
2025-06-20 10:21:29.638258,1453.9,351725.0,614141.0
2025-06-20 10:21:30.592542,1453.8,353990.0,614513.0
2025-06-20 10:21:30.639185,1453.5,353990.0,614513.0
2025-06-20 10:21:31.577478,1454.0,355890.0,612423.0
2025-06-20 10:21:31.724518,1454.0,355890.0,612423.0
2025-06-20 10:21:32.647634,1453.9,353994.0,614211.0
2025-06-20 10:21:32.654558,1453.9,353994.0,614211.0
2025-06-20 10:21:33.634970,1454.0,354577.0,616592.0
2025-06-20 10:21:33.640353,1454.0,354577.0,616592.0
2025-06-20 10:21:34.491450,1454.0,352191.0,616880.0
2025-06-20 10:21:34.636198,1453.8,352191.0,616880.0
2025-06-20 10:21:35.496712,1453.9,351496.0,617828.0
2025-06-20 10:21:35.637378,1453.9,351496.0,617828.0
2025-06-20 10:21:36.405802,1453.9,352278.0,617559.0
2025-06-20 10:21:36.636358,1453.9,352278.0,617559.0
2025-06-20 10:21:37.292759,1453.9,353016.0,617316.0
2025-06-20 10:21:37.647214,1453.9,353016.0,617316.0
2025-06-20 10:21:38.192484,1453.9,352447.0,616443.0
2025-06-20 10:21:38.636472,1453.9,352447.0,616443.0
2025-06-20 10:21:39.093919,1453.8,352778.0,617047.0
2025-06-20 10:21:39.636354,1454.0,352778.0,617047.0
2025-06-20 10:21:40.093443,1453.8,353197.0,613916.0
2025-06-20 10:21:40.637333,1453.8,353197.0,613916.0
2025-06-20 10:21:40.994913,1453.8,351490.0,615787.0
2025-06-20 10:21:41.850076,1453.8,351490.0,615787.0
2025-06-20 10:21:41.995608,1453.8,351682.0,615610.0
2025-06-20 10:21:42.202331,1453.8,351682.0,615610.0
2025-06-20 10:21:42.644743,1453.6,351682.0,615610.0
2025-06-20 10:21:42.802503,1453.6,351682.0,615610.0
2025-06-20 10:21:42.996306,1454.0,352101.0,614866.0
2025-06-20 10:21:43.098826,1454.0,352101.0,614866.0
2025-06-20 10:21:43.646474,1454.0,352101.0,614866.0
2025-06-20 10:21:43.724868,1454.0,352101.0,614866.0
2025-06-20 10:21:43.926623,1453.6,351004.0,615383.0
2025-06-20 10:21:44.455165,1453.6,351004.0,615383.0
2025-06-20 10:21:44.641126,1453.6,351004.0,615383.0
2025-06-20 10:21:44.799159,1454.0,350338.0,614995.0
2025-06-20 10:21:44.842165,1454.0,350338.0,614995.0
2025-06-20 10:21:45.479833,1454.0,350338.0,614995.0
2025-06-20 10:21:45.701320,1453.6,350338.0,614995.0
2025-06-20 10:21:45.801476,1453.6,347462.0,614702.0
2025-06-20 10:21:45.826562,1453.6,347462.0,614702.0
2025-06-20 10:21:46.682466,1453.5,347462.0,614702.0
2025-06-20 10:21:46.898243,1453.5,347462.0,614702.0
2025-06-20 10:21:47.138850,1453.5,349058.0,619821.0
2025-06-20 10:21:47.640320,1453.4,349058.0,619821.0
2025-06-20 10:21:48.008248,1453.6,348164.0,619911.0
2025-06-20 10:21:48.140442,1453.6,348164.0,619911.0
2025-06-20 10:21:48.646999,1453.4,348164.0,619911.0
2025-06-20 10:21:49.002639,1453.2,348426.0,620262.0
2025-06-20 10:21:49.145045,1453.2,348426.0,620262.0
2025-06-20 10:21:49.685268,1454.0,348426.0,620262.0
2025-06-20 10:21:50.004995,1453.3,348281.0,619069.0
2025-06-20 10:21:50.645262,1453.9,348281.0,619069.0
2025-06-20 10:21:50.708194,1453.9,348281.0,619069.0
2025-06-20 10:21:51.005409,1453.3,348342.0,619796.0
2025-06-20 10:21:51.687584,1453.4,348342.0,619796.0
2025-06-20 10:21:51.988115,1453.4,348342.0,619796.0
2025-06-20 10:21:52.007339,1453.3,350660.0,621236.0
2025-06-20 10:21:52.652648,1453.3,350660.0,621236.0
2025-06-20 10:21:53.103579,1453.6,351074.0,622289.0
2025-06-20 10:21:53.219785,1453.6,351074.0,622289.0
2025-06-20 10:21:53.637297,1453.3,351074.0,622289.0
2025-06-20 10:21:54.205722,1453.3,351724.0,622879.0
2025-06-20 10:21:54.644515,1453.6,351724.0,622879.0
2025-06-20 10:21:54.801251,1453.6,351724.0,622879.0
2025-06-20 10:21:55.205598,1453.3,349068.0,623286.0
2025-06-20 10:21:55.644960,1453.6,349068.0,623286.0
2025-06-20 10:21:56.305461,1453.3,349372.0,623013.0
2025-06-20 10:21:56.642143,1453.6,349372.0,623013.0
2025-06-20 10:21:57.421471,1453.2,349087.0,625033.0
2025-06-20 10:21:57.640139,1453.2,349087.0,625033.0
2025-06-20 10:21:58.493385,1453.8,347349.0,623140.0
2025-06-20 10:21:58.640601,1453.2,347349.0,623140.0
2025-06-20 10:21:59.508642,1453.7,350690.0,624621.0
2025-06-20 10:21:59.649903,1453.2,350690.0,624621.0
2025-06-20 10:22:00.807507,1453.3,350159.0,625199.0
2025-06-20 10:22:01.656827,1453.3,350159.0,625199.0
2025-06-20 10:22:01.808056,1453.9,349648.0,622541.0
2025-06-20 10:22:02.666822,1453.3,349648.0,622541.0
2025-06-20 10:22:02.984446,1453.3,348271.0,622872.0
2025-06-20 10:22:03.640853,1453.9,348271.0,622872.0
2025-06-20 10:22:04.014994,1453.3,348552.0,624492.0
2025-06-20 10:22:04.639257,1453.6,348552.0,624492.0
2025-06-20 10:22:05.111396,1453.4,349463.0,623257.0
2025-06-20 10:22:05.708712,1453.4,349463.0,623257.0
2025-06-20 10:22:06.111629,1453.4,349452.0,625160.0
2025-06-20 10:22:06.644549,1453.4,349452.0,625160.0
2025-06-20 10:22:07.093894,1453.4,348242.0,625766.0
2025-06-20 10:22:07.893277,1453.8,348242.0,625766.0
2025-06-20 10:22:08.115519,1453.8,348144.0,626507.0
2025-06-20 10:22:08.685491,1453.4,348144.0,626507.0
2025-06-20 10:22:09.211595,1453.4,348626.0,627361.0
2025-06-20 10:22:09.646127,1453.8,348626.0,627361.0
2025-06-20 10:22:10.315544,1453.8,347957.0,628887.0
2025-06-20 10:22:10.736967,1453.4,347957.0,628887.0
2025-06-20 10:22:11.549270,1453.3,347880.0,628737.0
2025-06-20 10:22:11.690638,1453.3,347880.0,628737.0
2025-06-20 10:22:12.426054,1453.3,347921.0,631997.0
2025-06-20 10:22:12.645992,1453.3,347921.0,631997.0
2025-06-20 10:22:13.514787,1453.2,345793.0,632327.0
2025-06-20 10:22:13.692216,1453.2,345793.0,632327.0
2025-06-20 10:22:14.615389,1453.2,345885.0,632756.0
2025-06-20 10:22:14.652582,1453.2,345885.0,632756.0
2025-06-20 10:22:15.643807,1453.8,345885.0,632756.0
2025-06-20 10:22:15.726819,1453.8,344501.0,632464.0
2025-06-20 10:22:16.647464,1453.2,344501.0,632464.0
2025-06-20 10:22:16.815341,1453.2,345482.0,634402.0
2025-06-20 10:22:17.646816,1453.1,345482.0,634402.0
2025-06-20 10:22:17.818714,1453.1,342359.0,635141.0
2025-06-20 10:22:18.716695,1453.4,343026.0,635565.0
2025-06-20 10:22:19.644988,1453.0,343026.0,635565.0
2025-06-20 10:22:19.819095,1453.3,342369.0,636976.0
2025-06-20 10:22:20.645649,1452.5,342369.0,636976.0
2025-06-20 10:22:20.945958,1452.5,342239.0,638841.0
2025-06-20 10:22:21.647058,1453.0,342239.0,638841.0
2025-06-20 10:22:22.033163,1453.2,340777.0,639581.0
2025-06-20 10:22:22.667237,1453.0,340777.0,639581.0
2025-06-20 10:22:23.121297,1453.0,342206.0,641912.0
2025-06-20 10:22:23.646815,1453.3,342206.0,641912.0
2025-06-20 10:22:24.122977,1453.0,341962.0,641096.0
2025-06-20 10:22:24.649560,1452.6,341962.0,641096.0
2025-06-20 10:22:25.127852,1452.6,344259.0,643300.0
2025-06-20 10:22:25.646740,1452.6,344259.0,643300.0
2025-06-20 10:22:26.133204,1452.6,343333.0,642666.0
2025-06-20 10:22:26.645272,1453.0,343333.0,642666.0
2025-06-20 10:22:27.224409,1453.0,343952.0,643453.0
2025-06-20 10:22:27.643386,1453.0,343952.0,643453.0
2025-06-20 10:22:28.226166,1452.6,344235.0,644992.0
2025-06-20 10:22:28.650141,1452.5,344235.0,644992.0
2025-06-20 10:22:29.329120,1452.5,346593.0,646174.0
2025-06-20 10:22:30.539030,1452.6,347130.0,646234.0
2025-06-20 10:22:31.043857,1452.6,347130.0,646234.0
2025-06-20 10:22:31.526663,1452.6,343600.0,647309.0
2025-06-20 10:22:31.653407,1452.6,343600.0,647309.0
2025-06-20 10:22:32.527390,1452.5,346459.0,647751.0
2025-06-20 10:22:32.655680,1452.6,346459.0,647751.0
2025-06-20 10:22:33.631839,1452.9,347665.0,646397.0
2025-06-20 10:22:33.652247,1452.9,347665.0,646397.0
2025-06-20 10:22:34.711716,1452.5,347665.0,646397.0
2025-06-20 10:22:34.738790,1452.5,348526.0,647830.0
2025-06-20 10:22:35.646003,1453.0,348526.0,647830.0
2025-06-20 10:22:35.829944,1453.0,350285.0,641620.0
2025-06-20 10:22:36.643898,1453.2,350285.0,641620.0
2025-06-20 10:22:36.730204,1453.1,352910.0,640857.0
2025-06-20 10:22:37.649459,1453.0,352910.0,640857.0
2025-06-20 10:22:37.942381,1453.3,354149.0,641294.0
2025-06-20 10:22:38.651763,1453.4,354149.0,641294.0
2025-06-20 10:22:39.032282,1453.3,353300.0,638272.0
2025-06-20 10:22:39.649692,1453.3,353300.0,638272.0
2025-06-20 10:22:40.043134,1453.8,354389.0,638154.0
2025-06-20 10:22:40.711919,1453.8,354389.0,638154.0
2025-06-20 10:22:41.038831,1453.4,355790.0,638126.0
2025-06-20 10:22:41.650775,1453.8,355790.0,638126.0
2025-06-20 10:22:42.140880,1453.8,356525.0,636893.0
2025-06-20 10:22:42.691213,1453.6,356525.0,636893.0
2025-06-20 10:22:43.235488,1453.8,358293.0,634167.0
2025-06-20 10:22:43.652155,1453.6,358293.0,634167.0
2025-06-20 10:22:44.340922,1453.6,357375.0,634587.0
2025-06-20 10:22:44.655331,1454.0,357375.0,634587.0
2025-06-20 10:22:45.339777,1454.4,357808.0,627772.0
2025-06-20 10:22:45.647666,1454.5,357808.0,627772.0
2025-06-20 10:22:46.448444,1454.6,356274.0,628447.0
2025-06-20 10:22:46.648656,1454.4,356274.0,628447.0
2025-06-20 10:22:47.536934,1454.1,355345.0,629422.0
2025-06-20 10:22:47.651641,1454.1,355345.0,629422.0
2025-06-20 10:22:48.444887,1454.9,356802.0,625849.0
2025-06-20 10:22:48.650569,1454.4,356802.0,625849.0
2025-06-20 10:22:49.649233,1454.9,356802.0,625849.0
2025-06-20 10:22:49.736947,1454.9,356131.0,626371.0
2025-06-20 10:22:50.645499,1454.9,356131.0,626371.0
2025-06-20 10:22:50.745196,1454.9,355707.0,627727.0
2025-06-20 10:22:51.645468,1454.9,355707.0,627727.0
2025-06-20 10:22:51.738647,1454.9,354476.0,629162.0
2025-06-20 10:22:52.647775,1454.9,354476.0,629162.0
2025-06-20 10:22:52.740715,1455.0,357508.0,626405.0
2025-06-20 10:22:53.639309,1454.5,355049.0,626757.0
2025-06-20 10:22:53.650572,1454.5,355049.0,626757.0
2025-06-20 10:22:54.647465,1454.9,355049.0,626757.0
2025-06-20 10:22:54.799905,1454.9,367590.0,626142.0
2025-06-20 10:22:55.648519,1454.9,367590.0,626142.0
2025-06-20 10:22:55.742186,1454.9,367029.0,625879.0
2025-06-20 10:22:56.648979,1455.0,367029.0,625879.0
2025-06-20 10:22:56.841960,1454.6,351829.0,626414.0
2025-06-20 10:22:57.649951,1455.0,351829.0,626414.0
2025-06-20 10:22:57.886391,1455.0,348973.0,625030.0
2025-06-20 10:22:58.670464,1454.6,348973.0,625030.0
2025-06-20 10:22:58.851014,1454.6,352610.0,624416.0
2025-06-20 10:22:59.648187,1455.0,352610.0,624416.0
2025-06-20 10:22:59.844153,1454.6,353204.0,620087.0
2025-06-20 10:23:00.843423,1454.3,352308.0,622524.0
2025-06-20 10:23:01.645904,1455.0,352308.0,622524.0
2025-06-20 10:23:01.743157,1455.0,351737.0,621076.0
2025-06-20 10:23:02.643777,1455.0,351800.0,618930.0
2025-06-20 10:23:02.646315,1455.0,351800.0,618930.0
2025-06-20 10:23:03.697917,1454.5,352554.0,617163.0
2025-06-20 10:23:03.700335,1454.5,352554.0,617163.0
2025-06-20 10:23:04.649803,1454.8,348752.0,615984.0
2025-06-20 10:23:04.651149,1454.8,348752.0,615984.0
2025-06-20 10:23:05.646285,1455.0,349947.0,617662.0
2025-06-20 10:23:05.647710,1455.0,349947.0,617662.0
2025-06-20 10:23:06.546731,1455.0,349295.0,617688.0
2025-06-20 10:23:06.646589,1455.0,349295.0,617688.0
2025-06-20 10:23:07.497665,1454.9,350181.0,616154.0
2025-06-20 10:23:07.647488,1454.6,350181.0,616154.0
2025-06-20 10:23:08.447261,1455.0,349018.0,616977.0
2025-06-20 10:23:08.647562,1455.0,349018.0,616977.0
2025-06-20 10:23:09.351332,1454.9,349323.0,618711.0
2025-06-20 10:23:09.696668,1454.5,349323.0,618711.0
2025-06-20 10:23:10.247857,1454.9,347273.0,617466.0
2025-06-20 10:23:10.646503,1454.9,347273.0,617466.0
2025-06-20 10:23:11.248757,1454.5,348484.0,618230.0
2025-06-20 10:23:11.728396,1454.5,348484.0,618230.0
2025-06-20 10:23:12.259244,1454.5,347153.0,620960.0
2025-06-20 10:23:12.652423,1454.9,347153.0,620960.0
2025-06-20 10:23:13.250864,1454.3,346873.0,622815.0
2025-06-20 10:23:13.646814,1454.3,346873.0,622815.0
2025-06-20 10:23:14.251133,1454.5,344257.0,623798.0
2025-06-20 10:23:14.647176,1454.5,344257.0,623798.0
2025-06-20 10:23:15.252440,1454.5,345963.0,619465.0
2025-06-20 10:23:15.657236,1454.6,345963.0,619465.0
2025-06-20 10:23:16.254385,1454.9,347710.0,618899.0
2025-06-20 10:23:16.646257,1454.5,347710.0,618899.0
2025-06-20 10:23:17.167800,1454.9,345924.0,620806.0
2025-06-20 10:23:17.647073,1454.9,345924.0,620806.0
2025-06-20 10:23:18.183852,1454.9,344908.0,623057.0
2025-06-20 10:23:18.701916,1454.5,344908.0,623057.0
2025-06-20 10:23:19.187701,1454.5,347150.0,623255.0
2025-06-20 10:23:19.660586,1454.5,347150.0,623255.0
2025-06-20 10:23:20.186334,1454.5,346135.0,624573.0
2025-06-20 10:23:20.648980,1454.3,346135.0,624573.0
2025-06-20 10:23:21.057534,1454.5,345693.0,625695.0
2025-06-20 10:23:21.647429,1454.5,345693.0,625695.0
2025-06-20 10:23:22.056215,1454.5,345023.0,624652.0
2025-06-20 10:23:22.646545,1454.5,345023.0,624652.0
2025-06-20 10:23:23.057868,1454.5,345109.0,626955.0
2025-06-20 10:23:23.647057,1454.8,345109.0,626955.0
2025-06-20 10:23:24.056888,1454.8,341449.0,625837.0
2025-06-20 10:23:24.647674,1454.5,341449.0,625837.0
2025-06-20 10:23:25.059904,1454.7,345073.0,624602.0
2025-06-20 10:23:25.653449,1454.5,345073.0,624602.0
2025-06-20 10:23:25.959255,1454.5,345068.0,629114.0
2025-06-20 10:23:26.648028,1454.5,345068.0,629114.0
2025-06-20 10:23:26.959907,1454.5,344774.0,628065.0
2025-06-20 10:23:27.646610,1454.5,344774.0,628065.0
2025-06-20 10:23:27.966800,1454.3,347087.0,628139.0
2025-06-20 10:23:28.668008,1454.5,347087.0,628139.0
2025-06-20 10:23:28.883999,1454.5,347390.0,628361.0
2025-06-20 10:23:29.646024,1454.3,347390.0,628361.0
2025-06-20 10:23:29.875134,1454.5,345080.0,630347.0
2025-06-20 10:23:30.646241,1454.3,345080.0,630347.0
2025-06-20 10:23:31.097994,1454.3,347021.0,631437.0
2025-06-20 10:23:31.647166,1454.2,347021.0,631437.0
2025-06-20 10:23:32.098754,1454.3,346848.0,631601.0
2025-06-20 10:23:32.651524,1454.3,346848.0,631601.0
2025-06-20 10:23:32.899172,1454.3,346445.0,630659.0
2025-06-20 10:23:33.648071,1454.2,346445.0,630659.0
2025-06-20 10:23:33.878612,1454.2,346271.0,631380.0
2025-06-20 10:23:34.651215,1454.2,346271.0,631380.0
2025-06-20 10:23:34.765775,1454.2,344331.0,631184.0
2025-06-20 10:23:35.648257,1454.5,344331.0,631184.0
2025-06-20 10:23:35.766321,1454.2,339894.0,631614.0
2025-06-20 10:23:36.648039,1454.1,339894.0,631614.0
2025-06-20 10:23:36.879793,1454.2,343202.0,632329.0
2025-06-20 10:23:37.648128,1454.2,343202.0,632329.0
2025-06-20 10:23:37.768151,1454.2,343213.0,632681.0
2025-06-20 10:23:38.650071,1454.1,343213.0,632681.0
2025-06-20 10:23:38.768213,1454.1,342730.0,635395.0
2025-06-20 10:23:39.647799,1454.0,342730.0,635395.0
2025-06-20 10:23:39.770352,1454.0,342687.0,635728.0
2025-06-20 10:23:40.709724,1454.2,342687.0,635728.0
2025-06-20 10:23:40.770061,1454.2,343197.0,635739.0
2025-06-20 10:23:41.648829,1454.0,343197.0,635739.0
2025-06-20 10:23:41.682707,1454.0,340418.0,636724.0
2025-06-20 10:23:42.649766,1454.0,340418.0,636724.0
2025-06-20 10:23:42.685115,1454.0,340071.0,643867.0
2025-06-20 10:23:43.649092,1453.9,340071.0,643867.0
2025-06-20 10:23:43.681756,1453.9,341241.0,644359.0
2025-06-20 10:23:44.572899,1453.9,341309.0,644523.0
2025-06-20 10:23:44.651870,1453.9,341309.0,644523.0
2025-06-20 10:23:45.476053,1454.0,343991.0,636286.0
2025-06-20 10:23:45.656698,1454.0,343991.0,636286.0
2025-06-20 10:23:46.474290,1453.9,343460.0,636876.0
2025-06-20 10:23:46.653575,1453.9,343460.0,636876.0
2025-06-20 10:23:47.594430,1454.2,342283.0,637065.0
2025-06-20 10:23:47.650673,1454.2,342283.0,637065.0
2025-06-20 10:23:48.277942,1453.8,342305.0,637611.0
2025-06-20 10:23:48.654237,1454.2,342305.0,637611.0
2025-06-20 10:23:49.278911,1453.8,343935.0,637446.0
2025-06-20 10:23:49.649652,1453.8,343935.0,637446.0
2025-06-20 10:23:50.277186,1453.8,344669.0,638581.0
2025-06-20 10:23:50.651055,1453.9,344669.0,638581.0
2025-06-20 10:23:51.276948,1454.0,342720.0,638999.0
2025-06-20 10:23:51.650695,1454.0,342720.0,638999.0
2025-06-20 10:23:52.280531,1454.0,342118.0,637516.0
2025-06-20 10:23:52.649311,1453.6,342118.0,637516.0
2025-06-20 10:23:53.282434,1453.6,344115.0,639791.0
2025-06-20 10:23:53.649265,1453.4,344115.0,639791.0
2025-06-20 10:23:54.285210,1453.4,343233.0,640158.0
2025-06-20 10:23:54.649130,1453.6,343233.0,640158.0
2025-06-20 10:23:55.177097,1453.6,343873.0,638376.0
2025-06-20 10:23:55.653853,1453.4,343873.0,638376.0
2025-06-20 10:23:56.283030,1453.4,342993.0,640715.0
2025-06-20 10:23:56.652039,1453.9,342993.0,640715.0
2025-06-20 10:23:57.196020,1453.4,343360.0,642678.0
2025-06-20 10:23:57.649728,1454.0,343360.0,642678.0
2025-06-20 10:23:58.181619,1453.4,343880.0,643115.0
2025-06-20 10:23:58.648973,1453.4,343880.0,643115.0
2025-06-20 10:23:59.082311,1453.4,343308.0,643788.0
2025-06-20 10:23:59.651431,1453.9,343308.0,643788.0
2025-06-20 10:23:59.986156,1453.9,343552.0,644626.0
2025-06-20 10:24:00.986564,1453.4,344216.0,645260.0
2025-06-20 10:24:01.655336,1454.3,344216.0,645260.0
2025-06-20 10:24:02.002504,1454.1,350680.0,641236.0
2025-06-20 10:24:02.654146,1454.2,350680.0,641236.0
2025-06-20 10:24:03.102505,1454.1,351306.0,641659.0
2025-06-20 10:24:03.651958,1454.1,351306.0,641659.0
2025-06-20 10:24:04.188273,1454.1,351297.0,641918.0
2025-06-20 10:24:04.655343,1454.1,351297.0,641918.0
2025-06-20 10:24:05.299768,1454.5,350086.0,638359.0
2025-06-20 10:24:05.658725,1454.5,350086.0,638359.0
2025-06-20 10:24:06.410151,1454.1,350296.0,637159.0
2025-06-20 10:24:06.655397,1454.1,350296.0,637159.0
2025-06-20 10:24:07.543996,1454.1,351317.0,637602.0
2025-06-20 10:24:07.699888,1454.1,351317.0,637602.0
2025-06-20 10:24:08.590832,1454.1,351362.0,638672.0
2025-06-20 10:24:08.653474,1454.1,351362.0,638672.0
2025-06-20 10:24:09.756372,1454.1,351184.0,638816.0
2025-06-20 10:24:09.757891,1454.1,351184.0,638816.0
2025-06-20 10:24:10.920522,1454.5,351184.0,638816.0
2025-06-20 10:24:10.935422,1454.5,351773.0,637663.0
2025-06-20 10:24:11.654241,1454.3,351773.0,637663.0
2025-06-20 10:24:11.706910,1454.3,354189.0,632407.0
2025-06-20 10:24:12.733363,1454.7,354189.0,632407.0
2025-06-20 10:24:12.847410,1454.7,353131.0,633819.0
2025-06-20 10:24:14.056017,1454.4,353131.0,633819.0
2025-06-20 10:24:14.167358,1454.4,355367.0,633580.0
2025-06-20 10:24:14.676697,1454.4,355367.0,633580.0
2025-06-20 10:24:15.005292,1454.4,355428.0,633520.0
2025-06-20 10:24:15.652721,1454.4,355428.0,633520.0
2025-06-20 10:24:15.993929,1454.4,353329.0,634212.0
2025-06-20 10:24:16.724060,1454.3,353329.0,634212.0
2025-06-20 10:24:17.097173,1454.5,350433.0,640309.0
2025-06-20 10:24:17.657721,1454.1,350433.0,640309.0
2025-06-20 10:24:18.196471,1454.1,349724.0,641349.0
2025-06-20 10:24:18.694368,1454.5,349724.0,641349.0
2025-06-20 10:24:19.332790,1454.1,350743.0,641205.0
2025-06-20 10:24:19.652001,1454.1,350743.0,641205.0
2025-06-20 10:24:20.600636,1454.2,349874.0,640610.0
2025-06-20 10:24:20.658492,1454.1,349874.0,640610.0
2025-06-20 10:24:21.413768,1454.1,351244.0,640929.0
2025-06-20 10:24:21.653654,1454.2,351244.0,640929.0
2025-06-20 10:24:22.503655,1454.2,352151.0,640747.0
2025-06-20 10:24:22.652795,1454.1,352151.0,640747.0
2025-06-20 10:24:23.599144,1454.2,350496.0,640516.0
2025-06-20 10:24:23.660731,1454.2,350496.0,640516.0
2025-06-20 10:24:24.662052,1454.2,350496.0,640516.0
2025-06-20 10:24:24.702724,1454.2,352635.0,641359.0
2025-06-20 10:24:25.659611,1454.5,352635.0,641359.0
2025-06-20 10:24:25.801089,1454.1,349362.0,641514.0
2025-06-20 10:24:26.652972,1454.8,349362.0,641514.0
2025-06-20 10:24:26.709555,1454.8,354367.0,626312.0
2025-06-20 10:24:27.652066,1455.6,354367.0,626312.0
2025-06-20 10:24:27.802215,1455.8,340207.0,612027.0
2025-06-20 10:24:28.656751,1455.6,340207.0,612027.0
2025-06-20 10:24:29.001246,1455.5,340469.0,607125.0
2025-06-20 10:24:29.651848,1456.1,340469.0,607125.0
2025-06-20 10:24:30.137618,1456.1,340421.0,609757.0
2025-06-20 10:24:30.653014,1455.3,340421.0,609757.0
2025-06-20 10:24:31.106195,1455.5,339833.0,610546.0
2025-06-20 10:24:31.655355,1455.8,339833.0,610546.0
2025-06-20 10:24:32.107752,1455.9,344347.0,610145.0
2025-06-20 10:24:32.653689,1456.2,344347.0,610145.0
2025-06-20 10:24:33.207056,1455.6,339812.0,607305.0
2025-06-20 10:24:33.652917,1456.1,339812.0,607305.0
2025-06-20 10:24:34.309317,1455.8,343465.0,621582.0
2025-06-20 10:24:34.657619,1455.2,343465.0,621582.0
2025-06-20 10:24:35.419953,1455.4,342237.0,619285.0
2025-06-20 10:24:35.652998,1456.0,342237.0,619285.0
2025-06-20 10:24:36.508052,1455.5,343541.0,619298.0
2025-06-20 10:24:36.655237,1455.5,343541.0,619298.0
2025-06-20 10:24:37.607112,1455.8,341738.0,619949.0
2025-06-20 10:24:37.653328,1455.8,341738.0,619949.0
2025-06-20 10:24:38.655363,1455.3,341738.0,619949.0
2025-06-20 10:24:38.707308,1455.3,342909.0,623367.0
2025-06-20 10:24:39.653351,1455.2,342909.0,623367.0
2025-06-20 10:24:39.809153,1455.2,341698.0,622051.0
2025-06-20 10:24:40.658914,1456.2,341698.0,622051.0
2025-06-20 10:24:40.921278,1456.6,340904.0,612862.0
2025-06-20 10:24:41.658460,1456.5,340904.0,612862.0
2025-06-20 10:24:42.011988,1456.0,345260.0,620215.0
2025-06-20 10:24:42.328443,1456.0,345260.0,620215.0
2025-06-20 10:24:42.656778,1456.6,345260.0,620215.0
2025-06-20 10:24:42.962502,1456.6,345260.0,620215.0
2025-06-20 10:24:43.146563,1456.5,342820.0,621485.0
2025-06-20 10:24:43.529167,1456.5,342820.0,621485.0
2025-06-20 10:24:43.654311,1455.8,342820.0,621485.0
2025-06-20 10:24:43.785577,1455.8,342820.0,621485.0
2025-06-20 10:24:44.010745,1455.9,342430.0,623775.0
2025-06-20 10:24:44.037914,1455.9,342430.0,623775.0
2025-06-20 10:24:44.696708,1456.6,342430.0,623775.0
2025-06-20 10:24:45.086917,1456.6,342430.0,623775.0
2025-06-20 10:24:45.113826,1456.0,344551.0,622241.0
2025-06-20 10:24:45.511382,1456.0,344551.0,622241.0
2025-06-20 10:24:45.655000,1456.0,344551.0,622241.0
2025-06-20 10:24:46.102025,1456.0,344551.0,622241.0
2025-06-20 10:24:46.214693,1456.7,343223.0,621413.0
2025-06-20 10:24:46.492485,1456.7,343223.0,621413.0
2025-06-20 10:24:46.651965,1456.1,343223.0,621413.0
2025-06-20 10:24:47.312299,1456.3,343268.0,620675.0
2025-06-20 10:24:47.686383,1456.3,343268.0,620675.0
2025-06-20 10:24:47.700625,1456.3,343268.0,620675.0
2025-06-20 10:24:48.511784,1456.4,343428.0,624306.0
2025-06-20 10:24:48.655345,1456.9,343428.0,624306.0
2025-06-20 10:24:48.818013,1456.9,343428.0,624306.0
2025-06-20 10:24:49.312219,1456.5,344296.0,626558.0
2025-06-20 10:24:49.653627,1456.5,344296.0,626558.0
2025-06-20 10:24:49.795720,1456.5,344296.0,626558.0
2025-06-20 10:24:50.444976,1456.4,346135.0,628054.0
2025-06-20 10:24:50.655283,1456.6,346135.0,628054.0
2025-06-20 10:24:51.325978,1456.6,346135.0,628054.0
2025-06-20 10:24:51.519169,1456.1,342662.0,629234.0
2025-06-20 10:24:51.653442,1456.6,342662.0,629234.0
2025-06-20 10:24:52.596912,1456.6,342662.0,629234.0
2025-06-20 10:24:52.613400,1456.1,344382.0,629028.0
2025-06-20 10:24:52.686285,1456.1,344382.0,629028.0
2025-06-20 10:24:53.659600,1456.6,344382.0,629028.0
2025-06-20 10:24:53.714340,1456.6,342733.0,627445.0
2025-06-20 10:24:53.838273,1456.6,342733.0,627445.0
2025-06-20 10:24:54.655454,1456.8,342733.0,627445.0
2025-06-20 10:24:54.815521,1456.8,342561.0,626384.0
2025-06-20 10:24:55.461894,1456.8,342561.0,626384.0
2025-06-20 10:24:55.667022,1456.3,342561.0,626384.0
2025-06-20 10:24:55.930318,1456.1,339814.0,629529.0
2025-06-20 10:24:56.652709,1456.2,339814.0,629529.0
2025-06-20 10:24:57.016572,1456.6,339934.0,630029.0
2025-06-20 10:24:57.654517,1456.3,339934.0,630029.0
2025-06-20 10:24:58.117629,1456.2,343227.0,630709.0
2025-06-20 10:24:58.654425,1456.4,343227.0,630709.0
2025-06-20 10:24:59.219808,1456.1,343352.0,629969.0
2025-06-20 10:24:59.653782,1456.3,343352.0,629969.0
2025-06-20 10:25:00.317609,1456.7,340762.0,630352.0
2025-06-20 10:25:01.621195,1456.2,340299.0,630423.0
2025-06-20 10:25:01.656350,1456.2,340299.0,630423.0
2025-06-20 10:25:02.618116,1456.3,342003.0,632113.0
2025-06-20 10:25:02.651492,1456.6,342003.0,632113.0
2025-06-20 10:25:03.651753,1456.7,342003.0,632113.0
2025-06-20 10:25:03.718366,1456.7,338872.0,633140.0
2025-06-20 10:25:04.653054,1456.2,338872.0,633140.0
2025-06-20 10:25:04.719259,1456.1,333112.0,635912.0
2025-06-20 10:25:05.653012,1455.9,333112.0,635912.0
2025-06-20 10:25:05.721123,1456.5,338888.0,634813.0
2025-06-20 10:25:06.654743,1456.5,338888.0,634813.0
2025-06-20 10:25:06.738262,1456.5,340265.0,632304.0
2025-06-20 10:25:07.652974,1456.5,340265.0,632304.0
2025-06-20 10:25:07.728295,1456.5,342290.0,631140.0
2025-06-20 10:25:08.654778,1456.8,342290.0,631140.0
2025-06-20 10:25:08.886115,1456.8,342103.0,631439.0
2025-06-20 10:25:09.693618,1456.6,342103.0,631439.0
2025-06-20 10:25:09.825935,1456.6,342310.0,632420.0
2025-06-20 10:25:10.662019,1456.0,342310.0,632420.0
2025-06-20 10:25:10.826684,1456.0,339115.0,634369.0
2025-06-20 10:25:11.651962,1456.0,339115.0,634369.0
2025-06-20 10:25:11.827605,1456.5,339065.0,636407.0
2025-06-20 10:25:12.657460,1456.2,339065.0,636407.0
2025-06-20 10:25:12.937804,1456.7,337293.0,636762.0
2025-06-20 10:25:13.653011,1456.1,337293.0,636762.0
2025-06-20 10:25:13.939495,1456.0,338109.0,639903.0
2025-06-20 10:25:14.651901,1456.0,338109.0,639903.0
2025-06-20 10:25:14.940603,1455.8,340520.0,642773.0
2025-06-20 10:25:15.652687,1456.0,340520.0,642773.0
2025-06-20 10:25:15.940624,1456.0,341446.0,642147.0
2025-06-20 10:25:16.656068,1456.1,341446.0,642147.0
2025-06-20 10:25:17.030843,1456.5,346773.0,638705.0
2025-06-20 10:25:17.652177,1456.1,346773.0,638705.0
2025-06-20 10:25:18.029356,1456.5,338783.0,639936.0
2025-06-20 10:25:18.655198,1456.5,338783.0,639936.0
2025-06-20 10:25:19.130412,1456.1,338725.0,640147.0
2025-06-20 10:25:20.346948,1456.1,338725.0,640147.0
2025-06-20 10:25:20.361931,1456.0,338836.0,639718.0
2025-06-20 10:25:20.698137,1456.1,338836.0,639718.0
2025-06-20 10:25:21.330228,1456.9,342498.0,631854.0
2025-06-20 10:25:21.651888,1456.5,342498.0,631854.0
2025-06-20 10:25:22.444313,1456.7,345352.0,631227.0
2025-06-20 10:25:22.653286,1456.7,345352.0,631227.0
2025-06-20 10:25:23.535009,1457.0,341654.0,632940.0
2025-06-20 10:25:23.660903,1456.6,341654.0,632940.0
2025-06-20 10:25:24.632868,1457.0,336486.0,628902.0
2025-06-20 10:25:24.657419,1457.0,336486.0,628902.0
2025-06-20 10:25:25.542680,1456.6,338831.0,632613.0
2025-06-20 10:25:25.654799,1456.6,338831.0,632613.0
2025-06-20 10:25:26.681519,1456.6,340109.0,632675.0
2025-06-20 10:25:26.776467,1456.6,340109.0,632675.0
2025-06-20 10:25:27.702706,1456.6,340109.0,632675.0
2025-06-20 10:25:27.737226,1456.6,345884.0,627875.0
2025-06-20 10:25:28.653237,1456.7,345884.0,627875.0
2025-06-20 10:25:28.834407,1456.6,343599.0,630324.0
2025-06-20 10:25:29.652171,1456.6,343599.0,630324.0
2025-06-20 10:25:30.037534,1456.9,345321.0,629387.0
2025-06-20 10:25:30.654027,1457.0,345321.0,629387.0
2025-06-20 10:25:31.037080,1456.8,342942.0,627856.0
2025-06-20 10:25:31.660400,1456.7,342942.0,627856.0
2025-06-20 10:25:32.041481,1456.7,344974.0,630455.0
2025-06-20 10:25:32.653310,1456.6,344974.0,630455.0
2025-06-20 10:25:33.039517,1456.6,343798.0,630862.0
2025-06-20 10:25:33.657440,1457.0,343798.0,630862.0
2025-06-20 10:25:34.138996,1457.0,342155.0,631890.0
2025-06-20 10:25:34.653081,1457.0,342155.0,631890.0
2025-06-20 10:25:35.143524,1456.6,346301.0,627471.0
2025-06-20 10:25:35.656311,1457.1,346301.0,627471.0
2025-06-20 10:25:36.243774,1457.0,346008.0,624296.0
2025-06-20 10:25:36.652837,1457.1,346008.0,624296.0
2025-06-20 10:25:37.344061,1457.4,355435.0,625042.0
2025-06-20 10:25:37.653368,1457.1,355435.0,625042.0
2025-06-20 10:25:38.342633,1457.5,356052.0,621203.0
2025-06-20 10:25:38.651716,1457.2,356052.0,621203.0
2025-06-20 10:25:39.454374,1457.2,355710.0,623160.0
2025-06-20 10:25:39.651497,1457.5,355710.0,623160.0
2025-06-20 10:25:40.551752,1457.5,354594.0,624063.0
2025-06-20 10:25:40.653480,1457.5,354594.0,624063.0
2025-06-20 10:25:41.644969,1457.5,354857.0,624263.0
2025-06-20 10:25:41.652086,1457.5,354857.0,624263.0
2025-06-20 10:25:42.685822,1457.5,354857.0,624263.0
2025-06-20 10:25:42.745570,1456.9,353085.0,624687.0
2025-06-20 10:25:43.729762,1457.5,353085.0,624687.0
2025-06-20 10:25:43.819056,1457.5,351711.0,625607.0
2025-06-20 10:25:44.656918,1457.0,351711.0,625607.0
2025-06-20 10:25:44.847670,1457.0,351757.0,625898.0
2025-06-20 10:25:45.654456,1456.9,351757.0,625898.0
2025-06-20 10:25:45.954497,1456.9,354212.0,627547.0
2025-06-20 10:25:46.656007,1457.2,354212.0,627547.0
2025-06-20 10:25:47.048565,1457.2,354255.0,627245.0
2025-06-20 10:25:47.657612,1457.5,354255.0,627245.0
2025-06-20 10:25:48.153882,1457.5,352438.0,626001.0
2025-06-20 10:25:48.658701,1457.5,352438.0,626001.0
2025-06-20 10:25:49.252003,1457.5,352419.0,626618.0
2025-06-20 10:25:49.657335,1457.5,352419.0,626618.0
2025-06-20 10:25:50.252193,1457.5,353626.0,626695.0
2025-06-20 10:25:50.657825,1457.5,353626.0,626695.0
2025-06-20 10:25:51.251373,1457.2,353017.0,627987.0
2025-06-20 10:25:51.655936,1457.2,353017.0,627987.0
2025-06-20 10:25:52.352734,1457.0,354442.0,630070.0
2025-06-20 10:25:52.657815,1457.0,354442.0,630070.0
2025-06-20 10:25:53.464979,1457.5,356358.0,627637.0
2025-06-20 10:25:53.656638,1457.5,356358.0,627637.0
2025-06-20 10:25:54.552697,1457.9,355773.0,624716.0
2025-06-20 10:25:54.659401,1457.9,355773.0,624716.0
2025-06-20 10:25:55.656443,1457.2,352384.0,630206.0
2025-06-20 10:25:55.660051,1457.2,352384.0,630206.0
2025-06-20 10:25:56.653983,1457.1,352384.0,630206.0
2025-06-20 10:25:56.668626,1457.1,355418.0,634608.0
2025-06-20 10:25:57.655712,1457.5,355418.0,634608.0
2025-06-20 10:25:57.754892,1457.5,353045.0,632945.0
2025-06-20 10:25:58.660156,1457.5,353045.0,632945.0
2025-06-20 10:25:58.857313,1457.1,354048.0,636238.0
2025-06-20 10:25:59.656074,1457.5,354048.0,636238.0
2025-06-20 10:25:59.958918,1457.5,354263.0,636895.0
2025-06-20 10:26:01.574852,1457.1,355343.0,635237.0
2025-06-20 10:26:01.657861,1457.1,355343.0,635237.0
2025-06-20 10:26:02.474242,1457.2,352752.0,638920.0
2025-06-20 10:26:02.654443,1457.2,352752.0,638920.0
2025-06-20 10:26:03.474184,1457.1,354710.0,638778.0
2025-06-20 10:26:03.656872,1457.1,354710.0,638778.0
2025-06-20 10:26:04.470868,1457.1,348217.0,643162.0
2025-06-20 10:26:04.657146,1456.9,348217.0,643162.0
2025-06-20 10:26:05.565991,1456.9,337113.0,643837.0
2025-06-20 10:26:05.655849,1457.0,337113.0,643837.0
2025-06-20 10:26:06.654407,1457.0,337113.0,643837.0
2025-06-20 10:26:06.669788,1457.0,337297.0,643724.0
2025-06-20 10:26:07.655999,1457.0,337297.0,643724.0
2025-06-20 10:26:07.763214,1457.0,340571.0,639386.0
2025-06-20 10:26:08.656697,1457.4,340571.0,639386.0
2025-06-20 10:26:08.765312,1457.9,342215.0,636161.0
2025-06-20 10:26:09.655014,1457.5,342215.0,636161.0
2025-06-20 10:26:09.865556,1458.0,345394.0,628681.0
2025-06-20 10:26:10.654750,1457.5,345394.0,628681.0
2025-06-20 10:26:10.868124,1457.4,345891.0,632655.0
2025-06-20 10:26:11.656281,1457.5,345891.0,632655.0
2025-06-20 10:26:11.968096,1457.4,344690.0,635525.0
2025-06-20 10:26:12.656156,1457.5,344690.0,635525.0
2025-06-20 10:26:13.069110,1457.3,342554.0,634732.0
2025-06-20 10:26:13.656919,1457.9,342554.0,634732.0
2025-06-20 10:26:14.069892,1457.3,345574.0,633756.0
2025-06-20 10:26:14.659270,1457.3,345574.0,633756.0
2025-06-20 10:26:15.068463,1457.3,345708.0,634073.0
2025-06-20 10:26:15.657773,1458.0,345708.0,634073.0
2025-06-20 10:26:16.173780,1458.0,346441.0,633515.0
2025-06-20 10:26:16.656798,1457.3,346441.0,633515.0
2025-06-20 10:26:17.272511,1457.4,345735.0,635078.0
2025-06-20 10:26:17.664066,1457.2,345735.0,635078.0
2025-06-20 10:26:18.372291,1457.2,344180.0,636033.0
2025-06-20 10:26:19.481156,1457.2,341974.0,638484.0
2025-06-20 10:26:19.657926,1457.2,341974.0,638484.0
