timestamp,ltp,bid_qty,ask_qty
2025-06-20 10:10:48.252446,1800.0,89874.0,74734.0
2025-06-20 10:10:50.588435,1800.0,89874.0,74734.0
2025-06-20 10:10:52.590309,1799.5,89874.0,74734.0
2025-06-20 10:10:53.165230,1799.5,89825.0,74729.0
2025-06-20 10:10:58.767677,1799.5,89994.0,74451.0
2025-06-20 10:11:00.629910,1801.2,89994.0,74451.0
2025-06-20 10:11:02.598651,1800.8,89994.0,74451.0
2025-06-20 10:11:04.273974,1800.8,92316.0,71698.0
2025-06-20 10:11:06.634018,1801.1,92316.0,71698.0
2025-06-20 10:11:08.856464,1801.1,92316.0,71698.0
2025-06-20 10:11:10.478257,1801.1,93349.0,71550.0
2025-06-20 10:11:10.648157,1801.1,93349.0,71550.0
2025-06-20 10:11:14.681204,1800.9,93349.0,71550.0
2025-06-20 10:11:16.178835,1801.9,94094.0,68775.0
2025-06-20 10:11:16.658269,1801.9,94094.0,68775.0
2025-06-20 10:11:20.626986,1801.4,94094.0,68775.0
2025-06-20 10:11:21.388981,1801.4,93865.0,70233.0
2025-06-20 10:11:24.660448,1802.5,93865.0,70233.0
2025-06-20 10:11:26.888013,1802.5,96598.0,65854.0
2025-06-20 10:11:32.296717,1802.5,96187.0,65817.0
2025-06-20 10:11:37.907690,1802.9,95710.0,66278.0
2025-06-20 10:11:38.594083,1802.9,95710.0,66278.0
2025-06-20 10:11:43.931426,1802.9,96187.0,65932.0
2025-06-20 10:11:46.593242,1804.2,96187.0,65932.0
2025-06-20 10:11:48.595835,1803.2,96187.0,65932.0
2025-06-20 10:11:49.928223,1803.2,95607.0,66974.0
2025-06-20 10:11:50.600807,1802.5,95607.0,66974.0
2025-06-20 10:11:54.595534,1803.9,95607.0,66974.0
2025-06-20 10:11:55.710890,1803.4,95709.0,66673.0
2025-06-20 10:11:56.593971,1804.4,95709.0,66673.0
2025-06-20 10:12:01.007557,1804.7,97590.0,60620.0
2025-06-20 10:12:01.594130,1804.6,97590.0,60620.0
2025-06-20 10:12:02.110842,1804.3,96753.0,62558.0
2025-06-20 10:12:02.594683,1804.3,96753.0,62558.0
2025-06-20 10:12:03.207557,1803.7,95993.0,62725.0
2025-06-20 10:12:03.594515,1803.7,95993.0,62725.0
2025-06-20 10:12:04.324495,1803.7,96642.0,62365.0
2025-06-20 10:12:04.597067,1803.7,96642.0,62365.0
2025-06-20 10:12:05.431712,1804.9,96826.0,63046.0
2025-06-20 10:12:05.596588,1804.9,96826.0,63046.0
2025-06-20 10:12:06.513980,1804.8,99015.0,59850.0
2025-06-20 10:12:06.595553,1804.8,99015.0,59850.0
2025-06-20 10:12:07.523707,1804.8,98766.0,60051.0
2025-06-20 10:12:08.626390,1804.8,98872.0,60703.0
2025-06-20 10:12:09.593097,1805.9,98872.0,60703.0
2025-06-20 10:12:09.623950,1805.9,99060.0,60392.0
2025-06-20 10:12:10.597298,1806.0,99060.0,60392.0
2025-06-20 10:12:10.624096,1806.0,99974.0,61125.0
2025-06-20 10:12:11.594511,1805.8,99974.0,61125.0
2025-06-20 10:12:11.626360,1805.8,99899.0,61287.0
2025-06-20 10:12:12.592032,1806.2,99899.0,61287.0
2025-06-20 10:12:12.623843,1806.2,100463.0,60722.0
2025-06-20 10:12:13.728200,1806.2,100236.0,61783.0
2025-06-20 10:12:14.622155,1806.4,100236.0,61783.0
2025-06-20 10:12:14.841289,1806.4,99924.0,61132.0
2025-06-20 10:12:15.591660,1806.4,99924.0,61132.0
2025-06-20 10:12:15.938696,1806.4,100668.0,61454.0
2025-06-20 10:12:17.014171,1806.4,101021.0,61429.0
2025-06-20 10:12:17.596612,1807.4,101021.0,61429.0
2025-06-20 10:12:18.035191,1807.9,99756.0,60783.0
2025-06-20 10:12:18.597427,1807.4,99756.0,60783.0
2025-06-20 10:12:19.116158,1807.4,99686.0,62541.0
2025-06-20 10:12:19.590359,1806.4,99686.0,62541.0
2025-06-20 10:12:20.119462,1806.7,99284.0,62290.0
2025-06-20 10:12:20.593241,1806.7,99284.0,62290.0
2025-06-20 10:12:21.120387,1807.4,100050.0,61782.0
2025-06-20 10:12:21.593826,1807.3,100050.0,61782.0
2025-06-20 10:12:22.239118,1807.3,99944.0,62370.0
2025-06-20 10:12:23.122151,1807.3,100062.0,62370.0
2025-06-20 10:12:24.121650,1807.3,99611.0,62397.0
2025-06-20 10:12:25.222184,1807.6,99780.0,62383.0
2025-06-20 10:12:25.601195,1807.6,99780.0,62383.0
2025-06-20 10:12:26.223795,1807.6,99726.0,62224.0
2025-06-20 10:12:27.355326,1807.6,99510.0,62322.0
2025-06-20 10:12:28.357819,1807.6,99312.0,62342.0
2025-06-20 10:12:29.440724,1807.6,100218.0,61201.0
2025-06-20 10:12:30.528505,1807.6,100361.0,61567.0
2025-06-20 10:12:31.638046,1807.6,100361.0,61711.0
2025-06-20 10:12:32.604505,1806.7,100361.0,61711.0
2025-06-20 10:12:32.637326,1806.7,100045.0,62065.0
2025-06-20 10:12:33.740853,1806.7,100033.0,62139.0
2025-06-20 10:12:34.868100,1806.7,99138.0,62732.0
2025-06-20 10:12:35.932946,1807.3,99696.0,62751.0
2025-06-20 10:12:36.597320,1807.3,99696.0,62751.0
2025-06-20 10:12:37.643513,1807.3,99697.0,62764.0
2025-06-20 10:12:38.594297,1807.6,99697.0,62764.0
2025-06-20 10:12:38.640143,1807.6,99579.0,62832.0
2025-06-20 10:12:39.737877,1807.6,99963.0,62779.0
2025-06-20 10:12:40.519071,1807.6,99963.0,62779.0
2025-06-20 10:12:40.861665,1807.6,99944.0,63049.0
2025-06-20 10:12:40.918228,1807.6,99944.0,63049.0
2025-06-20 10:12:41.170772,1807.6,99944.0,63049.0
2025-06-20 10:12:41.937809,1807.6,99944.0,63049.0
2025-06-20 10:12:42.294831,1807.6,99944.0,63049.0
2025-06-20 10:12:43.033489,1807.6,99944.0,63049.0
2025-06-20 10:12:43.438902,1807.6,99944.0,63049.0
2025-06-20 10:12:43.946147,1807.6,99944.0,63101.0
2025-06-20 10:12:44.653024,1807.6,99944.0,63101.0
2025-06-20 10:12:45.033878,1807.6,99944.0,63106.0
2025-06-20 10:12:45.429606,1807.6,99944.0,63106.0
2025-06-20 10:12:46.133350,1807.3,99846.0,63090.0
2025-06-20 10:12:46.599190,1807.3,99846.0,63090.0
2025-06-20 10:12:46.676317,1807.3,99846.0,63090.0
2025-06-20 10:12:47.233359,1807.3,99749.0,63256.0
2025-06-20 10:12:47.601583,1805.8,99749.0,63256.0
2025-06-20 10:12:47.647375,1805.8,99749.0,63256.0
2025-06-20 10:12:48.348523,1805.7,96935.0,65832.0
2025-06-20 10:12:48.594892,1805.7,96935.0,65832.0
2025-06-20 10:12:49.157019,1805.7,96935.0,65832.0
2025-06-20 10:12:49.445704,1805.7,98508.0,66421.0
2025-06-20 10:12:50.468947,1805.7,98508.0,66421.0
2025-06-20 10:12:50.538881,1805.7,98546.0,66297.0
2025-06-20 10:12:51.703104,1805.7,98546.0,66297.0
2025-06-20 10:12:51.714784,1805.7,98458.0,66271.0
2025-06-20 10:12:52.597706,1806.4,98458.0,66271.0
2025-06-20 10:12:52.739770,1806.4,97934.0,66364.0
2025-06-20 10:12:53.263083,1806.4,97934.0,66364.0
2025-06-20 10:12:53.868459,1806.4,98312.0,66395.0
2025-06-20 10:12:54.941764,1806.4,98353.0,66030.0
2025-06-20 10:12:55.940686,1806.4,98352.0,66058.0
2025-06-20 10:12:57.041531,1806.4,98377.0,65897.0
2025-06-20 10:12:57.634607,1807.0,98377.0,65897.0
2025-06-20 10:12:58.141078,1807.0,98842.0,65726.0
2025-06-20 10:12:59.241791,1807.0,98795.0,65686.0
2025-06-20 10:13:00.373103,1807.0,98225.0,65888.0
2025-06-20 10:13:01.657263,1807.0,98289.0,65900.0
2025-06-20 10:13:02.601162,1806.0,98289.0,65900.0
2025-06-20 10:13:02.655682,1806.0,98283.0,66034.0
2025-06-20 10:13:03.749499,1806.0,98276.0,66135.0
2025-06-20 10:13:04.600607,1806.5,98276.0,66135.0
2025-06-20 10:13:04.880235,1806.5,98272.0,66159.0
2025-06-20 10:13:05.957004,1806.5,98184.0,66123.0
2025-06-20 10:13:07.091799,1806.5,98223.0,66146.0
2025-06-20 10:13:07.597618,1806.5,98223.0,66146.0
2025-06-20 10:13:08.152479,1806.5,98307.0,66119.0
2025-06-20 10:13:09.254757,1806.5,98342.0,66190.0
2025-06-20 10:13:10.383997,1806.0,98330.0,66166.0
2025-06-20 10:13:10.601571,1806.0,98330.0,66166.0
2025-06-20 10:13:11.383579,1806.0,98326.0,66232.0
2025-06-20 10:13:12.465278,1806.0,98346.0,66240.0
2025-06-20 10:13:13.559204,1806.0,98293.0,66252.0
2025-06-20 10:13:14.665272,1806.0,98371.0,66254.0
2025-06-20 10:13:15.603912,1806.0,98371.0,66254.0
2025-06-20 10:13:15.765313,1806.0,98437.0,66010.0
2025-06-20 10:13:16.874645,1806.0,98184.0,66318.0
2025-06-20 10:13:17.963157,1806.0,98488.0,66710.0
2025-06-20 10:13:18.962154,1806.0,98488.0,66697.0
2025-06-20 10:13:19.605324,1806.0,98488.0,66697.0
2025-06-20 10:13:19.964999,1806.0,97123.0,67915.0
2025-06-20 10:13:20.603972,1805.1,97123.0,67915.0
2025-06-20 10:13:20.962190,1805.1,95817.0,68464.0
2025-06-20 10:13:21.603152,1805.1,95817.0,68464.0
2025-06-20 10:13:22.067801,1805.1,97552.0,68658.0
2025-06-20 10:13:23.063582,1805.1,97649.0,68004.0
2025-06-20 10:13:24.096201,1805.1,97690.0,68375.0
2025-06-20 10:13:24.608774,1805.1,97690.0,68375.0
2025-06-20 10:13:24.965631,1805.1,96945.0,68259.0
2025-06-20 10:13:26.067202,1805.1,97697.0,68149.0
2025-06-20 10:13:27.070141,1805.1,97757.0,68072.0
2025-06-20 10:13:27.601122,1805.6,97757.0,68072.0
2025-06-20 10:13:28.069306,1805.6,97496.0,67124.0
2025-06-20 10:13:28.596994,1805.7,97496.0,67124.0
2025-06-20 10:13:29.070163,1805.7,97135.0,66079.0
2025-06-20 10:13:30.169577,1805.1,97458.0,66401.0
2025-06-20 10:13:30.602041,1805.1,97458.0,66401.0
2025-06-20 10:13:31.169281,1805.1,97269.0,66416.0
2025-06-20 10:13:32.273587,1805.1,97944.0,66462.0
2025-06-20 10:13:33.384315,1805.1,97951.0,67007.0
2025-06-20 10:13:34.472242,1805.1,97477.0,66590.0
2025-06-20 10:13:35.572757,1805.1,97641.0,67047.0
2025-06-20 10:13:36.671975,1805.1,97641.0,67047.0
2025-06-20 10:13:37.671786,1805.1,97387.0,67348.0
2025-06-20 10:13:38.773486,1805.1,97746.0,67371.0
2025-06-20 10:13:39.883630,1805.1,97746.0,67002.0
2025-06-20 10:13:40.605421,1805.2,97746.0,67002.0
2025-06-20 10:13:40.976423,1805.2,97442.0,67047.0
2025-06-20 10:13:41.605194,1805.8,97442.0,67047.0
2025-06-20 10:13:42.075894,1805.8,97523.0,66956.0
2025-06-20 10:13:43.079437,1805.8,97523.0,67019.0
2025-06-20 10:13:43.601651,1805.9,97523.0,67019.0
2025-06-20 10:13:44.078351,1805.9,97740.0,67280.0
2025-06-20 10:13:44.606817,1805.2,97740.0,67280.0
2025-06-20 10:13:45.185778,1805.2,97503.0,67313.0
2025-06-20 10:13:45.605962,1805.2,97503.0,67313.0
2025-06-20 10:13:46.279764,1806.0,98090.0,66343.0
2025-06-20 10:13:46.600781,1806.0,98090.0,66343.0
2025-06-20 10:13:47.387417,1806.0,98056.0,66885.0
2025-06-20 10:13:48.481366,1806.0,97922.0,66876.0
2025-06-20 10:13:49.583349,1805.8,97731.0,66656.0
2025-06-20 10:13:49.644917,1805.8,97731.0,66656.0
2025-06-20 10:13:50.682620,1805.8,97853.0,66727.0
2025-06-20 10:13:51.599183,1805.4,97853.0,66727.0
2025-06-20 10:13:51.781437,1805.4,97799.0,66988.0
2025-06-20 10:13:53.483264,1805.4,97861.0,65965.0
2025-06-20 10:13:54.583564,1805.8,98639.0,66006.0
2025-06-20 10:13:54.598956,1805.8,98639.0,66006.0
2025-06-20 10:13:55.585293,1805.8,98554.0,66249.0
2025-06-20 10:13:56.684153,1805.8,99835.0,65788.0
2025-06-20 10:13:57.786682,1805.8,99852.0,65782.0
2025-06-20 10:13:58.914228,1805.8,99852.0,65782.0
2025-06-20 10:13:59.987441,1805.8,99872.0,65807.0
2025-06-20 10:14:01.290636,1806.0,100154.0,65850.0
2025-06-20 10:14:02.658671,1806.0,100154.0,65850.0
2025-06-20 10:14:04.631702,1807.4,100154.0,65850.0
2025-06-20 10:14:06.993780,1807.4,101128.0,65415.0
2025-06-20 10:14:08.617935,1806.4,101128.0,65415.0
2025-06-20 10:14:10.611017,1808.4,101128.0,65415.0
2025-06-20 10:14:12.809635,1808.4,100708.0,62838.0
2025-06-20 10:14:14.613926,1807.3,100708.0,62838.0
2025-06-20 10:14:16.614449,1808.4,100708.0,62838.0
2025-06-20 10:14:18.700362,1808.4,101681.0,63273.0
2025-06-20 10:14:20.610942,1808.4,101681.0,63273.0
2025-06-20 10:14:22.612421,1808.4,101681.0,63273.0
2025-06-20 10:14:24.619184,1808.2,101681.0,63273.0
2025-06-20 10:14:24.632426,1808.2,100705.0,64087.0
2025-06-20 10:14:30.613506,1808.0,100705.0,64087.0
2025-06-20 10:14:30.617093,1808.0,100083.0,64765.0
2025-06-20 10:14:34.661556,1808.0,100083.0,64765.0
2025-06-20 10:14:36.207834,1807.4,97296.0,68388.0
2025-06-20 10:14:36.629450,1807.4,97296.0,68388.0
2025-06-20 10:14:38.609051,1807.3,97296.0,68388.0
2025-06-20 10:14:40.609330,1806.4,97296.0,68388.0
2025-06-20 10:14:41.937562,1806.4,97239.0,68469.0
2025-06-20 10:14:42.614084,1806.0,97239.0,68469.0
2025-06-20 10:14:44.614944,1806.4,97239.0,68469.0
2025-06-20 10:14:46.606189,1806.4,97239.0,68469.0
2025-06-20 10:14:47.422971,1806.4,99220.0,67769.0
2025-06-20 10:14:52.607563,1806.4,99220.0,67769.0
2025-06-20 10:14:53.219689,1806.7,101550.0,67835.0
2025-06-20 10:14:54.619073,1806.0,101550.0,67835.0
2025-06-20 10:14:56.607869,1806.9,101550.0,67835.0
2025-06-20 10:14:58.613877,1807.7,101550.0,67835.0
2025-06-20 10:14:59.525583,1807.7,101421.0,65962.0
2025-06-20 10:15:01.364935,1807.7,101890.0,65860.0
2025-06-20 10:15:02.427879,1807.7,102167.0,65911.0
2025-06-20 10:15:03.527892,1807.5,102896.0,64795.0
2025-06-20 10:15:03.662382,1807.5,102896.0,64795.0
2025-06-20 10:15:04.729143,1807.5,102085.0,65048.0
2025-06-20 10:15:05.639022,1807.5,102195.0,65055.0
2025-06-20 10:15:06.611533,1807.5,102195.0,65055.0
2025-06-20 10:15:07.033784,1807.6,102660.0,65062.0
2025-06-20 10:15:07.612570,1807.6,102660.0,65062.0
2025-06-20 10:15:08.032583,1807.6,101748.0,66119.0
2025-06-20 10:15:09.031440,1807.6,101511.0,66367.0
2025-06-20 10:15:10.132188,1807.6,101603.0,66403.0
2025-06-20 10:15:11.234187,1807.6,100995.0,66444.0
2025-06-20 10:15:12.343848,1807.6,101885.0,66260.0
2025-06-20 10:15:12.607071,1807.6,101885.0,66260.0
2025-06-20 10:15:13.441835,1807.6,102282.0,66549.0
2025-06-20 10:15:13.606643,1807.6,102282.0,66549.0
2025-06-20 10:15:14.641005,1807.6,102360.0,66638.0
2025-06-20 10:15:15.609611,1807.7,102360.0,66638.0
2025-06-20 10:15:15.654331,1807.6,103103.0,65464.0
2025-06-20 10:15:16.613833,1807.7,103103.0,65464.0
2025-06-20 10:15:16.849725,1807.7,102921.0,65779.0
2025-06-20 10:15:17.739293,1807.7,102291.0,66282.0
2025-06-20 10:15:18.611315,1807.8,102291.0,66282.0
2025-06-20 10:15:18.740564,1807.8,102584.0,66181.0
2025-06-20 10:15:19.608225,1807.8,102584.0,66181.0
2025-06-20 10:15:19.741611,1807.8,103011.0,66001.0
2025-06-20 10:15:20.851253,1807.8,103011.0,66006.0
2025-06-20 10:15:21.941653,1807.8,103290.0,66022.0
2025-06-20 10:15:23.045253,1807.8,103302.0,66022.0
2025-06-20 10:15:23.942239,1807.8,103141.0,66027.0
2025-06-20 10:15:24.613988,1807.8,103141.0,66027.0
2025-06-20 10:15:25.040998,1807.8,102510.0,65903.0
2025-06-20 10:15:25.609397,1807.8,102510.0,65903.0
2025-06-20 10:15:26.142950,1807.8,102968.0,65958.0
2025-06-20 10:15:27.243827,1807.8,102726.0,65783.0
2025-06-20 10:15:27.611614,1807.8,102726.0,65783.0
2025-06-20 10:15:28.346877,1807.8,102621.0,65877.0
2025-06-20 10:15:29.445780,1807.7,102951.0,65993.0
2025-06-20 10:15:29.617568,1807.6,102951.0,65993.0
2025-06-20 10:15:30.458029,1807.6,102925.0,65722.0
2025-06-20 10:15:31.469011,1807.6,102961.0,66064.0
2025-06-20 10:15:32.547882,1807.9,102892.0,66105.0
2025-06-20 10:15:32.610351,1807.9,102892.0,66105.0
2025-06-20 10:15:33.547891,1807.9,103042.0,66172.0
2025-06-20 10:15:33.607614,1807.9,103042.0,66172.0
2025-06-20 10:15:34.651171,1807.9,102937.0,66136.0
2025-06-20 10:15:35.614809,1807.9,102937.0,66136.0
2025-06-20 10:15:35.662470,1807.9,102953.0,66227.0
2025-06-20 10:15:36.551257,1807.9,102937.0,66116.0
2025-06-20 10:15:36.615061,1807.9,102937.0,66116.0
2025-06-20 10:15:37.615981,1807.9,102937.0,66116.0
2025-06-20 10:15:37.656400,1807.9,103165.0,66223.0
2025-06-20 10:15:38.608880,1808.0,103165.0,66223.0
2025-06-20 10:15:38.660692,1808.0,104318.0,64276.0
2025-06-20 10:15:39.664831,1808.0,103965.0,65059.0
2025-06-20 10:15:40.670430,1808.0,104056.0,65505.0
2025-06-20 10:15:40.965816,1808.0,104056.0,65505.0
2025-06-20 10:15:41.374316,1808.0,104056.0,65505.0
2025-06-20 10:15:41.758817,1808.0,103388.0,65130.0
2025-06-20 10:15:41.913295,1808.0,103388.0,65130.0
2025-06-20 10:15:42.168807,1808.0,103388.0,65130.0
2025-06-20 10:15:42.616220,1808.2,103388.0,65130.0
2025-06-20 10:15:42.759943,1808.2,103388.0,65130.0
2025-06-20 10:15:42.784503,1808.2,103361.0,65019.0
2025-06-20 10:15:43.463501,1808.2,103361.0,65019.0
2025-06-20 10:15:43.612837,1808.0,103361.0,65019.0
2025-06-20 10:15:43.756586,1808.0,104908.0,65531.0
2025-06-20 10:15:43.856793,1808.0,104908.0,65531.0
2025-06-20 10:15:44.462961,1808.0,104908.0,65531.0
2025-06-20 10:15:44.611596,1808.3,104908.0,65531.0
2025-06-20 10:15:44.830097,1808.3,104908.0,65531.0
2025-06-20 10:15:44.886148,1808.0,105116.0,65107.0
2025-06-20 10:15:45.613123,1808.0,105116.0,65107.0
2025-06-20 10:15:45.778194,1808.0,105116.0,65107.0
2025-06-20 10:15:45.958632,1808.0,105176.0,65364.0
2025-06-20 10:15:46.959060,1808.0,104964.0,65398.0
2025-06-20 10:15:47.111187,1808.0,104964.0,65398.0
2025-06-20 10:15:47.612524,1808.3,104964.0,65398.0
2025-06-20 10:15:47.868901,1808.3,105118.0,65018.0
2025-06-20 10:15:48.074913,1808.3,105118.0,65018.0
2025-06-20 10:15:48.962989,1808.3,105117.0,64977.0
2025-06-20 10:15:49.651119,1808.3,105117.0,64977.0
2025-06-20 10:15:49.959923,1808.3,105118.0,65039.0
2025-06-20 10:15:50.889919,1808.3,105118.0,65039.0
2025-06-20 10:15:50.960138,1808.3,105138.0,65096.0
2025-06-20 10:15:51.613876,1808.8,105138.0,65096.0
2025-06-20 10:15:52.062296,1808.8,104333.0,65204.0
2025-06-20 10:15:52.118450,1808.8,104333.0,65204.0
2025-06-20 10:15:53.060104,1808.8,104153.0,65212.0
2025-06-20 10:15:53.610697,1808.7,104153.0,65212.0
2025-06-20 10:15:53.691689,1808.7,104153.0,65212.0
2025-06-20 10:15:53.962736,1808.7,104228.0,65232.0
2025-06-20 10:15:54.481278,1808.7,104228.0,65232.0
2025-06-20 10:15:54.961876,1808.7,104308.0,65266.0
2025-06-20 10:15:55.965396,1808.7,104355.0,65277.0
2025-06-20 10:15:56.614130,1808.7,104355.0,65277.0
2025-06-20 10:15:57.066135,1808.7,104400.0,65154.0
2025-06-20 10:15:57.680953,1808.8,104400.0,65154.0
2025-06-20 10:15:58.167134,1808.8,104413.0,65702.0
2025-06-20 10:15:58.610963,1808.9,104413.0,65702.0
2025-06-20 10:15:59.286059,1808.9,104151.0,65348.0
2025-06-20 10:15:59.615672,1808.9,104151.0,65348.0
2025-06-20 10:16:00.268930,1808.9,104196.0,65283.0
2025-06-20 10:16:01.774485,1808.9,104502.0,65520.0
2025-06-20 10:16:03.628750,1808.8,104502.0,65520.0
2025-06-20 10:16:07.621991,1808.0,104502.0,65520.0
2025-06-20 10:16:07.874566,1808.0,104382.0,65639.0
2025-06-20 10:16:11.617888,1808.9,104382.0,65639.0
2025-06-20 10:16:13.774423,1808.0,103670.0,67012.0
2025-06-20 10:16:15.618705,1807.9,103670.0,67012.0
2025-06-20 10:16:19.617550,1807.9,103670.0,67012.0
2025-06-20 10:16:20.383205,1807.9,103068.0,68333.0
2025-06-20 10:16:22.620058,1808.3,103068.0,68333.0
2025-06-20 10:16:26.898221,1808.2,103373.0,67332.0
2025-06-20 10:16:28.611342,1808.2,103373.0,67332.0
2025-06-20 10:16:31.648887,1807.5,103373.0,67332.0
2025-06-20 10:16:33.395239,1807.5,103086.0,68287.0
2025-06-20 10:16:39.596935,1807.5,103283.0,68621.0
2025-06-20 10:16:43.616574,1806.7,103283.0,68621.0
2025-06-20 10:16:45.913416,1807.0,102800.0,69070.0
2025-06-20 10:16:46.619604,1807.0,102800.0,69070.0
2025-06-20 10:16:49.624280,1807.0,102800.0,69070.0
2025-06-20 10:16:52.201087,1807.0,103047.0,69431.0
2025-06-20 10:16:56.622026,1807.0,103047.0,69431.0
2025-06-20 10:16:58.382708,1807.0,103516.0,69796.0
2025-06-20 10:16:58.618605,1807.0,103516.0,69796.0
2025-06-20 10:17:04.209258,1807.2,103584.0,69838.0
2025-06-20 10:17:04.624298,1807.2,103584.0,69838.0
2025-06-20 10:17:06.623948,1807.0,103584.0,69838.0
2025-06-20 10:17:08.630525,1806.4,103584.0,69838.0
2025-06-20 10:17:10.216140,1806.4,101814.0,71263.0
2025-06-20 10:17:12.631849,1806.4,101814.0,71263.0
2025-06-20 10:17:16.428790,1807.1,102746.0,69412.0
2025-06-20 10:17:16.617775,1807.1,102746.0,69412.0
2025-06-20 10:17:20.625088,1806.6,102746.0,69412.0
2025-06-20 10:17:22.444540,1806.6,102898.0,69548.0
2025-06-20 10:17:24.623346,1807.1,102898.0,69548.0
2025-06-20 10:17:28.227296,1807.1,102317.0,69595.0
2025-06-20 10:17:32.623402,1807.2,102317.0,69595.0
2025-06-20 10:17:34.449091,1807.4,102659.0,68228.0
2025-06-20 10:17:35.623135,1807.4,102659.0,68228.0
2025-06-20 10:17:38.655960,1807.4,102659.0,68228.0
2025-06-20 10:17:40.355212,1807.4,103075.0,68969.0
2025-06-20 10:17:46.133415,1807.1,102880.0,69074.0
2025-06-20 10:17:47.619220,1807.2,102880.0,69074.0
2025-06-20 10:17:50.628427,1807.2,102880.0,69074.0
2025-06-20 10:17:52.239697,1807.1,102657.0,69161.0
2025-06-20 10:17:53.626583,1807.7,102657.0,69161.0
2025-06-20 10:17:56.630058,1807.7,102657.0,69161.0
2025-06-20 10:17:58.540661,1807.7,104154.0,68036.0
2025-06-20 10:18:02.629713,1807.7,104154.0,68036.0
2025-06-20 10:18:04.872371,1807.7,103663.0,67976.0
2025-06-20 10:18:11.050416,1807.3,104477.0,68092.0
2025-06-20 10:18:11.627208,1807.3,104477.0,68092.0
2025-06-20 10:18:14.680185,1808.2,104477.0,68092.0
2025-06-20 10:18:16.866269,1808.0,105134.0,67177.0
2025-06-20 10:18:17.628026,1807.7,105134.0,67177.0
2025-06-20 10:18:20.631365,1807.8,105134.0,67177.0
2025-06-20 10:18:22.958083,1807.8,105526.0,67178.0
2025-06-20 10:18:23.626789,1808.2,105526.0,67178.0
2025-06-20 10:18:26.659444,1809.7,105526.0,67178.0
2025-06-20 10:18:29.655073,1809.7,105526.0,67178.0
2025-06-20 10:18:29.959379,1809.7,105984.0,64558.0
2025-06-20 10:18:32.631928,1809.1,105984.0,64558.0
2025-06-20 10:18:35.631005,1809.1,105984.0,64558.0
2025-06-20 10:18:36.162340,1809.7,105986.0,65320.0
2025-06-20 10:18:38.632761,1809.0,105986.0,65320.0
2025-06-20 10:18:41.585141,1809.0,105986.0,65320.0
2025-06-20 10:18:41.628606,1809.8,105986.0,65320.0
2025-06-20 10:18:41.673903,1809.8,105986.0,65320.0
2025-06-20 10:18:41.985781,1809.8,105935.0,65139.0
2025-06-20 10:18:42.126093,1809.8,105935.0,65139.0
2025-06-20 10:18:43.309093,1809.8,105935.0,65139.0
2025-06-20 10:18:44.437392,1809.8,105935.0,65139.0
2025-06-20 10:18:45.433150,1809.8,105935.0,65139.0
2025-06-20 10:18:46.392148,1809.8,105935.0,65139.0
2025-06-20 10:18:47.628950,1809.1,105935.0,65139.0
2025-06-20 10:18:47.683595,1809.1,105935.0,65139.0
2025-06-20 10:18:47.767612,1809.1,106107.0,65286.0
2025-06-20 10:18:48.682759,1809.1,106107.0,65286.0
2025-06-20 10:18:50.193801,1809.1,106107.0,65286.0
2025-06-20 10:18:50.633686,1809.7,106107.0,65286.0
2025-06-20 10:18:51.460612,1809.7,106107.0,65286.0
2025-06-20 10:18:52.721965,1809.7,106107.0,65286.0
2025-06-20 10:18:53.671900,1809.7,106109.0,65333.0
2025-06-20 10:18:54.437153,1809.7,106109.0,65333.0
2025-06-20 10:18:56.631805,1809.2,106109.0,65333.0
2025-06-20 10:18:59.774403,1809.2,105265.0,66115.0
2025-06-20 10:19:02.646795,1809.7,105265.0,66115.0
2025-06-20 10:19:06.211252,1809.7,105948.0,65659.0
2025-06-20 10:19:11.643719,1809.7,105948.0,65659.0
2025-06-20 10:19:12.393297,1809.2,105705.0,65980.0
2025-06-20 10:19:14.650153,1809.7,105705.0,65980.0
2025-06-20 10:19:17.673306,1809.7,105705.0,65980.0
2025-06-20 10:19:18.490725,1809.6,105617.0,65818.0
2025-06-20 10:19:20.675299,1809.2,105617.0,65818.0
2025-06-20 10:19:23.654112,1809.2,105617.0,65818.0
2025-06-20 10:19:24.411975,1809.2,105128.0,65996.0
2025-06-20 10:19:29.880315,1809.6,105128.0,65996.0
2025-06-20 10:19:30.596996,1809.2,105461.0,65893.0
2025-06-20 10:19:32.657314,1809.6,105461.0,65893.0
2025-06-20 10:19:35.659195,1809.6,105461.0,65893.0
2025-06-20 10:19:36.706842,1809.3,106205.0,65179.0
2025-06-20 10:19:38.639904,1809.2,106205.0,65179.0
2025-06-20 10:19:41.680250,1809.8,106205.0,65179.0
2025-06-20 10:19:42.808255,1809.8,105151.0,66088.0
2025-06-20 10:19:47.648270,1809.0,105151.0,66088.0
2025-06-20 10:19:48.514687,1809.0,105247.0,66365.0
2025-06-20 10:19:54.122357,1809.0,105395.0,66174.0
2025-06-20 10:19:56.638297,1809.5,105395.0,66174.0
2025-06-20 10:19:59.641620,1809.5,105395.0,66174.0
2025-06-20 10:20:00.228490,1809.5,105471.0,65421.0
2025-06-20 10:20:01.683691,1809.3,105471.0,65421.0
2025-06-20 10:20:04.676717,1809.1,105471.0,65421.0
2025-06-20 10:20:06.678318,1809.1,105875.0,66194.0
2025-06-20 10:20:07.683760,1809.8,105875.0,66194.0
2025-06-20 10:20:10.672803,1809.6,105875.0,66194.0
2025-06-20 10:20:13.235356,1810.0,105659.0,66437.0
2025-06-20 10:20:13.682088,1810.0,105659.0,66437.0
2025-06-20 10:20:16.682731,1810.0,105659.0,66437.0
2025-06-20 10:20:19.647247,1810.0,105659.0,66437.0
2025-06-20 10:20:19.652370,1810.0,105518.0,66697.0
2025-06-20 10:20:22.674265,1810.0,105518.0,66697.0
2025-06-20 10:20:25.547314,1810.0,105850.0,66490.0
2025-06-20 10:20:25.649792,1810.0,105850.0,66490.0
2025-06-20 10:20:28.683920,1810.5,105850.0,66490.0
2025-06-20 10:20:31.456200,1810.5,105997.0,65000.0
2025-06-20 10:20:31.651959,1810.5,105997.0,65000.0
2025-06-20 10:20:34.670669,1810.4,105997.0,65000.0
2025-06-20 10:20:37.654869,1810.4,105997.0,65000.0
2025-06-20 10:20:37.680275,1810.4,105903.0,65276.0
2025-06-20 10:20:40.650574,1810.4,105903.0,65276.0
2025-06-20 10:20:43.679109,1810.5,105903.0,65276.0
2025-06-20 10:20:43.909552,1810.5,106597.0,64780.0
2025-06-20 10:20:46.648521,1811.0,106597.0,64780.0
2025-06-20 10:20:49.704231,1811.0,106597.0,64780.0
2025-06-20 10:20:49.768001,1811.0,105976.0,65479.0
2025-06-20 10:20:52.649732,1811.1,105976.0,65479.0
2025-06-20 10:20:55.658381,1811.2,105976.0,65479.0
2025-06-20 10:20:55.975176,1811.2,106228.0,65254.0
2025-06-20 10:21:01.655560,1810.6,106228.0,65254.0
2025-06-20 10:21:02.280397,1810.6,105892.0,65384.0
2025-06-20 10:21:04.709733,1811.0,105892.0,65384.0
2025-06-20 10:21:07.677503,1810.2,105892.0,65384.0
2025-06-20 10:21:08.575853,1810.4,105752.0,66930.0
2025-06-20 10:21:10.678334,1810.4,105752.0,66930.0
2025-06-20 10:21:13.663125,1810.4,105752.0,66930.0
2025-06-20 10:21:15.126799,1810.4,105610.0,67583.0
2025-06-20 10:21:16.659981,1810.4,105610.0,67583.0
2025-06-20 10:21:19.651921,1810.4,105610.0,67583.0
2025-06-20 10:21:20.989469,1809.5,105337.0,68322.0
2025-06-20 10:21:22.654295,1809.5,105337.0,68322.0
2025-06-20 10:21:26.788778,1809.5,105625.0,68199.0
2025-06-20 10:21:28.657879,1809.5,105625.0,68199.0
2025-06-20 10:21:32.200006,1810.2,105625.0,68199.0
2025-06-20 10:21:33.117272,1810.0,106060.0,68399.0
2025-06-20 10:21:34.651181,1810.0,106060.0,68399.0
2025-06-20 10:21:37.699968,1809.5,106060.0,68399.0
2025-06-20 10:21:38.944069,1809.5,105201.0,69555.0
2025-06-20 10:21:40.652080,1809.5,105201.0,69555.0
2025-06-20 10:21:41.810156,1809.5,105201.0,69555.0
2025-06-20 10:21:42.201486,1809.5,105201.0,69555.0
2025-06-20 10:21:43.095102,1809.5,105201.0,69555.0
2025-06-20 10:21:43.658198,1809.5,105201.0,69555.0
2025-06-20 10:21:43.724730,1809.5,105201.0,69555.0
2025-06-20 10:21:44.437755,1809.5,105201.0,69555.0
2025-06-20 10:21:44.804222,1809.5,105622.0,69076.0
2025-06-20 10:21:44.847086,1809.5,105622.0,69076.0
2025-06-20 10:21:45.479304,1809.5,105622.0,69076.0
2025-06-20 10:21:46.836062,1809.5,105622.0,69076.0
2025-06-20 10:21:48.144237,1809.5,105622.0,69076.0
2025-06-20 10:21:49.141864,1809.5,105622.0,69076.0
2025-06-20 10:21:49.698798,1809.0,105622.0,69076.0
2025-06-20 10:21:50.502954,1809.0,105215.0,70251.0
2025-06-20 10:21:50.707706,1809.0,105215.0,70251.0
2025-06-20 10:21:51.985189,1809.0,105215.0,70251.0
2025-06-20 10:21:52.715150,1809.5,105215.0,70251.0
2025-06-20 10:21:53.190744,1809.5,105215.0,70251.0
2025-06-20 10:21:54.812027,1809.5,105215.0,70251.0
2025-06-20 10:21:55.676620,1809.5,105215.0,70251.0
2025-06-20 10:21:56.111787,1809.5,105125.0,70293.0
2025-06-20 10:21:58.649155,1809.5,105125.0,70293.0
2025-06-20 10:22:01.611563,1809.0,104695.0,71161.0
2025-06-20 10:22:01.695860,1809.0,104695.0,71161.0
2025-06-20 10:22:04.655012,1809.0,104695.0,71161.0
2025-06-20 10:22:08.002135,1809.0,105105.0,71392.0
2025-06-20 10:22:11.295318,1809.5,105105.0,71392.0
2025-06-20 10:22:13.516267,1809.0,102174.0,73231.0
2025-06-20 10:22:13.703992,1809.0,102174.0,73231.0
2025-06-20 10:22:19.656423,1808.7,102174.0,73231.0
2025-06-20 10:22:19.820149,1808.7,102692.0,72879.0
2025-06-20 10:22:22.683544,1808.7,102692.0,72879.0
2025-06-20 10:22:25.655961,1808.7,102692.0,72879.0
2025-06-20 10:22:25.940062,1808.7,102390.0,73104.0
2025-06-20 10:22:31.698039,1808.6,102390.0,73104.0
2025-06-20 10:22:32.036431,1808.6,102788.0,73188.0
2025-06-20 10:22:34.724299,1807.8,102788.0,73188.0
2025-06-20 10:22:37.659405,1808.1,102788.0,73188.0
2025-06-20 10:22:37.833166,1808.1,102668.0,72987.0
2025-06-20 10:22:41.703594,1808.5,102668.0,72987.0
2025-06-20 10:22:43.540243,1808.5,103268.0,72410.0
2025-06-20 10:22:43.711959,1808.5,103268.0,72410.0
2025-06-20 10:22:45.656382,1808.7,103268.0,72410.0
2025-06-20 10:22:47.659367,1808.6,103268.0,72410.0
2025-06-20 10:22:49.036604,1808.9,103642.0,71331.0
2025-06-20 10:22:49.661474,1808.9,103642.0,71331.0
2025-06-20 10:22:53.659263,1807.9,103642.0,71331.0
2025-06-20 10:22:55.098746,1808.0,102981.0,73092.0
2025-06-20 10:22:55.661435,1808.0,102981.0,73092.0
2025-06-20 10:22:57.658102,1808.6,102981.0,73092.0
2025-06-20 10:22:59.655886,1808.5,102981.0,73092.0
2025-06-20 10:23:01.156490,1808.5,103010.0,73119.0
2025-06-20 10:23:05.659035,1807.8,103010.0,73119.0
2025-06-20 10:23:07.162101,1808.6,103794.0,71869.0
2025-06-20 10:23:07.661874,1808.3,103794.0,71869.0
2025-06-20 10:23:11.736424,1808.3,103794.0,71869.0
2025-06-20 10:23:12.854903,1808.3,103742.0,72442.0
2025-06-20 10:23:17.655811,1808.5,103742.0,72442.0
2025-06-20 10:23:18.459130,1808.5,103846.0,72577.0
2025-06-20 10:23:21.664731,1808.8,103846.0,72577.0
2025-06-20 10:23:24.460399,1808.8,104099.0,71805.0
2025-06-20 10:23:30.264496,1808.8,104016.0,71612.0
2025-06-20 10:23:31.699424,1809.0,104016.0,71612.0
2025-06-20 10:23:35.665126,1809.5,104016.0,71612.0
2025-06-20 10:23:35.894030,1809.5,104761.0,70745.0
2025-06-20 10:23:41.985691,1809.5,104790.0,70519.0
2025-06-20 10:23:43.665053,1809.5,104790.0,70519.0
2025-06-20 10:23:47.980204,1809.5,104629.0,70674.0
2025-06-20 10:23:49.661166,1809.5,104629.0,70674.0
2025-06-20 10:23:53.661435,1809.5,104629.0,70674.0
2025-06-20 10:23:53.691810,1809.5,104638.0,70659.0
2025-06-20 10:23:59.285643,1809.1,104517.0,70667.0
2025-06-20 10:23:59.658989,1809.1,104517.0,70667.0
2025-06-20 10:24:03.662608,1809.4,104517.0,70667.0
2025-06-20 10:24:04.785273,1809.4,104853.0,70585.0
2025-06-20 10:24:05.665250,1809.4,104853.0,70585.0
2025-06-20 10:24:07.724585,1809.5,104853.0,70585.0
2025-06-20 10:24:09.770088,1809.3,104853.0,70585.0
2025-06-20 10:24:10.477817,1809.3,104630.0,70720.0
2025-06-20 10:24:14.099189,1809.3,104630.0,70720.0
2025-06-20 10:24:16.324875,1809.1,103687.0,71191.0
2025-06-20 10:24:17.706910,1809.1,103687.0,71191.0
2025-06-20 10:24:19.699492,1809.1,103687.0,71191.0
2025-06-20 10:24:21.799789,1809.1,103887.0,71123.0
2025-06-20 10:24:25.669737,1809.1,103887.0,71123.0
2025-06-20 10:24:27.438452,1809.1,103761.0,71145.0
2025-06-20 10:24:29.670595,1809.1,103761.0,71145.0
2025-06-20 10:24:33.208215,1809.3,104329.0,70726.0
2025-06-20 10:24:33.665087,1809.3,104329.0,70726.0
2025-06-20 10:24:39.109671,1809.3,104540.0,70924.0
2025-06-20 10:24:39.661348,1809.4,104540.0,70924.0
2025-06-20 10:24:41.666060,1809.5,104540.0,70924.0
2025-06-20 10:24:42.295236,1809.5,104540.0,70924.0
2025-06-20 10:24:43.504111,1809.5,104540.0,70924.0
2025-06-20 10:24:44.037321,1809.5,104540.0,70924.0
2025-06-20 10:24:44.948388,1809.1,117754.0,70884.0
2025-06-20 10:24:45.062028,1809.1,117754.0,70884.0
2025-06-20 10:24:45.662879,1809.1,117754.0,70884.0
2025-06-20 10:24:46.079481,1809.1,117754.0,70884.0
2025-06-20 10:24:47.698494,1809.1,117754.0,70884.0
2025-06-20 10:24:48.788935,1809.1,117754.0,70884.0
2025-06-20 10:24:49.799425,1809.1,117754.0,70884.0
2025-06-20 10:24:50.714655,1809.1,118150.0,70537.0
2025-06-20 10:24:51.300482,1809.1,118150.0,70537.0
2025-06-20 10:24:51.665166,1809.5,118150.0,70537.0
2025-06-20 10:24:52.573713,1809.5,118150.0,70537.0
2025-06-20 10:24:53.827138,1809.5,118150.0,70537.0
2025-06-20 10:24:55.458321,1809.5,118150.0,70537.0
2025-06-20 10:24:56.449343,1809.2,117867.0,70790.0
2025-06-20 10:24:57.678681,1809.2,117867.0,70790.0
2025-06-20 10:24:59.664043,1809.2,117867.0,70790.0
2025-06-20 10:25:01.665863,1809.5,117867.0,70790.0
2025-06-20 10:25:02.122100,1809.5,117820.0,70765.0
2025-06-20 10:25:03.671140,1809.5,117820.0,70765.0
2025-06-20 10:25:07.668010,1809.2,117820.0,70765.0
2025-06-20 10:25:08.330710,1809.2,117883.0,70964.0
2025-06-20 10:25:12.671208,1809.5,117883.0,70964.0
2025-06-20 10:25:14.528476,1809.5,116970.0,70354.0
2025-06-20 10:25:15.665830,1809.5,116970.0,70354.0
2025-06-20 10:25:18.665353,1809.2,116970.0,70354.0
2025-06-20 10:25:20.630774,1809.2,116703.0,71079.0
2025-06-20 10:25:21.658932,1809.2,116703.0,71079.0
2025-06-20 10:25:24.671372,1809.5,116703.0,71079.0
2025-06-20 10:25:26.806289,1809.2,116860.0,70536.0
2025-06-20 10:25:27.712433,1809.2,116860.0,70536.0
2025-06-20 10:25:30.668072,1809.6,116860.0,70536.0
2025-06-20 10:25:32.741677,1809.6,117183.0,69322.0
2025-06-20 10:25:33.667150,1810.0,117183.0,69322.0
2025-06-20 10:25:36.666950,1809.6,117183.0,69322.0
2025-06-20 10:25:39.145202,1810.0,116760.0,70904.0
2025-06-20 10:25:39.688767,1810.0,116760.0,70904.0
2025-06-20 10:25:42.692844,1809.6,116760.0,70904.0
2025-06-20 10:25:45.353553,1809.6,117571.0,71000.0
2025-06-20 10:25:48.678161,1809.8,117571.0,71000.0
2025-06-20 10:25:51.467874,1809.8,117270.0,70675.0
2025-06-20 10:25:54.672733,1809.6,117270.0,70675.0
2025-06-20 10:25:57.463004,1809.6,117372.0,70915.0
2025-06-20 10:25:57.674330,1809.6,117372.0,70915.0
2025-06-20 10:26:00.660443,1809.6,117372.0,70915.0
2025-06-20 10:26:03.165498,1809.9,116861.0,70937.0
2025-06-20 10:26:03.672356,1809.9,116861.0,70937.0
2025-06-20 10:26:06.668194,1809.6,116861.0,70937.0
2025-06-20 10:26:09.368854,1809.6,117239.0,70954.0
2025-06-20 10:26:12.665551,1810.0,117239.0,70954.0
2025-06-20 10:26:15.771715,1810.0,117183.0,70796.0
2025-06-20 10:26:18.671128,1809.6,117183.0,70796.0
2025-06-20 10:26:21.979773,1809.6,117237.0,70866.0
2025-06-20 10:26:24.669661,1810.2,117237.0,70866.0
2025-06-20 10:26:27.685292,1810.3,117237.0,70866.0
2025-06-20 10:26:28.191395,1810.3,117008.0,70762.0
2025-06-20 10:26:30.680960,1810.0,117008.0,70762.0
2025-06-20 10:26:33.668927,1810.0,117008.0,70762.0
2025-06-20 10:26:34.286922,1810.1,116423.0,71033.0
2025-06-20 10:26:36.676564,1809.6,116423.0,71033.0
2025-06-20 10:26:40.787079,1809.6,116883.0,71327.0
2025-06-20 10:26:42.713257,1809.6,116883.0,71327.0
2025-06-20 10:26:45.673745,1809.6,116883.0,71327.0
2025-06-20 10:26:47.135169,1809.6,116684.0,72135.0
2025-06-20 10:26:48.671115,1809.6,116684.0,72135.0
2025-06-20 10:26:51.746105,1809.7,116684.0,72135.0
2025-06-20 10:26:53.205793,1810.0,116333.0,70096.0
2025-06-20 10:26:54.705992,1810.0,116333.0,70096.0
2025-06-20 10:26:57.700538,1810.0,116333.0,70096.0
2025-06-20 10:26:59.510264,1809.6,116464.0,71102.0
2025-06-20 10:27:00.670930,1810.1,116464.0,71102.0
2025-06-20 10:27:03.695228,1811.3,116464.0,71102.0
2025-06-20 10:27:05.727869,1810.8,116114.0,70379.0
2025-06-20 10:27:06.710818,1810.8,116114.0,70379.0
2025-06-20 10:27:09.696899,1810.3,116114.0,70379.0
2025-06-20 10:27:12.479018,1810.3,115606.0,71911.0
2025-06-20 10:27:12.707969,1810.3,115606.0,71911.0
2025-06-20 10:27:15.671471,1810.3,115606.0,71911.0
2025-06-20 10:27:18.678345,1810.8,115606.0,71911.0
2025-06-20 10:27:19.020883,1809.9,117181.0,70796.0
2025-06-20 10:27:21.668572,1810.8,117181.0,70796.0
2025-06-20 10:27:25.350467,1810.5,117181.0,70796.0
2025-06-20 10:27:25.533516,1811.1,117820.0,69475.0
2025-06-20 10:27:27.680830,1810.5,117820.0,69475.0
2025-06-20 10:27:31.689162,1811.2,117820.0,69475.0
2025-06-20 10:27:32.332069,1811.2,117864.0,69610.0
2025-06-20 10:27:34.700197,1810.5,117864.0,69610.0
2025-06-20 10:27:37.687936,1811.2,117864.0,69610.0
2025-06-20 10:27:38.857279,1811.2,117789.0,69850.0
2025-06-20 10:27:42.682836,1811.2,117789.0,69850.0
2025-06-20 10:27:43.027684,1811.2,117789.0,69850.0
2025-06-20 10:27:44.269186,1811.2,117789.0,69850.0
2025-06-20 10:27:44.671606,1811.1,117789.0,69850.0
2025-06-20 10:27:45.275124,1811.1,117789.0,69850.0
2025-06-20 10:27:45.343623,1811.1,117623.0,69862.0
2025-06-20 10:27:45.781257,1811.1,117623.0,69862.0
2025-06-20 10:27:46.294180,1811.1,117623.0,69862.0
2025-06-20 10:27:47.710851,1811.1,117623.0,69862.0
2025-06-20 10:27:48.684875,1810.5,117623.0,69862.0
2025-06-20 10:27:49.008321,1810.5,117623.0,69862.0
2025-06-20 10:27:51.517133,1810.5,117623.0,69862.0
2025-06-20 10:27:51.649016,1810.5,118028.0,70132.0
2025-06-20 10:27:52.819031,1810.5,118028.0,70132.0
2025-06-20 10:27:54.022219,1810.5,118028.0,70132.0
2025-06-20 10:27:54.685317,1811.1,118028.0,70132.0
2025-06-20 10:27:55.621017,1811.1,118028.0,70132.0
2025-06-20 10:27:57.683772,1810.6,118028.0,70132.0
2025-06-20 10:27:58.055067,1810.6,118046.0,69906.0
2025-06-20 10:28:00.668076,1811.1,118046.0,69906.0
2025-06-20 10:28:04.273590,1811.1,118068.0,69917.0
2025-06-20 10:28:04.677079,1811.1,118068.0,69917.0
2025-06-20 10:28:08.675528,1811.1,118068.0,69917.0
2025-06-20 10:28:10.361938,1811.1,117744.0,70444.0
2025-06-20 10:28:12.679053,1810.7,117744.0,70444.0
2025-06-20 10:28:16.370310,1810.7,117410.0,71300.0
2025-06-20 10:28:17.676243,1810.7,117410.0,71300.0
2025-06-20 10:28:20.678902,1810.7,117410.0,71300.0
2025-06-20 10:28:22.481314,1810.5,117881.0,71283.0
2025-06-20 10:28:23.697380,1810.5,117881.0,71283.0
2025-06-20 10:28:26.677277,1810.5,117881.0,71283.0
2025-06-20 10:28:28.378713,1810.5,117886.0,70867.0
2025-06-20 10:28:29.672565,1810.5,117886.0,70867.0
2025-06-20 10:28:34.598304,1810.5,117027.0,71112.0
2025-06-20 10:28:35.681876,1811.4,117027.0,71112.0
2025-06-20 10:28:38.685826,1810.5,117027.0,71112.0
2025-06-20 10:28:40.706175,1810.5,117349.0,71005.0
2025-06-20 10:28:41.685411,1810.5,117349.0,71005.0
2025-06-20 10:28:46.785863,1810.8,117664.0,69561.0
2025-06-20 10:28:47.679953,1810.8,117664.0,69561.0
2025-06-20 10:28:50.740355,1811.9,117664.0,69561.0
2025-06-20 10:28:53.090294,1811.9,117072.0,69588.0
2025-06-20 10:28:56.680126,1811.9,117072.0,69588.0
2025-06-20 10:28:59.093749,1811.9,117290.0,69642.0
2025-06-20 10:29:01.680257,1811.2,117290.0,69642.0
2025-06-20 10:29:05.012274,1811.2,117274.0,69619.0
2025-06-20 10:29:05.681562,1811.3,117274.0,69619.0
2025-06-20 10:29:11.202801,1811.3,117783.0,70172.0
2025-06-20 10:29:11.693309,1811.2,117783.0,70172.0
2025-06-20 10:29:17.629766,1811.2,117693.0,70468.0
2025-06-20 10:29:17.721213,1811.1,117693.0,70468.0
2025-06-20 10:29:23.212358,1811.1,117465.0,70555.0
2025-06-20 10:29:23.681948,1811.2,117465.0,70555.0
2025-06-20 10:29:25.679712,1811.2,117465.0,70555.0
2025-06-20 10:29:27.687753,1811.1,117465.0,70555.0
2025-06-20 10:29:28.816123,1811.1,117680.0,70311.0
2025-06-20 10:29:29.679629,1811.1,117680.0,70311.0
2025-06-20 10:29:31.684974,1811.1,117680.0,70311.0
2025-06-20 10:29:33.684435,1811.1,117680.0,70311.0
2025-06-20 10:29:34.522654,1811.2,117908.0,70686.0
2025-06-20 10:29:35.681436,1811.2,117908.0,70686.0
2025-06-20 10:29:40.325524,1812.4,118529.0,68374.0
2025-06-20 10:29:41.714268,1812.4,118529.0,68374.0
2025-06-20 10:29:44.756823,1812.4,118529.0,68374.0
2025-06-20 10:29:46.587249,1812.9,118404.0,68563.0
2025-06-20 10:29:47.715041,1812.9,118404.0,68563.0
2025-06-20 10:29:50.717921,1812.7,118404.0,68563.0
2025-06-20 10:29:52.234636,1812.4,117511.0,69133.0
2025-06-20 10:29:53.716421,1812.4,117511.0,69133.0
2025-06-20 10:29:56.695792,1812.3,117511.0,69133.0
2025-06-20 10:29:57.964469,1812.3,117597.0,68953.0
2025-06-20 10:29:59.689469,1812.3,117597.0,68953.0
2025-06-20 10:30:03.352462,1812.2,117587.0,68985.0
2025-06-20 10:30:04.684968,1812.2,117587.0,68985.0
2025-06-20 10:30:07.691082,1812.3,117587.0,68985.0
2025-06-20 10:30:09.528698,1812.2,117005.0,69824.0
2025-06-20 10:30:09.777289,1812.2,117005.0,69824.0
2025-06-20 10:30:13.732797,1812.1,117005.0,69824.0
2025-06-20 10:30:15.473915,1812.1,116341.0,69707.0
2025-06-20 10:30:15.708355,1812.1,116341.0,69707.0
2025-06-20 10:30:21.355938,1812.1,116926.0,69311.0
2025-06-20 10:30:23.725849,1812.2,116926.0,69311.0
2025-06-20 10:30:25.715904,1812.1,116926.0,69311.0
2025-06-20 10:30:27.056283,1812.1,116559.0,69167.0
2025-06-20 10:30:27.718171,1812.1,116559.0,69167.0
2025-06-20 10:30:32.768215,1812.2,116719.0,69279.0
2025-06-20 10:30:33.687111,1812.2,116719.0,69279.0
2025-06-20 10:30:36.685018,1812.2,116719.0,69279.0
2025-06-20 10:30:38.569396,1812.3,116788.0,69110.0
2025-06-20 10:30:39.695613,1812.3,116788.0,69110.0
2025-06-20 10:30:42.683498,1812.4,116788.0,69110.0
2025-06-20 10:30:43.184943,1812.4,116788.0,69110.0
2025-06-20 10:30:44.214206,1812.4,116788.0,69110.0
2025-06-20 10:30:44.372691,1812.1,117057.0,69478.0
2025-06-20 10:30:44.631353,1812.1,117057.0,69478.0
2025-06-20 10:30:45.311683,1812.1,117057.0,69478.0
2025-06-20 10:30:45.704380,1812.1,117057.0,69478.0
2025-06-20 10:30:46.008825,1812.1,117057.0,69478.0
2025-06-20 10:30:46.490373,1812.1,117057.0,69478.0
2025-06-20 10:30:47.666196,1812.1,117057.0,69478.0
2025-06-20 10:30:48.416667,1812.1,117057.0,69478.0
2025-06-20 10:30:49.725839,1812.1,117057.0,69478.0
2025-06-20 10:30:49.982289,1812.1,117159.0,69004.0
2025-06-20 10:30:50.757910,1812.1,117159.0,69004.0
2025-06-20 10:30:52.255482,1812.1,117159.0,69004.0
2025-06-20 10:30:53.522796,1812.1,117159.0,69004.0
2025-06-20 10:30:54.688515,1813.2,117159.0,69004.0
2025-06-20 10:30:54.804245,1813.2,117159.0,69004.0
2025-06-20 10:30:55.486399,1812.6,116380.0,68847.0
2025-06-20 10:30:56.509966,1812.6,116380.0,68847.0
2025-06-20 10:30:57.730053,1812.6,116380.0,68847.0
2025-06-20 10:31:00.686774,1813.4,116380.0,68847.0
2025-06-20 10:31:01.580201,1813.4,117229.0,68501.0
2025-06-20 10:31:06.722015,1813.4,117229.0,68501.0
2025-06-20 10:31:07.995032,1812.8,116740.0,69036.0
2025-06-20 10:31:09.950663,1812.8,116740.0,69036.0
2025-06-20 10:31:12.708745,1812.7,116740.0,69036.0
2025-06-20 10:31:14.190148,1813.5,117498.0,68665.0
2025-06-20 10:31:15.697277,1813.4,117498.0,68665.0
2025-06-20 10:31:18.741262,1815.0,117498.0,68665.0
2025-06-20 10:31:20.196552,1815.0,118089.0,66547.0
2025-06-20 10:31:21.709277,1815.0,118089.0,66547.0
2025-06-20 10:31:24.741437,1814.5,118089.0,66547.0
2025-06-20 10:31:26.004807,1814.8,117349.0,67494.0
2025-06-20 10:31:27.735672,1815.0,117349.0,67494.0
2025-06-20 10:31:30.723997,1815.0,117349.0,67494.0
2025-06-20 10:31:31.774859,1814.9,117151.0,68784.0
2025-06-20 10:31:33.738875,1813.9,117151.0,68784.0
2025-06-20 10:31:36.716608,1813.8,117151.0,68784.0
2025-06-20 10:31:38.010571,1812.8,116290.0,71822.0
2025-06-20 10:31:39.758619,1812.8,116290.0,71822.0
2025-06-20 10:31:42.738289,1813.1,116290.0,71822.0
2025-06-20 10:31:44.176459,1812.8,116261.0,72019.0
2025-06-20 10:31:45.764830,1813.1,116261.0,72019.0
2025-06-20 10:31:48.709606,1814.7,116261.0,72019.0
2025-06-20 10:31:49.724883,1814.7,116271.0,70154.0
2025-06-20 10:31:54.727814,1813.8,116271.0,70154.0
2025-06-20 10:31:55.755534,1813.8,116205.0,70568.0
2025-06-20 10:31:57.737253,1813.3,116205.0,70568.0
2025-06-20 10:32:00.735631,1812.4,116205.0,70568.0
2025-06-20 10:32:01.543393,1812.3,115349.0,71989.0
2025-06-20 10:32:03.711155,1812.9,115349.0,71989.0
2025-06-20 10:32:07.651096,1812.5,115721.0,73347.0
2025-06-20 10:32:08.697870,1812.3,115721.0,73347.0
2025-06-20 10:32:12.693220,1812.5,115721.0,73347.0
2025-06-20 10:32:13.965378,1812.5,114990.0,74000.0
2025-06-20 10:32:15.736566,1811.4,114990.0,74000.0
2025-06-20 10:32:20.239291,1811.4,115042.0,76097.0
2025-06-20 10:32:23.698305,1811.2,115042.0,76097.0
2025-06-20 10:32:26.541336,1811.2,115286.0,76077.0
2025-06-20 10:32:27.693364,1810.6,115286.0,76077.0
2025-06-20 10:32:30.742297,1812.1,115286.0,76077.0
2025-06-20 10:32:32.646075,1812.3,115551.0,73657.0
2025-06-20 10:32:33.691331,1812.3,115551.0,73657.0
2025-06-20 10:32:39.204587,1812.3,115533.0,74692.0
2025-06-20 10:32:39.735097,1812.2,115533.0,74692.0
2025-06-20 10:32:42.726889,1811.8,115533.0,74692.0
2025-06-20 10:32:44.750987,1812.3,115703.0,74200.0
2025-06-20 10:32:45.727549,1812.3,115703.0,74200.0
2025-06-20 10:32:50.853703,1812.3,115770.0,73588.0
2025-06-20 10:32:51.874025,1812.3,115770.0,73588.0
2025-06-20 10:32:54.701440,1812.6,115770.0,73588.0
2025-06-20 10:32:57.167599,1812.8,115841.0,72334.0
2025-06-20 10:32:57.693403,1812.8,115841.0,72334.0
2025-06-20 10:33:00.702352,1812.8,115841.0,72334.0
2025-06-20 10:33:03.060029,1812.8,116026.0,71862.0
2025-06-20 10:33:03.787552,1812.9,116026.0,71862.0
2025-06-20 10:33:06.712871,1813.6,116026.0,71862.0
2025-06-20 10:33:09.150523,1812.9,116026.0,71862.0
2025-06-20 10:33:09.154447,1812.9,116033.0,71751.0
2025-06-20 10:33:12.699243,1813.8,116033.0,71751.0
2025-06-20 10:33:14.478745,1813.8,117102.0,70488.0
2025-06-20 10:33:18.706069,1813.0,117102.0,70488.0
2025-06-20 10:33:20.374192,1813.1,116951.0,71625.0
2025-06-20 10:33:20.691009,1813.1,116951.0,71625.0
2025-06-20 10:33:26.500652,1813.0,116992.0,71666.0
2025-06-20 10:33:26.700011,1813.0,116992.0,71666.0
2025-06-20 10:33:32.714684,1813.0,117010.0,71802.0
2025-06-20 10:33:32.834758,1813.0,117010.0,71802.0
2025-06-20 10:33:34.706235,1813.0,117010.0,71802.0
2025-06-20 10:33:36.706904,1812.8,117010.0,71802.0
2025-06-20 10:33:38.592161,1812.7,116275.0,72704.0
2025-06-20 10:33:39.703170,1812.7,116275.0,72704.0
2025-06-20 10:33:42.692016,1812.3,116275.0,72704.0
2025-06-20 10:33:43.684230,1812.3,116275.0,72704.0
2025-06-20 10:33:44.069149,1812.3,116275.0,72704.0
2025-06-20 10:33:44.383881,1812.2,114239.0,72519.0
2025-06-20 10:33:44.725391,1812.2,114239.0,72519.0
2025-06-20 10:33:45.039122,1812.2,114239.0,72519.0
2025-06-20 10:33:45.696002,1813.7,114239.0,72519.0
2025-06-20 10:33:45.743274,1813.7,114239.0,72519.0
2025-06-20 10:33:46.383361,1813.7,114239.0,72519.0
2025-06-20 10:33:47.520859,1813.7,114239.0,72519.0
2025-06-20 10:33:48.794966,1813.7,114239.0,72519.0
2025-06-20 10:33:50.144290,1813.7,114239.0,72519.0
2025-06-20 10:33:50.186200,1812.7,115771.0,73790.0
2025-06-20 10:33:51.360662,1812.7,115771.0,73790.0
2025-06-20 10:33:51.696426,1812.7,115771.0,73790.0
2025-06-20 10:33:52.669758,1812.7,115771.0,73790.0
2025-06-20 10:33:53.996422,1812.7,115771.0,73790.0
2025-06-20 10:33:54.740173,1812.7,115771.0,73790.0
2025-06-20 10:33:55.199627,1812.7,115771.0,73790.0
2025-06-20 10:33:56.198621,1812.7,115933.0,73588.0
2025-06-20 10:33:56.843280,1812.7,115933.0,73588.0
2025-06-20 10:34:00.692005,1812.1,115933.0,73588.0
2025-06-20 10:34:01.804014,1812.1,115323.0,74213.0
2025-06-20 10:34:03.695865,1812.1,115323.0,74213.0
2025-06-20 10:34:06.699089,1812.2,115323.0,74213.0
2025-06-20 10:34:07.608896,1812.2,115403.0,74158.0
2025-06-20 10:34:09.695950,1812.2,115403.0,74158.0
2025-06-20 10:34:12.696996,1812.4,115403.0,74158.0
2025-06-20 10:34:13.730879,1812.4,115271.0,74114.0
2025-06-20 10:34:15.695195,1812.4,115271.0,74114.0
2025-06-20 10:34:18.695144,1812.4,115271.0,74114.0
2025-06-20 10:34:19.414655,1812.4,115221.0,74615.0
2025-06-20 10:34:21.701601,1812.4,115221.0,74615.0
2025-06-20 10:34:24.737349,1812.4,115221.0,74615.0
2025-06-20 10:34:24.924894,1812.4,115622.0,75087.0
2025-06-20 10:34:27.742521,1812.3,115622.0,75087.0
2025-06-20 10:34:30.640419,1812.1,115589.0,74773.0
2025-06-20 10:34:30.703299,1812.1,115589.0,74773.0
2025-06-20 10:34:36.318738,1812.1,115650.0,74866.0
2025-06-20 10:34:39.706420,1812.1,115650.0,74866.0
2025-06-20 10:34:42.025316,1812.1,115712.0,75044.0
2025-06-20 10:34:42.740573,1812.1,115712.0,75044.0
2025-06-20 10:34:45.747166,1812.1,115712.0,75044.0
2025-06-20 10:34:47.528560,1812.1,113451.0,75936.0
2025-06-20 10:34:48.699984,1812.1,113451.0,75936.0
2025-06-20 10:34:52.411609,1812.1,113451.0,75936.0
2025-06-20 10:34:53.232550,1812.1,115758.0,75595.0
2025-06-20 10:34:58.634644,1812.1,115905.0,75691.0
2025-06-20 10:35:00.766717,1812.0,115905.0,75691.0
2025-06-20 10:35:03.838867,1812.0,115071.0,76839.0
2025-06-20 10:35:09.640959,1811.2,115369.0,76414.0
2025-06-20 10:35:09.697024,1811.2,115369.0,76414.0
2025-06-20 10:35:12.701813,1811.8,115369.0,76414.0
2025-06-20 10:35:15.347388,1811.8,115994.0,76158.0
2025-06-20 10:35:18.701898,1811.4,115994.0,76158.0
2025-06-20 10:35:21.351956,1811.4,115642.0,76278.0
2025-06-20 10:35:25.704959,1811.4,115642.0,76278.0
2025-06-20 10:35:27.054649,1811.4,115648.0,76069.0
2025-06-20 10:35:27.703518,1811.4,115648.0,76069.0
2025-06-20 10:35:29.702395,1811.3,115648.0,76069.0
2025-06-20 10:35:33.057585,1811.4,115098.0,76740.0
2025-06-20 10:35:33.701681,1811.3,115098.0,76740.0
2025-06-20 10:35:38.968921,1811.3,115416.0,76929.0
2025-06-20 10:35:44.663946,1811.3,115284.0,76989.0
2025-06-20 10:35:49.757953,1811.2,115284.0,76989.0
2025-06-20 10:35:50.665853,1811.2,115206.0,77178.0
2025-06-20 10:35:53.712241,1811.2,115206.0,77178.0
2025-06-20 10:35:55.721979,1811.7,115206.0,77178.0
2025-06-20 10:35:56.572948,1811.2,114963.0,76713.0
2025-06-20 10:35:57.714717,1811.2,114963.0,76713.0
2025-06-20 10:36:02.073616,1811.2,114888.0,77156.0
2025-06-20 10:36:03.711089,1811.2,114888.0,77156.0
2025-06-20 10:36:08.000874,1811.0,114263.0,78062.0
2025-06-20 10:36:08.733190,1811.0,114263.0,78062.0
2025-06-20 10:36:14.183515,1811.0,114530.0,78587.0
2025-06-20 10:36:20.080337,1810.2,114428.0,79142.0
2025-06-20 10:36:20.707314,1810.2,114428.0,79142.0
2025-06-20 10:36:23.713006,1810.5,114428.0,79142.0
2025-06-20 10:36:26.015619,1810.9,114293.0,78294.0
2025-06-20 10:36:26.702725,1810.9,114293.0,78294.0
2025-06-20 10:36:29.700225,1810.9,114293.0,78294.0
2025-06-20 10:36:32.018223,1810.9,114129.0,78637.0
2025-06-20 10:36:35.711792,1810.4,114129.0,78637.0
2025-06-20 10:36:38.194908,1810.4,114275.0,78412.0
2025-06-20 10:36:38.700757,1810.7,114275.0,78412.0
2025-06-20 10:36:41.716116,1810.9,114275.0,78412.0
2025-06-20 10:36:43.903806,1810.9,114510.0,77944.0
2025-06-20 10:36:44.177180,1810.9,114510.0,77944.0
2025-06-20 10:36:44.712341,1810.9,114510.0,77944.0
2025-06-20 10:36:44.845515,1810.9,114510.0,77944.0
2025-06-20 10:36:45.239525,1810.9,114510.0,77944.0
2025-06-20 10:36:46.283995,1810.9,114510.0,77944.0
2025-06-20 10:36:47.415191,1810.9,114510.0,77944.0
2025-06-20 10:36:48.395856,1810.9,114510.0,77944.0
2025-06-20 10:36:49.352766,1810.9,114510.0,77944.0
2025-06-20 10:36:49.608956,1810.9,114484.0,77881.0
2025-06-20 10:36:50.691623,1810.9,114484.0,77881.0
2025-06-20 10:36:50.725720,1810.9,114484.0,77881.0
2025-06-20 10:36:51.671080,1810.9,114484.0,77881.0
2025-06-20 10:36:53.227132,1810.9,114484.0,77881.0
2025-06-20 10:36:54.516664,1810.9,114484.0,77881.0
2025-06-20 10:36:54.705287,1810.7,114484.0,77881.0
2025-06-20 10:36:55.303848,1810.7,114254.0,78211.0
2025-06-20 10:36:55.761023,1810.7,114254.0,78211.0
2025-06-20 10:36:57.376555,1810.7,114254.0,78211.0
2025-06-20 10:36:58.705467,1810.7,114254.0,78211.0
2025-06-20 10:37:00.701141,1810.7,114254.0,78211.0
2025-06-20 10:37:00.812275,1810.7,114216.0,78559.0
2025-06-20 10:37:02.703763,1810.7,114216.0,78559.0
2025-06-20 10:37:04.708698,1810.7,114216.0,78559.0
2025-06-20 10:37:06.923841,1810.7,114582.0,78143.0
2025-06-20 10:37:08.705478,1812.0,114582.0,78143.0
2025-06-20 10:37:10.715627,1810.9,114582.0,78143.0
2025-06-20 10:37:12.923405,1810.9,114926.0,77373.0
2025-06-20 10:37:16.713170,1810.9,114926.0,77373.0
2025-06-20 10:37:18.521947,1810.9,114847.0,78032.0
2025-06-20 10:37:22.713404,1810.9,114847.0,78032.0
2025-06-20 10:37:24.221325,1810.9,114243.0,78031.0
2025-06-20 10:37:25.706488,1810.9,114243.0,78031.0
2025-06-20 10:37:28.760097,1810.9,114243.0,78031.0
2025-06-20 10:37:29.737171,1810.9,114226.0,78253.0
2025-06-20 10:37:35.226780,1810.9,114404.0,78057.0
2025-06-20 10:37:40.714390,1811.4,114404.0,78057.0
2025-06-20 10:37:40.836822,1811.4,114627.0,77392.0
2025-06-20 10:37:43.738349,1810.9,114627.0,77392.0
2025-06-20 10:37:46.635548,1810.9,114718.0,77754.0
2025-06-20 10:37:49.747381,1810.9,114718.0,77754.0
2025-06-20 10:37:52.240240,1810.9,114145.0,78547.0
2025-06-20 10:37:55.708286,1811.2,114145.0,78547.0
2025-06-20 10:37:57.974921,1810.7,114445.0,77988.0
2025-06-20 10:37:58.712861,1810.9,114445.0,77988.0
2025-06-20 10:38:03.459559,1810.9,114505.0,78170.0
2025-06-20 10:38:04.737625,1810.9,114505.0,78170.0
2025-06-20 10:38:07.713361,1810.0,114505.0,78170.0
2025-06-20 10:38:09.162225,1810.0,113922.0,79105.0
2025-06-20 10:38:11.762273,1810.9,113922.0,79105.0
2025-06-20 10:38:14.657233,1810.9,113907.0,79167.0
2025-06-20 10:38:17.710608,1810.1,113907.0,79167.0
2025-06-20 10:38:20.362748,1810.1,114232.0,78907.0
2025-06-20 10:38:23.719764,1810.2,114232.0,78907.0
2025-06-20 10:38:26.000432,1810.2,114071.0,79015.0
2025-06-20 10:38:27.709471,1810.2,114071.0,79015.0
2025-06-20 10:38:31.409599,1810.2,114149.0,79421.0
2025-06-20 10:38:36.876625,1810.2,114159.0,79274.0
2025-06-20 10:38:41.720884,1810.2,114159.0,79274.0
2025-06-20 10:38:42.681985,1810.2,114203.0,79076.0
2025-06-20 10:38:45.715239,1810.2,114203.0,79076.0
2025-06-20 10:38:47.734499,1810.6,114203.0,79076.0
2025-06-20 10:38:48.285675,1810.6,113952.0,79436.0
2025-06-20 10:38:53.791075,1810.6,114078.0,79773.0
2025-06-20 10:38:55.713032,1810.2,114078.0,79773.0
2025-06-20 10:38:59.352279,1810.2,114086.0,79747.0
2025-06-20 10:38:59.743523,1810.2,114086.0,79747.0
2025-06-20 10:39:04.795620,1810.2,114098.0,79702.0
2025-06-20 10:39:07.742306,1811.0,114098.0,79702.0
2025-06-20 10:39:10.703791,1810.2,113917.0,79365.0
2025-06-20 10:39:11.718328,1810.2,113917.0,79365.0
2025-06-20 10:39:16.217132,1810.2,114163.0,79125.0
2025-06-20 10:39:21.717770,1810.7,114163.0,79125.0
2025-06-20 10:39:21.722757,1810.7,113963.0,79162.0
2025-06-20 10:39:27.347077,1810.9,114065.0,79068.0
2025-06-20 10:39:27.717363,1810.9,114065.0,79068.0
2025-06-20 10:39:29.718769,1810.6,114065.0,79068.0
2025-06-20 10:39:33.336294,1810.7,113850.0,79762.0
2025-06-20 10:39:33.720889,1810.7,113850.0,79762.0
2025-06-20 10:39:39.456468,1810.0,112415.0,81297.0
2025-06-20 10:39:39.727824,1810.0,112415.0,81297.0
2025-06-20 10:39:44.671446,1810.0,112415.0,81297.0
2025-06-20 10:39:45.036583,1810.0,112415.0,81297.0
2025-06-20 10:39:45.672115,1810.0,112913.0,80793.0
2025-06-20 10:39:45.723850,1810.0,112913.0,80793.0
2025-06-20 10:39:45.751673,1810.0,112913.0,80793.0
2025-06-20 10:39:46.067530,1810.0,112913.0,80793.0
2025-06-20 10:39:47.429677,1810.0,112913.0,80793.0
2025-06-20 10:39:47.722677,1810.0,112913.0,80793.0
2025-06-20 10:39:47.878265,1810.0,112913.0,80793.0
2025-06-20 10:39:48.454052,1810.0,112913.0,80793.0
2025-06-20 10:39:49.774067,1810.0,112913.0,80793.0
2025-06-20 10:39:49.827622,1810.0,112913.0,80793.0
2025-06-20 10:39:51.253534,1810.0,112913.0,80793.0
2025-06-20 10:39:51.637654,1810.0,112749.0,80743.0
2025-06-20 10:39:51.718730,1810.0,112749.0,80743.0
2025-06-20 10:39:52.150089,1810.0,112749.0,80743.0
2025-06-20 10:39:53.833899,1810.0,112749.0,80743.0
2025-06-20 10:39:55.041166,1810.0,112749.0,80743.0
2025-06-20 10:39:55.731096,1810.4,112749.0,80743.0
2025-06-20 10:39:56.252675,1810.4,112749.0,80743.0
2025-06-20 10:39:57.551680,1810.4,112901.0,79941.0
2025-06-20 10:39:57.881789,1810.4,112901.0,79941.0
2025-06-20 10:39:59.724201,1810.0,112901.0,79941.0
2025-06-20 10:40:01.773715,1810.1,112901.0,79941.0
2025-06-20 10:40:03.353890,1810.0,112849.0,79942.0
2025-06-20 10:40:03.729455,1810.0,112849.0,79942.0
2025-06-20 10:40:05.723184,1810.0,112849.0,79942.0
2025-06-20 10:40:07.731043,1810.0,112849.0,79942.0
2025-06-20 10:40:09.354645,1810.1,112824.0,79938.0
2025-06-20 10:40:09.728316,1810.1,112824.0,79938.0
2025-06-20 10:40:11.728484,1810.6,112824.0,79938.0
2025-06-20 10:40:15.462877,1810.6,113496.0,79582.0
2025-06-20 10:40:20.739188,1810.0,113496.0,79582.0
2025-06-20 10:40:21.366863,1810.0,113270.0,79689.0
2025-06-20 10:40:24.181763,1810.0,113270.0,79689.0
2025-06-20 10:40:26.825400,1810.0,113270.0,79689.0
2025-06-20 10:40:27.167058,1810.0,113099.0,80216.0
2025-06-20 10:40:28.739118,1810.4,113099.0,80216.0
2025-06-20 10:40:30.758008,1810.5,113099.0,80216.0
2025-06-20 10:40:32.739957,1810.0,113099.0,80216.0
2025-06-20 10:40:32.869516,1810.0,113079.0,80146.0
2025-06-20 10:40:34.774323,1810.1,113079.0,80146.0
2025-06-20 10:40:38.172534,1810.1,113098.0,79581.0
2025-06-20 10:40:40.735002,1810.4,113098.0,79581.0
2025-06-20 10:40:43.875383,1810.4,113223.0,79181.0
2025-06-20 10:40:46.750664,1810.6,113223.0,79181.0
2025-06-20 10:40:49.580164,1810.6,114026.0,77953.0
2025-06-20 10:40:53.790266,1810.7,114026.0,77953.0
2025-06-20 10:40:55.388442,1810.7,113965.0,77907.0
2025-06-20 10:40:56.727924,1810.9,113965.0,77907.0
2025-06-20 10:41:01.092116,1811.0,114146.0,77196.0
2025-06-20 10:41:02.755738,1811.0,114146.0,77196.0
2025-06-20 10:41:06.729552,1811.9,114146.0,77196.0
2025-06-20 10:41:07.292661,1811.9,114153.0,76819.0
2025-06-20 10:41:09.775310,1812.0,114153.0,76819.0
2025-06-20 10:41:12.741359,1811.7,114153.0,76819.0
2025-06-20 10:41:13.404073,1811.7,114060.0,77055.0
2025-06-20 10:41:18.744315,1811.0,114060.0,77055.0
2025-06-20 10:41:19.417938,1811.0,114429.0,77289.0
2025-06-20 10:41:24.753163,1811.1,114429.0,77289.0
2025-06-20 10:41:25.108215,1811.1,114227.0,76684.0
2025-06-20 10:41:31.117152,1811.1,114051.0,77354.0
2025-06-20 10:41:37.533265,1811.6,114160.0,77356.0
2025-06-20 10:41:38.831872,1811.6,114160.0,77356.0
2025-06-20 10:41:41.748198,1811.1,114160.0,77356.0
2025-06-20 10:41:43.733674,1811.1,114267.0,77456.0
2025-06-20 10:41:44.743015,1811.1,114267.0,77456.0
2025-06-20 10:41:48.775180,1811.0,114267.0,77456.0
2025-06-20 10:41:49.684176,1811.0,113840.0,78132.0
2025-06-20 10:41:52.761347,1811.0,113840.0,78132.0
2025-06-20 10:41:54.892228,1811.0,114200.0,77806.0
2025-06-20 10:41:56.745003,1811.0,114200.0,77806.0
2025-06-20 10:41:58.732710,1811.0,114200.0,77806.0
2025-06-20 10:42:00.065240,1811.0,116598.0,77586.0
2025-06-20 10:42:00.737592,1811.0,116598.0,77586.0
2025-06-20 10:42:05.232930,1811.0,115962.0,77315.0
2025-06-20 10:42:06.730096,1811.7,115962.0,77315.0
2025-06-20 10:42:08.732573,1810.9,115962.0,77315.0
2025-06-20 10:42:10.775627,1810.9,115962.0,77315.0
2025-06-20 10:42:10.952286,1810.9,115289.0,77757.0
2025-06-20 10:42:12.747949,1811.5,115289.0,77757.0
2025-06-20 10:42:16.343880,1811.5,115626.0,76735.0
2025-06-20 10:42:18.737501,1811.0,115626.0,76735.0
2025-06-20 10:42:22.174616,1811.0,115448.0,76971.0
2025-06-20 10:42:24.730503,1811.7,115448.0,76971.0
2025-06-20 10:42:26.739969,1811.1,115448.0,76971.0
2025-06-20 10:42:27.948928,1811.1,115788.0,76516.0
2025-06-20 10:42:30.997902,1812.3,115788.0,76516.0
2025-06-20 10:42:32.779551,1812.8,115788.0,76516.0
2025-06-20 10:42:33.952622,1811.9,116439.0,75500.0
2025-06-20 10:42:34.760841,1811.9,116439.0,75500.0
2025-06-20 10:42:38.787880,1811.8,116439.0,75500.0
2025-06-20 10:42:39.654223,1811.8,116318.0,75590.0
2025-06-20 10:42:45.066625,1811.8,116318.0,75590.0
2025-06-20 10:42:45.559616,1811.6,115426.0,76916.0
2025-06-20 10:42:45.741744,1811.6,115426.0,76916.0
2025-06-20 10:42:46.159209,1811.6,115426.0,76916.0
2025-06-20 10:42:46.803513,1811.6,115426.0,76916.0
2025-06-20 10:42:47.483831,1811.6,115426.0,76916.0
2025-06-20 10:42:48.102409,1811.6,115426.0,76916.0
2025-06-20 10:42:49.093768,1811.6,115426.0,76916.0
2025-06-20 10:42:50.544153,1811.6,115426.0,76916.0
2025-06-20 10:42:51.360448,1811.5,116143.0,76978.0
2025-06-20 10:42:51.761129,1811.5,116143.0,76978.0
2025-06-20 10:42:51.839626,1811.5,116143.0,76978.0
2025-06-20 10:42:52.864886,1811.5,116143.0,76978.0
2025-06-20 10:42:53.785022,1811.5,116143.0,76978.0
2025-06-20 10:42:54.397413,1811.5,116143.0,76978.0
2025-06-20 10:42:55.640937,1811.5,116143.0,76978.0
2025-06-20 10:42:55.742785,1811.5,116143.0,76978.0
2025-06-20 10:42:56.893697,1811.5,116143.0,76978.0
2025-06-20 10:42:57.062569,1811.5,116077.0,76559.0
2025-06-20 10:42:57.746332,1811.5,116077.0,76559.0
2025-06-20 10:42:58.584683,1811.5,116077.0,76559.0
2025-06-20 10:43:01.216481,1811.5,116077.0,76559.0
2025-06-20 10:43:01.745393,1811.5,116077.0,76559.0
2025-06-20 10:43:02.476973,1811.5,116378.0,76929.0
2025-06-20 10:43:03.742309,1811.5,116378.0,76929.0
2025-06-20 10:43:05.744781,1811.6,116378.0,76929.0
2025-06-20 10:43:07.747110,1811.5,116378.0,76929.0
2025-06-20 10:43:07.864975,1811.5,116348.0,76769.0
2025-06-20 10:43:13.167768,1811.5,115950.0,76807.0
2025-06-20 10:43:13.762817,1811.5,115950.0,76807.0
2025-06-20 10:43:17.782091,1811.5,115950.0,76807.0
2025-06-20 10:43:18.784773,1811.5,115948.0,76846.0
2025-06-20 10:43:19.733780,1811.5,115948.0,76846.0
2025-06-20 10:43:24.484861,1811.5,116187.0,76939.0
2025-06-20 10:43:30.090828,1811.5,115568.0,77132.0
2025-06-20 10:43:31.736368,1811.6,115568.0,77132.0
2025-06-20 10:43:35.750760,1811.5,115568.0,77132.0
2025-06-20 10:43:35.794940,1811.5,116099.0,77192.0
2025-06-20 10:43:39.739522,1811.5,116099.0,77192.0
2025-06-20 10:43:41.188341,1811.5,115954.0,77290.0
2025-06-20 10:43:43.768021,1811.6,115954.0,77290.0
2025-06-20 10:43:45.744840,1811.5,115954.0,77290.0
2025-06-20 10:43:46.522480,1811.5,116041.0,76992.0
2025-06-20 10:43:51.781843,1811.5,116041.0,76992.0
2025-06-20 10:43:52.034255,1811.5,115692.0,78141.0
2025-06-20 10:43:57.755699,1811.6,115692.0,78141.0
2025-06-20 10:43:57.808582,1811.6,115610.0,77889.0
2025-06-20 10:44:01.752199,1810.6,115610.0,77889.0
2025-06-20 10:44:03.305557,1810.6,115662.0,78046.0
2025-06-20 10:44:08.805573,1810.6,115667.0,77909.0
2025-06-20 10:44:14.215397,1810.6,115476.0,78188.0
2025-06-20 10:44:20.065027,1810.6,115467.0,78315.0
2025-06-20 10:44:21.759100,1811.2,115467.0,78315.0
2025-06-20 10:44:23.771394,1810.6,115467.0,78315.0
2025-06-20 10:44:25.715985,1810.6,115428.0,78119.0
2025-06-20 10:44:29.763407,1811.2,115428.0,78119.0
2025-06-20 10:44:31.226528,1810.7,115142.0,78670.0
2025-06-20 10:44:31.754381,1810.7,115142.0,78670.0
2025-06-20 10:44:33.750220,1811.2,115142.0,78670.0
2025-06-20 10:44:36.728704,1811.2,115273.0,78280.0
2025-06-20 10:44:41.748715,1811.1,115273.0,78280.0
2025-06-20 10:44:42.230570,1811.3,115794.0,75822.0
2025-06-20 10:44:43.776199,1811.3,115794.0,75822.0
2025-06-20 10:44:47.633424,1811.5,116296.0,76692.0
2025-06-20 10:44:47.803903,1811.5,116296.0,76692.0
2025-06-20 10:44:49.748720,1811.5,116296.0,76692.0
2025-06-20 10:44:52.946595,1811.6,116395.0,76798.0
2025-06-20 10:44:53.768459,1811.6,116395.0,76798.0
2025-06-20 10:44:57.764843,1811.2,116395.0,76798.0
2025-06-20 10:44:58.058414,1811.2,116070.0,77037.0
2025-06-20 10:44:59.760638,1811.2,116070.0,77037.0
2025-06-20 10:45:01.768292,1811.8,116070.0,77037.0
2025-06-20 10:45:03.453284,1811.8,116605.0,75983.0
2025-06-20 10:45:07.756854,1812.0,116605.0,75983.0
2025-06-20 10:45:08.957366,1812.0,118037.0,73368.0
2025-06-20 10:45:10.781469,1813.5,118037.0,73368.0
2025-06-20 10:45:13.747830,1812.9,118037.0,73368.0
2025-06-20 10:45:14.257798,1812.9,118536.0,74048.0
2025-06-20 10:45:16.782935,1812.6,118536.0,74048.0
2025-06-20 10:45:19.767041,1812.5,118536.0,74048.0
2025-06-20 10:45:19.954184,1812.5,118690.0,74251.0
2025-06-20 10:45:22.763642,1812.4,118690.0,74251.0
2025-06-20 10:45:25.583292,1812.4,118333.0,74861.0
2025-06-20 10:45:29.752793,1812.4,118333.0,74861.0
2025-06-20 10:45:30.776924,1812.4,118368.0,74457.0
2025-06-20 10:45:33.756455,1812.8,118368.0,74457.0
2025-06-20 10:45:35.869351,1812.8,118375.0,74514.0
2025-06-20 10:45:37.768758,1812.8,118375.0,74514.0
2025-06-20 10:45:41.375564,1812.8,118719.0,74227.0
2025-06-20 10:45:45.471666,1812.8,118719.0,74227.0
2025-06-20 10:45:45.765368,1813.1,118719.0,74227.0
2025-06-20 10:45:45.825464,1813.1,118719.0,74227.0
2025-06-20 10:45:46.174161,1813.1,118719.0,74227.0
2025-06-20 10:45:46.795386,1813.1,119906.0,73525.0
2025-06-20 10:45:46.874573,1813.1,119906.0,73525.0
2025-06-20 10:45:47.174701,1813.1,119906.0,73525.0
2025-06-20 10:45:48.251374,1813.1,119906.0,73525.0
2025-06-20 10:45:49.306592,1813.1,119906.0,73525.0
2025-06-20 10:45:50.690031,1813.1,119906.0,73525.0
2025-06-20 10:45:52.153585,1813.1,119906.0,73525.0
2025-06-20 10:45:52.295788,1813.2,119640.0,73434.0
2025-06-20 10:45:53.080557,1813.2,119640.0,73434.0
2025-06-20 10:45:53.749410,1813.2,119640.0,73434.0
2025-06-20 10:45:54.640254,1813.2,119640.0,73434.0
2025-06-20 10:45:55.921308,1813.2,119640.0,73434.0
2025-06-20 10:45:57.155735,1813.2,119640.0,73434.0
2025-06-20 10:45:57.750434,1813.2,119640.0,73434.0
2025-06-20 10:45:57.988407,1813.2,119354.0,73300.0
2025-06-20 10:45:58.829444,1813.2,119354.0,73300.0
2025-06-20 10:46:01.776914,1813.0,119354.0,73300.0
2025-06-20 10:46:03.195370,1813.0,119865.0,73328.0
2025-06-20 10:46:07.750328,1814.0,119865.0,73328.0
2025-06-20 10:46:08.502563,1814.0,119734.0,72052.0
2025-06-20 10:46:11.750430,1814.2,119734.0,72052.0
2025-06-20 10:46:13.754051,1814.2,119734.0,72052.0
2025-06-20 10:46:14.022534,1814.2,119581.0,72486.0
2025-06-20 10:46:15.756049,1814.0,119581.0,72486.0
2025-06-20 10:46:17.748753,1813.6,119581.0,72486.0
2025-06-20 10:46:19.400773,1813.2,119279.0,72981.0
2025-06-20 10:46:19.759134,1813.2,119279.0,72981.0
2025-06-20 10:46:25.109714,1813.2,119404.0,72865.0
2025-06-20 10:46:31.217949,1813.2,119475.0,72910.0
2025-06-20 10:46:36.426629,1813.2,119398.0,73286.0
2025-06-20 10:46:38.793658,1813.1,119398.0,73286.0
2025-06-20 10:46:40.762160,1813.7,119398.0,73286.0
2025-06-20 10:46:41.713872,1813.8,119166.0,73013.0
2025-06-20 10:46:42.754728,1813.8,119166.0,73013.0
2025-06-20 10:46:46.942613,1813.8,118791.0,74390.0
2025-06-20 10:46:52.454959,1813.8,118903.0,74522.0
2025-06-20 10:46:56.769663,1813.8,118903.0,74522.0
2025-06-20 10:46:57.853545,1813.8,118805.0,74603.0
2025-06-20 10:47:00.754931,1813.3,118805.0,74603.0
2025-06-20 10:47:03.066094,1813.3,119044.0,74576.0
2025-06-20 10:47:04.759888,1813.8,119044.0,74576.0
2025-06-20 10:47:08.364140,1813.8,119431.0,74352.0
2025-06-20 10:47:10.753111,1813.9,119431.0,74352.0
2025-06-20 10:47:12.761839,1813.8,119431.0,74352.0
2025-06-20 10:47:13.635714,1813.8,119606.0,72740.0
2025-06-20 10:47:18.793756,1813.9,119606.0,72740.0
2025-06-20 10:47:19.051016,1813.9,119601.0,71766.0
2025-06-20 10:47:20.755650,1813.8,119601.0,71766.0
2025-06-20 10:47:23.757350,1813.8,119601.0,71766.0
2025-06-20 10:47:25.142877,1813.8,119454.0,72481.0
2025-06-20 10:47:29.772685,1813.9,119454.0,72481.0
2025-06-20 10:47:31.249198,1813.9,119343.0,72416.0
2025-06-20 10:47:32.761301,1813.9,119343.0,72416.0
2025-06-20 10:47:36.804883,1813.9,119609.0,72529.0
2025-06-20 10:47:42.070807,1813.9,119660.0,72594.0
2025-06-20 10:47:42.769052,1814.3,119660.0,72594.0
2025-06-20 10:47:44.773627,1813.8,119660.0,72594.0
2025-06-20 10:47:46.761498,1814.3,119660.0,72594.0
2025-06-20 10:47:47.468854,1814.3,119666.0,72721.0
2025-06-20 10:47:48.765692,1813.9,119666.0,72721.0
2025-06-20 10:47:52.962834,1813.9,119720.0,72649.0
2025-06-20 10:47:54.762747,1814.3,119720.0,72649.0
2025-06-20 10:47:56.799487,1814.2,119720.0,72649.0
2025-06-20 10:47:58.866693,1814.2,120074.0,71967.0
2025-06-20 10:48:02.765500,1814.6,120074.0,71967.0
2025-06-20 10:48:04.467476,1814.6,120093.0,72525.0
2025-06-20 10:48:06.768342,1814.1,120093.0,72525.0
2025-06-20 10:48:08.812591,1814.2,120093.0,72525.0
2025-06-20 10:48:10.081597,1814.2,120546.0,72276.0
2025-06-20 10:48:14.764461,1814.7,120546.0,72276.0
2025-06-20 10:48:15.377650,1814.7,120753.0,72135.0
2025-06-20 10:48:20.762729,1814.7,120753.0,72135.0
2025-06-20 10:48:20.878612,1814.7,121015.0,72183.0
2025-06-20 10:48:26.580653,1815.0,120737.0,71513.0
2025-06-20 10:48:26.785961,1814.8,120737.0,71513.0
2025-06-20 10:48:28.762055,1814.7,120737.0,71513.0
2025-06-20 10:48:30.768723,1814.9,120737.0,71513.0
2025-06-20 10:48:32.086771,1814.9,119719.0,72043.0
2025-06-20 10:48:34.786846,1814.2,119719.0,72043.0
2025-06-20 10:48:36.764969,1813.8,119719.0,72043.0
2025-06-20 10:48:37.387445,1813.8,119223.0,72234.0
2025-06-20 10:48:43.072746,1813.8,119350.0,72154.0
2025-06-20 10:48:46.013486,1813.8,119350.0,72154.0
2025-06-20 10:48:46.356568,1813.8,119350.0,72154.0
2025-06-20 10:48:47.108469,1813.8,119350.0,72154.0
2025-06-20 10:48:48.110994,1813.8,119350.0,72154.0
2025-06-20 10:48:48.698645,1814.7,118872.0,72354.0
2025-06-20 10:48:48.767642,1814.7,118872.0,72354.0
2025-06-20 10:48:48.853609,1814.7,118872.0,72354.0
2025-06-20 10:48:49.327354,1814.7,118872.0,72354.0
2025-06-20 10:48:50.318656,1814.7,118872.0,72354.0
2025-06-20 10:48:50.771569,1814.3,118872.0,72354.0
2025-06-20 10:48:51.286897,1814.3,118872.0,72354.0
2025-06-20 10:48:52.635990,1814.3,118872.0,72354.0
2025-06-20 10:48:53.629608,1814.3,118872.0,72354.0
2025-06-20 10:48:54.000275,1814.3,118893.0,73401.0
2025-06-20 10:48:55.171796,1814.3,118893.0,73401.0
2025-06-20 10:48:55.785836,1813.8,118893.0,73401.0
2025-06-20 10:48:56.507221,1813.8,118893.0,73401.0
2025-06-20 10:48:57.713561,1813.8,118893.0,73401.0
2025-06-20 10:48:59.336485,1813.8,118893.0,73401.0
2025-06-20 10:48:59.416769,1813.8,119299.0,73874.0
2025-06-20 10:49:01.825080,1813.6,119299.0,73874.0
2025-06-20 10:49:05.125711,1813.6,119663.0,73903.0
2025-06-20 10:49:07.763511,1813.8,119663.0,73903.0
2025-06-20 10:49:10.787946,1813.7,119663.0,73903.0
2025-06-20 10:49:10.930127,1813.7,119900.0,73773.0
2025-06-20 10:49:13.770928,1813.7,119900.0,73773.0
2025-06-20 10:49:16.445261,1813.7,119714.0,74132.0
2025-06-20 10:49:19.771107,1813.7,119714.0,74132.0
2025-06-20 10:49:21.815703,1813.7,119714.0,74132.0
2025-06-20 10:49:21.825913,1813.7,119239.0,74513.0
2025-06-20 10:49:23.802393,1813.8,119239.0,74513.0
2025-06-20 10:49:27.466080,1813.8,119658.0,73969.0
2025-06-20 10:49:27.779273,1813.8,119658.0,73969.0
2025-06-20 10:49:33.127804,1814.1,120299.0,73135.0
2025-06-20 10:49:33.783205,1814.1,120299.0,73135.0
2025-06-20 10:49:35.778107,1814.1,120299.0,73135.0
2025-06-20 10:49:37.783665,1814.8,120299.0,73135.0
2025-06-20 10:49:38.572648,1814.8,119950.0,72036.0
2025-06-20 10:49:43.788191,1814.4,119950.0,72036.0
2025-06-20 10:49:43.943782,1814.4,119415.0,72730.0
2025-06-20 10:49:49.240547,1814.4,119600.0,72655.0
2025-06-20 10:49:51.835890,1814.4,119600.0,72655.0
2025-06-20 10:49:53.828832,1814.4,119600.0,72655.0
2025-06-20 10:49:54.644781,1814.4,119549.0,72723.0
2025-06-20 10:49:59.825531,1814.4,119549.0,72723.0
2025-06-20 10:49:59.846595,1814.4,119915.0,72671.0
2025-06-20 10:50:01.822164,1814.8,119915.0,72671.0
2025-06-20 10:50:05.158614,1814.8,118065.0,72658.0
2025-06-20 10:50:05.824031,1815.2,118065.0,72658.0
2025-06-20 10:50:07.831894,1815.1,118065.0,72658.0
2025-06-20 10:50:10.359094,1815.1,120369.0,69506.0
2025-06-20 10:50:12.003068,1815.4,120369.0,69506.0
2025-06-20 10:50:13.795944,1815.7,120369.0,69506.0
2025-06-20 10:50:15.863685,1815.7,120374.0,68844.0
2025-06-20 10:50:17.791354,1816.0,120374.0,68844.0
2025-06-20 10:50:21.596766,1816.0,120053.0,68441.0
2025-06-20 10:50:21.824047,1816.3,120053.0,68441.0
2025-06-20 10:50:23.829526,1816.4,120053.0,68441.0
2025-06-20 10:50:26.882835,1816.4,120111.0,68354.0
2025-06-20 10:50:27.827378,1816.4,120111.0,68354.0
2025-06-20 10:50:29.824101,1816.4,120111.0,68354.0
2025-06-20 10:50:31.772526,1816.4,120111.0,68354.0
2025-06-20 10:50:32.274486,1816.0,117915.0,71027.0
2025-06-20 10:50:33.809272,1815.3,117915.0,71027.0
2025-06-20 10:50:37.679880,1815.3,118820.0,69982.0
2025-06-20 10:50:43.283572,1815.9,118834.0,69766.0
2025-06-20 10:50:44.834858,1815.9,118834.0,69766.0
2025-06-20 10:50:48.018702,1815.9,118834.0,69766.0
2025-06-20 10:50:48.884293,1815.9,118792.0,69680.0
2025-06-20 10:50:53.785891,1816.4,118792.0,69680.0
2025-06-20 10:50:54.388509,1816.4,119278.0,69453.0
2025-06-20 10:50:57.893864,1816.0,119278.0,69453.0
2025-06-20 10:50:59.695006,1816.0,119136.0,70217.0
2025-06-20 10:50:59.776584,1816.0,119136.0,70217.0
2025-06-20 10:51:01.296315,1816.0,119061.0,70381.0
2025-06-20 10:51:02.296759,1816.0,119082.0,70339.0
2025-06-20 10:51:03.298753,1816.0,119147.0,70292.0
2025-06-20 10:51:04.298280,1816.0,119062.0,70027.0
2025-06-20 10:51:04.782459,1816.0,119062.0,70027.0
2025-06-20 10:51:05.298570,1816.0,119084.0,70047.0
2025-06-20 10:51:06.411050,1816.0,119095.0,70043.0
2025-06-20 10:51:07.423509,1816.0,119070.0,70066.0
2025-06-20 10:51:08.907647,1816.0,119059.0,70105.0
2025-06-20 10:51:09.812300,1816.0,119070.0,70118.0
2025-06-20 10:51:10.815248,1816.0,119075.0,70131.0
2025-06-20 10:51:11.813777,1816.0,119075.0,70316.0
2025-06-20 10:51:12.917237,1816.0,119075.0,70324.0
2025-06-20 10:51:14.006550,1816.0,119013.0,70429.0
2025-06-20 10:51:15.610692,1816.0,119014.0,70399.0
2025-06-20 10:51:16.613666,1816.0,119024.0,70394.0
2025-06-20 10:51:17.707454,1816.0,119024.0,70509.0
2025-06-20 10:51:18.787503,1815.5,119024.0,70509.0
2025-06-20 10:51:18.822500,1815.5,118892.0,72432.0
2025-06-20 10:51:19.794072,1815.5,118892.0,72432.0
2025-06-20 10:51:19.935117,1815.5,118980.0,72486.0
2025-06-20 10:51:20.798619,1815.5,118980.0,72486.0
2025-06-20 10:51:21.009962,1815.5,119002.0,72510.0
2025-06-20 10:51:21.787227,1815.5,119002.0,72510.0
2025-06-20 10:51:22.609553,1815.5,119042.0,72657.0
2025-06-20 10:51:23.712870,1815.5,119043.0,72605.0
2025-06-20 10:51:25.447099,1815.5,119031.0,72623.0
2025-06-20 10:51:25.789070,1815.5,119031.0,72623.0
2025-06-20 10:51:26.789113,1815.4,119031.0,72623.0
2025-06-20 10:51:26.820153,1815.4,118077.0,73155.0
2025-06-20 10:51:27.799559,1815.8,118077.0,73155.0
2025-06-20 10:51:27.839087,1815.8,118681.0,73185.0
2025-06-20 10:51:28.835518,1815.8,118681.0,73091.0
2025-06-20 10:51:29.784327,1815.4,118681.0,73091.0
2025-06-20 10:51:29.944483,1815.4,118709.0,73149.0
2025-06-20 10:51:30.824249,1815.4,118709.0,73149.0
2025-06-20 10:51:31.018523,1815.4,118471.0,73248.0
2025-06-20 10:51:32.015512,1815.4,118491.0,73219.0
2025-06-20 10:51:33.116250,1815.4,118566.0,73310.0
2025-06-20 10:51:34.215591,1815.4,118568.0,73319.0
2025-06-20 10:51:35.216304,1815.4,118548.0,73337.0
2025-06-20 10:51:36.216300,1815.4,118565.0,73348.0
2025-06-20 10:51:37.119974,1815.4,118584.0,73335.0
2025-06-20 10:51:38.126281,1815.4,118584.0,73334.0
2025-06-20 10:51:39.220227,1815.4,118584.0,73351.0
2025-06-20 10:51:40.219508,1815.4,118350.0,72674.0
2025-06-20 10:51:40.797945,1815.1,118350.0,72674.0
2025-06-20 10:51:41.221902,1815.1,118404.0,72629.0
2025-06-20 10:51:41.777140,1815.3,118404.0,72629.0
2025-06-20 10:51:42.130740,1815.3,118486.0,72632.0
2025-06-20 10:51:43.224276,1815.3,118578.0,72578.0
2025-06-20 10:51:44.227471,1815.3,118670.0,72523.0
2025-06-20 10:51:44.791378,1815.3,118670.0,72523.0
2025-06-20 10:51:45.224652,1815.2,118690.0,72459.0
2025-06-20 10:51:45.785172,1815.2,118690.0,72459.0
2025-06-20 10:51:46.224736,1815.2,118746.0,72275.0
2025-06-20 10:51:46.482398,1815.2,118746.0,72275.0
2025-06-20 10:51:46.791758,1815.2,118746.0,72275.0
2025-06-20 10:51:46.858728,1815.2,118746.0,72275.0
2025-06-20 10:51:47.186550,1815.2,118746.0,72275.0
2025-06-20 10:51:47.226493,1815.2,118741.0,72364.0
2025-06-20 10:51:47.591407,1815.2,118741.0,72364.0
2025-06-20 10:51:47.796139,1815.2,118741.0,72364.0
2025-06-20 10:51:47.932818,1815.2,118741.0,72364.0
2025-06-20 10:51:48.211211,1815.2,118741.0,72364.0
2025-06-20 10:51:48.238882,1815.5,119113.0,72358.0
2025-06-20 10:51:48.612137,1815.5,119113.0,72358.0
2025-06-20 10:51:48.781313,1815.5,119113.0,72358.0
2025-06-20 10:51:49.285821,1815.5,119113.0,72358.0
2025-06-20 10:51:49.329573,1815.5,119062.0,72604.0
2025-06-20 10:51:49.749966,1815.5,119062.0,72604.0
2025-06-20 10:51:50.331718,1815.5,119062.0,72604.0
2025-06-20 10:51:50.450564,1815.5,119029.0,72521.0
2025-06-20 10:51:50.739790,1815.5,119029.0,72521.0
2025-06-20 10:51:50.780282,1815.2,119029.0,72521.0
2025-06-20 10:51:51.763972,1815.2,118719.0,72664.0
2025-06-20 10:51:51.818061,1815.2,118719.0,72664.0
2025-06-20 10:51:52.642035,1815.2,118719.0,72698.0
2025-06-20 10:51:52.787159,1815.5,118719.0,72698.0
2025-06-20 10:51:53.315354,1815.5,118719.0,72698.0
2025-06-20 10:51:53.633011,1815.6,118764.0,72575.0
2025-06-20 10:51:53.778724,1815.6,118764.0,72575.0
2025-06-20 10:51:54.080209,1815.6,118764.0,72575.0
2025-06-20 10:51:54.632157,1815.6,118764.0,72858.0
2025-06-20 10:51:55.624522,1815.6,118764.0,72858.0
2025-06-20 10:51:55.731133,1815.6,118764.0,72738.0
2025-06-20 10:51:56.864448,1815.6,118764.0,72738.0
2025-06-20 10:51:56.875869,1815.6,118444.0,72872.0
2025-06-20 10:51:57.976147,1815.6,118781.0,72664.0
2025-06-20 10:51:58.116779,1815.6,118781.0,72664.0
2025-06-20 10:51:58.789112,1815.2,118781.0,72664.0
2025-06-20 10:51:59.070929,1815.2,118735.0,72652.0
2025-06-20 10:51:59.769493,1815.2,118735.0,72652.0
2025-06-20 10:52:00.047336,1815.2,118771.0,72632.0
2025-06-20 10:52:01.819378,1815.2,118771.0,72632.0
2025-06-20 10:52:03.807836,1815.5,118771.0,72632.0
2025-06-20 10:52:05.799745,1815.2,118771.0,72632.0
2025-06-20 10:52:06.634886,1815.2,118400.0,72825.0
2025-06-20 10:52:07.809139,1815.5,118400.0,72825.0
2025-06-20 10:52:09.801417,1815.2,118400.0,72825.0
2025-06-20 10:52:12.249041,1815.2,118799.0,72801.0
2025-06-20 10:52:15.788880,1815.6,118799.0,72801.0
2025-06-20 10:52:17.953697,1815.6,118842.0,72965.0
2025-06-20 10:52:19.816437,1815.5,118842.0,72965.0
2025-06-20 10:52:23.451814,1815.5,119027.0,73014.0
2025-06-20 10:52:25.784851,1815.5,119027.0,73014.0
2025-06-20 10:52:27.798635,1815.5,119027.0,73014.0
2025-06-20 10:52:28.751778,1815.5,118358.0,73480.0
2025-06-20 10:52:29.787505,1815.5,118358.0,73480.0
2025-06-20 10:52:33.790559,1815.6,118358.0,73480.0
2025-06-20 10:52:34.156085,1815.6,118474.0,72667.0
2025-06-20 10:52:35.841070,1815.6,118474.0,72667.0
2025-06-20 10:52:37.791160,1815.6,118474.0,72667.0
2025-06-20 10:52:39.764036,1815.5,118436.0,72650.0
2025-06-20 10:52:39.802418,1815.5,118436.0,72650.0
2025-06-20 10:52:41.795362,1815.5,118436.0,72650.0
2025-06-20 10:52:43.785839,1815.6,118436.0,72650.0
2025-06-20 10:52:45.088806,1815.6,118384.0,72600.0
2025-06-20 10:52:47.812028,1815.5,118384.0,72600.0
2025-06-20 10:52:50.471902,1815.5,118695.0,72594.0
2025-06-20 10:52:51.843433,1815.5,118695.0,72594.0
2025-06-20 10:52:55.808912,1815.6,118695.0,72594.0
2025-06-20 10:52:55.871050,1815.6,118675.0,72138.0
2025-06-20 10:52:57.810764,1815.5,118675.0,72138.0
2025-06-20 10:52:59.804785,1816.1,118675.0,72138.0
2025-06-20 10:53:01.178055,1816.9,118594.0,70613.0
2025-06-20 10:53:01.823252,1816.9,118594.0,70613.0
2025-06-20 10:53:03.787848,1816.9,118594.0,70613.0
2025-06-20 10:53:05.792372,1816.8,118594.0,70613.0
2025-06-20 10:53:07.280280,1816.8,119061.0,71046.0
2025-06-20 10:53:11.792442,1816.7,119061.0,71046.0
2025-06-20 10:53:13.281223,1816.7,119150.0,70979.0
2025-06-20 10:53:13.785225,1817.3,119150.0,70979.0
2025-06-20 10:53:15.803934,1817.4,119150.0,70979.0
2025-06-20 10:53:17.799285,1816.0,119150.0,70979.0
2025-06-20 10:53:18.985096,1816.8,119282.0,71210.0
2025-06-20 10:53:19.791308,1816.8,119282.0,71210.0
2025-06-20 10:53:21.785820,1816.8,119282.0,71210.0
2025-06-20 10:53:23.785997,1816.8,119282.0,71210.0
2025-06-20 10:53:24.492176,1816.8,119023.0,71154.0
2025-06-20 10:53:25.796056,1816.8,119023.0,71154.0
2025-06-20 10:53:27.799631,1817.1,119023.0,71154.0
2025-06-20 10:53:29.991118,1817.1,119200.0,70483.0
2025-06-20 10:53:31.787823,1816.8,119200.0,70483.0
2025-06-20 10:53:33.798448,1816.8,119200.0,70483.0
2025-06-20 10:53:35.400243,1816.8,118495.0,70444.0
2025-06-20 10:53:35.790381,1817.3,118495.0,70444.0
2025-06-20 10:53:41.115271,1817.5,118418.0,70576.0
2025-06-20 10:53:41.805562,1816.8,118418.0,70576.0
2025-06-20 10:53:43.796641,1816.8,118418.0,70576.0
2025-06-20 10:53:45.792031,1816.8,118418.0,70576.0
2025-06-20 10:53:46.412987,1816.8,118076.0,70658.0
2025-06-20 10:53:47.795871,1816.8,118076.0,70658.0
2025-06-20 10:53:49.792604,1817.0,118076.0,70658.0
2025-06-20 10:53:51.797165,1817.3,118076.0,70658.0
2025-06-20 10:53:51.943110,1817.3,117875.0,71086.0
2025-06-20 10:53:53.801852,1816.8,117875.0,71086.0
2025-06-20 10:53:57.616157,1816.8,117814.0,71344.0
2025-06-20 10:53:59.798782,1816.8,117814.0,71344.0
2025-06-20 10:54:01.804402,1817.1,117814.0,71344.0
2025-06-20 10:54:03.253103,1817.1,117450.0,72461.0
2025-06-20 10:54:05.810347,1816.8,117450.0,72461.0
2025-06-20 10:54:08.822177,1816.2,116089.0,73568.0
2025-06-20 10:54:09.796519,1816.0,116089.0,73568.0
2025-06-20 10:54:11.790376,1816.2,116089.0,73568.0
2025-06-20 10:54:13.835914,1816.0,116089.0,73568.0
2025-06-20 10:54:14.118289,1816.0,117559.0,73593.0
2025-06-20 10:54:19.574606,1816.0,117508.0,73572.0
2025-06-20 10:54:21.791017,1816.0,117508.0,73572.0
2025-06-20 10:54:24.726496,1815.7,117124.0,74288.0
2025-06-20 10:54:25.795485,1815.7,117124.0,74288.0
2025-06-20 10:54:29.800258,1815.4,117124.0,74288.0
2025-06-20 10:54:30.132566,1815.4,117179.0,73918.0
2025-06-20 10:54:31.790176,1815.3,117179.0,73918.0
2025-06-20 10:54:35.586827,1815.3,117476.0,74539.0
2025-06-20 10:54:35.795325,1815.3,117476.0,74539.0
2025-06-20 10:54:37.796294,1815.3,117476.0,74539.0
2025-06-20 10:54:40.950930,1815.2,117762.0,74609.0
2025-06-20 10:54:41.812179,1815.2,117762.0,74609.0
2025-06-20 10:54:43.795326,1815.1,117762.0,74609.0
2025-06-20 10:54:45.803496,1817.2,117762.0,74609.0
2025-06-20 10:54:46.351606,1816.1,119132.0,72561.0
2025-06-20 10:54:47.381082,1816.1,119132.0,72561.0
2025-06-20 10:54:47.823455,1816.1,119132.0,72561.0
2025-06-20 10:54:47.833928,1816.1,119132.0,72561.0
2025-06-20 10:54:48.239891,1816.1,119132.0,72561.0
2025-06-20 10:54:49.281766,1816.1,119132.0,72561.0
2025-06-20 10:54:49.802712,1817.1,119132.0,72561.0
2025-06-20 10:54:49.952644,1817.1,119132.0,72561.0
2025-06-20 10:54:50.619908,1817.1,119132.0,72561.0
2025-06-20 10:54:51.170354,1817.1,119132.0,72561.0
2025-06-20 10:54:51.819693,1817.6,119132.0,72561.0
2025-06-20 10:54:51.849473,1816.7,117357.0,74062.0
2025-06-20 10:54:52.530428,1816.7,117357.0,74062.0
2025-06-20 10:54:53.849023,1816.7,117357.0,74062.0
2025-06-20 10:54:53.887133,1816.7,117357.0,74062.0
2025-06-20 10:54:54.865988,1816.7,117357.0,74062.0
2025-06-20 10:54:56.442068,1816.7,117357.0,74062.0
2025-06-20 10:54:57.151953,1816.0,118164.0,73723.0
2025-06-20 10:54:57.691834,1816.0,118164.0,73723.0
2025-06-20 10:54:57.796446,1816.0,118164.0,73723.0
2025-06-20 10:54:58.994494,1816.0,118164.0,73723.0
2025-06-20 10:54:59.809439,1816.7,118164.0,73723.0
2025-06-20 10:55:00.652686,1816.7,118164.0,73723.0
2025-06-20 10:55:00.790480,1816.7,118164.0,73723.0
2025-06-20 10:55:01.153092,1816.0,118376.0,72695.0
2025-06-20 10:55:01.797120,1815.7,118376.0,72695.0
2025-06-20 10:55:02.156094,1815.6,117970.0,73139.0
2025-06-20 10:55:02.802518,1815.6,117970.0,73139.0
2025-06-20 10:55:03.156735,1815.6,118473.0,73546.0
2025-06-20 10:55:04.253574,1815.6,118398.0,73659.0
2025-06-20 10:55:05.156757,1815.6,118223.0,73629.0
2025-06-20 10:55:06.254173,1815.6,118243.0,73650.0
2025-06-20 10:55:07.155291,1815.6,118326.0,73823.0
2025-06-20 10:55:08.257480,1815.6,118076.0,74329.0
2025-06-20 10:55:09.371692,1815.6,118088.0,74287.0
2025-06-20 10:55:09.805695,1816.0,118088.0,74287.0
2025-06-20 10:55:10.457364,1816.0,117609.0,74816.0
2025-06-20 10:55:10.793388,1816.0,117609.0,74816.0
2025-06-20 10:55:11.587376,1815.6,117143.0,75301.0
2025-06-20 10:55:11.803254,1815.6,117143.0,75301.0
2025-06-20 10:55:12.590266,1815.1,113916.0,76379.0
2025-06-20 10:55:12.797072,1815.1,113916.0,76379.0
2025-06-20 10:55:13.598250,1814.5,116290.0,76568.0
2025-06-20 10:55:13.803857,1814.5,116290.0,76568.0
2025-06-20 10:55:14.591131,1814.5,116009.0,76719.0
2025-06-20 10:55:14.802851,1814.5,116009.0,76719.0
2025-06-20 10:55:15.669340,1814.4,116094.0,76826.0
2025-06-20 10:55:15.803879,1814.1,116094.0,76826.0
2025-06-20 10:55:16.666287,1814.1,115701.0,76820.0
2025-06-20 10:55:17.774763,1813.8,114410.0,77525.0
2025-06-20 10:55:17.842113,1813.8,114410.0,77525.0
2025-06-20 10:55:18.766788,1813.8,115198.0,77423.0
2025-06-20 10:55:19.869243,1813.8,115205.0,77450.0
2025-06-20 10:55:20.796606,1814.3,115205.0,77450.0
2025-06-20 10:55:20.977113,1814.3,113503.0,77399.0
2025-06-20 10:55:21.977817,1814.3,114871.0,77365.0
2025-06-20 10:55:22.974839,1814.3,114849.0,77921.0
2025-06-20 10:55:23.974988,1814.3,114841.0,77843.0
2025-06-20 10:55:24.973553,1814.3,115147.0,77645.0
2025-06-20 10:55:25.981766,1814.3,115140.0,77809.0
2025-06-20 10:55:26.974172,1814.3,115153.0,77810.0
2025-06-20 10:55:27.978273,1814.3,114884.0,78134.0
2025-06-20 10:55:28.796575,1814.0,114884.0,78134.0
2025-06-20 10:55:28.988159,1814.0,114887.0,78035.0
2025-06-20 10:55:29.874989,1814.0,115340.0,78013.0
2025-06-20 10:55:30.876270,1814.0,114965.0,77999.0
2025-06-20 10:55:32.379889,1814.0,114965.0,78000.0
2025-06-20 10:55:33.378168,1814.0,114965.0,77985.0
2025-06-20 10:55:34.480190,1814.0,114965.0,77957.0
2025-06-20 10:55:35.984864,1814.0,115340.0,77846.0
2025-06-20 10:55:36.982457,1814.0,115368.0,77873.0
2025-06-20 10:55:37.799306,1814.0,115368.0,77873.0
2025-06-20 10:55:37.982847,1814.0,115527.0,77857.0
2025-06-20 10:55:38.792110,1813.6,115527.0,77857.0
2025-06-20 10:55:39.095557,1813.6,114851.0,77953.0
2025-06-20 10:55:39.820947,1814.0,114851.0,77953.0
2025-06-20 10:55:40.099798,1814.0,115332.0,77882.0
2025-06-20 10:55:40.803259,1814.0,115332.0,77882.0
2025-06-20 10:55:40.983660,1814.0,115168.0,77813.0
2025-06-20 10:55:41.790978,1814.0,115168.0,77813.0
2025-06-20 10:55:42.098621,1814.0,115237.0,77771.0
2025-06-20 10:55:43.184435,1814.0,115163.0,77825.0
2025-06-20 10:55:44.284751,1814.0,115183.0,77838.0
2025-06-20 10:55:45.389009,1814.0,115186.0,77838.0
2025-06-20 10:55:46.390655,1814.0,115186.0,77873.0
2025-06-20 10:55:47.389339,1814.0,115177.0,77873.0
2025-06-20 10:55:47.792945,1814.0,115177.0,77873.0
2025-06-20 10:55:48.389553,1814.0,115126.0,77882.0
2025-06-20 10:55:48.799165,1814.0,115126.0,77882.0
2025-06-20 10:55:49.388351,1814.0,115087.0,77871.0
2025-06-20 10:55:50.390797,1814.0,115133.0,77577.0
2025-06-20 10:55:51.390855,1814.0,115133.0,77578.0
2025-06-20 10:55:52.496041,1814.0,115196.0,77638.0
2025-06-20 10:55:53.310431,1814.0,115196.0,77638.0
2025-06-20 10:55:53.602589,1814.0,114938.0,78022.0
2025-06-20 10:55:54.617926,1814.0,114922.0,78043.0
2025-06-20 10:55:55.628325,1814.0,114922.0,78042.0
2025-06-20 10:55:56.607308,1814.0,114853.0,78074.0
2025-06-20 10:55:57.612870,1814.0,115245.0,78017.0
2025-06-20 10:55:57.797373,1814.0,115245.0,78017.0
2025-06-20 10:55:58.793967,1814.1,115245.0,78017.0
2025-06-20 10:55:58.826933,1814.1,115144.0,77517.0
2025-06-20 10:56:00.296924,1814.1,115858.0,77453.0
2025-06-20 10:56:02.196140,1814.1,115551.0,77441.0
2025-06-20 10:56:07.301617,1814.1,116056.0,77043.0
2025-06-20 10:56:11.801636,1814.0,116056.0,77043.0
2025-06-20 10:56:12.541335,1814.4,116273.0,76111.0
2025-06-20 10:56:13.802084,1814.4,116273.0,76111.0
2025-06-20 10:56:15.843028,1814.9,116273.0,76111.0
2025-06-20 10:56:17.704700,1814.9,115889.0,76414.0
2025-06-20 10:56:17.802398,1814.9,115889.0,76414.0
2025-06-20 10:56:21.805171,1815.1,115889.0,76414.0
2025-06-20 11:07:08.602521,1816.3,112262.0,78419.0
2025-06-20 11:07:08.863858,1816.3,112262.0,78419.0
2025-06-20 11:07:09.346257,1816.3,111466.0,79527.0
2025-06-20 12:03:29.528893,1814.0,106886.0,93455.0
2025-06-20 12:03:31.091694,1813.9,106886.0,93455.0
2025-06-20 12:03:33.001038,1813.5,105628.0,93486.0
2025-06-20 12:03:33.088625,1813.5,105628.0,93486.0
2025-06-20 12:03:35.127999,1813.7,105628.0,93486.0
2025-06-20 12:03:37.096556,1814.6,105628.0,93486.0
2025-06-20 12:03:37.776202,1813.7,105799.0,93847.0
2025-06-20 12:03:39.079157,1813.7,105799.0,93847.0
2025-06-20 12:03:41.206004,1814.5,105799.0,93847.0
2025-06-20 12:03:42.577251,1813.8,105600.0,93955.0
2025-06-20 12:03:43.115283,1813.8,105600.0,93955.0
2025-06-20 12:03:45.080177,1813.8,105600.0,93955.0
2025-06-20 12:03:47.082646,1814.0,105600.0,93955.0
2025-06-20 12:03:47.494655,1814.6,106060.0,93952.0
2025-06-20 12:03:49.100798,1814.6,106060.0,93952.0
2025-06-20 12:03:51.091865,1813.6,106060.0,93952.0
2025-06-20 12:03:52.380634,1813.6,106050.0,93989.0
2025-06-20 12:03:53.095719,1813.6,106050.0,93989.0
2025-06-20 12:03:55.097097,1813.6,106050.0,93989.0
2025-06-20 12:03:57.075060,1814.4,106050.0,93989.0
2025-06-20 12:03:57.592471,1814.4,106032.0,93961.0
2025-06-20 12:03:58.393951,1814.4,106032.0,93961.0
2025-06-20 12:03:59.042025,1814.4,106032.0,93961.0
2025-06-20 12:03:59.088071,1814.4,106032.0,93961.0
2025-06-20 12:03:59.395764,1814.4,106032.0,93961.0
2025-06-20 12:04:00.312558,1814.4,106032.0,93961.0
2025-06-20 12:04:01.082130,1813.6,106032.0,93961.0
2025-06-20 12:04:01.140761,1813.6,106032.0,93961.0
2025-06-20 12:04:02.311359,1813.6,106032.0,93961.0
2025-06-20 12:04:02.897068,1814.4,107198.0,94003.0
2025-06-20 12:04:02.901244,1814.4,107198.0,94003.0
2025-06-20 12:04:03.102332,1814.4,107198.0,94003.0
2025-06-20 12:04:03.348972,1814.4,107198.0,94003.0
2025-06-20 12:04:04.341648,1814.4,107198.0,94003.0
2025-06-20 12:04:05.102986,1813.6,107198.0,94003.0
2025-06-20 12:04:05.670959,1813.6,107198.0,94003.0
2025-06-20 12:04:06.727134,1813.6,107198.0,94003.0
2025-06-20 12:04:07.073471,1813.6,107198.0,94003.0
2025-06-20 12:04:08.192533,1813.6,107005.0,94946.0
2025-06-20 12:04:08.309444,1813.6,107005.0,94946.0
2025-06-20 12:04:09.086759,1813.6,107005.0,94946.0
2025-06-20 12:04:09.629575,1813.6,107005.0,94946.0
2025-06-20 12:04:10.996332,1813.6,107005.0,94946.0
2025-06-20 12:04:11.083953,1813.6,107005.0,94946.0
2025-06-20 12:04:12.746194,1813.6,107005.0,94946.0
2025-06-20 12:04:13.080529,1813.6,107005.0,94946.0
2025-06-20 12:04:13.534843,1813.6,106647.0,94926.0
2025-06-20 12:04:15.091955,1813.6,106647.0,94926.0
2025-06-20 12:04:17.080708,1813.9,106647.0,94926.0
2025-06-20 12:04:18.399862,1813.9,106348.0,95416.0
2025-06-20 12:04:21.075851,1813.6,106348.0,95416.0
2025-06-20 12:04:23.091215,1813.6,106348.0,95416.0
2025-06-20 12:04:23.609215,1813.2,106340.0,94668.0
2025-06-20 12:04:25.086607,1813.1,106340.0,94668.0
2025-06-20 12:04:27.085693,1813.3,106340.0,94668.0
2025-06-20 12:04:29.089614,1813.3,106340.0,94668.0
2025-06-20 12:04:29.238000,1813.3,106303.0,94305.0
2025-06-20 12:04:31.089499,1813.3,106303.0,94305.0
2025-06-20 12:04:33.081028,1813.9,106303.0,94305.0
2025-06-20 12:04:35.024934,1813.3,106402.0,94268.0
2025-06-20 12:04:35.079295,1813.3,106402.0,94268.0
2025-06-20 12:04:37.087711,1813.9,106402.0,94268.0
2025-06-20 12:04:39.087115,1813.9,106402.0,94268.0
2025-06-20 12:04:40.818193,1813.4,106507.0,94218.0
2025-06-20 12:04:41.086941,1813.4,106507.0,94218.0
2025-06-20 12:04:43.088720,1813.9,106507.0,94218.0
2025-06-20 12:04:45.080775,1813.5,106507.0,94218.0
2025-06-20 12:04:46.115509,1813.5,106426.0,93895.0
2025-06-20 12:04:47.081217,1813.8,106426.0,93895.0
2025-06-20 12:04:51.079118,1813.9,106426.0,93895.0
2025-06-20 12:04:51.118010,1813.9,107484.0,93066.0
2025-06-20 12:04:53.085076,1814.0,107484.0,93066.0
2025-06-20 12:04:55.082007,1814.0,107484.0,93066.0
2025-06-20 12:04:56.319931,1814.7,107288.0,93423.0
2025-06-20 12:04:57.082316,1814.0,107288.0,93423.0
2025-06-20 12:04:59.088451,1814.0,107288.0,93423.0
2025-06-20 12:05:01.030428,1814.0,107456.0,93467.0
2025-06-20 12:05:01.081270,1814.0,107456.0,93467.0
2025-06-20 12:05:03.084843,1814.7,107456.0,93467.0
2025-06-20 12:05:05.088396,1814.1,107456.0,93467.0
2025-06-20 12:05:05.942835,1814.1,107654.0,92777.0
2025-06-20 12:05:07.122598,1814.7,107654.0,92777.0
2025-06-20 12:05:10.833097,1814.2,107974.0,92438.0
2025-06-20 12:05:11.080770,1814.2,107974.0,92438.0
2025-06-20 12:05:13.083692,1814.6,107974.0,92438.0
2025-06-20 12:05:15.089668,1814.7,107974.0,92438.0
2025-06-20 12:05:15.732536,1814.7,109399.0,91827.0
2025-06-20 12:05:17.084216,1814.4,109399.0,91827.0
2025-06-20 12:05:20.637585,1814.4,109309.0,91695.0
2025-06-20 12:05:21.092703,1814.4,109309.0,91695.0
2025-06-20 12:05:23.089326,1814.9,109309.0,91695.0
2025-06-20 12:05:25.089693,1815.2,109309.0,91695.0
2025-06-20 12:05:25.541324,1815.2,110071.0,91177.0
2025-06-20 12:05:27.093222,1814.8,110071.0,91177.0
2025-06-20 12:05:29.086018,1814.4,110071.0,91177.0
2025-06-20 12:05:30.545599,1814.8,108286.0,92808.0
2025-06-20 12:05:31.086861,1814.8,108286.0,92808.0
2025-06-20 12:05:33.090956,1814.8,108286.0,92808.0
2025-06-20 12:05:35.087264,1814.4,108286.0,92808.0
2025-06-20 12:05:35.641654,1814.4,108231.0,92769.0
2025-06-20 12:05:37.092412,1814.8,108231.0,92769.0
2025-06-20 12:05:39.093585,1814.4,108231.0,92769.0
2025-06-20 12:05:41.094989,1814.8,108231.0,92769.0
2025-06-20 12:05:41.351965,1814.4,107950.0,92721.0
2025-06-20 12:05:43.086897,1814.4,107950.0,92721.0
2025-06-20 12:05:45.092897,1814.4,107950.0,92721.0
2025-06-20 12:05:46.548596,1814.8,107928.0,93019.0
2025-06-20 12:05:47.123577,1814.8,107928.0,93019.0
2025-06-20 12:05:51.092350,1814.4,107928.0,93019.0
2025-06-20 12:05:51.550046,1814.8,107932.0,92868.0
2025-06-20 12:05:53.092297,1814.8,107932.0,92868.0
2025-06-20 12:05:55.091202,1814.4,107932.0,92868.0
2025-06-20 12:05:56.454182,1814.8,108018.0,92326.0
2025-06-20 12:05:57.092403,1814.8,108018.0,92326.0
2025-06-20 12:05:59.091489,1814.4,108018.0,92326.0
2025-06-20 12:06:01.089422,1814.4,108018.0,92326.0
2025-06-20 12:06:01.455925,1814.8,108136.0,92150.0
2025-06-20 12:06:03.090701,1814.8,108136.0,92150.0
2025-06-20 12:06:05.090021,1814.4,108136.0,92150.0
2025-06-20 12:06:06.463009,1814.9,107830.0,92574.0
2025-06-20 12:06:07.092732,1814.4,107830.0,92574.0
2025-06-20 12:06:09.089887,1814.4,107830.0,92574.0
2025-06-20 12:06:11.096663,1814.9,107830.0,92574.0
2025-06-20 12:06:11.671072,1814.9,107875.0,92343.0
2025-06-20 12:06:13.089901,1814.4,107875.0,92343.0
2025-06-20 12:06:15.095472,1814.8,107875.0,92343.0
2025-06-20 12:06:17.074752,1814.9,107627.0,92480.0
2025-06-20 12:06:17.098883,1814.9,107627.0,92480.0
2025-06-20 12:06:19.087229,1814.9,107627.0,92480.0
2025-06-20 12:06:21.103155,1814.4,107627.0,92480.0
2025-06-20 12:06:22.272836,1814.9,107571.0,92613.0
2025-06-20 12:06:23.099285,1814.9,107571.0,92613.0
2025-06-20 12:06:25.105193,1814.4,107571.0,92613.0
2025-06-20 12:06:27.116401,1814.9,107571.0,92613.0
2025-06-20 12:06:27.279165,1814.9,107627.0,92707.0
2025-06-20 12:06:29.246759,1814.4,107627.0,92707.0
2025-06-20 12:06:31.113103,1814.5,107627.0,92707.0
2025-06-20 12:06:32.197336,1814.5,106632.0,93635.0
2025-06-20 12:06:33.096097,1814.0,106632.0,93635.0
2025-06-20 12:06:35.107629,1814.0,106632.0,93635.0
2025-06-20 12:06:36.524653,1814.5,106354.0,94066.0
2025-06-20 12:06:37.106629,1814.5,106354.0,94066.0
2025-06-20 12:06:41.109350,1814.0,106354.0,94066.0
2025-06-20 12:06:41.287542,1814.0,106723.0,94191.0
2025-06-20 12:06:43.103571,1814.5,106723.0,94191.0
2025-06-20 12:06:45.120811,1814.0,106723.0,94191.0
2025-06-20 12:06:45.908567,1814.0,106717.0,94200.0
2025-06-20 12:06:47.108202,1814.5,106717.0,94200.0
2025-06-20 12:06:50.596167,1814.0,106383.0,94207.0
2025-06-20 12:06:51.110676,1814.0,106383.0,94207.0
2025-06-20 12:06:53.100586,1814.5,106383.0,94207.0
2025-06-20 12:06:55.098556,1814.0,106383.0,94207.0
2025-06-20 12:06:55.511079,1814.0,106894.0,93715.0
2025-06-20 12:06:57.097977,1814.0,106894.0,93715.0
2025-06-20 12:06:58.873866,1814.0,106894.0,93715.0
2025-06-20 12:06:59.092656,1814.0,106894.0,93715.0
2025-06-20 12:06:59.275108,1814.0,106894.0,93715.0
2025-06-20 12:07:00.341654,1814.0,106894.0,93715.0
2025-06-20 12:07:00.606042,1814.5,107561.0,93091.0
2025-06-20 12:07:00.706341,1814.5,107561.0,93091.0
2025-06-20 12:07:01.066547,1814.5,107561.0,93091.0
2025-06-20 12:07:01.098399,1814.6,107561.0,93091.0
2025-06-20 12:07:01.544346,1814.6,107561.0,93091.0
2025-06-20 12:07:02.185761,1814.6,107561.0,93091.0
2025-06-20 12:07:03.097807,1814.5,107561.0,93091.0
2025-06-20 12:07:03.252192,1814.5,107561.0,93091.0
2025-06-20 12:07:04.647478,1814.5,107561.0,93091.0
2025-06-20 12:07:05.093044,1814.0,107561.0,93091.0
2025-06-20 12:07:06.242438,1814.0,107561.0,93091.0
2025-06-20 12:07:06.247640,1814.6,106972.0,93158.0
2025-06-20 12:07:07.003719,1814.6,106972.0,93158.0
2025-06-20 12:07:07.262827,1814.6,106972.0,93158.0
2025-06-20 12:07:08.556917,1814.6,106972.0,93158.0
2025-06-20 12:07:09.105251,1814.0,106972.0,93158.0
2025-06-20 12:07:09.854102,1814.0,106972.0,93158.0
2025-06-20 12:07:11.094366,1814.6,106972.0,93158.0
2025-06-20 12:07:11.144426,1814.6,106972.0,93158.0
2025-06-20 12:07:11.433025,1814.6,106954.0,93159.0
2025-06-20 12:07:12.777387,1814.6,106954.0,93159.0
2025-06-20 12:07:13.107223,1814.6,106954.0,93159.0
2025-06-20 12:07:15.095512,1814.0,106954.0,93159.0
2025-06-20 12:07:16.322978,1814.0,106501.0,93296.0
2025-06-20 12:07:17.109553,1814.0,106501.0,93296.0
2025-06-20 12:07:19.099750,1814.6,106501.0,93296.0
2025-06-20 12:07:21.097068,1814.5,106501.0,93296.0
2025-06-20 12:07:21.125966,1814.5,106445.0,93450.0
2025-06-20 12:07:23.097414,1814.5,106445.0,93450.0
2025-06-20 12:07:25.105295,1814.0,106445.0,93450.0
2025-06-20 12:07:25.939578,1814.0,106460.0,93406.0
2025-06-20 12:07:27.121924,1814.5,106460.0,93406.0
2025-06-20 12:07:29.096709,1814.0,106460.0,93406.0
2025-06-20 12:07:30.832696,1814.0,106502.0,93552.0
2025-06-20 12:07:31.099156,1814.0,106502.0,93552.0
2025-06-20 12:07:33.096973,1814.5,106502.0,93552.0
2025-06-20 12:07:35.101934,1814.0,106502.0,93552.0
2025-06-20 12:07:36.062463,1814.0,105693.0,94125.0
2025-06-20 12:07:37.101002,1814.5,105693.0,94125.0
2025-06-20 12:07:41.105848,1814.0,105693.0,94125.0
2025-06-20 12:07:41.545734,1814.5,105821.0,93814.0
2025-06-20 12:07:43.096996,1814.5,105821.0,93814.0
2025-06-20 12:07:45.116804,1814.0,105821.0,93814.0
2025-06-20 12:07:46.843802,1814.5,106053.0,93691.0
2025-06-20 12:07:47.094150,1814.5,106053.0,93691.0
2025-06-20 12:07:49.107470,1814.5,106053.0,93691.0
2025-06-20 12:07:51.135677,1814.0,106053.0,93691.0
2025-06-20 12:07:52.344651,1814.5,106067.0,93799.0
2025-06-20 12:07:53.309821,1814.5,106067.0,93799.0
2025-06-20 12:07:55.144897,1814.0,106067.0,93799.0
2025-06-20 12:07:57.140024,1814.0,106067.0,93799.0
2025-06-20 12:07:57.548907,1814.5,105900.0,93446.0
2025-06-20 12:07:59.114911,1814.5,105900.0,93446.0
2025-06-20 12:08:01.102289,1814.0,105900.0,93446.0
2025-06-20 12:08:02.852087,1814.5,105984.0,93732.0
2025-06-20 12:08:03.128729,1814.5,105984.0,93732.0
2025-06-20 12:08:05.098134,1814.0,105984.0,93732.0
2025-06-20 12:08:07.135071,1814.5,105984.0,93732.0
2025-06-20 12:08:07.963286,1814.5,105722.0,93807.0
2025-06-20 12:08:11.138968,1814.1,105722.0,93807.0
2025-06-20 12:08:12.962962,1814.1,106209.0,93575.0
2025-06-20 12:08:13.126627,1814.1,106209.0,93575.0
2025-06-20 12:08:15.107197,1814.1,106209.0,93575.0
2025-06-20 12:08:17.140604,1814.5,106209.0,93575.0
2025-06-20 12:08:17.967643,1814.2,106532.0,93467.0
2025-06-20 12:08:19.141614,1814.2,106532.0,93467.0
2025-06-20 12:08:21.091923,1814.2,106532.0,93467.0
2025-06-20 12:08:22.968311,1814.5,106645.0,93178.0
2025-06-20 12:08:23.106233,1814.5,106645.0,93178.0
2025-06-20 12:08:25.096653,1814.2,106645.0,93178.0
2025-06-20 12:08:27.092000,1814.5,106645.0,93178.0
2025-06-20 12:08:27.968631,1814.5,106457.0,92854.0
2025-06-20 12:08:29.100579,1814.2,106457.0,92854.0
2025-06-20 12:08:31.094717,1814.5,106457.0,92854.0
2025-06-20 12:08:32.776545,1814.5,106643.0,92662.0
2025-06-20 12:08:33.097314,1814.5,106643.0,92662.0
2025-06-20 12:08:35.097691,1814.2,106643.0,92662.0
2025-06-20 12:08:37.100653,1814.4,106643.0,92662.0
2025-06-20 12:08:37.575906,1814.4,106534.0,92761.0
2025-06-20 12:08:41.094524,1814.2,106534.0,92761.0
2025-06-20 12:08:42.380663,1814.4,106486.0,92796.0
2025-06-20 12:08:43.120581,1814.4,106486.0,92796.0
2025-06-20 12:08:45.101488,1814.2,106486.0,92796.0
2025-06-20 12:08:47.086634,1814.4,106499.0,92841.0
2025-06-20 12:08:47.097645,1814.4,106499.0,92841.0
2025-06-20 12:08:49.094007,1814.5,106499.0,92841.0
2025-06-20 12:08:51.095665,1814.4,106499.0,92841.0
2025-06-20 12:08:52.289479,1814.4,106756.0,92760.0
2025-06-20 12:08:53.254784,1814.4,106756.0,92760.0
2025-06-20 12:08:55.100384,1814.2,106756.0,92760.0
2025-06-20 12:08:57.131023,1814.5,106756.0,92760.0
2025-06-20 12:08:57.391683,1814.5,106806.0,92920.0
2025-06-20 12:08:59.131068,1814.2,106806.0,92920.0
2025-06-20 12:09:01.102547,1814.2,106806.0,92920.0
2025-06-20 12:09:02.191727,1814.5,106525.0,93032.0
2025-06-20 12:09:03.110938,1814.5,106525.0,93032.0
2025-06-20 12:09:05.117155,1814.4,106525.0,93032.0
2025-06-20 12:09:07.266741,1814.6,106525.0,93032.0
2025-06-20 12:09:07.283964,1814.6,106855.0,93002.0
2025-06-20 12:09:09.459714,1814.5,106855.0,93002.0
2025-06-20 12:09:11.105289,1814.4,106855.0,93002.0
2025-06-20 12:09:12.605387,1814.5,106462.0,93192.0
2025-06-20 12:09:13.122788,1814.5,106462.0,93192.0
