timestamp,ltp,bid_qty,ask_qty
2025-06-20 10:10:48.213154,787.7,525820.0,946798.0
2025-06-20 10:10:48.590071,787.7,525820.0,946798.0
2025-06-20 10:10:49.168769,787.65,525819.0,946748.0
2025-06-20 10:10:49.588427,787.7,525819.0,946748.0
2025-06-20 10:10:50.164011,787.7,525935.0,946433.0
2025-06-20 10:10:50.584874,787.7,525935.0,946433.0
2025-06-20 10:10:51.168220,787.7,524329.0,946479.0
2025-06-20 10:10:51.591671,787.75,524329.0,946479.0
2025-06-20 10:10:52.064203,787.75,527841.0,944092.0
2025-06-20 10:10:52.587964,787.75,527841.0,944092.0
2025-06-20 10:10:53.163947,787.75,527453.0,943837.0
2025-06-20 10:10:54.166762,787.75,527073.0,943909.0
2025-06-20 10:10:54.588060,787.75,527073.0,943909.0
2025-06-20 10:10:55.169458,787.8,527382.0,944882.0
2025-06-20 10:10:55.585942,787.8,527382.0,944882.0
2025-06-20 10:10:56.166576,787.8,527451.0,944968.0
2025-06-20 10:10:56.591989,787.8,527451.0,944968.0
2025-06-20 10:10:57.168186,787.85,527453.0,945127.0
2025-06-20 10:10:57.586535,787.85,527453.0,945127.0
2025-06-20 10:10:58.265969,787.85,526619.0,944691.0
2025-06-20 10:10:59.367473,787.85,527328.0,943658.0
2025-06-20 10:10:59.591961,787.75,527328.0,943658.0
2025-06-20 10:11:01.649770,787.7,527328.0,943658.0
2025-06-20 10:11:01.773221,787.7,530040.0,945211.0
2025-06-20 10:11:02.589498,787.85,530040.0,945211.0
2025-06-20 10:11:03.474312,787.65,527303.0,948032.0
2025-06-20 10:11:03.593985,787.65,527303.0,948032.0
2025-06-20 10:11:04.572681,787.65,527330.0,948133.0
2025-06-20 10:11:05.590505,787.7,527330.0,948133.0
2025-06-20 10:11:05.671690,787.7,527283.0,946138.0
2025-06-20 10:11:06.603341,787.7,527283.0,946138.0
2025-06-20 10:11:06.772942,787.7,530288.0,944339.0
2025-06-20 10:11:07.600784,787.9,530288.0,944339.0
2025-06-20 10:11:07.878092,787.9,528779.0,943820.0
2025-06-20 10:11:08.598607,787.9,528779.0,943820.0
2025-06-20 10:11:08.886785,787.9,528013.0,945124.0
2025-06-20 10:11:09.620634,787.9,528013.0,945124.0
2025-06-20 10:11:09.973685,787.9,527925.0,945124.0
2025-06-20 10:11:10.641930,787.95,527925.0,945124.0
2025-06-20 10:11:11.075428,787.95,527717.0,945324.0
2025-06-20 10:11:12.175374,788.0,527759.0,945181.0
2025-06-20 10:11:12.868977,787.85,527759.0,945181.0
2025-06-20 10:11:13.278060,787.8,524534.0,946639.0
2025-06-20 10:11:13.641490,787.8,524534.0,946639.0
2025-06-20 10:11:14.381615,787.8,524751.0,945877.0
2025-06-20 10:11:14.595361,787.8,524751.0,945877.0
2025-06-20 10:11:15.382416,787.9,524137.0,946399.0
2025-06-20 10:11:15.608351,787.9,524137.0,946399.0
2025-06-20 10:11:16.480486,787.9,525920.0,946469.0
2025-06-20 10:11:17.481666,787.8,526890.0,946496.0
2025-06-20 10:11:17.611519,787.9,526890.0,946496.0
2025-06-20 10:11:18.480791,787.9,526889.0,946587.0
2025-06-20 10:11:19.490809,787.9,525236.0,947053.0
2025-06-20 10:11:19.635350,787.9,525236.0,947053.0
2025-06-20 10:11:20.388844,787.85,526875.0,946976.0
2025-06-20 10:11:20.596260,787.85,526875.0,946976.0
2025-06-20 10:11:21.386507,787.75,524053.0,948646.0
2025-06-20 10:11:21.645239,787.75,524053.0,948646.0
2025-06-20 10:11:22.386550,787.7,525620.0,949747.0
2025-06-20 10:11:22.650005,787.7,525620.0,949747.0
2025-06-20 10:11:23.487682,787.75,526707.0,949855.0
2025-06-20 10:11:23.700952,787.75,526707.0,949855.0
2025-06-20 10:11:24.635613,787.95,524274.0,946213.0
2025-06-20 10:11:24.640502,787.95,524274.0,946213.0
2025-06-20 10:11:26.251633,788.0,524274.0,946213.0
2025-06-20 10:11:26.283204,788.0,523707.0,946566.0
2025-06-20 10:11:26.848904,787.8,523707.0,946566.0
2025-06-20 10:11:26.888506,787.8,525932.0,946809.0
2025-06-20 10:11:27.927956,787.8,526980.0,945994.0
2025-06-20 10:11:28.871356,787.8,526980.0,945994.0
2025-06-20 10:11:28.983957,787.85,526736.0,946067.0
2025-06-20 10:11:29.595196,787.85,526736.0,946067.0
2025-06-20 10:11:30.086320,787.85,528850.0,946878.0
2025-06-20 10:11:30.612241,787.8,528850.0,946878.0
2025-06-20 10:11:31.186230,787.85,528993.0,946908.0
2025-06-20 10:11:31.589823,788.0,528993.0,946908.0
2025-06-20 10:11:32.294559,788.0,528151.0,945276.0
2025-06-20 10:11:32.596150,787.9,528151.0,945276.0
2025-06-20 10:11:33.503922,787.9,528176.0,945554.0
2025-06-20 10:11:34.499324,787.85,531270.0,944587.0
2025-06-20 10:11:34.597119,787.85,531270.0,944587.0
2025-06-20 10:11:35.589343,787.9,531270.0,944587.0
2025-06-20 10:11:35.631824,787.9,527378.0,945528.0
2025-06-20 10:11:36.592122,787.9,527378.0,945528.0
2025-06-20 10:11:36.869905,787.9,526178.0,945513.0
2025-06-20 10:11:37.597204,787.85,526178.0,945513.0
2025-06-20 10:11:37.692716,787.85,526751.0,945505.0
2025-06-20 10:11:38.589761,788.0,526751.0,945505.0
2025-06-20 10:11:38.822644,787.9,527470.0,944537.0
2025-06-20 10:11:39.588741,787.85,527470.0,944537.0
2025-06-20 10:11:39.998209,787.85,526809.0,944900.0
2025-06-20 10:11:40.592159,787.85,526809.0,944900.0
2025-06-20 10:11:40.997291,787.9,527260.0,944236.0
2025-06-20 10:11:41.587531,787.85,527260.0,944236.0
2025-06-20 10:11:42.096540,787.85,530184.0,944310.0
2025-06-20 10:11:42.593230,787.85,530184.0,944310.0
2025-06-20 10:11:43.096541,787.85,530229.0,944485.0
2025-06-20 10:11:44.198595,787.85,525721.0,945181.0
2025-06-20 10:11:44.590977,787.85,525721.0,945181.0
2025-06-20 10:11:45.362612,787.95,525378.0,945256.0
2025-06-20 10:11:45.594925,787.95,525378.0,945256.0
2025-06-20 10:11:46.538911,787.95,525341.0,945201.0
2025-06-20 10:11:46.588256,787.95,525341.0,945201.0
2025-06-20 10:11:47.499588,787.95,525129.0,945211.0
2025-06-20 10:11:47.591965,787.95,525129.0,945211.0
2025-06-20 10:11:48.591211,787.95,525129.0,945211.0
2025-06-20 10:11:48.638098,787.95,526808.0,945752.0
2025-06-20 10:11:49.593975,788.0,526808.0,945752.0
2025-06-20 10:11:49.708706,788.0,530141.0,943358.0
2025-06-20 10:11:50.592242,788.0,530141.0,943358.0
2025-06-20 10:11:51.033832,788.0,525856.0,943693.0
2025-06-20 10:11:51.598778,787.85,525856.0,943693.0
2025-06-20 10:11:52.116859,787.85,528650.0,946830.0
2025-06-20 10:11:52.590776,787.85,528650.0,946830.0
2025-06-20 10:11:53.036078,787.8,529535.0,946471.0
2025-06-20 10:11:53.608936,787.85,529535.0,946471.0
2025-06-20 10:11:54.103100,787.85,528187.0,943496.0
2025-06-20 10:11:54.591931,787.9,528187.0,943496.0
2025-06-20 10:11:55.104722,787.85,528539.0,943653.0
2025-06-20 10:11:55.599232,787.85,528539.0,943653.0
2025-06-20 10:11:56.214758,788.0,525943.0,944059.0
2025-06-20 10:11:56.589171,787.95,525943.0,944059.0
2025-06-20 10:11:57.533273,788.0,530814.0,938037.0
2025-06-20 10:11:57.598735,788.05,530814.0,938037.0
2025-06-20 10:11:58.417356,788.05,529373.0,938060.0
2025-06-20 10:11:58.593579,788.1,529373.0,938060.0
2025-06-20 10:11:59.508754,788.15,525846.0,935389.0
2025-06-20 10:11:59.596370,788.2,525846.0,935389.0
2025-06-20 10:12:01.208449,788.25,531779.0,933606.0
2025-06-20 10:12:01.602780,788.25,531779.0,933606.0
2025-06-20 10:12:02.437257,788.25,530724.0,934874.0
2025-06-20 10:12:02.602116,788.25,530724.0,934874.0
2025-06-20 10:12:03.432135,788.25,530795.0,935372.0
2025-06-20 10:12:03.598716,788.3,530795.0,935372.0
2025-06-20 10:12:04.513440,788.3,530175.0,936429.0
2025-06-20 10:12:04.605069,788.35,530175.0,936429.0
2025-06-20 10:12:05.601504,788.3,530175.0,936429.0
2025-06-20 10:12:05.622439,788.3,531734.0,936168.0
2025-06-20 10:12:06.599057,788.25,531734.0,936168.0
2025-06-20 10:12:06.738027,788.25,530605.0,933832.0
2025-06-20 10:12:07.595192,788.3,530605.0,933832.0
2025-06-20 10:12:07.628173,788.3,532681.0,934593.0
2025-06-20 10:12:08.598460,788.5,532681.0,934593.0
2025-06-20 10:12:08.837294,788.5,527899.0,934388.0
2025-06-20 10:12:09.599091,788.5,527899.0,934388.0
2025-06-20 10:12:09.719865,788.5,530154.0,934142.0
2025-06-20 10:12:10.601962,788.5,530154.0,934142.0
2025-06-20 10:12:10.723514,788.5,531701.0,934395.0
2025-06-20 10:12:11.598847,788.55,531701.0,934395.0
2025-06-20 10:12:11.722201,788.55,533939.0,931436.0
2025-06-20 10:12:12.600984,788.55,533939.0,931436.0
2025-06-20 10:12:12.729185,788.55,536417.0,930934.0
2025-06-20 10:12:13.595580,788.55,536417.0,930934.0
2025-06-20 10:12:13.859733,788.55,536143.0,931590.0
2025-06-20 10:12:14.624490,788.5,536143.0,931590.0
2025-06-20 10:12:14.940674,788.55,537007.0,932262.0
2025-06-20 10:12:15.597048,788.55,537007.0,932262.0
2025-06-20 10:12:16.014925,788.5,537705.0,931382.0
2025-06-20 10:12:16.599089,788.5,537705.0,931382.0
2025-06-20 10:12:17.117045,788.55,537694.0,931877.0
2025-06-20 10:12:17.607146,788.55,537694.0,931877.0
2025-06-20 10:12:18.124077,788.55,535026.0,930921.0
2025-06-20 10:12:18.602943,788.55,535026.0,930921.0
2025-06-20 10:12:19.219601,788.55,532204.0,934159.0
2025-06-20 10:12:20.218801,788.5,533245.0,934570.0
2025-06-20 10:12:20.599911,788.55,533245.0,934570.0
2025-06-20 10:12:21.222845,788.55,533790.0,933822.0
2025-06-20 10:12:21.599405,788.75,533790.0,933822.0
2025-06-20 10:12:22.242191,788.45,536082.0,933352.0
2025-06-20 10:12:22.597338,788.4,536082.0,933352.0
2025-06-20 10:12:23.223481,788.45,536783.0,933349.0
2025-06-20 10:12:23.594191,788.45,536783.0,933349.0
2025-06-20 10:12:24.224954,788.4,532637.0,932274.0
2025-06-20 10:12:24.601531,788.6,532637.0,932274.0
2025-06-20 10:12:25.363998,788.6,534763.0,932135.0
2025-06-20 10:12:25.610500,788.5,534763.0,932135.0
2025-06-20 10:12:26.408393,788.5,536635.0,933830.0
2025-06-20 10:12:27.437789,788.5,533241.0,934278.0
2025-06-20 10:12:28.440757,788.35,535900.0,934948.0
2025-06-20 10:12:28.595663,788.35,535900.0,934948.0
2025-06-20 10:12:29.528106,788.5,533491.0,933808.0
2025-06-20 10:12:29.593164,788.5,533491.0,933808.0
2025-06-20 10:12:30.663740,788.5,537243.0,934790.0
2025-06-20 10:12:31.756088,788.5,537519.0,934793.0
2025-06-20 10:12:32.607283,788.35,537519.0,934793.0
2025-06-20 10:12:32.742238,788.35,535506.0,935213.0
2025-06-20 10:12:33.597463,788.35,535506.0,935213.0
2025-06-20 10:12:33.874597,788.4,535082.0,935336.0
2025-06-20 10:12:34.601183,788.35,535082.0,935336.0
2025-06-20 10:12:34.938167,788.35,531769.0,935637.0
2025-06-20 10:12:35.600855,788.35,531769.0,935637.0
2025-06-20 10:12:36.031550,788.35,535241.0,935514.0
2025-06-20 10:12:36.606183,788.35,535241.0,935514.0
2025-06-20 10:12:37.131493,788.4,538324.0,934236.0
2025-06-20 10:12:37.604714,788.4,538324.0,934236.0
2025-06-20 10:12:38.228864,788.4,537993.0,934593.0
2025-06-20 10:12:38.602832,788.5,537993.0,934593.0
2025-06-20 10:12:39.233241,788.55,534069.0,931703.0
2025-06-20 10:12:39.598280,788.55,534069.0,931703.0
2025-06-20 10:12:40.347642,788.55,534205.0,932079.0
2025-06-20 10:12:40.518131,788.55,534205.0,932079.0
2025-06-20 10:12:40.599608,788.55,534205.0,932079.0
2025-06-20 10:12:40.917036,788.55,534205.0,932079.0
2025-06-20 10:12:41.170145,788.55,534205.0,932079.0
2025-06-20 10:12:41.440635,788.55,534984.0,932131.0
2025-06-20 10:12:41.602405,788.55,534984.0,932131.0
2025-06-20 10:12:41.693373,788.55,534984.0,932131.0
2025-06-20 10:12:42.293029,788.55,534984.0,932131.0
2025-06-20 10:12:42.534999,788.5,537248.0,932642.0
2025-06-20 10:12:42.596762,788.5,537248.0,932642.0
2025-06-20 10:12:42.959944,788.5,537248.0,932642.0
2025-06-20 10:12:43.438000,788.5,537248.0,932642.0
2025-06-20 10:12:43.597719,788.55,537248.0,932642.0
2025-06-20 10:12:43.645347,788.55,537322.0,932639.0
2025-06-20 10:12:43.939071,788.55,537322.0,932639.0
2025-06-20 10:12:44.651571,788.55,537322.0,932639.0
2025-06-20 10:12:44.676475,788.5,537322.0,932639.0
2025-06-20 10:12:44.686498,788.5,534426.0,933844.0
2025-06-20 10:12:45.422189,788.5,534426.0,933844.0
2025-06-20 10:12:45.637136,788.5,534426.0,933844.0
2025-06-20 10:12:45.678896,788.5,535212.0,933661.0
2025-06-20 10:12:46.610381,788.45,535212.0,933661.0
2025-06-20 10:12:46.665652,788.45,535212.0,933661.0
2025-06-20 10:12:46.736305,788.45,535288.0,933479.0
2025-06-20 10:12:47.604442,788.5,535288.0,933479.0
2025-06-20 10:12:47.633631,788.5,535288.0,933479.0
2025-06-20 10:12:47.869986,788.5,535085.0,932698.0
2025-06-20 10:12:48.602272,788.5,535085.0,932698.0
2025-06-20 10:12:48.938220,788.45,535542.0,933466.0
2025-06-20 10:12:49.156236,788.45,535542.0,933466.0
2025-06-20 10:12:49.601804,788.45,535542.0,933466.0
2025-06-20 10:12:50.036355,788.45,539284.0,932491.0
2025-06-20 10:12:50.466917,788.45,539284.0,932491.0
2025-06-20 10:12:51.139964,788.7,533620.0,932087.0
2025-06-20 10:12:51.610390,788.7,533620.0,932087.0
2025-06-20 10:12:51.702247,788.7,533620.0,932087.0
2025-06-20 10:12:52.239299,788.6,535067.0,931864.0
2025-06-20 10:12:52.608889,788.65,535067.0,931864.0
2025-06-20 10:12:53.262211,788.65,535067.0,931864.0
2025-06-20 10:12:53.373009,788.65,537151.0,931413.0
2025-06-20 10:12:53.614983,788.7,537151.0,931413.0
2025-06-20 10:12:54.445867,788.65,538616.0,931317.0
2025-06-20 10:12:54.608638,788.65,538616.0,931317.0
2025-06-20 10:12:55.543917,788.6,538827.0,931337.0
2025-06-20 10:12:55.600926,788.6,538827.0,931337.0
2025-06-20 10:12:56.542503,788.65,542102.0,928443.0
2025-06-20 10:12:56.601696,788.65,542102.0,928443.0
2025-06-20 10:12:57.637428,788.7,542102.0,928443.0
2025-06-20 10:12:57.650119,788.7,542287.0,927039.0
2025-06-20 10:12:58.601287,788.65,542287.0,927039.0
2025-06-20 10:12:58.742859,788.65,543144.0,928662.0
2025-06-20 10:12:59.601594,788.6,543144.0,928662.0
2025-06-20 10:12:59.856320,788.6,528951.0,933541.0
2025-06-20 10:13:01.148259,788.6,535874.0,932751.0
2025-06-20 10:13:01.600421,788.5,535874.0,932751.0
2025-06-20 10:13:02.150838,788.5,535842.0,933026.0
2025-06-20 10:13:02.602931,788.7,535842.0,933026.0
2025-06-20 10:13:03.248046,788.5,534804.0,932438.0
2025-06-20 10:13:03.604223,788.5,534804.0,932438.0
2025-06-20 10:13:04.363992,788.5,536090.0,932248.0
2025-06-20 10:13:04.602026,788.6,536090.0,932248.0
2025-06-20 10:13:05.463125,788.55,534498.0,933672.0
2025-06-20 10:13:05.609173,788.55,534498.0,933672.0
2025-06-20 10:13:06.564071,788.55,534336.0,933545.0
2025-06-20 10:13:06.603191,788.6,534336.0,933545.0
2025-06-20 10:13:07.653245,788.6,534381.0,933624.0
2025-06-20 10:13:08.603472,788.8,534381.0,933624.0
2025-06-20 10:13:08.751350,788.8,528715.0,929665.0
2025-06-20 10:13:09.643342,788.65,528715.0,929665.0
2025-06-20 10:13:09.917487,788.65,530531.0,934038.0
2025-06-20 10:13:10.609129,788.7,530531.0,934038.0
2025-06-20 10:13:10.955546,788.7,529971.0,931071.0
2025-06-20 10:13:11.598020,788.6,529971.0,931071.0
2025-06-20 10:13:11.956749,788.6,530301.0,930498.0
2025-06-20 10:13:13.057474,788.6,532114.0,931669.0
2025-06-20 10:13:13.605453,788.6,532114.0,931669.0
2025-06-20 10:13:14.158999,788.65,531978.0,933661.0
2025-06-20 10:13:14.605278,788.6,531978.0,933661.0
2025-06-20 10:13:15.259264,788.75,530142.0,932522.0
2025-06-20 10:13:15.606184,788.75,530142.0,932522.0
2025-06-20 10:13:16.377003,788.65,531644.0,933291.0
2025-06-20 10:13:16.610739,788.65,531644.0,933291.0
2025-06-20 10:13:17.463735,788.75,537476.0,926742.0
2025-06-20 10:13:17.603220,788.75,537476.0,926742.0
2025-06-20 10:13:18.561500,788.75,536411.0,927965.0
2025-06-20 10:13:19.562187,788.65,539823.0,928672.0
2025-06-20 10:13:19.606838,788.65,539823.0,928672.0
2025-06-20 10:13:20.564856,788.65,531794.0,932103.0
2025-06-20 10:13:20.605317,788.65,531794.0,932103.0
2025-06-20 10:13:21.565855,788.65,530019.0,935368.0
2025-06-20 10:13:21.604187,788.65,530019.0,935368.0
2025-06-20 10:13:22.610552,788.65,530019.0,935368.0
2025-06-20 10:13:22.663181,788.65,530281.0,934897.0
2025-06-20 10:13:23.615440,788.5,530281.0,934897.0
2025-06-20 10:13:23.666194,788.5,527075.0,937246.0
2025-06-20 10:13:24.571550,788.5,520835.0,937779.0
2025-06-20 10:13:24.609272,788.5,520835.0,937779.0
2025-06-20 10:13:25.602273,788.55,520835.0,937779.0
2025-06-20 10:13:25.672843,788.6,527252.0,935360.0
2025-06-20 10:13:26.610462,788.5,527252.0,935360.0
2025-06-20 10:13:26.679015,788.5,534463.0,934024.0
2025-06-20 10:13:27.669268,788.55,534798.0,934414.0
2025-06-20 10:13:28.600408,788.5,534798.0,934414.0
2025-06-20 10:13:28.672791,788.5,537340.0,934265.0
2025-06-20 10:13:29.603925,788.5,537340.0,934265.0
2025-06-20 10:13:29.770814,788.5,534292.0,934504.0
2025-06-20 10:13:30.602930,788.55,534292.0,934504.0
2025-06-20 10:13:30.776173,788.5,534292.0,935548.0
2025-06-20 10:13:31.600640,788.55,534292.0,935548.0
2025-06-20 10:13:31.899994,788.55,534580.0,935364.0
2025-06-20 10:13:32.611338,788.5,534580.0,935364.0
2025-06-20 10:13:32.973024,788.5,534259.0,935386.0
2025-06-20 10:13:33.596736,788.5,534259.0,935386.0
2025-06-20 10:13:34.070134,788.5,534401.0,935318.0
2025-06-20 10:13:34.599959,788.5,534401.0,935318.0
2025-06-20 10:13:35.173295,788.5,534334.0,936208.0
2025-06-20 10:13:35.602377,788.5,534334.0,936208.0
2025-06-20 10:13:36.271733,788.5,538209.0,936280.0
2025-06-20 10:13:36.607631,788.8,538209.0,936280.0
2025-06-20 10:13:37.174682,788.75,529823.0,935614.0
2025-06-20 10:13:37.609724,788.6,529823.0,935614.0
2025-06-20 10:13:38.384023,788.55,534160.0,934987.0
2025-06-20 10:13:38.598042,788.6,534160.0,934987.0
2025-06-20 10:13:39.491686,788.55,534782.0,934674.0
2025-06-20 10:13:39.599153,788.55,534782.0,934674.0
2025-06-20 10:13:40.574141,788.55,537905.0,933534.0
2025-06-20 10:13:40.605927,788.55,537905.0,933534.0
2025-06-20 10:13:41.606920,788.55,537905.0,933534.0
2025-06-20 10:13:41.677486,788.55,539786.0,933047.0
2025-06-20 10:13:42.602212,788.55,539786.0,933047.0
2025-06-20 10:13:42.775828,788.75,538528.0,934332.0
2025-06-20 10:13:43.602094,788.75,538528.0,934332.0
2025-06-20 10:13:43.685648,788.55,533822.0,934588.0
2025-06-20 10:13:44.610583,788.5,533822.0,934588.0
2025-06-20 10:13:44.776201,788.5,537379.0,936049.0
2025-06-20 10:13:45.607704,788.6,537379.0,936049.0
2025-06-20 10:13:45.979658,788.6,538349.0,936517.0
2025-06-20 10:13:46.601676,788.5,538349.0,936517.0
2025-06-20 10:13:46.977621,788.75,531827.0,936936.0
2025-06-20 10:13:47.636150,788.7,531827.0,936936.0
2025-06-20 10:13:48.078403,788.6,533200.0,937299.0
2025-06-20 10:13:48.607500,788.6,533200.0,937299.0
2025-06-20 10:13:49.079386,788.6,533408.0,937584.0
2025-06-20 10:13:49.649299,788.5,533408.0,937584.0
2025-06-20 10:13:50.182941,788.5,533134.0,937576.0
2025-06-20 10:13:50.613724,788.6,533134.0,937576.0
2025-06-20 10:13:51.285123,788.6,530848.0,940873.0
2025-06-20 10:13:51.600766,788.6,530848.0,940873.0
2025-06-20 10:13:52.417054,788.6,532342.0,942059.0
2025-06-20 10:13:53.583122,788.6,533227.0,938400.0
2025-06-20 10:13:53.609456,788.6,533227.0,938400.0
2025-06-20 10:13:54.600509,788.6,533227.0,938400.0
2025-06-20 10:13:54.685883,788.6,531354.0,937910.0
2025-06-20 10:13:55.598377,788.6,531354.0,937910.0
2025-06-20 10:13:55.684110,788.6,532531.0,937258.0
2025-06-20 10:13:56.686766,788.6,532837.0,938261.0
2025-06-20 10:13:57.896899,788.55,532906.0,938206.0
2025-06-20 10:13:58.610050,788.55,532906.0,938206.0
2025-06-20 10:13:58.916131,788.6,533212.0,937913.0
2025-06-20 10:13:59.604523,788.4,533212.0,937913.0
2025-06-20 10:13:59.995287,788.45,536048.0,939117.0
2025-06-20 10:14:01.403139,788.35,536070.0,939760.0
2025-06-20 10:14:01.604249,788.4,536070.0,939760.0
2025-06-20 10:14:02.400160,788.35,536303.0,939661.0
2025-06-20 10:14:02.654577,788.35,536303.0,939661.0
2025-06-20 10:14:03.401557,788.35,533768.0,940078.0
2025-06-20 10:14:03.607664,788.35,533768.0,940078.0
2025-06-20 10:14:04.489703,788.35,534817.0,940133.0
2025-06-20 10:14:04.610038,788.35,534817.0,940133.0
2025-06-20 10:14:05.647911,788.4,537339.0,939945.0
2025-06-20 10:14:05.652065,788.4,537339.0,939945.0
2025-06-20 10:14:06.596080,788.35,537332.0,940159.0
2025-06-20 10:14:06.619528,788.35,537332.0,940159.0
2025-06-20 10:14:07.622706,788.3,537332.0,940159.0
2025-06-20 10:14:07.690835,788.3,535175.0,937829.0
2025-06-20 10:14:08.617002,788.6,535175.0,937829.0
2025-06-20 10:14:08.698009,788.6,533999.0,937944.0
2025-06-20 10:14:09.609366,788.5,533999.0,937944.0
2025-06-20 10:14:09.793140,788.55,538459.0,936319.0
2025-06-20 10:14:10.603980,788.55,538459.0,936319.0
2025-06-20 10:14:10.927792,788.6,538340.0,931905.0
2025-06-20 10:14:11.615716,788.8,538340.0,931905.0
2025-06-20 10:14:11.907628,788.8,536302.0,936440.0
2025-06-20 10:14:12.909231,788.55,537156.0,934834.0
2025-06-20 10:14:13.621945,788.75,537156.0,934834.0
2025-06-20 10:14:13.912968,788.75,538005.0,935744.0
2025-06-20 10:14:14.605816,788.55,538005.0,935744.0
2025-06-20 10:14:14.912578,788.55,540277.0,935357.0
2025-06-20 10:14:16.007474,788.6,540371.0,935314.0
2025-06-20 10:14:16.605383,788.95,540371.0,935314.0
2025-06-20 10:14:16.999360,788.8,538087.0,935472.0
2025-06-20 10:14:17.600534,788.65,538087.0,935472.0
2025-06-20 10:14:18.000180,788.55,539846.0,934450.0
2025-06-20 10:14:18.600774,788.65,539846.0,934450.0
2025-06-20 10:14:19.099516,788.65,539842.0,934558.0
2025-06-20 10:14:19.650057,788.5,539842.0,934558.0
2025-06-20 10:14:20.100113,788.5,538907.0,934954.0
2025-06-20 10:14:21.309376,788.5,538851.0,934474.0
2025-06-20 10:14:21.609590,788.5,538851.0,934474.0
2025-06-20 10:14:22.414016,788.55,540270.0,935693.0
2025-06-20 10:14:22.610971,788.55,540270.0,935693.0
2025-06-20 10:14:23.501965,788.55,541891.0,935507.0
2025-06-20 10:14:24.501880,788.55,542448.0,935287.0
2025-06-20 10:14:24.606280,788.55,542448.0,935287.0
2025-06-20 10:14:25.414297,788.55,538847.0,935103.0
2025-06-20 10:14:25.603708,788.6,538847.0,935103.0
2025-06-20 10:14:26.503003,788.6,537956.0,937718.0
2025-06-20 10:14:26.605644,788.6,537956.0,937718.0
2025-06-20 10:14:27.504351,788.45,542875.0,936387.0
2025-06-20 10:14:27.609939,788.45,542875.0,936387.0
2025-06-20 10:14:28.504101,788.45,538010.0,939024.0
2025-06-20 10:14:28.601531,788.45,538010.0,939024.0
2025-06-20 10:14:29.506353,788.4,537277.0,939074.0
2025-06-20 10:14:29.602981,788.4,537277.0,939074.0
2025-06-20 10:14:30.505514,788.4,538271.0,939015.0
2025-06-20 10:14:31.507055,788.4,538184.0,938882.0
2025-06-20 10:14:32.510311,788.35,541114.0,939067.0
2025-06-20 10:14:32.603020,788.35,541114.0,939067.0
2025-06-20 10:14:33.612111,788.35,541114.0,939067.0
2025-06-20 10:14:33.619884,788.35,541216.0,938607.0
2025-06-20 10:14:34.508961,788.65,537162.0,936755.0
2025-06-20 10:14:34.658533,788.65,537162.0,936755.0
2025-06-20 10:14:35.613944,788.35,537162.0,936755.0
2025-06-20 10:14:35.625665,788.35,538678.0,937324.0
2025-06-20 10:14:36.625566,788.5,538678.0,937324.0
2025-06-20 10:14:36.706240,788.5,540832.0,939153.0
2025-06-20 10:14:37.821656,788.4,541603.0,938901.0
2025-06-20 10:14:38.608415,788.4,541603.0,938901.0
2025-06-20 10:14:38.912364,788.4,541364.0,939284.0
2025-06-20 10:14:39.604043,788.35,541364.0,939284.0
2025-06-20 10:14:40.024033,788.35,541080.0,939949.0
2025-06-20 10:14:40.604253,788.3,541080.0,939949.0
2025-06-20 10:14:40.918647,788.3,542974.0,942247.0
2025-06-20 10:14:41.605185,788.25,542974.0,942247.0
2025-06-20 10:14:42.025707,788.25,533639.0,946078.0
2025-06-20 10:14:42.605106,788.3,533639.0,946078.0
2025-06-20 10:14:43.110778,788.3,536147.0,945698.0
2025-06-20 10:14:43.607784,788.25,536147.0,945698.0
2025-06-20 10:14:44.224739,788.2,538802.0,944788.0
2025-06-20 10:14:44.612253,788.3,538802.0,944788.0
2025-06-20 10:14:45.328829,788.3,539040.0,945319.0
2025-06-20 10:14:46.215251,788.3,538786.0,945519.0
2025-06-20 10:14:47.217379,788.3,538690.0,945533.0
2025-06-20 10:14:48.331692,788.3,539080.0,945452.0
2025-06-20 10:14:48.606626,788.2,539080.0,945452.0
2025-06-20 10:14:49.427027,788.2,539503.0,945472.0
2025-06-20 10:14:49.603944,788.2,539503.0,945472.0
2025-06-20 10:14:50.427930,788.3,539857.0,945225.0
2025-06-20 10:14:50.603675,788.3,539857.0,945225.0
2025-06-20 10:14:51.436525,788.3,539658.0,945408.0
2025-06-20 10:14:52.556578,788.2,539623.0,946821.0
2025-06-20 10:14:52.605991,788.2,539623.0,946821.0
2025-06-20 10:14:53.525948,788.2,539547.0,946583.0
2025-06-20 10:14:53.601329,788.2,539547.0,946583.0
2025-06-20 10:14:54.427616,788.45,534420.0,942267.0
2025-06-20 10:14:54.608126,788.45,534420.0,942267.0
2025-06-20 10:14:55.433909,788.75,533998.0,939043.0
2025-06-20 10:14:55.635176,788.85,533998.0,939043.0
2025-06-20 10:14:56.434483,788.7,535977.0,934840.0
2025-06-20 10:14:56.603932,788.7,535977.0,934840.0
2025-06-20 10:14:57.433970,788.85,533611.0,933821.0
2025-06-20 10:14:57.618896,788.85,533611.0,933821.0
2025-06-20 10:14:58.546457,788.7,536055.0,938421.0
2025-06-20 10:14:58.607607,788.7,536055.0,938421.0
2025-06-20 10:14:59.524932,788.7,536251.0,936404.0
2025-06-20 10:14:59.606185,788.7,536251.0,936404.0
2025-06-20 10:15:01.028754,788.8,536254.0,936246.0
2025-06-20 10:15:01.675242,788.75,536254.0,936246.0
2025-06-20 10:15:02.127262,788.7,540465.0,936986.0
2025-06-20 10:15:02.607309,788.8,540465.0,936986.0
2025-06-20 10:15:03.230791,788.75,538749.0,936982.0
2025-06-20 10:15:03.645747,788.75,538749.0,936982.0
2025-06-20 10:15:04.231991,788.75,542806.0,935879.0
2025-06-20 10:15:04.606237,788.75,542806.0,935879.0
2025-06-20 10:15:05.342518,788.7,543852.0,936220.0
2025-06-20 10:15:05.608580,788.7,543852.0,936220.0
2025-06-20 10:15:06.361133,788.95,542288.0,932233.0
2025-06-20 10:15:06.609742,788.75,542288.0,932233.0
2025-06-20 10:15:07.343351,788.85,545469.0,932292.0
2025-06-20 10:15:07.609592,788.95,545469.0,932292.0
2025-06-20 10:15:08.554363,788.95,546428.0,931649.0
2025-06-20 10:15:08.607459,788.9,546428.0,931649.0
2025-06-20 10:15:09.451042,788.9,546599.0,931804.0
2025-06-20 10:15:09.606498,788.9,546599.0,931804.0
2025-06-20 10:15:10.535073,788.9,545938.0,931768.0
2025-06-20 10:15:10.608448,788.9,545938.0,931768.0
2025-06-20 10:15:11.607039,788.9,545938.0,931768.0
2025-06-20 10:15:11.652591,788.9,548116.0,930117.0
2025-06-20 10:15:12.605331,788.95,548116.0,930117.0
2025-06-20 10:15:12.737294,788.95,548290.0,930154.0
2025-06-20 10:15:13.606225,788.95,548290.0,930154.0
2025-06-20 10:15:13.858921,788.95,545816.0,926792.0
2025-06-20 10:15:14.603501,788.9,545816.0,926792.0
2025-06-20 10:15:14.937538,788.9,548677.0,926652.0
2025-06-20 10:15:15.605532,788.9,548677.0,926652.0
2025-06-20 10:15:16.037098,788.9,548618.0,929074.0
2025-06-20 10:15:16.610367,788.9,548618.0,929074.0
2025-06-20 10:15:17.035846,788.9,548562.0,927995.0
2025-06-20 10:15:17.607603,789.1,548562.0,927995.0
2025-06-20 10:15:18.039033,788.95,552693.0,917907.0
2025-06-20 10:15:18.607526,789.0,552693.0,917907.0
2025-06-20 10:15:19.040715,789.0,552246.0,924206.0
2025-06-20 10:15:19.604797,789.0,552246.0,924206.0
2025-06-20 10:15:20.041897,789.05,547869.0,924512.0
2025-06-20 10:15:20.608109,788.95,547869.0,924512.0
2025-06-20 10:15:21.147828,788.95,550516.0,924853.0
2025-06-20 10:15:21.607364,788.95,550516.0,924853.0
2025-06-20 10:15:22.248102,789.0,551560.0,924794.0
2025-06-20 10:15:22.617820,789.05,551560.0,924794.0
2025-06-20 10:15:23.356902,789.0,553235.0,923638.0
2025-06-20 10:15:23.605308,789.0,553235.0,923638.0
2025-06-20 10:15:24.247115,789.0,552958.0,924265.0
2025-06-20 10:15:24.610941,789.0,552958.0,924265.0
2025-06-20 10:15:25.356888,789.05,552607.0,924218.0
2025-06-20 10:15:25.606471,789.0,552607.0,924218.0
2025-06-20 10:15:26.451264,789.2,554677.0,921360.0
2025-06-20 10:15:26.608265,789.15,554677.0,921360.0
2025-06-20 10:15:27.564889,789.2,552911.0,920817.0
2025-06-20 10:15:27.609344,789.2,552911.0,920817.0
2025-06-20 10:15:28.607611,789.15,552911.0,920817.0
2025-06-20 10:15:28.652340,789.15,550002.0,922248.0
2025-06-20 10:15:29.615235,789.35,550002.0,922248.0
2025-06-20 10:15:29.746879,789.35,557249.0,914628.0
2025-06-20 10:15:30.610667,789.45,557249.0,914628.0
2025-06-20 10:15:30.747136,789.45,555443.0,915602.0
2025-06-20 10:15:31.609285,789.45,555443.0,915602.0
2025-06-20 10:15:31.748122,789.45,558935.0,914071.0
2025-06-20 10:15:32.608478,789.45,558935.0,914071.0
2025-06-20 10:15:32.861926,789.45,559468.0,914920.0
2025-06-20 10:15:33.606001,789.45,559468.0,914920.0
2025-06-20 10:15:33.949702,789.45,559999.0,913954.0
2025-06-20 10:15:34.608307,789.6,559999.0,913954.0
2025-06-20 10:15:34.953520,789.6,558222.0,914517.0
2025-06-20 10:15:35.610907,789.6,558222.0,914517.0
2025-06-20 10:15:35.907622,789.6,558204.0,914360.0
2025-06-20 10:15:36.611220,789.6,558204.0,914360.0
2025-06-20 10:15:36.939912,789.6,558696.0,914228.0
2025-06-20 10:15:37.613963,789.6,558696.0,914228.0
2025-06-20 10:15:37.964454,789.45,560631.0,916358.0
2025-06-20 10:15:38.608476,789.5,560631.0,916358.0
2025-06-20 10:15:38.955374,789.55,562444.0,913849.0
2025-06-20 10:15:39.615673,789.55,562444.0,913849.0
2025-06-20 10:15:39.955502,789.55,562189.0,908078.0
2025-06-20 10:15:40.615882,789.55,562189.0,908078.0
2025-06-20 10:15:40.956917,789.6,562046.0,912829.0
2025-06-20 10:15:40.964460,789.6,562046.0,912829.0
2025-06-20 10:15:41.372951,789.6,562046.0,912829.0
2025-06-20 10:15:41.610483,789.6,562046.0,912829.0
2025-06-20 10:15:41.912927,789.6,562046.0,912829.0
2025-06-20 10:15:42.055995,789.7,563601.0,907932.0
2025-06-20 10:15:42.167206,789.7,563601.0,907932.0
2025-06-20 10:15:42.608150,789.7,563601.0,907932.0
2025-06-20 10:15:42.758855,789.7,563601.0,907932.0
2025-06-20 10:15:43.076205,789.7,563833.0,908737.0
2025-06-20 10:15:43.462098,789.7,563833.0,908737.0
2025-06-20 10:15:43.612291,789.6,563833.0,908737.0
2025-06-20 10:15:43.856680,789.6,563833.0,908737.0
2025-06-20 10:15:44.059333,789.65,560587.0,910330.0
2025-06-20 10:15:44.460744,789.65,560587.0,910330.0
2025-06-20 10:15:44.610693,789.55,560587.0,910330.0
2025-06-20 10:15:44.829043,789.55,560587.0,910330.0
2025-06-20 10:15:45.165183,789.65,562710.0,911170.0
2025-06-20 10:15:45.609127,789.55,562710.0,911170.0
2025-06-20 10:15:45.776870,789.55,562710.0,911170.0
2025-06-20 10:15:46.259252,789.6,564546.0,910184.0
2025-06-20 10:15:46.609869,789.6,564546.0,910184.0
2025-06-20 10:15:47.108600,789.6,564546.0,910184.0
2025-06-20 10:15:47.258406,789.65,563999.0,908026.0
2025-06-20 10:15:47.609681,789.65,563999.0,908026.0
2025-06-20 10:15:48.074082,789.65,563999.0,908026.0
2025-06-20 10:15:48.259288,789.7,567869.0,906972.0
2025-06-20 10:15:48.607952,789.7,567869.0,906972.0
2025-06-20 10:15:49.260570,789.65,570082.0,907536.0
2025-06-20 10:15:49.649773,789.65,570082.0,907536.0
2025-06-20 10:15:49.660407,789.7,570082.0,907536.0
2025-06-20 10:15:50.260657,789.7,563033.0,907557.0
2025-06-20 10:15:50.611613,789.65,563033.0,907557.0
2025-06-20 10:15:50.888379,789.65,563033.0,907557.0
2025-06-20 10:15:51.365977,789.85,564393.0,905350.0
2025-06-20 10:15:51.610560,789.85,564393.0,905350.0
2025-06-20 10:15:52.116407,789.85,564393.0,905350.0
2025-06-20 10:15:52.372562,790.0,563476.0,892101.0
2025-06-20 10:15:52.611561,789.9,563476.0,892101.0
2025-06-20 10:15:53.365506,789.7,560924.0,900065.0
2025-06-20 10:15:53.608684,789.6,560924.0,900065.0
2025-06-20 10:15:53.691072,789.6,560924.0,900065.0
2025-06-20 10:15:54.262616,789.5,562035.0,899667.0
2025-06-20 10:15:54.608845,789.6,562035.0,899667.0
2025-06-20 10:15:55.797210,789.75,564080.0,898509.0
2025-06-20 10:15:55.799036,789.75,564080.0,898509.0
2025-06-20 10:15:56.264820,789.75,566298.0,898446.0
2025-06-20 10:15:56.610499,789.65,566298.0,898446.0
2025-06-20 10:15:57.374839,789.65,565422.0,897838.0
2025-06-20 10:15:57.678546,789.65,565422.0,897838.0
2025-06-20 10:15:58.474188,789.65,564770.0,897997.0
2025-06-20 10:15:58.608478,789.6,564770.0,897997.0
2025-06-20 10:15:59.568289,789.6,561378.0,900188.0
2025-06-20 10:15:59.611934,789.55,561378.0,900188.0
2025-06-20 10:16:00.969596,789.65,559871.0,900457.0
2025-06-20 10:16:01.613616,789.65,559871.0,900457.0
2025-06-20 10:16:02.070751,789.65,561301.0,899928.0
2025-06-20 10:16:02.610032,789.6,561301.0,899928.0
2025-06-20 10:16:03.178712,789.75,559627.0,899008.0
2025-06-20 10:16:03.616620,789.85,559627.0,899008.0
2025-06-20 10:16:04.271698,789.75,561304.0,899784.0
2025-06-20 10:16:04.615596,789.8,561304.0,899784.0
2025-06-20 10:16:05.373326,789.8,559443.0,902895.0
2025-06-20 10:16:05.662364,789.75,559443.0,902895.0
2025-06-20 10:16:06.275443,789.75,561512.0,900063.0
2025-06-20 10:16:06.614621,789.75,561512.0,900063.0
2025-06-20 10:16:07.371207,789.8,563168.0,899003.0
2025-06-20 10:16:07.612324,789.8,563168.0,899003.0
2025-06-20 10:16:08.382671,789.8,561964.0,893994.0
2025-06-20 10:16:08.608484,789.75,561964.0,893994.0
2025-06-20 10:16:09.472986,789.7,561710.0,898459.0
2025-06-20 10:16:09.611501,789.7,561710.0,898459.0
2025-06-20 10:16:10.472798,789.7,561304.0,897166.0
2025-06-20 10:16:10.614913,789.7,561304.0,897166.0
2025-06-20 10:16:11.573860,789.9,561642.0,898100.0
2025-06-20 10:16:11.609021,789.9,561642.0,898100.0
2025-06-20 10:16:12.613314,789.9,561642.0,898100.0
2025-06-20 10:16:12.673404,789.9,560920.0,899556.0
2025-06-20 10:16:13.607718,789.7,560920.0,899556.0
2025-06-20 10:16:13.773300,789.7,556446.0,902226.0
2025-06-20 10:16:14.612605,789.7,556446.0,902226.0
2025-06-20 10:16:14.776530,789.75,556625.0,902981.0
2025-06-20 10:16:15.612047,789.7,556625.0,902981.0
2025-06-20 10:16:15.775264,789.7,556654.0,902418.0
2025-06-20 10:16:16.613226,789.9,556654.0,902418.0
2025-06-20 10:16:16.778275,789.9,558604.0,900218.0
2025-06-20 10:16:17.613666,789.7,558604.0,900218.0
2025-06-20 10:16:17.881860,789.7,559738.0,900309.0
2025-06-20 10:16:18.613636,789.7,559738.0,900309.0
2025-06-20 10:16:18.978215,789.6,559807.0,902267.0
2025-06-20 10:16:19.610721,789.7,559807.0,902267.0
2025-06-20 10:16:20.078360,789.7,561725.0,900755.0
2025-06-20 10:16:20.614211,789.6,561725.0,900755.0
2025-06-20 10:16:21.177307,789.6,561639.0,901264.0
2025-06-20 10:16:21.611730,789.6,561639.0,901264.0
2025-06-20 10:16:22.280094,789.7,561825.0,899523.0
2025-06-20 10:16:22.615228,789.7,561825.0,899523.0
2025-06-20 10:16:23.390316,789.95,558508.0,898455.0
2025-06-20 10:16:23.610837,789.9,558508.0,898455.0
2025-06-20 10:16:24.480321,789.75,558804.0,898612.0
2025-06-20 10:16:24.623149,789.75,558804.0,898612.0
2025-06-20 10:16:25.481792,789.8,558310.0,900402.0
2025-06-20 10:16:25.611114,789.8,558310.0,900402.0
2025-06-20 10:16:26.583963,789.55,558994.0,899774.0
2025-06-20 10:16:26.645085,789.55,558994.0,899774.0
2025-06-20 10:16:27.616704,789.8,558994.0,899774.0
2025-06-20 10:16:27.682631,789.65,560689.0,901520.0
2025-06-20 10:16:28.610040,789.6,560689.0,901520.0
2025-06-20 10:16:28.688979,789.6,561104.0,900825.0
2025-06-20 10:16:29.611875,789.55,561104.0,900825.0
2025-06-20 10:16:29.782691,789.55,564611.0,900721.0
2025-06-20 10:16:30.612804,789.6,564611.0,900721.0
2025-06-20 10:16:30.784782,789.6,540901.0,905159.0
2025-06-20 10:16:31.687755,789.6,553063.0,908069.0
2025-06-20 10:16:32.611466,789.6,553063.0,908069.0
2025-06-20 10:16:32.686803,789.6,556372.0,907118.0
2025-06-20 10:16:33.685641,789.6,554721.0,905412.0
2025-06-20 10:16:34.660682,789.6,554721.0,905412.0
2025-06-20 10:16:34.787602,789.55,554756.0,905215.0
2025-06-20 10:16:35.612709,789.55,554756.0,905215.0
2025-06-20 10:16:35.902219,789.55,553299.0,906473.0
2025-06-20 10:16:36.623999,789.55,553299.0,906473.0
2025-06-20 10:16:36.991167,789.55,553359.0,906530.0
2025-06-20 10:16:37.617452,789.55,553359.0,906530.0
2025-06-20 10:16:37.992019,789.55,553489.0,906713.0
2025-06-20 10:16:39.090367,789.55,554187.0,906181.0
2025-06-20 10:16:39.649252,789.55,554187.0,906181.0
2025-06-20 10:16:40.191094,789.55,553444.0,906503.0
2025-06-20 10:16:40.611949,789.55,553444.0,906503.0
2025-06-20 10:16:41.192186,789.5,554057.0,909302.0
2025-06-20 10:16:41.616071,789.55,554057.0,909302.0
2025-06-20 10:16:42.192094,789.55,554577.0,908879.0
2025-06-20 10:16:42.615915,789.55,554577.0,908879.0
2025-06-20 10:16:43.194958,789.5,556116.0,907160.0
2025-06-20 10:16:43.615426,789.55,556116.0,907160.0
2025-06-20 10:16:44.193504,789.55,555695.0,906287.0
2025-06-20 10:16:44.665347,789.55,555695.0,906287.0
2025-06-20 10:16:45.194539,789.55,557269.0,906206.0
2025-06-20 10:16:45.616691,789.55,557269.0,906206.0
2025-06-20 10:16:46.195095,789.55,556722.0,906543.0
2025-06-20 10:16:46.615319,789.55,556722.0,906543.0
2025-06-20 10:16:47.195653,789.5,556443.0,907334.0
2025-06-20 10:16:47.618387,789.5,556443.0,907334.0
2025-06-20 10:16:48.195282,789.5,557408.0,907560.0
2025-06-20 10:16:48.617975,789.45,557408.0,907560.0
2025-06-20 10:16:49.202308,789.45,555737.0,907683.0
2025-06-20 10:16:49.614953,789.45,555737.0,907683.0
2025-06-20 10:16:50.199171,789.45,556533.0,907594.0
2025-06-20 10:16:50.612729,789.45,556533.0,907594.0
2025-06-20 10:16:51.304340,789.45,557244.0,907531.0
2025-06-20 10:16:51.615279,789.45,557244.0,907531.0
2025-06-20 10:16:52.306746,789.45,557451.0,907588.0
2025-06-20 10:16:52.615622,789.45,557451.0,907588.0
2025-06-20 10:16:53.306130,789.45,559046.0,909993.0
2025-06-20 10:16:53.613117,789.45,559046.0,909993.0
2025-06-20 10:16:54.311134,789.35,559227.0,911509.0
2025-06-20 10:16:54.672620,789.35,559227.0,911509.0
2025-06-20 10:16:55.329313,789.45,560139.0,910491.0
2025-06-20 10:16:55.615505,789.35,560139.0,910491.0
2025-06-20 10:16:56.451327,789.45,556998.0,909764.0
2025-06-20 10:16:56.613090,789.35,556998.0,909764.0
2025-06-20 10:16:57.506019,789.35,558455.0,909248.0
2025-06-20 10:16:57.660561,789.35,558455.0,909248.0
2025-06-20 10:16:58.506669,789.35,560851.0,909003.0
2025-06-20 10:16:59.605881,789.35,561938.0,908499.0
2025-06-20 10:16:59.619199,789.35,561938.0,908499.0
2025-06-20 10:17:01.515402,789.3,562427.0,908592.0
2025-06-20 10:17:01.617202,789.3,562427.0,908592.0
2025-06-20 10:17:02.507867,789.3,559720.0,908605.0
2025-06-20 10:17:02.619164,789.3,559720.0,908605.0
2025-06-20 10:17:03.511332,789.45,558607.0,911959.0
2025-06-20 10:17:03.614574,789.45,558607.0,911959.0
2025-06-20 10:17:04.507889,789.3,563718.0,912046.0
2025-06-20 10:17:04.619282,789.3,563718.0,912046.0
2025-06-20 10:17:05.511242,789.4,564380.0,908440.0
2025-06-20 10:17:05.616626,789.4,564380.0,908440.0
2025-06-20 10:17:06.520052,789.35,563451.0,907934.0
2025-06-20 10:17:06.619611,789.35,563451.0,907934.0
2025-06-20 10:17:07.510943,789.5,562757.0,908478.0
2025-06-20 10:17:07.619099,789.4,562757.0,908478.0
2025-06-20 10:17:08.511132,789.35,562709.0,908218.0
2025-06-20 10:17:08.630009,789.4,562709.0,908218.0
2025-06-20 10:17:09.511886,789.35,562740.0,908285.0
2025-06-20 10:17:09.630449,789.35,562740.0,908285.0
2025-06-20 10:17:10.627175,789.35,562740.0,908285.0
2025-06-20 10:17:11.426416,789.35,562938.0,908327.0
2025-06-20 10:17:11.623831,789.35,562938.0,908327.0
2025-06-20 10:17:12.423816,789.35,561596.0,909314.0
2025-06-20 10:17:12.628334,789.3,561596.0,909314.0
2025-06-20 10:17:13.424008,789.3,561478.0,910353.0
2025-06-20 10:17:13.619329,789.25,561478.0,910353.0
2025-06-20 10:17:14.498113,789.25,560918.0,911137.0
2025-06-20 10:17:14.638486,789.25,560918.0,911137.0
2025-06-20 10:17:15.321559,789.3,560932.0,911280.0
2025-06-20 10:17:15.618557,789.25,560932.0,911280.0
2025-06-20 10:17:16.216307,789.25,560797.0,910452.0
2025-06-20 10:17:16.616948,789.5,560797.0,910452.0
2025-06-20 10:17:17.329348,789.25,561172.0,910293.0
2025-06-20 10:17:17.631483,789.3,561172.0,910293.0
2025-06-20 10:17:18.218578,789.3,563363.0,908206.0
2025-06-20 10:17:18.622838,789.5,563363.0,908206.0
2025-06-20 10:17:19.216261,789.35,563866.0,908327.0
2025-06-20 10:17:19.623556,789.35,563866.0,908327.0
2025-06-20 10:17:20.219485,789.5,563721.0,908579.0
2025-06-20 10:17:20.623568,789.5,563721.0,908579.0
2025-06-20 10:17:21.131157,789.4,564316.0,909036.0
2025-06-20 10:17:21.616645,789.35,564316.0,909036.0
2025-06-20 10:17:22.023737,789.35,564399.0,909100.0
2025-06-20 10:17:22.619902,789.35,564399.0,909100.0
2025-06-20 10:17:23.021125,789.35,564304.0,909345.0
2025-06-20 10:17:23.624519,789.4,564304.0,909345.0
2025-06-20 10:17:24.022081,789.4,562850.0,908977.0
2025-06-20 10:17:24.620781,789.35,562850.0,908977.0
2025-06-20 10:17:25.021164,789.35,561719.0,909351.0
2025-06-20 10:17:25.629446,789.3,561719.0,909351.0
2025-06-20 10:17:26.153275,789.35,561630.0,910692.0
2025-06-20 10:17:26.629589,789.3,561630.0,910692.0
2025-06-20 10:17:26.948476,789.3,561512.0,911849.0
2025-06-20 10:17:27.623973,789.5,561512.0,911849.0
2025-06-20 10:17:27.928368,789.5,559208.0,909705.0
2025-06-20 10:17:28.616412,789.5,559208.0,909705.0
2025-06-20 10:17:28.931254,789.5,563759.0,909298.0
2025-06-20 10:17:29.622691,789.35,563759.0,909298.0
2025-06-20 10:17:29.931138,789.35,565062.0,908437.0
2025-06-20 10:17:30.619803,789.4,565062.0,908437.0
2025-06-20 10:17:30.937326,789.4,566466.0,908391.0
2025-06-20 10:17:31.628268,789.35,566466.0,908391.0
2025-06-20 10:17:31.929245,789.35,565939.0,908992.0
2025-06-20 10:17:32.617012,789.4,565939.0,908992.0
2025-06-20 10:17:33.061045,789.35,564316.0,909005.0
2025-06-20 10:17:33.641640,789.5,564316.0,909005.0
2025-06-20 10:17:33.869771,789.5,566690.0,908877.0
2025-06-20 10:17:34.635025,789.4,566690.0,908877.0
2025-06-20 10:17:34.840310,789.4,566619.0,908894.0
2025-06-20 10:17:35.619949,789.4,566619.0,908894.0
2025-06-20 10:17:35.839662,789.4,562318.0,911327.0
2025-06-20 10:17:36.619795,789.4,562318.0,911327.0
2025-06-20 10:17:37.005546,789.4,563026.0,910266.0
2025-06-20 10:17:37.618866,789.35,563026.0,910266.0
2025-06-20 10:17:37.842013,789.35,562610.0,910139.0
2025-06-20 10:17:38.646200,789.35,562610.0,910139.0
2025-06-20 10:17:38.727826,789.35,564384.0,910098.0
2025-06-20 10:17:39.626551,789.4,564384.0,910098.0
2025-06-20 10:17:39.731107,789.4,563320.0,909775.0
2025-06-20 10:17:40.628417,789.4,563320.0,909775.0
2025-06-20 10:17:40.731036,789.4,563188.0,909926.0
2025-06-20 10:17:41.627397,789.45,563188.0,909926.0
2025-06-20 10:17:41.648268,789.45,566427.0,907938.0
2025-06-20 10:17:42.622924,789.5,566427.0,907938.0
2025-06-20 10:17:42.664657,789.5,566189.0,908749.0
2025-06-20 10:17:43.532747,789.45,564352.0,908676.0
2025-06-20 10:17:43.693072,789.45,564352.0,908676.0
2025-06-20 10:17:44.534023,789.45,569183.0,906375.0
2025-06-20 10:17:44.619726,789.45,569183.0,906375.0
2025-06-20 10:17:45.534763,789.5,568229.0,903614.0
2025-06-20 10:17:45.627495,789.5,568229.0,903614.0
2025-06-20 10:17:46.533465,789.6,567946.0,903542.0
2025-06-20 10:17:46.620894,789.6,567946.0,903542.0
2025-06-20 10:17:47.535896,789.6,567096.0,903864.0
2025-06-20 10:17:48.535147,789.6,567409.0,904014.0
2025-06-20 10:17:49.535200,789.5,567464.0,904254.0
2025-06-20 10:17:49.625303,789.5,567464.0,904254.0
2025-06-20 10:17:50.535674,789.7,564636.0,905777.0
2025-06-20 10:17:50.626220,789.7,564636.0,905777.0
2025-06-20 10:17:51.536001,789.6,563894.0,907483.0
2025-06-20 10:17:51.626938,789.6,563894.0,907483.0
2025-06-20 10:17:52.535553,789.6,565343.0,907370.0
2025-06-20 10:17:52.624649,789.5,565343.0,907370.0
2025-06-20 10:17:53.536424,789.5,563954.0,907569.0
2025-06-20 10:17:54.544046,789.45,563967.0,907395.0
2025-06-20 10:17:54.621979,789.45,563967.0,907395.0
2025-06-20 10:17:55.539343,789.45,565355.0,907072.0
2025-06-20 10:17:56.549439,789.45,565355.0,907065.0
2025-06-20 10:17:57.472007,789.6,563857.0,907369.0
2025-06-20 10:17:57.624557,789.4,563857.0,907369.0
2025-06-20 10:17:58.624592,789.4,563857.0,907369.0
2025-06-20 10:17:59.623629,789.4,563857.0,907369.0
2025-06-20 10:17:59.739261,789.4,568940.0,908412.0
2025-06-20 10:18:01.623916,789.7,568940.0,908412.0
2025-06-20 10:18:01.646887,789.7,568003.0,905834.0
2025-06-20 10:18:02.544688,789.45,569560.0,905706.0
2025-06-20 10:18:02.628283,789.45,569560.0,905706.0
2025-06-20 10:18:03.543295,789.5,572416.0,902955.0
2025-06-20 10:18:03.624911,789.5,572416.0,902955.0
2025-06-20 10:18:04.455759,789.55,570365.0,901493.0
2025-06-20 10:18:04.623795,789.55,570365.0,901493.0
2025-06-20 10:18:05.548030,789.55,574082.0,901610.0
2025-06-20 10:18:05.625457,789.55,574082.0,901610.0
2025-06-20 10:18:06.459769,789.55,573743.0,901747.0
2025-06-20 10:18:07.445806,789.55,574039.0,901788.0
2025-06-20 10:18:08.373277,789.55,574030.0,901914.0
2025-06-20 10:18:08.624299,789.65,574030.0,901914.0
2025-06-20 10:18:09.374073,789.55,573691.0,901580.0
2025-06-20 10:18:09.624233,789.55,573691.0,901580.0
2025-06-20 10:18:10.249282,789.55,573736.0,902320.0
2025-06-20 10:18:10.625026,789.55,573736.0,902320.0
2025-06-20 10:18:11.253303,789.55,570333.0,904012.0
2025-06-20 10:18:11.625912,789.55,570333.0,904012.0
2025-06-20 10:18:12.251011,789.55,570648.0,903441.0
2025-06-20 10:18:12.622790,789.55,570648.0,903441.0
2025-06-20 10:18:13.249674,789.55,570701.0,903441.0
2025-06-20 10:18:13.625900,789.55,570701.0,903441.0
2025-06-20 10:18:14.250935,789.6,569334.0,900958.0
2025-06-20 10:18:14.676538,789.75,569334.0,900958.0
2025-06-20 10:18:15.253249,789.75,568354.0,901670.0
2025-06-20 10:18:15.622524,789.8,568354.0,901670.0
2025-06-20 10:18:16.252478,789.8,571082.0,897914.0
2025-06-20 10:18:16.623419,789.8,571082.0,897914.0
2025-06-20 10:18:17.255982,789.8,570546.0,901136.0
2025-06-20 10:18:17.625412,789.8,570546.0,901136.0
2025-06-20 10:18:18.254173,789.8,572643.0,900473.0
2025-06-20 10:18:18.629821,789.85,572643.0,900473.0
2025-06-20 10:18:19.256329,789.8,570039.0,901084.0
2025-06-20 10:18:19.627514,789.8,570039.0,901084.0
2025-06-20 10:18:20.256282,789.8,570050.0,900907.0
2025-06-20 10:18:20.626873,789.8,570050.0,900907.0
2025-06-20 10:18:21.159499,789.75,562726.0,906153.0
2025-06-20 10:18:21.624948,789.75,562726.0,906153.0
2025-06-20 10:18:22.157204,789.7,556888.0,907214.0
2025-06-20 10:18:22.625775,789.7,556888.0,907214.0
2025-06-20 10:18:23.157900,789.55,559161.0,909594.0
2025-06-20 10:18:23.625217,789.55,559161.0,909594.0
2025-06-20 10:18:24.157757,789.55,560971.0,910217.0
2025-06-20 10:18:24.625993,789.45,560971.0,910217.0
2025-06-20 10:18:25.157911,789.65,563103.0,906400.0
2025-06-20 10:18:25.632467,789.45,563103.0,906400.0
2025-06-20 10:18:26.159328,789.45,565260.0,907535.0
2025-06-20 10:18:26.656644,789.45,565260.0,907535.0
2025-06-20 10:18:27.158267,789.4,567205.0,907715.0
2025-06-20 10:18:27.626047,789.4,567205.0,907715.0
2025-06-20 10:18:28.158700,789.7,560167.0,907697.0
2025-06-20 10:18:28.627694,789.4,560167.0,907697.0
2025-06-20 10:18:29.058976,789.3,555667.0,910613.0
2025-06-20 10:18:29.624247,789.3,555667.0,910613.0
2025-06-20 10:18:30.059372,789.3,559859.0,910368.0
2025-06-20 10:18:30.625014,789.4,559859.0,910368.0
2025-06-20 10:18:31.062641,789.4,565438.0,911088.0
2025-06-20 10:18:31.632260,789.35,565438.0,911088.0
2025-06-20 10:18:32.061674,789.3,565468.0,911366.0
2025-06-20 10:18:32.628808,789.3,565468.0,911366.0
2025-06-20 10:18:33.060775,789.35,566184.0,910944.0
2025-06-20 10:18:33.626616,789.3,566184.0,910944.0
2025-06-20 10:18:34.061592,789.3,566135.0,911279.0
2025-06-20 10:18:34.634838,789.3,566135.0,911279.0
2025-06-20 10:18:34.962619,789.3,565784.0,911280.0
2025-06-20 10:18:35.628565,789.3,565784.0,911280.0
2025-06-20 10:18:35.961467,789.35,564607.0,911315.0
2025-06-20 10:18:36.627727,789.35,564607.0,911315.0
2025-06-20 10:18:36.963719,789.35,561158.0,910330.0
2025-06-20 10:18:37.627020,789.45,561158.0,910330.0
2025-06-20 10:18:37.963065,789.45,562940.0,909003.0
2025-06-20 10:18:38.965493,789.45,566105.0,909986.0
2025-06-20 10:18:39.628065,789.3,566105.0,909986.0
2025-06-20 10:18:39.967364,789.3,562915.0,911824.0
2025-06-20 10:18:40.632565,789.3,562915.0,911824.0
2025-06-20 10:18:40.966785,789.3,563094.0,911426.0
2025-06-20 10:18:41.583662,789.3,563094.0,911426.0
2025-06-20 10:18:41.626415,789.3,563094.0,911426.0
2025-06-20 10:18:41.673139,789.3,563094.0,911426.0
2025-06-20 10:18:41.976881,789.3,562953.0,911410.0
2025-06-20 10:18:42.125172,789.3,562953.0,911410.0
2025-06-20 10:18:42.680742,789.3,562953.0,911410.0
2025-06-20 10:18:42.731705,789.3,562953.0,911410.0
2025-06-20 10:18:42.976170,789.35,565526.0,910804.0
2025-06-20 10:18:43.308314,789.35,565526.0,910804.0
2025-06-20 10:18:43.627651,789.3,565526.0,910804.0
2025-06-20 10:18:43.947549,789.3,565526.0,910804.0
2025-06-20 10:18:43.971691,789.45,562852.0,909881.0
2025-06-20 10:18:44.436398,789.45,562852.0,909881.0
2025-06-20 10:18:44.697440,789.3,562852.0,909881.0
2025-06-20 10:18:45.019358,789.3,562852.0,909881.0
2025-06-20 10:18:45.031955,789.3,565506.0,912007.0
2025-06-20 10:18:45.431858,789.3,565506.0,912007.0
2025-06-20 10:18:45.644916,789.35,565506.0,912007.0
2025-06-20 10:18:45.875594,789.35,565472.0,912146.0
2025-06-20 10:18:46.390517,789.35,565472.0,912146.0
2025-06-20 10:18:46.878200,789.35,565430.0,912097.0
2025-06-20 10:18:47.625884,789.45,565430.0,912097.0
2025-06-20 10:18:47.682832,789.45,565430.0,912097.0
2025-06-20 10:18:47.876147,789.5,562350.0,910797.0
2025-06-20 10:18:48.629107,789.45,562350.0,910797.0
2025-06-20 10:18:48.682409,789.45,562350.0,910797.0
2025-06-20 10:18:48.885312,789.45,563398.0,910950.0
2025-06-20 10:18:49.654779,789.4,563398.0,910950.0
2025-06-20 10:18:49.900649,789.45,560045.0,917086.0
2025-06-20 10:18:50.190951,789.45,560045.0,917086.0
2025-06-20 10:18:50.632150,789.45,560045.0,917086.0
2025-06-20 10:18:50.872688,789.45,562264.0,916656.0
2025-06-20 10:18:51.459338,789.45,562264.0,916656.0
2025-06-20 10:18:51.879437,789.45,563324.0,913892.0
2025-06-20 10:18:52.719907,789.45,563324.0,913892.0
2025-06-20 10:18:52.773893,789.45,563972.0,913768.0
2025-06-20 10:18:53.639391,789.75,563972.0,913768.0
2025-06-20 10:18:53.772945,789.75,561366.0,912955.0
2025-06-20 10:18:54.436144,789.75,561366.0,912955.0
2025-06-20 10:18:54.654164,789.5,561366.0,912955.0
2025-06-20 10:18:54.774813,789.5,563679.0,915922.0
2025-06-20 10:18:55.644293,789.55,563679.0,915922.0
2025-06-20 10:18:55.773925,789.55,562291.0,913693.0
2025-06-20 10:18:56.628099,789.55,562291.0,913693.0
2025-06-20 10:18:56.776155,789.6,565456.0,913614.0
2025-06-20 10:18:57.636487,789.6,565456.0,913614.0
2025-06-20 10:18:57.774605,789.6,563614.0,915290.0
2025-06-20 10:18:58.673845,789.6,564130.0,915282.0
2025-06-20 10:18:59.643401,789.55,564130.0,915282.0
2025-06-20 10:18:59.681612,789.55,563946.0,915376.0
2025-06-20 10:19:01.076329,789.55,566814.0,914857.0
2025-06-20 10:19:01.640645,789.5,566814.0,914857.0
2025-06-20 10:19:02.177164,789.5,567158.0,915005.0
2025-06-20 10:19:02.638013,789.5,567158.0,915005.0
2025-06-20 10:19:03.276821,789.55,567167.0,914956.0
2025-06-20 10:19:03.637869,789.45,567167.0,914956.0
2025-06-20 10:19:04.404841,789.45,565132.0,918601.0
2025-06-20 10:19:04.640064,789.45,565132.0,918601.0
2025-06-20 10:19:05.392555,789.45,565743.0,917179.0
2025-06-20 10:19:05.650085,789.45,565743.0,917179.0
2025-06-20 10:19:06.478983,789.45,565676.0,916065.0
2025-06-20 10:19:06.633412,789.45,565676.0,916065.0
2025-06-20 10:19:07.583393,789.6,560508.0,913998.0
2025-06-20 10:19:07.632684,789.6,560508.0,913998.0
2025-06-20 10:19:08.628280,789.6,560508.0,913998.0
2025-06-20 10:19:08.679250,789.6,564778.0,914680.0
2025-06-20 10:19:09.630510,789.6,564778.0,914680.0
2025-06-20 10:19:09.680468,789.6,563875.0,914687.0
2025-06-20 10:19:10.670028,789.6,563875.0,914687.0
2025-06-20 10:19:10.680815,789.6,564356.0,914713.0
2025-06-20 10:19:11.640877,789.75,564356.0,914713.0
2025-06-20 10:19:11.780048,789.75,564001.0,913913.0
2025-06-20 10:19:12.628435,789.55,564001.0,913913.0
2025-06-20 10:19:12.888340,789.55,564347.0,914339.0
2025-06-20 10:19:13.643627,789.6,564347.0,914339.0
2025-06-20 10:19:13.982599,789.6,565909.0,915213.0
2025-06-20 10:19:14.645312,789.7,565909.0,915213.0
2025-06-20 10:19:15.082704,789.75,564069.0,912894.0
2025-06-20 10:19:15.661733,789.65,564069.0,912894.0
2025-06-20 10:19:16.188687,789.6,566846.0,914712.0
2025-06-20 10:19:17.296126,789.65,565259.0,914919.0
2025-06-20 10:19:17.657832,789.55,565259.0,914919.0
2025-06-20 10:19:18.401241,789.65,569410.0,912878.0
2025-06-20 10:19:18.739009,789.6,569410.0,912878.0
2025-06-20 10:19:19.487679,789.6,569767.0,912888.0
2025-06-20 10:19:19.632045,789.6,569767.0,912888.0
2025-06-20 10:19:20.588253,789.65,569895.0,912766.0
2025-06-20 10:19:20.671027,789.65,569895.0,912766.0
2025-06-20 10:19:21.684111,789.65,569895.0,912766.0
2025-06-20 10:19:21.692559,789.65,568741.0,912910.0
2025-06-20 10:19:22.681506,789.6,568741.0,912910.0
2025-06-20 10:19:22.789182,789.65,567896.0,913289.0
2025-06-20 10:19:23.644760,789.8,567896.0,913289.0
2025-06-20 10:19:23.916463,789.65,569425.0,912589.0
2025-06-20 10:19:24.886235,789.6,569425.0,912589.0
2025-06-20 10:19:24.991711,789.55,570336.0,913142.0
2025-06-20 10:19:25.693332,789.55,570336.0,913142.0
2025-06-20 10:19:26.093770,789.55,570027.0,915082.0
2025-06-20 10:19:26.670737,789.55,570027.0,915082.0
2025-06-20 10:19:27.193856,789.6,569694.0,914973.0
2025-06-20 10:19:27.692689,789.6,569694.0,914973.0
2025-06-20 10:19:28.294811,789.55,569515.0,914465.0
2025-06-20 10:19:28.685719,789.55,569515.0,914465.0
2025-06-20 10:19:29.409955,789.55,569138.0,914149.0
2025-06-20 10:19:29.877462,789.55,569138.0,914149.0
2025-06-20 10:19:30.496565,789.55,568957.0,914262.0
2025-06-20 10:19:30.639561,789.55,568957.0,914262.0
2025-06-20 10:19:31.597685,789.55,569174.0,913510.0
2025-06-20 10:19:31.669245,789.55,569174.0,913510.0
2025-06-20 10:19:32.652837,789.6,569174.0,913510.0
2025-06-20 10:19:32.698356,789.6,569067.0,915010.0
2025-06-20 10:19:33.695483,789.6,569067.0,915010.0
2025-06-20 10:19:33.798990,789.6,568953.0,914784.0
2025-06-20 10:19:34.638611,789.55,568953.0,914784.0
2025-06-20 10:19:34.935024,789.55,568917.0,915128.0
2025-06-20 10:19:35.643535,789.55,568917.0,915128.0
2025-06-20 10:19:35.803308,789.6,569150.0,914519.0
2025-06-20 10:19:36.648722,789.55,569150.0,914519.0
2025-06-20 10:19:37.002741,789.55,568897.0,914631.0
2025-06-20 10:19:37.702879,789.6,568897.0,914631.0
2025-06-20 10:19:38.101019,789.6,568599.0,915365.0
2025-06-20 10:19:38.635133,789.5,568599.0,915365.0
2025-06-20 10:19:39.207170,789.55,569344.0,916772.0
2025-06-20 10:19:39.636785,789.5,569344.0,916772.0
2025-06-20 10:19:40.309766,789.5,567267.0,918513.0
2025-06-20 10:19:40.907630,789.5,567267.0,918513.0
2025-06-20 10:19:41.323145,789.55,568915.0,916102.0
2025-06-20 10:19:41.677867,789.55,568915.0,916102.0
2025-06-20 10:19:42.306503,789.75,564187.0,913718.0
2025-06-20 10:19:42.643659,789.5,564187.0,913718.0
2025-06-20 10:19:43.414021,789.5,562232.0,917064.0
2025-06-20 10:19:44.508277,789.6,562361.0,916887.0
2025-06-20 10:19:44.633253,789.6,562361.0,916887.0
2025-06-20 10:19:45.611108,789.5,564244.0,916864.0
2025-06-20 10:19:45.635752,789.5,564244.0,916864.0
2025-06-20 10:19:46.710523,789.5,566304.0,918667.0
2025-06-20 10:19:47.638927,789.45,566304.0,918667.0
2025-06-20 10:19:47.723826,789.5,566282.0,918384.0
2025-06-20 10:19:48.641783,789.45,566282.0,918384.0
2025-06-20 10:19:48.829302,789.45,565119.0,918979.0
2025-06-20 10:19:49.637475,789.45,565119.0,918979.0
2025-06-20 10:19:49.928453,789.45,564248.0,918993.0
2025-06-20 10:19:50.639590,789.5,564248.0,918993.0
2025-06-20 10:19:51.019408,789.5,564505.0,918609.0
2025-06-20 10:19:51.641198,789.45,564505.0,918609.0
2025-06-20 10:19:52.122650,789.4,562482.0,923295.0
2025-06-20 10:19:52.699538,789.5,562482.0,923295.0
2025-06-20 10:19:53.120953,789.5,563804.0,919575.0
2025-06-20 10:19:53.636545,789.4,563804.0,919575.0
2025-06-20 10:19:54.221889,789.4,563946.0,920301.0
2025-06-20 10:19:54.646183,789.45,563946.0,920301.0
2025-06-20 10:19:55.324523,789.4,563966.0,920348.0
2025-06-20 10:19:55.640244,789.45,563966.0,920348.0
2025-06-20 10:19:56.434701,789.4,565386.0,919673.0
2025-06-20 10:19:56.635697,789.45,565386.0,919673.0
2025-06-20 10:19:57.525568,789.4,565772.0,920486.0
2025-06-20 10:19:57.641306,789.4,565772.0,920486.0
2025-06-20 10:19:58.626912,789.4,567762.0,920633.0
2025-06-20 10:19:58.634448,789.4,567762.0,920633.0
2025-06-20 10:19:59.627409,789.3,568525.0,920680.0
2025-06-20 10:19:59.637033,789.3,568525.0,920680.0
2025-06-20 10:20:00.673645,789.5,568525.0,920680.0
2025-06-20 10:20:01.631577,789.75,568180.0,911395.0
2025-06-20 10:20:01.681075,789.75,568180.0,911395.0
2025-06-20 10:20:02.531054,789.7,569846.0,909443.0
2025-06-20 10:20:02.642934,789.7,569846.0,909443.0
2025-06-20 10:20:03.532239,789.7,570614.0,909494.0
2025-06-20 10:20:03.669423,789.7,570614.0,909494.0
2025-06-20 10:20:04.532990,789.75,574874.0,909826.0
2025-06-20 10:20:04.639672,789.75,574874.0,909826.0
2025-06-20 10:20:05.535099,789.7,574764.0,910354.0
2025-06-20 10:20:05.673257,789.7,574764.0,910354.0
2025-06-20 10:20:06.434210,789.7,573242.0,909046.0
2025-06-20 10:20:06.640379,789.7,573242.0,909046.0
2025-06-20 10:20:07.441054,789.7,573720.0,909235.0
2025-06-20 10:20:07.678983,789.85,573720.0,909235.0
2025-06-20 10:20:08.342114,789.85,574991.0,906456.0
2025-06-20 10:20:08.643283,789.85,574991.0,906456.0
2025-06-20 10:20:09.262851,789.7,574946.0,906151.0
2025-06-20 10:20:09.639975,789.7,574946.0,906151.0
2025-06-20 10:20:10.137372,789.7,574747.0,906383.0
2025-06-20 10:20:10.640577,789.75,574747.0,906383.0
2025-06-20 10:20:11.221962,789.9,576338.0,905621.0
2025-06-20 10:20:11.686117,789.75,576338.0,905621.0
2025-06-20 10:20:12.138831,789.7,569580.0,903877.0
2025-06-20 10:20:12.677864,789.7,569580.0,903877.0
2025-06-20 10:20:13.138872,789.7,570486.0,907630.0
2025-06-20 10:20:13.678925,789.75,570486.0,907630.0
2025-06-20 10:20:14.140004,789.9,569374.0,905571.0
2025-06-20 10:20:14.652503,789.7,569374.0,905571.0
2025-06-20 10:20:15.040272,789.8,574084.0,905558.0
2025-06-20 10:20:15.671065,789.75,574084.0,905558.0
2025-06-20 10:20:16.041605,789.75,570189.0,907066.0
2025-06-20 10:20:16.678864,789.95,570189.0,907066.0
2025-06-20 10:20:16.941125,789.95,565955.0,906006.0
2025-06-20 10:20:17.650594,789.65,565955.0,906006.0
2025-06-20 10:20:17.947556,789.65,572716.0,906893.0
2025-06-20 10:20:18.853025,789.65,572716.0,906872.0
2025-06-20 10:20:19.641979,789.8,572716.0,906872.0
2025-06-20 10:20:19.743034,789.8,572631.0,904455.0
2025-06-20 10:20:20.643069,790.0,572631.0,904455.0
2025-06-20 10:20:20.752122,789.9,569921.0,868607.0
2025-06-20 10:20:21.641049,790.15,569921.0,868607.0
2025-06-20 10:20:21.753471,790.15,570638.0,874497.0
2025-06-20 10:20:22.637096,790.0,570638.0,874497.0
2025-06-20 10:20:22.751484,790.0,573305.0,875360.0
2025-06-20 10:20:23.645614,790.0,573305.0,875360.0
2025-06-20 10:20:23.744309,790.0,573338.0,875549.0
2025-06-20 10:20:24.645593,790.0,573338.0,875549.0
2025-06-20 10:20:24.751279,790.05,572566.0,875422.0
2025-06-20 10:20:25.644907,790.05,572566.0,875422.0
2025-06-20 10:20:25.755069,790.05,572850.0,872418.0
2025-06-20 10:20:26.642551,790.05,572850.0,872418.0
2025-06-20 10:20:26.749905,790.05,577888.0,875110.0
2025-06-20 10:20:27.705529,790.0,577888.0,875110.0
2025-06-20 10:20:27.749382,790.0,574707.0,875679.0
2025-06-20 10:20:28.649479,790.05,574707.0,875679.0
2025-06-20 10:20:28.749168,790.05,572699.0,876038.0
2025-06-20 10:20:29.644917,789.85,572699.0,876038.0
2025-06-20 10:20:29.750790,789.85,569578.0,877895.0
2025-06-20 10:20:30.643582,790.05,569578.0,877895.0
2025-06-20 10:20:30.679236,790.05,571010.0,877223.0
2025-06-20 10:20:31.646373,790.1,571010.0,877223.0
2025-06-20 10:20:31.673580,790.1,570900.0,875616.0
2025-06-20 10:20:32.710661,790.1,570900.0,875616.0
2025-06-20 10:20:32.717425,790.1,569935.0,876057.0
2025-06-20 10:20:33.643184,790.05,569935.0,876057.0
2025-06-20 10:20:33.668144,790.05,569537.0,876469.0
2025-06-20 10:20:34.641234,790.0,569537.0,876469.0
2025-06-20 10:20:34.673853,790.0,568674.0,875913.0
2025-06-20 10:20:35.643364,790.0,568674.0,875913.0
2025-06-20 10:20:35.674491,790.0,571843.0,873837.0
2025-06-20 10:20:36.667638,790.1,571843.0,873837.0
2025-06-20 10:20:36.671810,790.1,570379.0,874782.0
2025-06-20 10:20:37.651289,790.15,570379.0,874782.0
2025-06-20 10:20:37.678188,790.15,569856.0,890717.0
2025-06-20 10:20:38.646086,790.1,569856.0,890717.0
2025-06-20 10:20:38.672805,790.1,573377.0,890476.0
2025-06-20 10:20:39.653579,790.1,573377.0,890476.0
2025-06-20 10:20:39.676052,790.1,569211.0,893032.0
2025-06-20 10:20:40.647902,789.8,569211.0,893032.0
2025-06-20 10:20:40.669341,789.8,559677.0,898192.0
2025-06-20 10:20:41.641829,789.9,559677.0,898192.0
2025-06-20 10:20:41.762055,789.9,570038.0,898611.0
2025-06-20 10:20:42.643653,789.75,570038.0,898611.0
2025-06-20 10:20:42.764895,789.75,569960.0,898735.0
2025-06-20 10:20:43.649697,789.85,569960.0,898735.0
2025-06-20 10:20:43.762557,789.9,565364.0,899034.0
2025-06-20 10:20:44.647462,789.85,565364.0,899034.0
2025-06-20 10:20:44.765567,789.85,571330.0,900415.0
2025-06-20 10:20:45.665988,790.05,571330.0,900415.0
2025-06-20 10:20:45.763716,790.05,566446.0,899999.0
2025-06-20 10:20:46.643576,790.0,566446.0,899999.0
2025-06-20 10:20:46.764405,789.95,569142.0,898159.0
2025-06-20 10:20:47.649101,790.1,569142.0,898159.0
2025-06-20 10:20:47.766412,790.1,570629.0,896126.0
2025-06-20 10:20:48.646828,790.0,570629.0,896126.0
2025-06-20 10:20:48.764679,790.0,574143.0,897027.0
2025-06-20 10:20:49.702386,790.0,574143.0,897027.0
2025-06-20 10:20:49.767236,790.0,573535.0,898591.0
2025-06-20 10:20:50.684788,789.9,573535.0,898591.0
2025-06-20 10:20:50.768008,790.0,572934.0,897540.0
2025-06-20 10:20:51.643936,789.9,572934.0,897540.0
2025-06-20 10:20:51.769089,789.9,575984.0,897715.0
2025-06-20 10:20:52.646706,789.9,575984.0,897715.0
2025-06-20 10:20:52.904528,789.9,577746.0,897535.0
2025-06-20 10:20:53.651160,789.9,577746.0,897535.0
2025-06-20 10:20:53.910792,789.9,573997.0,897577.0
2025-06-20 10:20:54.644310,790.1,573997.0,897577.0
2025-06-20 10:20:54.974869,790.1,573418.0,898160.0
2025-06-20 10:20:55.655898,789.95,573418.0,898160.0
2025-06-20 10:20:55.973721,789.95,576507.0,898378.0
2025-06-20 10:20:56.657000,789.9,576507.0,898378.0
2025-06-20 10:20:57.072467,790.1,575024.0,898959.0
2025-06-20 10:20:57.648810,790.1,575024.0,898959.0
2025-06-20 10:20:58.173266,789.9,572375.0,898541.0
2025-06-20 10:20:58.645227,790.0,572375.0,898541.0
2025-06-20 10:20:59.275845,790.0,571118.0,899917.0
2025-06-20 10:20:59.657508,790.0,571118.0,899917.0
2025-06-20 10:21:00.279152,790.0,571236.0,899837.0
2025-06-20 10:21:00.636453,790.0,571236.0,899837.0
2025-06-20 10:21:01.642298,790.0,571236.0,899837.0
2025-06-20 10:21:01.910669,790.05,577423.0,897568.0
2025-06-20 10:21:02.646976,790.25,577423.0,897568.0
2025-06-20 10:21:02.884985,790.25,584071.0,878296.0
2025-06-20 10:21:03.644875,790.2,584071.0,878296.0
2025-06-20 10:21:03.770092,790.2,581964.0,878212.0
2025-06-20 10:21:04.652172,790.2,581964.0,878212.0
2025-06-20 10:21:04.771300,790.2,581258.0,881039.0
2025-06-20 10:21:05.642675,790.25,581258.0,881039.0
2025-06-20 10:21:05.773059,790.25,581505.0,881132.0
2025-06-20 10:21:06.639123,790.25,581505.0,881132.0
2025-06-20 10:21:06.772822,790.25,581449.0,881182.0
2025-06-20 10:21:07.668425,790.25,581449.0,881182.0
2025-06-20 10:21:07.679358,790.25,582337.0,880850.0
2025-06-20 10:21:08.640770,790.2,582337.0,880850.0
2025-06-20 10:21:08.773228,790.2,584255.0,880890.0
2025-06-20 10:21:09.641092,790.2,584255.0,880890.0
2025-06-20 10:21:09.677122,790.2,581973.0,881407.0
2025-06-20 10:21:10.578443,790.2,581690.0,879449.0
2025-06-20 10:21:10.640822,790.25,581690.0,879449.0
2025-06-20 10:21:11.576711,790.2,581404.0,881626.0
2025-06-20 10:21:11.640090,790.2,581404.0,881626.0
2025-06-20 10:21:12.578413,790.2,582029.0,882293.0
2025-06-20 10:21:12.641945,790.2,582029.0,882293.0
2025-06-20 10:21:13.493297,790.1,581532.0,881421.0
2025-06-20 10:21:13.653539,790.1,581532.0,881421.0
2025-06-20 10:21:14.479895,790.05,574620.0,884630.0
2025-06-20 10:21:14.648451,790.05,574620.0,884630.0
2025-06-20 10:21:15.415873,790.05,578208.0,886178.0
2025-06-20 10:21:15.699085,790.05,578208.0,886178.0
2025-06-20 10:21:16.463702,790.0,578277.0,885997.0
2025-06-20 10:21:16.647831,790.0,578277.0,885997.0
2025-06-20 10:21:17.286243,790.05,578281.0,887338.0
2025-06-20 10:21:17.643720,790.0,578281.0,887338.0
2025-06-20 10:21:18.285133,790.05,580992.0,886547.0
2025-06-20 10:21:18.642578,790.05,580992.0,886547.0
2025-06-20 10:21:19.182590,790.05,580576.0,886965.0
2025-06-20 10:21:19.643072,790.05,580576.0,886965.0
2025-06-20 10:21:20.185005,790.05,580535.0,885880.0
2025-06-20 10:21:20.648769,790.0,580535.0,885880.0
2025-06-20 10:21:21.183455,790.0,581261.0,888964.0
2025-06-20 10:21:21.641897,790.0,581261.0,888964.0
2025-06-20 10:21:22.201207,790.0,580886.0,889915.0
2025-06-20 10:21:22.643853,790.0,580886.0,889915.0
2025-06-20 10:21:23.184375,790.25,581272.0,889003.0
2025-06-20 10:21:23.647281,790.05,581272.0,889003.0
2025-06-20 10:21:24.085327,790.05,581302.0,888459.0
2025-06-20 10:21:24.642017,790.05,581302.0,888459.0
2025-06-20 10:21:24.997742,790.05,580369.0,887825.0
2025-06-20 10:21:25.646381,790.05,580369.0,887825.0
2025-06-20 10:21:25.988912,790.05,579833.0,888603.0
2025-06-20 10:21:26.641604,790.1,579833.0,888603.0
2025-06-20 10:21:26.990451,790.1,582744.0,888561.0
2025-06-20 10:21:27.641068,790.3,582744.0,888561.0
2025-06-20 10:21:27.996346,790.1,581991.0,888293.0
2025-06-20 10:21:28.648395,790.05,581991.0,888293.0
2025-06-20 10:21:29.007149,790.05,582567.0,888340.0
2025-06-20 10:21:29.646252,790.05,582567.0,888340.0
2025-06-20 10:21:29.903491,790.05,581959.0,887717.0
2025-06-20 10:21:30.646861,790.05,581959.0,887717.0
2025-06-20 10:21:30.906595,790.05,584925.0,888297.0
2025-06-20 10:21:32.157870,790.05,584925.0,888297.0
2025-06-20 10:21:32.203340,790.05,584405.0,888024.0
2025-06-20 10:21:32.658541,790.1,584405.0,888024.0
2025-06-20 10:21:33.115223,790.05,583192.0,888054.0
2025-06-20 10:21:33.646160,790.1,583192.0,888054.0
2025-06-20 10:21:33.904145,790.1,586042.0,886106.0
2025-06-20 10:21:34.639427,790.0,586042.0,886106.0
2025-06-20 10:21:34.805211,790.1,576428.0,887278.0
2025-06-20 10:21:35.640611,790.15,576428.0,887278.0
2025-06-20 10:21:35.791069,790.15,575952.0,891766.0
2025-06-20 10:21:36.641170,790.1,575952.0,891766.0
2025-06-20 10:21:36.691098,790.1,576364.0,891698.0
2025-06-20 10:21:37.593240,790.05,577936.0,889770.0
2025-06-20 10:21:37.684922,790.05,577936.0,889770.0
2025-06-20 10:21:38.493036,790.05,578306.0,889894.0
2025-06-20 10:21:38.641125,790.05,578306.0,889894.0
2025-06-20 10:21:39.407022,790.15,577586.0,889170.0
2025-06-20 10:21:39.640733,790.05,577586.0,889170.0
2025-06-20 10:21:40.407349,790.0,579770.0,889399.0
2025-06-20 10:21:40.641376,790.0,579770.0,889399.0
2025-06-20 10:21:41.298219,790.1,580264.0,887882.0
2025-06-20 10:21:41.641252,790.1,580264.0,887882.0
2025-06-20 10:21:41.807531,790.1,580264.0,887882.0
2025-06-20 10:21:42.179757,790.1,580264.0,887882.0
2025-06-20 10:21:42.298183,790.0,582470.0,888351.0
2025-06-20 10:21:42.478157,790.0,582470.0,888351.0
2025-06-20 10:21:42.648931,790.05,582470.0,888351.0
2025-06-20 10:21:42.796474,790.05,582470.0,888351.0
2025-06-20 10:21:43.093486,790.05,582470.0,888351.0
2025-06-20 10:21:43.200493,790.0,580910.0,888760.0
2025-06-20 10:21:43.384515,790.0,580910.0,888760.0
2025-06-20 10:21:43.649430,790.0,580910.0,888760.0
2025-06-20 10:21:43.722751,790.0,580910.0,888760.0
2025-06-20 10:21:44.199962,790.0,578656.0,889995.0
2025-06-20 10:21:44.435284,790.0,578656.0,889995.0
2025-06-20 10:21:44.644249,790.0,578656.0,889995.0
2025-06-20 10:21:44.846749,790.0,578656.0,889995.0
2025-06-20 10:21:45.102329,790.15,578070.0,889090.0
2025-06-20 10:21:45.477696,790.15,578070.0,889090.0
2025-06-20 10:21:45.704024,790.15,578070.0,889090.0
2025-06-20 10:21:45.823712,790.15,578070.0,889090.0
2025-06-20 10:21:46.099729,790.2,577551.0,889302.0
2025-06-20 10:21:46.685328,790.15,577551.0,889302.0
2025-06-20 10:21:46.834476,790.15,577551.0,889302.0
2025-06-20 10:21:47.213367,790.05,577276.0,890371.0
2025-06-20 10:21:47.647515,790.05,577276.0,890371.0
2025-06-20 10:21:48.142450,790.05,577276.0,890371.0
2025-06-20 10:21:48.304749,790.05,579899.0,891274.0
2025-06-20 10:21:48.650233,790.05,579899.0,891274.0
2025-06-20 10:21:49.119456,790.05,579899.0,891274.0
2025-06-20 10:21:49.305076,790.0,581097.0,891928.0
2025-06-20 10:21:49.689552,790.0,581097.0,891928.0
2025-06-20 10:21:50.203318,790.05,580300.0,892724.0
2025-06-20 10:21:50.658176,790.0,580300.0,892724.0
2025-06-20 10:21:50.707067,790.0,580300.0,892724.0
2025-06-20 10:21:51.204784,790.15,578743.0,892839.0
2025-06-20 10:21:51.692369,790.0,578743.0,892839.0
2025-06-20 10:21:51.976127,790.0,578743.0,892839.0
2025-06-20 10:21:52.271250,790.0,580599.0,893440.0
2025-06-20 10:21:52.703728,790.2,580599.0,893440.0
2025-06-20 10:21:53.188265,790.2,580599.0,893440.0
2025-06-20 10:21:53.307267,789.9,573199.0,896853.0
2025-06-20 10:21:53.641222,789.9,573199.0,896853.0
2025-06-20 10:21:54.431891,790.1,575419.0,893993.0
2025-06-20 10:21:54.647752,790.1,575419.0,893993.0
2025-06-20 10:21:54.811030,790.1,575419.0,893993.0
2025-06-20 10:21:55.505239,790.1,576009.0,892968.0
2025-06-20 10:21:55.660247,790.1,576009.0,892968.0
2025-06-20 10:21:56.505810,790.1,577037.0,893088.0
2025-06-20 10:21:56.654510,790.0,577037.0,893088.0
2025-06-20 10:21:57.606378,790.0,571936.0,894943.0
2025-06-20 10:21:57.648106,790.0,571936.0,894943.0
2025-06-20 10:21:58.610305,789.9,577971.0,896893.0
2025-06-20 10:21:58.643684,789.9,577971.0,896893.0
2025-06-20 10:21:59.654177,789.85,577971.0,896893.0
2025-06-20 10:21:59.713291,789.85,578276.0,897504.0
2025-06-20 10:22:00.645022,789.9,578276.0,897504.0
2025-06-20 10:22:01.014931,789.85,577195.0,897630.0
2025-06-20 10:22:01.661320,789.85,577195.0,897630.0
2025-06-20 10:22:02.030000,789.9,576968.0,898636.0
2025-06-20 10:22:02.684998,789.85,576968.0,898636.0
2025-06-20 10:22:03.110962,789.85,576976.0,899303.0
2025-06-20 10:22:03.645889,789.85,576976.0,899303.0
2025-06-20 10:22:04.215259,789.75,576958.0,899566.0
2025-06-20 10:22:04.642845,790.5,576958.0,899566.0
2025-06-20 10:22:05.316530,790.4,584285.0,871059.0
2025-06-20 10:22:05.712369,790.4,584285.0,871059.0
2025-06-20 10:22:06.211965,790.4,585422.0,878641.0
2025-06-20 10:22:06.651200,790.6,585422.0,878641.0
2025-06-20 10:22:07.768815,790.55,585260.0,875976.0
2025-06-20 10:22:07.992406,790.55,585260.0,875976.0
2025-06-20 10:22:08.371313,790.6,585215.0,878025.0
2025-06-20 10:22:08.721573,790.8,585215.0,878025.0
2025-06-20 10:22:09.427404,790.55,580888.0,881253.0
2025-06-20 10:22:09.650970,790.55,580888.0,881253.0
2025-06-20 10:22:10.514336,790.55,581032.0,881769.0
2025-06-20 10:22:11.289367,790.55,581032.0,881769.0
2025-06-20 10:22:11.621699,790.55,582486.0,886675.0
2025-06-20 10:22:11.695269,790.55,582486.0,886675.0
2025-06-20 10:22:12.615686,790.5,581744.0,888559.0
2025-06-20 10:22:12.650856,790.5,581744.0,888559.0
2025-06-20 10:22:13.697816,790.5,581744.0,888559.0
2025-06-20 10:22:13.727231,790.5,579298.0,888022.0
2025-06-20 10:22:14.668382,790.3,579298.0,888022.0
2025-06-20 10:22:14.814382,790.35,584101.0,885806.0
2025-06-20 10:22:15.648480,790.5,584101.0,885806.0
2025-06-20 10:22:15.938080,790.35,582972.0,885333.0
2025-06-20 10:22:16.652070,790.3,582972.0,885333.0
2025-06-20 10:22:17.026851,790.3,582002.0,887120.0
2025-06-20 10:22:17.651800,790.3,582002.0,887120.0
2025-06-20 10:22:18.051726,790.35,582094.0,887165.0
2025-06-20 10:22:18.688316,790.5,582094.0,887165.0
2025-06-20 10:22:18.928357,790.35,581914.0,886462.0
2025-06-20 10:22:19.648345,790.5,581914.0,886462.0
2025-06-20 10:22:20.028095,790.3,581699.0,887139.0
2025-06-20 10:22:20.648877,790.5,581699.0,887139.0
2025-06-20 10:22:21.131950,790.5,581079.0,887382.0
2025-06-20 10:22:21.657746,790.5,581079.0,887382.0
2025-06-20 10:22:22.220077,790.3,582446.0,889935.0
2025-06-20 10:22:22.671502,790.3,582446.0,889935.0
2025-06-20 10:22:23.325612,790.3,588317.0,889416.0
2025-06-20 10:22:23.652478,790.3,588317.0,889416.0
2025-06-20 10:22:24.323552,790.5,588174.0,887812.0
2025-06-20 10:22:24.653946,790.45,588174.0,887812.0
2025-06-20 10:22:25.325353,790.45,588705.0,887957.0
2025-06-20 10:22:25.651924,790.45,588705.0,887957.0
2025-06-20 10:22:26.326715,790.45,589447.0,886914.0
2025-06-20 10:22:26.649759,790.45,589447.0,886914.0
2025-06-20 10:22:27.435930,790.45,589431.0,887854.0
2025-06-20 10:22:27.646930,790.5,589431.0,887854.0
2025-06-20 10:22:28.437734,790.35,588541.0,885427.0
2025-06-20 10:22:28.654740,790.45,588541.0,885427.0
2025-06-20 10:22:29.525987,790.4,588013.0,885667.0
2025-06-20 10:22:29.685496,790.4,588013.0,885667.0
2025-06-20 10:22:30.612190,790.4,588297.0,885865.0
2025-06-20 10:22:31.172869,790.4,588297.0,885865.0
2025-06-20 10:22:31.658173,790.5,588297.0,885865.0
2025-06-20 10:22:31.724470,790.5,586690.0,882894.0
2025-06-20 10:22:32.630109,790.4,587822.0,883965.0
2025-06-20 10:22:32.662089,790.5,587822.0,883965.0
2025-06-20 10:22:33.656536,790.45,587822.0,883965.0
2025-06-20 10:22:33.728239,790.45,588487.0,884716.0
2025-06-20 10:22:34.717701,790.5,588487.0,884716.0
2025-06-20 10:22:34.832751,790.5,585657.0,883961.0
2025-06-20 10:22:35.651614,790.45,585657.0,883961.0
2025-06-20 10:22:35.957570,790.45,590254.0,884237.0
2025-06-20 10:22:36.650463,790.45,590254.0,884237.0
2025-06-20 10:22:36.834548,790.45,585852.0,883048.0
2025-06-20 10:22:37.654482,790.5,585852.0,883048.0
2025-06-20 10:22:38.033357,790.5,586557.0,882567.0
2025-06-20 10:22:38.657310,790.5,586557.0,882567.0
2025-06-20 10:22:39.155471,790.5,586769.0,883150.0
2025-06-20 10:22:39.657149,790.5,586769.0,883150.0
2025-06-20 10:22:40.151584,790.55,585990.0,881635.0
2025-06-20 10:22:40.731560,790.5,585990.0,881635.0
2025-06-20 10:22:41.139455,790.5,589532.0,883917.0
2025-06-20 10:22:41.698200,790.55,589532.0,883917.0
2025-06-20 10:22:42.239636,790.5,588951.0,883803.0
2025-06-20 10:22:42.696318,790.45,588951.0,883803.0
2025-06-20 10:22:43.343463,790.55,585034.0,882358.0
2025-06-20 10:22:43.659554,790.5,585034.0,882358.0
2025-06-20 10:22:44.450164,790.65,584722.0,883856.0
2025-06-20 10:22:44.660696,790.65,584722.0,883856.0
2025-06-20 10:22:45.446435,790.5,585589.0,883178.0
2025-06-20 10:22:45.650662,790.5,585589.0,883178.0
2025-06-20 10:22:46.538834,790.5,584881.0,884339.0
2025-06-20 10:22:46.654113,790.8,584881.0,884339.0
2025-06-20 10:22:47.640010,790.5,583945.0,885765.0
2025-06-20 10:22:47.655597,790.5,583945.0,885765.0
2025-06-20 10:22:48.538844,790.5,584735.0,883635.0
2025-06-20 10:22:48.657260,790.55,584735.0,883635.0
2025-06-20 10:22:49.653838,790.55,584735.0,883635.0
2025-06-20 10:22:49.839646,790.55,581429.0,883767.0
2025-06-20 10:22:50.652054,790.5,581429.0,883767.0
2025-06-20 10:22:50.840494,790.9,591150.0,878355.0
2025-06-20 10:22:51.650207,790.95,591150.0,878355.0
2025-06-20 10:22:51.841889,790.9,591171.0,871403.0
2025-06-20 10:22:52.652762,790.85,591171.0,871403.0
2025-06-20 10:22:52.840785,790.85,589118.0,879286.0
2025-06-20 10:22:53.654516,791.0,589118.0,879286.0
2025-06-20 10:22:53.740785,790.8,588539.0,876155.0
2025-06-20 10:22:54.654470,790.85,588539.0,876155.0
2025-06-20 10:22:54.899923,790.85,589580.0,876142.0
2025-06-20 10:22:55.654567,791.0,589580.0,876142.0
2025-06-20 10:22:55.843594,791.0,588812.0,876280.0
2025-06-20 10:22:56.653551,791.0,588812.0,876280.0
2025-06-20 10:22:56.953804,790.95,587785.0,876691.0
2025-06-20 10:22:57.654700,790.95,587785.0,876691.0
2025-06-20 10:22:58.012823,790.75,589091.0,876953.0
2025-06-20 10:22:58.674004,791.05,589091.0,876953.0
2025-06-20 10:22:58.962071,791.1,587768.0,870529.0
2025-06-20 10:22:59.652091,791.1,587768.0,870529.0
2025-06-20 10:22:59.953261,791.05,588689.0,867371.0
2025-06-20 10:23:00.654884,791.4,588689.0,867371.0
2025-06-20 10:23:00.845736,791.55,588420.0,851258.0
2025-06-20 10:23:01.646703,791.6,588420.0,851258.0
2025-06-20 10:23:01.744345,791.6,588188.0,856040.0
2025-06-20 10:23:02.645275,791.5,590725.0,860553.0
2025-06-20 10:23:02.647044,791.5,590725.0,860553.0
2025-06-20 10:23:03.699295,791.45,592279.0,861532.0
2025-06-20 10:23:03.701067,791.45,592279.0,861532.0
2025-06-20 10:23:04.652056,791.5,592279.0,861532.0
2025-06-20 10:23:04.656722,791.5,591445.0,862326.0
2025-06-20 10:23:05.648700,791.7,591445.0,862326.0
2025-06-20 10:23:05.652297,791.7,587464.0,864080.0
2025-06-20 10:23:06.548584,791.7,580976.0,864123.0
2025-06-20 10:23:06.648092,791.7,580976.0,864123.0
2025-06-20 10:23:07.498943,791.9,590324.0,851026.0
2025-06-20 10:23:07.648846,791.95,590324.0,851026.0
2025-06-20 10:23:08.449268,791.8,588032.0,857331.0
2025-06-20 10:23:08.649027,791.85,588032.0,857331.0
2025-06-20 10:23:09.355077,791.8,587927.0,856500.0
2025-06-20 10:23:09.698074,791.9,587927.0,856500.0
2025-06-20 10:23:10.250416,791.8,588298.0,857040.0
2025-06-20 10:23:10.647829,791.8,588298.0,857040.0
2025-06-20 10:23:11.250215,791.85,589345.0,858024.0
2025-06-20 10:23:11.729836,792.0,589345.0,858024.0
2025-06-20 10:23:12.260744,792.0,587189.0,855892.0
2025-06-20 10:23:12.653820,792.0,587189.0,855892.0
2025-06-20 10:23:13.252425,791.8,587064.0,858916.0
2025-06-20 10:23:13.648282,791.95,587064.0,858916.0
2025-06-20 10:23:14.252702,791.9,586561.0,860055.0
2025-06-20 10:23:14.648797,791.85,586561.0,860055.0
2025-06-20 10:23:15.254027,791.85,586636.0,862024.0
2025-06-20 10:23:15.658604,791.8,586636.0,862024.0
2025-06-20 10:23:16.258797,791.9,586097.0,862324.0
2025-06-20 10:23:16.647821,791.9,586097.0,862324.0
2025-06-20 10:23:17.189451,791.85,585969.0,864548.0
2025-06-20 10:23:17.648315,791.9,585969.0,864548.0
2025-06-20 10:23:18.185259,791.8,587965.0,864717.0
2025-06-20 10:23:18.705862,791.8,587965.0,864717.0
2025-06-20 10:23:19.189185,791.8,583004.0,867420.0
2025-06-20 10:23:19.661077,791.6,583004.0,867420.0
2025-06-20 10:23:20.187693,791.9,581315.0,866542.0
2025-06-20 10:23:20.650375,791.95,581315.0,866542.0
2025-06-20 10:23:21.058935,791.95,588521.0,862859.0
2025-06-20 10:23:21.649020,791.8,588521.0,862859.0
2025-06-20 10:23:22.057716,791.8,589230.0,863406.0
2025-06-20 10:23:22.647825,791.8,589230.0,863406.0
2025-06-20 10:23:23.059458,791.8,588898.0,864693.0
2025-06-20 10:23:23.648563,791.85,588898.0,864693.0
2025-06-20 10:23:24.058434,791.8,583693.0,865865.0
2025-06-20 10:23:24.649082,791.8,583693.0,865865.0
2025-06-20 10:23:25.061294,791.8,581841.0,867261.0
2025-06-20 10:23:25.654753,792.0,581841.0,867261.0
2025-06-20 10:23:25.960764,791.95,577060.0,858138.0
2025-06-20 10:23:26.649380,791.95,577060.0,858138.0
2025-06-20 10:23:26.961257,791.6,580351.0,859736.0
2025-06-20 10:23:27.647988,791.6,580351.0,859736.0
2025-06-20 10:23:27.968326,791.65,581513.0,860955.0
2025-06-20 10:23:28.669121,791.6,581513.0,860955.0
2025-06-20 10:23:28.889850,791.65,572326.0,863166.0
2025-06-20 10:23:29.648097,791.65,572326.0,863166.0
2025-06-20 10:23:29.876468,791.8,577863.0,862645.0
2025-06-20 10:23:30.648223,791.7,577863.0,862645.0
2025-06-20 10:23:31.099347,791.8,578335.0,861144.0
2025-06-20 10:23:31.648227,791.8,578335.0,861144.0
2025-06-20 10:23:32.100171,791.8,580548.0,861800.0
2025-06-20 10:23:32.652809,791.8,580548.0,861800.0
2025-06-20 10:23:32.900416,791.8,580625.0,863368.0
2025-06-20 10:23:33.649635,791.8,580625.0,863368.0
2025-06-20 10:23:33.880351,791.8,576623.0,864719.0
2025-06-20 10:23:34.652797,791.7,576623.0,864719.0
2025-06-20 10:23:34.767252,791.7,577543.0,862766.0
2025-06-20 10:23:35.649720,791.6,577543.0,862766.0
2025-06-20 10:23:35.767393,791.6,577018.0,864005.0
2025-06-20 10:23:36.652058,791.6,577018.0,864005.0
2025-06-20 10:23:36.970624,791.3,574088.0,868948.0
2025-06-20 10:23:37.649392,791.3,574088.0,868948.0
2025-06-20 10:23:37.769613,791.3,578317.0,869398.0
2025-06-20 10:23:38.651332,791.35,578317.0,869398.0
2025-06-20 10:23:38.769182,791.35,577770.0,870429.0
2025-06-20 10:23:39.649107,791.35,577770.0,870429.0
2025-06-20 10:23:39.771887,791.35,570455.0,871312.0
2025-06-20 10:23:40.711018,791.3,570455.0,871312.0
2025-06-20 10:23:40.772916,791.3,572505.0,866749.0
2025-06-20 10:23:41.650228,791.3,572505.0,866749.0
2025-06-20 10:23:41.683706,791.3,575770.0,868732.0
2025-06-20 10:23:42.651060,791.25,575770.0,868732.0
2025-06-20 10:23:42.686852,791.25,573417.0,870371.0
2025-06-20 10:23:43.652733,791.25,573417.0,870371.0
2025-06-20 10:23:43.691815,791.25,573751.0,870695.0
2025-06-20 10:23:44.574007,791.25,571874.0,869231.0
2025-06-20 10:23:44.653244,791.3,571874.0,869231.0
2025-06-20 10:23:45.476903,791.15,576002.0,869051.0
2025-06-20 10:23:45.658205,791.3,576002.0,869051.0
2025-06-20 10:23:46.475927,791.15,577097.0,871227.0
2025-06-20 10:23:46.654857,791.1,577097.0,871227.0
2025-06-20 10:23:47.595805,791.1,575400.0,870390.0
2025-06-20 10:23:48.280862,791.15,572724.0,878815.0
2025-06-20 10:23:48.655349,791.15,572724.0,878815.0
2025-06-20 10:23:49.279869,791.05,564001.0,879160.0
2025-06-20 10:23:49.651079,791.2,564001.0,879160.0
2025-06-20 10:23:50.279752,791.2,573114.0,881153.0
2025-06-20 10:23:50.652390,791.1,573114.0,881153.0
2025-06-20 10:23:51.278387,791.1,574181.0,874639.0
2025-06-20 10:23:51.651955,791.3,574181.0,874639.0
2025-06-20 10:23:52.282010,791.1,573727.0,874472.0
2025-06-20 10:23:52.650528,791.05,573727.0,874472.0
2025-06-20 10:23:53.283902,791.0,570196.0,874995.0
2025-06-20 10:23:53.651573,791.05,570196.0,874995.0
2025-06-20 10:23:54.286977,791.1,566512.0,876029.0
2025-06-20 10:23:54.651885,791.1,566512.0,876029.0
2025-06-20 10:23:55.178604,791.1,569119.0,878204.0
2025-06-20 10:23:55.655002,791.1,569119.0,878204.0
2025-06-20 10:23:56.284592,791.0,570232.0,879943.0
2025-06-20 10:23:56.653436,791.0,570232.0,879943.0
2025-06-20 10:23:57.197242,791.05,573395.0,878076.0
2025-06-20 10:23:57.651170,791.05,573395.0,878076.0
2025-06-20 10:23:58.184178,791.3,569801.0,876866.0
2025-06-20 10:23:58.653954,791.05,569801.0,876866.0
2025-06-20 10:23:59.083784,791.0,573592.0,879616.0
2025-06-20 10:23:59.652709,791.05,573592.0,879616.0
2025-06-20 10:23:59.987127,791.0,571139.0,879991.0
2025-06-20 10:24:00.684561,791.0,571139.0,879991.0
2025-06-20 10:24:00.985058,791.0,572025.0,880798.0
2025-06-20 10:24:01.652817,791.0,572025.0,880798.0
2025-06-20 10:24:02.000989,791.0,573962.0,879482.0
2025-06-20 10:24:02.653438,791.05,573962.0,879482.0
2025-06-20 10:24:03.101116,791.05,571031.0,876536.0
2025-06-20 10:24:03.650520,791.05,571031.0,876536.0
2025-06-20 10:24:04.185734,791.05,572480.0,877901.0
2025-06-20 10:24:04.654093,791.0,572480.0,877901.0
2025-06-20 10:24:05.298520,791.0,574884.0,877723.0
2025-06-20 10:24:05.656993,791.0,574884.0,877723.0
2025-06-20 10:24:06.399328,791.2,571871.0,876594.0
2025-06-20 10:24:06.654116,791.2,571871.0,876594.0
2025-06-20 10:24:07.543054,791.1,574679.0,875144.0
2025-06-20 10:24:07.698660,791.1,574679.0,875144.0
2025-06-20 10:24:08.588644,791.1,570418.0,875961.0
2025-06-20 10:24:08.652197,791.1,570418.0,875961.0
2025-06-20 10:24:09.755491,791.0,571629.0,876036.0
2025-06-20 10:24:09.757198,791.0,571629.0,876036.0
2025-06-20 10:24:10.919085,791.05,571629.0,876036.0
2025-06-20 10:24:10.935060,791.05,575469.0,876672.0
2025-06-20 10:24:11.652887,791.0,575469.0,876672.0
2025-06-20 10:24:11.706638,791.0,575712.0,877917.0
2025-06-20 10:24:12.732065,791.0,575712.0,877917.0
2025-06-20 10:24:12.847068,791.0,574515.0,877483.0
2025-06-20 10:24:14.055240,791.0,574515.0,877483.0
2025-06-20 10:24:14.167016,791.1,572503.0,878179.0
2025-06-20 10:24:14.676312,791.0,572503.0,878179.0
2025-06-20 10:24:15.004150,791.05,571885.0,877907.0
2025-06-20 10:24:15.652297,791.0,571885.0,877907.0
2025-06-20 10:24:15.992434,791.0,573953.0,877909.0
2025-06-20 10:24:16.722915,791.05,573953.0,877909.0
2025-06-20 10:24:17.095639,791.05,574014.0,877929.0
2025-06-20 10:24:17.656946,791.1,574014.0,877929.0
2025-06-20 10:24:18.195151,791.1,574921.0,876840.0
2025-06-20 10:24:18.693267,791.1,574921.0,876840.0
2025-06-20 10:24:19.332473,791.05,576833.0,876713.0
2025-06-20 10:24:19.651736,791.0,576833.0,876713.0
2025-06-20 10:24:20.425560,791.1,575787.0,876188.0
2025-06-20 10:24:20.657159,791.05,575787.0,876188.0
2025-06-20 10:24:21.412456,791.0,575565.0,876334.0
2025-06-20 10:24:21.652525,791.05,575565.0,876334.0
2025-06-20 10:24:22.503198,791.2,575556.0,878724.0
2025-06-20 10:24:22.651830,791.05,575556.0,878724.0
2025-06-20 10:24:23.598073,791.05,575065.0,879058.0
2025-06-20 10:24:23.659624,791.05,575065.0,879058.0
2025-06-20 10:24:24.661084,791.1,575065.0,879058.0
2025-06-20 10:24:24.701880,791.0,574466.0,879395.0
2025-06-20 10:24:25.658553,791.05,574466.0,879395.0
2025-06-20 10:24:25.798621,791.0,574485.0,878485.0
2025-06-20 10:24:26.652013,791.0,574485.0,878485.0
2025-06-20 10:24:26.707291,791.0,572168.0,882897.0
2025-06-20 10:24:27.651103,790.9,572168.0,882897.0
2025-06-20 10:24:27.800555,790.9,565753.0,886066.0
2025-06-20 10:24:28.655987,790.9,565753.0,886066.0
2025-06-20 10:24:28.916897,790.9,569335.0,883355.0
2025-06-20 10:24:29.650816,790.85,569335.0,883355.0
2025-06-20 10:24:30.136619,790.85,572045.0,882617.0
2025-06-20 10:24:30.651897,790.8,572045.0,882617.0
2025-06-20 10:24:31.103276,790.9,569065.0,881691.0
2025-06-20 10:24:31.654077,790.9,569065.0,881691.0
2025-06-20 10:24:32.106950,790.8,573295.0,882615.0
2025-06-20 10:24:32.652110,790.75,573295.0,882615.0
2025-06-20 10:24:33.206270,790.75,568946.0,884193.0
2025-06-20 10:24:33.651934,790.7,568946.0,884193.0
2025-06-20 10:24:34.306100,790.7,557351.0,887781.0
2025-06-20 10:24:34.656546,790.75,557351.0,887781.0
2025-06-20 10:24:35.417423,790.75,568856.0,886692.0
2025-06-20 10:24:35.652049,790.75,568856.0,886692.0
2025-06-20 10:24:36.506216,790.7,568903.0,886976.0
2025-06-20 10:24:36.653923,790.75,568903.0,886976.0
2025-06-20 10:24:37.606135,790.7,565520.0,891659.0
2025-06-20 10:24:37.652347,790.6,565520.0,891659.0
2025-06-20 10:24:38.654037,790.65,565520.0,891659.0
2025-06-20 10:24:38.706305,790.65,565933.0,892556.0
2025-06-20 10:24:39.652306,790.65,565933.0,892556.0
2025-06-20 10:24:39.807249,790.65,567285.0,892589.0
2025-06-20 10:24:40.658181,790.6,567285.0,892589.0
2025-06-20 10:24:40.919277,790.6,568268.0,889579.0
2025-06-20 10:24:41.657684,790.6,568268.0,889579.0
2025-06-20 10:24:42.011608,790.6,571715.0,889681.0
2025-06-20 10:24:42.294306,790.6,571715.0,889681.0
2025-06-20 10:24:42.656319,790.6,571715.0,889681.0
2025-06-20 10:24:42.959979,790.6,571715.0,889681.0
2025-06-20 10:24:43.145613,790.65,571489.0,890028.0
2025-06-20 10:24:43.503323,790.65,571489.0,890028.0
2025-06-20 10:24:43.653207,790.65,571489.0,890028.0
2025-06-20 10:24:43.783247,790.65,571489.0,890028.0
2025-06-20 10:24:44.009425,790.6,571353.0,889845.0
2025-06-20 10:24:44.036448,790.6,571353.0,889845.0
2025-06-20 10:24:44.695222,790.6,571353.0,889845.0
2025-06-20 10:24:45.060985,790.6,571353.0,889845.0
2025-06-20 10:24:45.110988,790.6,571442.0,890854.0
2025-06-20 10:24:45.508055,790.6,571442.0,890854.0
2025-06-20 10:24:45.654065,790.7,571442.0,890854.0
2025-06-20 10:24:46.077320,790.7,571442.0,890854.0
2025-06-20 10:24:46.210108,790.7,568506.0,887846.0
2025-06-20 10:24:46.486971,790.7,568506.0,887846.0
2025-06-20 10:24:47.310251,790.8,570857.0,887757.0
2025-06-20 10:24:47.696277,790.8,570857.0,887757.0
2025-06-20 10:24:47.700255,790.8,570857.0,887757.0
2025-06-20 10:24:48.510802,790.75,570831.0,886064.0
2025-06-20 10:24:48.654225,790.75,570831.0,886064.0
2025-06-20 10:24:48.787778,790.75,570831.0,886064.0
2025-06-20 10:24:49.310795,790.65,572458.0,888570.0
2025-06-20 10:24:49.652470,790.6,572458.0,888570.0
2025-06-20 10:24:49.798247,790.6,572458.0,888570.0
2025-06-20 10:24:50.444050,790.7,573062.0,887484.0
2025-06-20 10:24:50.654078,790.7,573062.0,887484.0
2025-06-20 10:24:51.293840,790.7,573062.0,887484.0
2025-06-20 10:24:51.518213,790.7,573854.0,886851.0
2025-06-20 10:24:52.571367,790.7,573854.0,886851.0
2025-06-20 10:24:52.611419,790.75,577015.0,879790.0
2025-06-20 10:24:52.685389,790.75,577015.0,879790.0
2025-06-20 10:24:53.658607,790.8,577015.0,879790.0
2025-06-20 10:24:53.712576,790.8,574845.0,883342.0
2025-06-20 10:24:53.819079,790.8,574845.0,883342.0
2025-06-20 10:24:54.653746,790.75,574845.0,883342.0
2025-06-20 10:24:54.814233,790.75,575116.0,883602.0
2025-06-20 10:24:55.457052,790.75,575116.0,883602.0
2025-06-20 10:24:55.927995,790.8,574152.0,883801.0
2025-06-20 10:24:56.651646,790.85,574152.0,883801.0
2025-06-20 10:24:57.015694,790.85,573990.0,883468.0
2025-06-20 10:24:57.653413,790.8,573990.0,883468.0
2025-06-20 10:24:58.115483,790.9,569804.0,884481.0
2025-06-20 10:24:58.653276,790.9,569804.0,884481.0
2025-06-20 10:24:59.217807,790.85,571748.0,885095.0
2025-06-20 10:24:59.652946,790.85,571748.0,885095.0
2025-06-20 10:25:00.316526,790.85,576277.0,884211.0
2025-06-20 10:25:00.663207,790.85,576277.0,884211.0
2025-06-20 10:25:01.659646,790.8,576277.0,884211.0
2025-06-20 10:25:01.718071,790.8,577228.0,883394.0
2025-06-20 10:25:02.656482,790.8,577228.0,883394.0
2025-06-20 10:25:02.719821,790.8,576982.0,884535.0
2025-06-20 10:25:03.655696,790.8,576982.0,884535.0
2025-06-20 10:25:03.819151,790.8,578305.0,884004.0
2025-06-20 10:25:04.656883,790.85,578305.0,884004.0
2025-06-20 10:25:04.819449,790.85,577704.0,880548.0
2025-06-20 10:25:05.655026,790.85,577704.0,880548.0
2025-06-20 10:25:05.822698,790.85,580867.0,881490.0
2025-06-20 10:25:06.657067,790.85,580867.0,881490.0
2025-06-20 10:25:06.739442,790.85,579477.0,878051.0
2025-06-20 10:25:07.657835,790.95,579477.0,878051.0
2025-06-20 10:25:07.824973,790.95,576053.0,883110.0
2025-06-20 10:25:08.662774,790.95,576053.0,883110.0
2025-06-20 10:25:09.004088,790.95,579482.0,881001.0
2025-06-20 10:25:09.696012,791.05,579482.0,881001.0
2025-06-20 10:25:09.940254,791.2,578042.0,875876.0
2025-06-20 10:25:10.664855,791.05,578042.0,875876.0
2025-06-20 10:25:10.960894,791.05,580881.0,880571.0
2025-06-20 10:25:11.657328,791.1,580881.0,880571.0
2025-06-20 10:25:11.940435,791.05,581212.0,880488.0
2025-06-20 10:25:12.659867,791.05,581212.0,880488.0
2025-06-20 10:25:12.965055,791.05,581560.0,880676.0
2025-06-20 10:25:13.655187,791.05,581560.0,880676.0
2025-06-20 10:25:14.028923,791.05,580478.0,879649.0
2025-06-20 10:25:14.657417,791.05,580478.0,879649.0
2025-06-20 10:25:15.029824,791.0,582054.0,881253.0
2025-06-20 10:25:15.662168,791.0,582054.0,881253.0
2025-06-20 10:25:16.027949,791.0,570389.0,887850.0
2025-06-20 10:25:16.658719,791.0,570389.0,887850.0
2025-06-20 10:25:17.031542,790.85,575079.0,888068.0
2025-06-20 10:25:17.657457,790.85,575079.0,888068.0
2025-06-20 10:25:18.129911,790.85,575262.0,887926.0
2025-06-20 10:25:18.657996,790.9,575262.0,887926.0
2025-06-20 10:25:19.309686,790.9,571476.0,889402.0
2025-06-20 10:25:20.348894,790.85,571476.0,889402.0
2025-06-20 10:25:20.363179,790.9,574472.0,889095.0
2025-06-20 10:25:20.700479,790.9,574472.0,889095.0
2025-06-20 10:25:21.444274,790.9,577170.0,886270.0
2025-06-20 10:25:21.654338,790.9,577170.0,886270.0
2025-06-20 10:25:22.531621,790.9,578928.0,885505.0
2025-06-20 10:25:22.656257,790.9,578928.0,885505.0
2025-06-20 10:25:23.635602,791.0,579870.0,882952.0
2025-06-20 10:25:23.663205,791.0,579870.0,882952.0
2025-06-20 10:25:24.662764,790.9,579870.0,882952.0
2025-06-20 10:25:24.734251,790.95,580840.0,882837.0
2025-06-20 10:25:25.634428,791.0,580832.0,883380.0
2025-06-20 10:25:25.662753,791.0,580832.0,883380.0
2025-06-20 10:25:26.781867,791.05,580832.0,883380.0
2025-06-20 10:25:26.802096,791.05,580565.0,883419.0
2025-06-20 10:25:27.705906,791.1,580565.0,883419.0
2025-06-20 10:25:27.834860,791.05,582111.0,880813.0
2025-06-20 10:25:28.657249,791.0,582111.0,880813.0
2025-06-20 10:25:28.969292,791.0,580569.0,882464.0
2025-06-20 10:25:29.655921,790.9,580569.0,882464.0
2025-06-20 10:25:30.038857,790.9,581541.0,882755.0
2025-06-20 10:25:30.656711,791.1,581541.0,882755.0
2025-06-20 10:25:31.136152,791.1,583222.0,878579.0
2025-06-20 10:25:31.663853,791.05,583222.0,878579.0
2025-06-20 10:25:32.164034,791.25,584107.0,874670.0
2025-06-20 10:25:32.657892,791.25,584107.0,874670.0
2025-06-20 10:25:33.137550,791.25,583834.0,874940.0
2025-06-20 10:25:33.660680,791.2,583834.0,874940.0
2025-06-20 10:25:34.239975,791.3,584747.0,875093.0
2025-06-20 10:25:34.658236,791.2,584747.0,875093.0
2025-06-20 10:25:35.240590,791.2,585036.0,875995.0
2025-06-20 10:25:35.660224,791.25,585036.0,875995.0
2025-06-20 10:25:36.343040,791.15,585005.0,875966.0
2025-06-20 10:25:36.658758,791.25,585005.0,875966.0
2025-06-20 10:25:37.453093,791.25,587599.0,873105.0
2025-06-20 10:25:37.657246,791.25,587599.0,873105.0
2025-06-20 10:25:38.538618,791.2,587922.0,873201.0
2025-06-20 10:25:38.654978,791.2,587922.0,873201.0
2025-06-20 10:25:39.542045,791.2,588541.0,873677.0
2025-06-20 10:25:39.659245,791.2,588541.0,873677.0
2025-06-20 10:25:40.645447,791.15,586627.0,875682.0
2025-06-20 10:25:40.665259,791.2,586627.0,875682.0
2025-06-20 10:25:41.656389,791.25,586627.0,875682.0
2025-06-20 10:25:41.743532,791.25,585294.0,876413.0
2025-06-20 10:25:42.687776,791.25,585294.0,876413.0
2025-06-20 10:25:42.845458,791.1,579274.0,876156.0
2025-06-20 10:25:43.733329,791.1,579274.0,876156.0
2025-06-20 10:25:43.821848,791.1,584070.0,877471.0
2025-06-20 10:25:44.661406,791.15,584070.0,877471.0
2025-06-20 10:25:44.958857,791.15,583299.0,877135.0
2025-06-20 10:25:45.657389,791.1,583299.0,877135.0
2025-06-20 10:25:46.050170,791.15,583872.0,877443.0
2025-06-20 10:25:46.659139,791.1,583872.0,877443.0
2025-06-20 10:25:47.156657,791.15,582021.0,877556.0
2025-06-20 10:25:47.661075,791.35,582021.0,877556.0
2025-06-20 10:25:48.252466,791.25,582221.0,877337.0
2025-06-20 10:25:48.662032,791.2,582221.0,877337.0
2025-06-20 10:25:49.381874,791.05,575343.0,884968.0
2025-06-20 10:25:49.661281,791.05,575343.0,884968.0
2025-06-20 10:25:50.355722,791.0,573877.0,884796.0
2025-06-20 10:25:50.662591,790.9,573877.0,884796.0
2025-06-20 10:25:51.353734,790.9,578659.0,883779.0
2025-06-20 10:25:51.670112,790.9,578659.0,883779.0
2025-06-20 10:25:52.461469,790.9,579803.0,882249.0
2025-06-20 10:25:52.660274,790.9,579803.0,882249.0
2025-06-20 10:25:53.554129,790.85,576013.0,890836.0
2025-06-20 10:25:53.659101,790.85,576013.0,890836.0
2025-06-20 10:25:54.655115,790.8,575284.0,891955.0
2025-06-20 10:25:54.662716,790.8,575284.0,891955.0
2025-06-20 10:25:55.662546,790.75,575284.0,891955.0
2025-06-20 10:25:55.757071,790.75,577889.0,886914.0
2025-06-20 10:25:56.755966,790.75,578784.0,886658.0
2025-06-20 10:25:57.665819,790.75,578784.0,886658.0
2025-06-20 10:25:57.856266,790.9,574573.0,884634.0
2025-06-20 10:25:58.663655,790.95,574573.0,884634.0
2025-06-20 10:25:58.958137,790.8,577163.0,885449.0
2025-06-20 10:25:59.663502,790.8,577163.0,885449.0
2025-06-20 10:26:00.059206,790.8,578551.0,886425.0
2025-06-20 10:26:00.957325,790.8,578495.0,886189.0
2025-06-20 10:26:01.660018,791.1,578495.0,886189.0
2025-06-20 10:26:01.958719,791.1,577647.0,884421.0
2025-06-20 10:26:02.959053,791.1,577284.0,884713.0
2025-06-20 10:26:03.662847,790.9,577284.0,884713.0
2025-06-20 10:26:03.962358,791.0,578807.0,882223.0
2025-06-20 10:26:04.660209,791.0,578807.0,882223.0
2025-06-20 10:26:05.060030,791.0,575772.0,890782.0
2025-06-20 10:26:06.164513,791.0,577693.0,890713.0
2025-06-20 10:26:06.657997,791.0,577693.0,890713.0
2025-06-20 10:26:07.264789,791.0,577744.0,890602.0
2025-06-20 10:26:07.661541,791.0,577744.0,890602.0
2025-06-20 10:26:08.263725,790.95,578864.0,884921.0
2025-06-20 10:26:08.660344,790.95,578864.0,884921.0
2025-06-20 10:26:09.364861,790.95,580305.0,884720.0
2025-06-20 10:26:09.659792,791.25,580305.0,884720.0
2025-06-20 10:26:10.369358,791.05,579963.0,881201.0
2025-06-20 10:26:10.661276,791.05,579963.0,881201.0
2025-06-20 10:26:11.372035,791.1,581832.0,882015.0
2025-06-20 10:26:11.658181,791.15,581832.0,882015.0
2025-06-20 10:26:12.480357,791.1,580868.0,883186.0
2025-06-20 10:26:12.659372,791.1,580868.0,883186.0
2025-06-20 10:26:13.572204,791.1,581407.0,883110.0
2025-06-20 10:26:13.660391,791.1,581407.0,883110.0
2025-06-20 10:26:14.482122,791.3,579498.0,880285.0
2025-06-20 10:26:14.661543,791.3,579498.0,880285.0
2025-06-20 10:26:15.572764,791.35,583617.0,880743.0
2025-06-20 10:26:15.661980,791.3,583617.0,880743.0
2025-06-20 10:26:16.659348,791.3,583617.0,880743.0
2025-06-20 10:26:16.679107,791.3,582918.0,880973.0
2025-06-20 10:26:17.667494,791.3,582918.0,880973.0
2025-06-20 10:26:17.773714,791.3,581994.0,883226.0
2025-06-20 10:26:18.659428,791.3,581994.0,883226.0
2025-06-20 10:26:18.875867,791.3,583346.0,881920.0
2025-06-20 10:26:19.660103,791.3,583346.0,881920.0
2025-06-20 10:26:19.975519,791.3,583517.0,879188.0
2025-06-20 10:26:20.691847,791.25,583517.0,879188.0
2025-06-20 10:26:20.980438,791.5,585964.0,874651.0
2025-06-20 10:26:21.659155,791.5,585964.0,874651.0
2025-06-20 10:26:22.079491,791.4,585930.0,871357.0
2025-06-20 10:26:22.659946,791.4,585930.0,871357.0
2025-06-20 10:26:23.181779,791.35,583722.0,875710.0
2025-06-20 10:26:23.678515,791.35,583722.0,875710.0
2025-06-20 10:26:24.185928,791.4,585717.0,875562.0
2025-06-20 10:26:24.660432,791.4,585717.0,875562.0
2025-06-20 10:26:25.183024,791.4,585419.0,875983.0
2025-06-20 10:26:25.659474,791.4,585419.0,875983.0
2025-06-20 10:26:26.185468,791.45,587837.0,874922.0
2025-06-20 10:26:26.660285,791.45,587837.0,874922.0
2025-06-20 10:26:27.186606,791.45,590047.0,875962.0
2025-06-20 10:26:27.667527,791.45,590047.0,875962.0
2025-06-20 10:26:28.187590,791.45,591686.0,875859.0
2025-06-20 10:26:28.662593,791.5,591686.0,875859.0
2025-06-20 10:26:29.188236,791.4,589275.0,882746.0
2025-06-20 10:26:29.661299,791.35,589275.0,882746.0
2025-06-20 10:26:30.285998,791.35,589890.0,881876.0
2025-06-20 10:26:30.667787,791.35,589890.0,881876.0
2025-06-20 10:26:31.281352,791.4,591252.0,881565.0
2025-06-20 10:26:31.669247,791.4,591252.0,881565.0
2025-06-20 10:26:32.285013,791.45,590855.0,875974.0
2025-06-20 10:26:32.662984,791.45,590855.0,875974.0
2025-06-20 10:26:33.294946,791.35,590322.0,876434.0
2025-06-20 10:26:33.659617,791.35,590322.0,876434.0
2025-06-20 10:26:34.396743,791.35,591411.0,876858.0
2025-06-20 10:26:34.665614,791.35,591411.0,876858.0
2025-06-20 10:26:35.394327,791.45,591074.0,875972.0
2025-06-20 10:26:35.674226,791.5,591074.0,875972.0
2025-06-20 10:26:36.443963,791.5,591943.0,871309.0
2025-06-20 10:26:36.666638,791.5,591943.0,871309.0
2025-06-20 10:26:37.396369,791.8,592515.0,868994.0
2025-06-20 10:26:37.671944,791.8,592515.0,868994.0
2025-06-20 10:26:38.392769,791.5,592686.0,873484.0
2025-06-20 10:26:38.713628,791.5,592686.0,873484.0
2025-06-20 10:26:39.287576,791.5,591224.0,873631.0
2025-06-20 10:26:39.670285,791.55,591224.0,873631.0
2025-06-20 10:26:40.287814,791.5,591506.0,874163.0
2025-06-20 10:26:40.659052,791.75,591506.0,874163.0
2025-06-20 10:26:41.288159,791.75,591863.0,873211.0
2025-06-20 10:26:41.658048,791.6,591863.0,873211.0
2025-06-20 10:26:42.502555,791.55,591985.0,871710.0
2025-06-20 10:26:42.692039,791.5,591985.0,871710.0
2025-06-20 10:26:43.495324,791.4,590518.0,877432.0
2025-06-20 10:26:43.692380,791.4,590518.0,877432.0
2025-06-20 10:26:44.505131,791.35,590644.0,876034.0
2025-06-20 10:26:44.784516,791.35,590644.0,876034.0
2025-06-20 10:26:45.494853,791.35,588683.0,877950.0
2025-06-20 10:26:45.663250,791.4,588683.0,877950.0
2025-06-20 10:26:46.599708,791.35,589001.0,878328.0
2025-06-20 10:26:46.674116,791.35,589001.0,878328.0
2025-06-20 10:26:47.679982,791.35,589001.0,878328.0
2025-06-20 10:26:47.720784,791.35,588656.0,878379.0
2025-06-20 10:26:48.660946,791.35,588656.0,878379.0
2025-06-20 10:26:48.803247,791.35,588997.0,877948.0
2025-06-20 10:26:49.695254,791.35,588997.0,877948.0
2025-06-20 10:26:49.936544,791.35,588048.0,878026.0
2025-06-20 10:26:50.696423,791.35,588048.0,878026.0
2025-06-20 10:26:51.003609,791.25,592266.0,876137.0
2025-06-20 10:26:51.689038,791.25,592266.0,876137.0
2025-06-20 10:26:52.002000,791.25,592928.0,877480.0
2025-06-20 10:26:52.672443,791.5,592928.0,877480.0
2025-06-20 10:26:53.113898,791.45,590736.0,873841.0
2025-06-20 10:26:53.684941,791.45,590736.0,873841.0
2025-06-20 10:26:54.216067,791.45,590918.0,873114.0
2025-06-20 10:26:54.696578,791.45,590918.0,873114.0
2025-06-20 10:26:55.315750,791.45,592086.0,871086.0
