timestamp,ltp,bid_qty,ask_qty
2025-06-20 10:10:48.219618,1654.9,116426.0,159886.0
2025-06-20 10:10:48.868230,1654.9,116133.0,160517.0
2025-06-20 10:10:50.592227,1655.6,116133.0,160517.0
2025-06-20 10:10:54.472671,1655.6,116356.0,160818.0
2025-06-20 10:10:56.596356,1654.7,116356.0,160818.0
2025-06-20 10:10:58.611989,1655.1,116356.0,160818.0
2025-06-20 10:11:00.066856,1655.1,116437.0,160517.0
2025-06-20 10:11:02.601027,1655.1,116437.0,160517.0
2025-06-20 10:11:05.672445,1655.1,117409.0,160661.0
2025-06-20 10:11:06.636291,1655.1,117409.0,160661.0
2025-06-20 10:11:08.859097,1655.1,117409.0,160661.0
2025-06-20 10:11:10.661752,1655.0,117409.0,160661.0
2025-06-20 10:11:11.853454,1655.0,117561.0,160313.0
2025-06-20 10:11:12.913695,1655.0,117561.0,160313.0
2025-06-20 10:11:17.387046,1655.0,117059.0,160075.0
2025-06-20 10:11:22.488613,1655.0,116654.0,160660.0
2025-06-20 10:11:22.667455,1655.0,116654.0,160660.0
2025-06-20 10:11:24.662266,1655.1,116654.0,160660.0
2025-06-20 10:11:26.887285,1655.0,116654.0,160660.0
2025-06-20 10:11:27.929542,1654.9,119013.0,160518.0
2025-06-20 10:11:28.875795,1654.9,119013.0,160518.0
2025-06-20 10:11:33.504734,1654.9,119059.0,161848.0
2025-06-20 10:11:36.869495,1655.1,119059.0,161848.0
2025-06-20 10:11:38.600925,1655.1,119059.0,161848.0
2025-06-20 10:11:39.196555,1655.1,119103.0,161700.0
2025-06-20 10:11:40.609101,1654.9,119103.0,161700.0
2025-06-20 10:11:44.601079,1655.1,119103.0,161700.0
2025-06-20 10:11:45.202113,1655.1,119344.0,161410.0
2025-06-20 10:11:46.634817,1655.1,119344.0,161410.0
2025-06-20 10:11:50.602776,1654.9,119344.0,161410.0
2025-06-20 10:11:51.102800,1654.9,118538.0,162496.0
2025-06-20 10:11:52.613953,1654.9,118538.0,162496.0
2025-06-20 10:11:57.004873,1654.9,119036.0,161892.0
2025-06-20 10:11:58.608448,1655.0,119036.0,161892.0
2025-06-20 10:12:02.603233,1656.2,119036.0,161892.0
2025-06-20 10:12:03.211759,1656.5,123750.0,156938.0
2025-06-20 10:12:06.606635,1656.8,123750.0,156938.0
2025-06-20 10:12:09.600020,1657.8,123750.0,156938.0
2025-06-20 10:12:10.013772,1657.8,126894.0,152945.0
2025-06-20 10:12:12.605089,1657.1,126894.0,152945.0
2025-06-20 10:12:16.430669,1657.1,125788.0,155279.0
2025-06-20 10:12:22.634771,1657.1,126204.0,154236.0
2025-06-20 10:12:26.629908,1657.1,126204.0,154236.0
2025-06-20 10:12:28.941156,1657.1,126270.0,154105.0
2025-06-20 10:12:30.619988,1656.8,126270.0,154105.0
2025-06-20 10:12:34.610776,1657.8,126270.0,154105.0
2025-06-20 10:12:34.945772,1657.8,126225.0,154233.0
2025-06-20 10:12:40.518651,1657.8,126225.0,154233.0
2025-06-20 10:12:40.604598,1657.9,126225.0,154233.0
2025-06-20 10:12:40.740513,1657.9,129071.0,151151.0
2025-06-20 10:12:40.917823,1657.9,129071.0,151151.0
2025-06-20 10:12:41.170463,1657.9,129071.0,151151.0
2025-06-20 10:12:42.293886,1657.9,129071.0,151151.0
2025-06-20 10:12:42.602244,1658.5,129071.0,151151.0
2025-06-20 10:12:42.960281,1658.5,129071.0,151151.0
2025-06-20 10:12:43.438494,1658.5,129071.0,151151.0
2025-06-20 10:12:44.652161,1658.5,129071.0,151151.0
2025-06-20 10:12:44.685861,1658.5,129071.0,151151.0
2025-06-20 10:12:45.428464,1658.5,129071.0,151151.0
2025-06-20 10:12:46.619405,1658.5,129071.0,151151.0
2025-06-20 10:12:46.675734,1658.5,129071.0,151151.0
2025-06-20 10:12:46.737491,1658.5,129146.0,149439.0
2025-06-20 10:12:47.634797,1658.5,129146.0,149439.0
2025-06-20 10:12:48.606191,1658.4,129146.0,149439.0
2025-06-20 10:12:49.156616,1658.4,129146.0,149439.0
2025-06-20 10:12:50.467982,1658.4,129146.0,149439.0
2025-06-20 10:12:51.702696,1658.4,129146.0,149439.0
2025-06-20 10:12:52.544644,1658.4,129685.0,149137.0
2025-06-20 10:12:53.262703,1658.4,129685.0,149137.0
2025-06-20 10:12:54.615312,1657.8,129685.0,149137.0
2025-06-20 10:12:58.355042,1657.8,129371.0,149130.0
2025-06-20 10:13:02.609155,1657.7,129371.0,149130.0
2025-06-20 10:13:03.860063,1658.3,128855.0,150136.0
2025-06-20 10:13:04.610802,1658.3,128855.0,150136.0
2025-06-20 10:13:08.610733,1658.3,128855.0,150136.0
2025-06-20 10:13:09.559287,1657.7,128490.0,150575.0
2025-06-20 10:13:10.622768,1657.7,128490.0,150575.0
2025-06-20 10:13:14.620904,1657.8,128490.0,150575.0
2025-06-20 10:13:15.369243,1657.8,128727.0,151608.0
2025-06-20 10:13:18.607663,1658.2,128727.0,151608.0
2025-06-20 10:13:20.610580,1658.5,128727.0,151608.0
2025-06-20 10:13:21.374554,1658.5,128698.0,151452.0
2025-06-20 10:13:24.619803,1657.7,128698.0,151452.0
2025-06-20 10:13:27.469992,1657.7,129225.0,151372.0
2025-06-20 10:13:33.771789,1657.7,128469.0,153271.0
2025-06-20 10:13:34.606377,1658.1,128469.0,153271.0
2025-06-20 10:13:36.614602,1657.4,128469.0,153271.0
2025-06-20 10:13:39.975114,1657.4,128340.0,153765.0
2025-06-20 10:13:40.611269,1657.7,128340.0,153765.0
2025-06-20 10:13:44.639426,1658.0,128340.0,153765.0
2025-06-20 10:13:45.982214,1658.0,129341.0,152349.0
2025-06-20 10:13:46.620312,1658.0,129341.0,152349.0
2025-06-20 10:13:50.628177,1658.3,129341.0,152349.0
2025-06-20 10:13:51.411911,1658.3,129394.0,152225.0
2025-06-20 10:13:52.619460,1658.3,129394.0,152225.0
2025-06-20 10:13:54.606821,1658.4,129394.0,152225.0
2025-06-20 10:13:56.987246,1658.4,129550.0,151978.0
2025-06-20 10:14:00.611452,1657.8,129550.0,151978.0
2025-06-20 10:14:02.591043,1657.8,129553.0,151955.0
2025-06-20 10:14:02.662805,1657.8,129553.0,151955.0
2025-06-20 10:14:08.294070,1657.8,131180.0,153466.0
2025-06-20 10:14:10.615475,1657.9,131180.0,153466.0
2025-06-20 10:14:12.639416,1657.8,131180.0,153466.0
2025-06-20 10:14:14.205249,1658.3,131420.0,153710.0
2025-06-20 10:14:14.637189,1657.9,131420.0,153710.0
2025-06-20 10:14:16.620016,1658.3,131420.0,153710.0
2025-06-20 10:14:20.002558,1658.3,132927.0,152593.0
2025-06-20 10:14:20.616063,1658.1,132927.0,152593.0
2025-06-20 10:14:22.618303,1658.1,132927.0,152593.0
2025-06-20 10:14:24.636401,1658.4,132927.0,152593.0
2025-06-20 10:14:26.020388,1658.4,133001.0,152663.0
2025-06-20 10:14:30.615658,1658.3,133001.0,152663.0
2025-06-20 10:14:31.820242,1658.3,132789.0,151399.0
2025-06-20 10:14:34.664192,1658.8,132789.0,151399.0
2025-06-20 10:14:36.655331,1658.2,132789.0,151399.0
2025-06-20 10:14:37.325892,1658.2,132904.0,151759.0
2025-06-20 10:14:38.615881,1658.2,132904.0,151759.0
2025-06-20 10:14:40.613872,1658.2,132904.0,151759.0
2025-06-20 10:14:43.037127,1658.2,132271.0,151861.0
2025-06-20 10:14:46.610919,1658.2,132271.0,151861.0
2025-06-20 10:14:48.626493,1658.4,132271.0,151861.0
2025-06-20 10:14:48.719698,1658.4,131845.0,152874.0
2025-06-20 10:14:50.615197,1658.5,131845.0,152874.0
2025-06-20 10:14:52.649557,1658.1,131845.0,152874.0
2025-06-20 10:14:54.647524,1658.1,131734.0,153172.0
2025-06-20 10:14:57.619348,1658.4,131734.0,153172.0
2025-06-20 10:15:00.617836,1658.4,131734.0,153172.0
2025-06-20 10:15:00.937092,1658.4,133387.0,150875.0
2025-06-20 10:15:02.613550,1658.4,133387.0,150875.0
2025-06-20 10:15:04.613337,1658.9,133387.0,150875.0
2025-06-20 10:15:07.233685,1658.9,134111.0,149740.0
2025-06-20 10:15:10.614539,1658.6,134111.0,149740.0
2025-06-20 10:15:13.645214,1658.6,134514.0,149803.0
2025-06-20 10:15:16.650144,1660.0,134514.0,149803.0
2025-06-20 10:15:18.619788,1659.6,134514.0,149803.0
2025-06-20 10:15:19.942602,1660.0,136705.0,145597.0
2025-06-20 10:15:20.619214,1660.0,136705.0,145597.0
2025-06-20 10:15:22.631751,1659.6,136705.0,145597.0
2025-06-20 10:15:26.452777,1660.0,135242.0,145783.0
2025-06-20 10:15:26.614487,1660.0,135242.0,145783.0
2025-06-20 10:15:32.616870,1660.0,135242.0,145783.0
2025-06-20 10:15:32.660632,1660.0,135067.0,145799.0
2025-06-20 10:15:34.615475,1660.0,135067.0,145799.0
2025-06-20 10:15:36.625533,1659.9,135067.0,145799.0
2025-06-20 10:15:38.615330,1660.0,135067.0,145799.0
2025-06-20 10:15:38.661427,1660.0,135403.0,145264.0
2025-06-20 10:15:40.639816,1659.4,135403.0,145264.0
2025-06-20 10:15:40.965205,1659.4,135403.0,145264.0
2025-06-20 10:15:41.373670,1659.4,135403.0,145264.0
2025-06-20 10:15:42.168043,1659.4,135403.0,145264.0
2025-06-20 10:15:42.627834,1660.0,135403.0,145264.0
2025-06-20 10:15:42.759245,1660.0,135403.0,145264.0
2025-06-20 10:15:43.462875,1660.0,135403.0,145264.0
2025-06-20 10:15:44.461951,1660.0,135403.0,145264.0
2025-06-20 10:15:44.467766,1660.0,137690.0,145145.0
2025-06-20 10:15:44.617017,1660.0,137690.0,145145.0
2025-06-20 10:15:44.829598,1660.0,137690.0,145145.0
2025-06-20 10:15:45.777494,1660.0,137690.0,145145.0
2025-06-20 10:15:46.618803,1660.0,137690.0,145145.0
2025-06-20 10:15:47.109660,1660.0,137690.0,145145.0
2025-06-20 10:15:48.074497,1660.0,137690.0,145145.0
2025-06-20 10:15:49.650186,1660.0,137690.0,145145.0
2025-06-20 10:15:49.662305,1660.1,137690.0,145145.0
2025-06-20 10:15:50.461386,1660.1,139890.0,143060.0
2025-06-20 10:15:50.889250,1660.1,139890.0,143060.0
2025-06-20 10:15:52.117431,1660.1,139890.0,143060.0
2025-06-20 10:15:52.617425,1660.1,139890.0,143060.0
2025-06-20 10:15:53.691398,1660.1,139890.0,143060.0
2025-06-20 10:15:55.845112,1660.5,139890.0,143060.0
2025-06-20 10:15:57.067727,1660.4,138737.0,144599.0
2025-06-20 10:15:58.612654,1660.5,138737.0,144599.0
2025-06-20 10:16:00.622970,1661.0,138737.0,144599.0
2025-06-20 10:16:03.179783,1661.6,139029.0,142458.0
2025-06-20 10:16:04.627039,1660.8,139029.0,142458.0
2025-06-20 10:16:08.615855,1661.6,139029.0,142458.0
2025-06-20 10:16:09.171274,1661.6,138725.0,143560.0
2025-06-20 10:16:12.619286,1661.2,138725.0,143560.0
2025-06-20 10:16:15.282480,1660.9,137233.0,148509.0
2025-06-20 10:16:16.617297,1660.9,137233.0,148509.0
2025-06-20 10:16:20.620891,1660.1,137233.0,148509.0
2025-06-20 10:16:21.883854,1660.5,138220.0,149325.0
2025-06-20 10:16:23.613703,1660.5,138220.0,149325.0
2025-06-20 10:16:26.650397,1660.5,138220.0,149325.0
2025-06-20 10:16:28.283570,1660.5,136328.0,152492.0
2025-06-20 10:16:32.617002,1659.8,136328.0,152492.0
2025-06-20 10:16:34.692342,1659.8,132423.0,155697.0
2025-06-20 10:16:35.638142,1659.8,132423.0,155697.0
2025-06-20 10:16:38.636532,1659.8,132423.0,155697.0
2025-06-20 10:16:40.992347,1659.3,132943.0,154990.0
2025-06-20 10:16:41.621192,1659.3,132943.0,154990.0
2025-06-20 10:16:44.668840,1660.0,132943.0,154990.0
2025-06-20 10:16:47.328924,1660.0,132950.0,154271.0
2025-06-20 10:16:47.622506,1660.3,132950.0,154271.0
2025-06-20 10:16:50.616231,1660.0,132950.0,154271.0
2025-06-20 10:16:52.625813,1660.5,132950.0,154271.0
2025-06-20 10:16:53.501607,1660.4,133393.0,151541.0
2025-06-20 10:16:54.693578,1660.4,133393.0,151541.0
2025-06-20 10:16:58.621019,1660.4,133393.0,151541.0
2025-06-20 10:16:59.706212,1659.7,133698.0,153389.0
2025-06-20 10:17:00.664521,1659.7,133698.0,153389.0
2025-06-20 10:17:01.512561,1659.7,134213.0,153428.0
2025-06-20 10:17:02.447128,1659.7,134138.0,153103.0
2025-06-20 10:17:02.618243,1660.4,134138.0,153103.0
2025-06-20 10:17:03.416855,1660.4,133842.0,152270.0
2025-06-20 10:17:04.434102,1660.4,133793.0,152413.0
2025-06-20 10:17:05.417480,1660.4,133891.0,152426.0
2025-06-20 10:17:06.422701,1660.4,133776.0,152025.0
2025-06-20 10:17:06.618290,1660.4,133776.0,152025.0
2025-06-20 10:17:07.455573,1660.4,133661.0,152125.0
2025-06-20 10:17:08.442687,1660.4,133584.0,152399.0
2025-06-20 10:17:09.447907,1660.4,133584.0,152382.0
2025-06-20 10:17:10.424678,1660.4,133636.0,152353.0
2025-06-20 10:17:10.623579,1659.7,133636.0,152353.0
2025-06-20 10:17:11.323263,1659.7,134308.0,152402.0
2025-06-20 10:17:11.622345,1659.7,134308.0,152402.0
2025-06-20 10:17:12.326622,1659.7,134442.0,152374.0
2025-06-20 10:17:13.325865,1659.7,134461.0,152412.0
2025-06-20 10:17:14.496337,1659.7,134527.0,152219.0
2025-06-20 10:17:15.213505,1659.7,134483.0,152307.0
2025-06-20 10:17:16.214548,1659.7,134502.0,152293.0
2025-06-20 10:17:17.324617,1659.7,134455.0,152519.0
2025-06-20 10:17:18.215814,1660.4,134684.0,152811.0
2025-06-20 10:17:18.622450,1660.4,134684.0,152811.0
2025-06-20 10:17:19.116635,1660.4,134769.0,152966.0
2025-06-20 10:17:20.118992,1660.4,134673.0,152981.0
2025-06-20 10:17:21.127239,1659.7,134586.0,153042.0
2025-06-20 10:17:21.616206,1659.7,134586.0,153042.0
2025-06-20 10:17:22.020183,1659.7,134589.0,153044.0
2025-06-20 10:17:22.619446,1659.7,134589.0,153044.0
2025-06-20 10:17:22.926564,1659.7,134589.0,153044.0
2025-06-20 10:17:23.624185,1660.4,134589.0,153044.0
2025-06-20 10:17:23.928995,1660.4,134614.0,153016.0
2025-06-20 10:17:24.934958,1660.4,134983.0,152121.0
2025-06-20 10:17:25.925354,1660.4,134908.0,152149.0
2025-06-20 10:17:27.838955,1659.7,134078.0,152766.0
2025-06-20 10:17:28.616097,1659.7,134078.0,152766.0
2025-06-20 10:17:28.837437,1659.6,134718.0,153121.0
2025-06-20 10:17:29.620366,1659.6,134718.0,153121.0
2025-06-20 10:17:29.847920,1659.6,134168.0,152966.0
2025-06-20 10:17:30.865559,1659.6,134253.0,152765.0
2025-06-20 10:17:31.837735,1659.6,134208.0,152996.0
2025-06-20 10:17:33.058065,1659.6,134566.0,152460.0
2025-06-20 10:17:33.726115,1659.6,134605.0,152200.0
2025-06-20 10:17:34.633622,1659.6,134605.0,152200.0
2025-06-20 10:17:34.727105,1659.6,134621.0,152545.0
2025-06-20 10:17:35.727258,1659.6,134761.0,152094.0
2025-06-20 10:17:36.728677,1659.6,134566.0,152101.0
2025-06-20 10:17:37.730835,1659.6,134566.0,152125.0
2025-06-20 10:17:38.643654,1659.8,134566.0,152125.0
2025-06-20 10:17:38.656551,1659.8,134729.0,152361.0
2025-06-20 10:17:39.640425,1659.8,134743.0,152377.0
2025-06-20 10:17:40.627204,1659.8,134743.0,152377.0
2025-06-20 10:17:40.646519,1659.8,134924.0,152347.0
2025-06-20 10:17:41.532094,1659.8,134923.0,152346.0
2025-06-20 10:17:41.626600,1659.8,134923.0,152346.0
2025-06-20 10:17:42.532362,1659.8,135329.0,153496.0
2025-06-20 10:17:43.446266,1659.8,135329.0,153501.0
2025-06-20 10:17:44.445180,1660.4,136815.0,150496.0
2025-06-20 10:17:44.618192,1660.4,136815.0,150496.0
2025-06-20 10:17:45.471629,1660.4,136785.0,150228.0
2025-06-20 10:17:46.446434,1660.4,136617.0,150455.0
2025-06-20 10:17:47.444259,1660.5,136409.0,148548.0
2025-06-20 10:17:47.617649,1660.5,136409.0,148548.0
2025-06-20 10:17:48.446424,1660.5,136334.0,148802.0
2025-06-20 10:17:49.444269,1660.5,136166.0,149021.0
2025-06-20 10:17:50.474950,1661.0,136489.0,149419.0
2025-06-20 10:17:50.623217,1661.0,136489.0,149419.0
2025-06-20 10:17:51.434254,1661.0,136173.0,149682.0
2025-06-20 10:17:52.447783,1660.8,136330.0,148311.0
2025-06-20 10:17:52.623343,1660.8,136330.0,148311.0
2025-06-20 10:17:53.450852,1660.8,136339.0,148986.0
2025-06-20 10:17:54.462314,1660.8,136264.0,148883.0
2025-06-20 10:17:55.451624,1660.8,136442.0,149170.0
2025-06-20 10:17:56.450392,1660.4,136244.0,148947.0
2025-06-20 10:17:56.624881,1660.4,136244.0,148947.0
2025-06-20 10:17:57.623804,1661.1,136244.0,148947.0
2025-06-20 10:17:58.363487,1661.1,135991.0,149313.0
2025-06-20 10:17:58.623490,1661.1,135991.0,149313.0
2025-06-20 10:17:59.238222,1661.1,135947.0,149348.0
2025-06-20 10:17:59.622657,1661.0,135947.0,149348.0
2025-06-20 10:18:00.242370,1661.0,136077.0,148195.0
2025-06-20 10:18:03.629379,1661.1,136077.0,148195.0
2025-06-20 10:18:06.246095,1661.0,136786.0,150789.0
2025-06-20 10:18:06.626847,1661.0,136786.0,150789.0
2025-06-20 10:18:12.359839,1661.1,138968.0,147383.0
2025-06-20 10:18:12.622993,1661.1,138968.0,147383.0
2025-06-20 10:18:18.056682,1661.1,138939.0,147013.0
2025-06-20 10:18:20.633955,1661.0,138939.0,147013.0
2025-06-20 10:18:24.459628,1662.0,140612.0,145933.0
2025-06-20 10:18:24.628145,1662.0,140612.0,145933.0
2025-06-20 10:18:27.627946,1661.5,140612.0,145933.0
2025-06-20 10:18:30.626123,1661.6,140612.0,145933.0
2025-06-20 10:18:31.372026,1661.6,138301.0,147482.0
2025-06-20 10:18:33.629822,1661.9,138301.0,147482.0
2025-06-20 10:18:36.628920,1661.9,138301.0,147482.0
2025-06-20 10:18:37.564080,1661.9,137935.0,147392.0
2025-06-20 10:18:39.628804,1661.9,137935.0,147392.0
2025-06-20 10:18:41.584500,1661.9,137935.0,147392.0
2025-06-20 10:18:41.631274,1661.2,137935.0,147392.0
2025-06-20 10:18:41.673500,1661.2,137935.0,147392.0
2025-06-20 10:18:42.125641,1661.2,137935.0,147392.0
2025-06-20 10:18:43.268570,1661.2,138114.0,147853.0
2025-06-20 10:18:43.308715,1661.2,138114.0,147853.0
2025-06-20 10:18:44.436846,1661.2,138114.0,147853.0
2025-06-20 10:18:44.704986,1661.2,138114.0,147853.0
2025-06-20 10:18:45.020002,1661.2,138114.0,147853.0
2025-06-20 10:18:45.432330,1661.2,138114.0,147853.0
2025-06-20 10:18:46.391158,1661.2,138114.0,147853.0
2025-06-20 10:18:47.683183,1661.2,138114.0,147853.0
2025-06-20 10:18:48.632145,1661.2,138114.0,147853.0
2025-06-20 10:18:48.682592,1661.2,138114.0,147853.0
2025-06-20 10:18:49.070186,1661.2,137609.0,147871.0
2025-06-20 10:18:50.192645,1661.2,137609.0,147871.0
2025-06-20 10:18:51.460009,1661.2,137609.0,147871.0
2025-06-20 10:18:51.636282,1661.1,137609.0,147871.0
2025-06-20 10:18:52.720398,1661.1,137609.0,147871.0
2025-06-20 10:18:54.436552,1661.1,137609.0,147871.0
2025-06-20 10:18:54.656334,1661.8,137609.0,147871.0
2025-06-20 10:18:54.875558,1661.8,138094.0,147835.0
2025-06-20 10:18:57.637254,1661.2,138094.0,147835.0
2025-06-20 10:19:00.628608,1661.8,138094.0,147835.0
2025-06-20 10:19:01.179081,1661.8,136939.0,149489.0
2025-06-20 10:19:03.651166,1661.1,136939.0,149489.0
2025-06-20 10:19:06.635318,1661.2,136939.0,149489.0
2025-06-20 10:19:07.583903,1661.5,138547.0,149422.0
2025-06-20 10:19:09.632033,1661.2,138547.0,149422.0
2025-06-20 10:19:12.631500,1661.2,138547.0,149422.0
2025-06-20 10:19:13.680971,1661.2,137726.0,149206.0
2025-06-20 10:19:15.674144,1661.5,137726.0,149206.0
2025-06-20 10:19:18.739425,1661.8,137726.0,149206.0
2025-06-20 10:19:19.810446,1661.8,138380.0,148395.0
2025-06-20 10:19:21.688737,1661.2,138380.0,148395.0
2025-06-20 10:19:24.896317,1661.8,138380.0,148395.0
2025-06-20 10:19:25.699090,1661.8,138602.0,148266.0
2025-06-20 10:19:27.694993,1661.7,138602.0,148266.0
2025-06-20 10:19:32.002638,1661.7,138774.0,149053.0
2025-06-20 10:19:36.651967,1661.8,138774.0,149053.0
2025-06-20 10:19:38.102833,1661.8,138882.0,148971.0
2025-06-20 10:19:38.650057,1661.8,138882.0,148971.0
2025-06-20 10:19:42.652626,1661.8,138882.0,148971.0
2025-06-20 10:19:44.117496,1661.5,138553.0,149395.0
2025-06-20 10:19:45.637597,1661.2,138553.0,149395.0
2025-06-20 10:19:49.717185,1661.2,138332.0,149601.0
2025-06-20 10:19:51.645676,1661.2,138332.0,149601.0
2025-06-20 10:19:53.638712,1660.9,138332.0,149601.0
2025-06-20 10:19:55.522854,1660.1,137109.0,155198.0
2025-06-20 10:19:57.641838,1660.7,137109.0,155198.0
2025-06-20 10:20:01.435025,1660.7,138063.0,151124.0
2025-06-20 10:20:02.644069,1661.1,138063.0,151124.0
2025-06-20 10:20:08.136285,1661.0,138285.0,152892.0
2025-06-20 10:20:08.644525,1660.9,138285.0,152892.0
2025-06-20 10:20:11.686968,1660.6,138285.0,152892.0
2025-06-20 10:20:14.653718,1660.7,138285.0,152892.0
2025-06-20 10:20:14.693239,1660.7,137387.0,155638.0
2025-06-20 10:20:17.652195,1660.7,137387.0,155638.0
2025-06-20 10:20:20.946381,1660.7,137367.0,155664.0
2025-06-20 10:20:23.647511,1660.7,137367.0,155664.0
2025-06-20 10:20:26.645823,1660.5,137367.0,155664.0
2025-06-20 10:20:26.868882,1660.5,137988.0,156517.0
2025-06-20 10:20:29.677131,1660.7,137988.0,156517.0
2025-06-20 10:20:32.958007,1660.7,136949.0,156424.0
2025-06-20 10:20:38.670606,1660.5,136949.0,156424.0
2025-06-20 10:20:39.062827,1660.5,136742.0,156574.0
2025-06-20 10:20:41.644350,1660.5,136742.0,156574.0
2025-06-20 10:20:45.165460,1660.5,136353.0,157914.0
2025-06-20 10:20:47.651156,1660.5,136353.0,157914.0
2025-06-20 10:20:50.686665,1660.1,136353.0,157914.0
2025-06-20 10:20:51.169440,1660.1,134108.0,160843.0
2025-06-20 10:20:57.398631,1660.0,135446.0,160344.0
2025-06-20 10:20:58.683972,1660.0,135446.0,160344.0
2025-06-20 10:21:02.664494,1660.1,135446.0,160344.0
2025-06-20 10:21:03.674447,1660.1,134303.0,160260.0
2025-06-20 10:21:05.650350,1660.0,134303.0,160260.0
2025-06-20 10:21:10.114193,1660.0,133439.0,162308.0
2025-06-20 10:21:11.651169,1659.5,133439.0,162308.0
2025-06-20 10:21:16.189359,1659.5,131745.0,164334.0
2025-06-20 10:21:17.650980,1659.7,131745.0,164334.0
2025-06-20 10:21:19.675580,1659.0,131745.0,164334.0
2025-06-20 10:21:22.203610,1658.3,128683.0,165361.0
2025-06-20 10:21:23.662478,1658.3,128683.0,165361.0
2025-06-20 10:21:26.649593,1658.4,128683.0,165361.0
2025-06-20 10:21:28.195294,1658.9,128674.0,164637.0
2025-06-20 10:21:29.656146,1658.4,128674.0,164637.0
2025-06-20 10:21:34.198982,1658.4,128969.0,165077.0
2025-06-20 10:21:38.647728,1658.4,128969.0,165077.0
2025-06-20 10:21:40.096323,1658.4,128899.0,164980.0
2025-06-20 10:21:41.650780,1659.8,128899.0,164980.0
2025-06-20 10:21:41.809046,1659.8,128899.0,164980.0
2025-06-20 10:21:42.180177,1659.8,128899.0,164980.0
2025-06-20 10:21:43.094592,1659.8,128899.0,164980.0
2025-06-20 10:21:43.659429,1659.6,128899.0,164980.0
2025-06-20 10:21:43.724572,1659.6,128899.0,164980.0
2025-06-20 10:21:44.436621,1659.6,128899.0,164980.0
2025-06-20 10:21:45.478908,1659.6,128899.0,164980.0
2025-06-20 10:21:46.104512,1659.6,131903.0,156195.0
2025-06-20 10:21:46.834950,1659.6,131903.0,156195.0
2025-06-20 10:21:47.661687,1659.6,131903.0,156195.0
2025-06-20 10:21:48.143667,1659.6,131903.0,156195.0
2025-06-20 10:21:49.140334,1659.6,131903.0,156195.0
2025-06-20 10:21:50.707380,1659.6,131903.0,156195.0
2025-06-20 10:21:51.707650,1659.6,131483.0,157450.0
2025-06-20 10:21:51.977207,1659.6,131483.0,157450.0
2025-06-20 10:21:53.189424,1659.6,131483.0,157450.0
2025-06-20 10:21:54.811612,1659.6,131483.0,157450.0
2025-06-20 10:21:55.684922,1660.0,131483.0,157450.0
2025-06-20 10:21:57.336668,1660.3,131942.0,155886.0
2025-06-20 10:21:59.705214,1660.3,131942.0,155886.0
2025-06-20 10:22:01.313076,1660.3,131731.0,156133.0
2025-06-20 10:22:01.692069,1660.3,131731.0,156133.0
2025-06-20 10:22:02.313959,1660.0,131638.0,156278.0
2025-06-20 10:22:02.687448,1660.0,131638.0,156278.0
2025-06-20 10:22:03.421713,1660.3,132630.0,155394.0
2025-06-20 10:22:03.646788,1660.3,132630.0,155394.0
2025-06-20 10:22:04.516095,1660.3,132454.0,155602.0
2025-06-20 10:22:05.706367,1660.3,132582.0,154545.0
2025-06-20 10:22:06.511300,1660.3,132268.0,154768.0
2025-06-20 10:22:07.773717,1660.3,131413.0,155095.0
2025-06-20 10:22:08.683953,1660.3,131716.0,155174.0
2025-06-20 10:22:09.712933,1660.3,131996.0,155154.0
2025-06-20 10:22:11.292333,1660.3,131996.0,155154.0
2025-06-20 10:22:11.418435,1660.3,131106.0,157499.0
2025-06-20 10:22:11.697069,1660.4,131106.0,157499.0
2025-06-20 10:22:11.947726,1660.4,131254.0,156865.0
2025-06-20 10:22:12.652602,1659.7,131254.0,156865.0
2025-06-20 10:22:13.434256,1659.7,131115.0,157861.0
2025-06-20 10:22:14.429874,1659.7,131137.0,158025.0
2025-06-20 10:22:15.516540,1659.7,131252.0,158167.0
2025-06-20 10:22:16.618419,1659.7,131802.0,157895.0
2025-06-20 10:22:16.663130,1659.7,131802.0,157895.0
2025-06-20 10:22:17.619905,1659.7,131046.0,158804.0
2025-06-20 10:22:18.520470,1659.4,130539.0,159137.0
2025-06-20 10:22:18.689996,1659.4,130539.0,159137.0
2025-06-20 10:22:19.619644,1659.4,131336.0,159156.0
2025-06-20 10:22:20.656439,1660.0,131336.0,159156.0
2025-06-20 10:22:20.724030,1660.0,131924.0,158455.0
2025-06-20 10:22:21.661808,1660.0,131924.0,158455.0
2025-06-20 10:22:21.821438,1660.0,132331.0,157877.0
2025-06-20 10:22:22.935095,1660.0,132331.0,157877.0
2025-06-20 10:22:23.654027,1660.0,132331.0,157877.0
2025-06-20 10:22:23.946551,1660.0,132221.0,157180.0
2025-06-20 10:22:24.938391,1660.0,131088.0,159149.0
2025-06-20 10:22:25.938791,1660.0,130988.0,158696.0
2025-06-20 10:22:26.939596,1660.0,131450.0,157887.0
2025-06-20 10:22:28.033917,1660.0,131690.0,157948.0
2025-06-20 10:22:29.128383,1660.0,132158.0,157948.0
2025-06-20 10:22:30.227151,1660.2,131693.0,158004.0
2025-06-20 10:22:31.174368,1660.2,131693.0,158004.0
2025-06-20 10:22:31.226897,1660.2,132144.0,158057.0
2025-06-20 10:22:32.331129,1660.2,132018.0,158004.0
2025-06-20 10:22:33.436176,1660.2,131847.0,157835.0
2025-06-20 10:22:34.529045,1660.2,131880.0,157882.0
2025-06-20 10:22:35.628962,1660.2,131919.0,157845.0
2025-06-20 10:22:36.532392,1659.9,131543.0,158785.0
2025-06-20 10:22:36.654718,1659.9,131543.0,158785.0
2025-06-20 10:22:37.734247,1659.9,131583.0,158588.0
2025-06-20 10:22:38.832225,1659.9,131271.0,158383.0
2025-06-20 10:22:39.834991,1659.9,131957.0,158360.0
2025-06-20 10:22:40.735237,1659.4,131957.0,158360.0
2025-06-20 10:22:40.941065,1659.4,131880.0,158094.0
2025-06-20 10:22:41.944308,1659.4,131846.0,157991.0
2025-06-20 10:22:43.041796,1659.4,132371.0,157489.0
2025-06-20 10:22:44.138733,1659.4,132038.0,157623.0
2025-06-20 10:22:45.138412,1659.4,131954.0,157885.0
2025-06-20 10:22:46.237810,1660.0,132077.0,158104.0
2025-06-20 10:22:46.656815,1660.0,132077.0,158104.0
2025-06-20 10:22:47.341409,1660.0,131697.0,158172.0
2025-06-20 10:22:48.240644,1660.0,131658.0,158198.0
2025-06-20 10:22:49.445237,1660.0,131816.0,157474.0
2025-06-20 10:22:50.554034,1660.0,131809.0,157657.0
2025-06-20 10:22:51.541697,1660.0,131804.0,157858.0
2025-06-20 10:22:51.653920,1660.0,131804.0,157858.0
2025-06-20 10:22:52.558187,1660.0,131836.0,157873.0
2025-06-20 10:22:53.451752,1660.0,131564.0,158578.0
2025-06-20 10:22:54.445896,1659.9,131526.0,158322.0
2025-06-20 10:22:54.657823,1659.9,131526.0,158322.0
2025-06-20 10:22:55.542462,1659.3,130768.0,159788.0
2025-06-20 10:22:55.657789,1659.3,130768.0,159788.0
2025-06-20 10:22:56.643261,1659.6,129557.0,161310.0
2025-06-20 10:22:56.655811,1659.6,129557.0,161310.0
2025-06-20 10:22:57.647321,1659.6,128422.0,163587.0
2025-06-20 10:22:58.662986,1659.4,128476.0,163153.0
2025-06-20 10:22:58.678549,1659.4,128476.0,163153.0
2025-06-20 10:22:59.647046,1659.4,129707.0,162832.0
2025-06-20 10:23:01.344409,1659.4,129792.0,162665.0
2025-06-20 10:23:02.247479,1659.4,129792.0,162758.0
2025-06-20 10:23:03.148489,1659.4,129809.0,162811.0
2025-06-20 10:23:03.723526,1659.0,129809.0,162811.0
2025-06-20 10:23:04.159238,1659.3,129450.0,162832.0
2025-06-20 10:23:04.660148,1659.3,129450.0,162832.0
2025-06-20 10:23:05.154455,1659.3,129651.0,162925.0
2025-06-20 10:23:06.176562,1659.3,129642.0,162614.0
2025-06-20 10:23:06.661187,1659.3,129642.0,162614.0
2025-06-20 10:23:07.049256,1659.3,129520.0,162703.0
2025-06-20 10:23:07.950637,1659.3,129446.0,162926.0
2025-06-20 10:23:08.956982,1659.3,129833.0,162916.0
2025-06-20 10:23:09.850670,1659.3,130097.0,162586.0
2025-06-20 10:23:10.749875,1659.3,129925.0,163232.0
2025-06-20 10:23:11.734321,1658.4,129925.0,163232.0
2025-06-20 10:23:11.750083,1658.4,129895.0,163604.0
2025-06-20 10:23:12.659266,1659.7,129895.0,163604.0
2025-06-20 10:23:12.751517,1659.7,130899.0,160295.0
2025-06-20 10:23:13.653643,1659.8,130899.0,160295.0
2025-06-20 10:23:13.754803,1659.8,130841.0,160530.0
2025-06-20 10:23:14.755778,1659.8,130726.0,160467.0
2025-06-20 10:23:15.754565,1659.8,130544.0,161106.0
2025-06-20 10:23:16.757189,1659.8,130635.0,161089.0
2025-06-20 10:23:17.660895,1659.8,130635.0,161087.0
2025-06-20 10:23:18.725539,1659.8,130635.0,161193.0
2025-06-20 10:23:19.674186,1659.8,130565.0,161268.0
2025-06-20 10:23:20.665153,1659.8,130565.0,162192.0
2025-06-20 10:23:21.559773,1659.8,130928.0,161871.0
2025-06-20 10:23:21.660788,1659.8,130928.0,161871.0
2025-06-20 10:23:22.559173,1659.8,131103.0,162182.0
2025-06-20 10:23:23.559980,1659.8,130835.0,162184.0
2025-06-20 10:23:23.656302,1659.8,130835.0,162184.0
2025-06-20 10:23:24.561326,1659.8,130458.0,162501.0
2025-06-20 10:23:25.562822,1659.8,130674.0,162501.0
2025-06-20 10:23:26.462410,1659.8,130638.0,162501.0
2025-06-20 10:23:26.656269,1659.9,130638.0,162501.0
2025-06-20 10:23:27.464749,1659.9,130613.0,161778.0
2025-06-20 10:23:28.500919,1659.9,130626.0,161786.0
2025-06-20 10:23:29.413115,1659.9,130626.0,161782.0
2025-06-20 10:23:30.376965,1659.9,130951.0,161568.0
2025-06-20 10:23:31.603842,1659.9,130950.0,161697.0
2025-06-20 10:23:32.468682,1659.9,130853.0,160947.0
2025-06-20 10:23:33.589508,1659.9,130813.0,160955.0
2025-06-20 10:23:34.423638,1659.9,130913.0,160956.0
2025-06-20 10:23:35.268271,1659.4,131065.0,160953.0
2025-06-20 10:23:35.661030,1659.4,131065.0,160953.0
2025-06-20 10:23:36.268107,1659.3,130406.0,161753.0
2025-06-20 10:23:36.660408,1659.3,130406.0,161753.0
2025-06-20 10:23:37.378230,1659.3,130418.0,162018.0
2025-06-20 10:23:37.655505,1659.3,130418.0,162018.0
2025-06-20 10:23:38.274101,1659.3,130547.0,162042.0
2025-06-20 10:23:38.658721,1659.3,130547.0,162042.0
2025-06-20 10:23:39.275696,1659.3,131013.0,161061.0
2025-06-20 10:23:40.294019,1659.3,131512.0,160663.0
2025-06-20 10:23:40.747318,1659.3,131512.0,160663.0
2025-06-20 10:23:41.276716,1659.3,131361.0,160949.0
2025-06-20 10:23:41.655562,1659.9,131361.0,160949.0
2025-06-20 10:23:42.173569,1659.9,132299.0,160001.0
2025-06-20 10:23:43.173480,1659.9,132004.0,159648.0
2025-06-20 10:23:44.175533,1659.9,132390.0,159752.0
2025-06-20 10:23:45.078308,1659.9,132181.0,159871.0
2025-06-20 10:23:46.093702,1659.9,131821.0,160378.0
2025-06-20 10:23:46.976859,1659.4,131774.0,160419.0
2025-06-20 10:23:47.656298,1659.4,131774.0,160419.0
2025-06-20 10:23:47.977631,1659.4,131814.0,160405.0
2025-06-20 10:23:48.668673,1659.9,131814.0,160405.0
2025-06-20 10:23:48.785536,1659.9,131819.0,160429.0
2025-06-20 10:23:49.782346,1659.9,131819.0,160444.0
2025-06-20 10:23:50.781637,1659.9,131819.0,160462.0
2025-06-20 10:23:51.659759,1659.9,131819.0,160462.0
2025-06-20 10:23:51.783241,1659.9,131970.0,160259.0
2025-06-20 10:23:52.784537,1659.9,131952.0,160244.0
2025-06-20 10:23:53.783570,1659.9,131815.0,160198.0
2025-06-20 10:23:54.663997,1659.9,131815.0,160198.0
2025-06-20 10:23:54.784929,1659.9,130935.0,159993.0
2025-06-20 10:23:55.731518,1659.9,131614.0,159761.0
2025-06-20 10:23:56.783144,1659.9,131647.0,160256.0
2025-06-20 10:23:57.698820,1659.9,131359.0,162046.0
2025-06-20 10:23:58.691770,1659.9,131359.0,162082.0
2025-06-20 10:23:59.627729,1659.9,130901.0,162035.0
2025-06-20 10:23:59.658074,1659.9,130901.0,162035.0
2025-06-20 10:24:00.584051,1659.9,131740.0,160844.0
2025-06-20 10:24:01.486834,1659.9,131863.0,160960.0
2025-06-20 10:24:01.703337,1659.9,131863.0,160960.0
2025-06-20 10:24:02.633382,1659.9,131869.0,161017.0
2025-06-20 10:24:03.626611,1659.9,131833.0,161019.0
2025-06-20 10:24:05.789703,1659.9,131872.0,160999.0
2025-06-20 10:24:06.990764,1659.9,132103.0,160967.0
2025-06-20 10:24:07.993533,1659.9,132102.0,160983.0
2025-06-20 10:24:09.128843,1659.9,132001.0,161386.0
2025-06-20 10:24:09.768215,1659.9,132001.0,161386.0
2025-06-20 10:24:10.091729,1659.9,131823.0,161187.0
2025-06-20 10:24:10.929600,1659.4,131823.0,161187.0
2025-06-20 10:24:11.197515,1659.4,131534.0,161690.0
2025-06-20 10:24:12.279232,1659.4,131513.0,161467.0
2025-06-20 10:24:14.630463,1659.4,131375.0,161467.0
2025-06-20 10:24:15.424719,1659.4,131622.0,161465.0
2025-06-20 10:24:16.496491,1659.9,131552.0,161321.0
2025-06-20 10:24:16.747381,1659.9,131552.0,161321.0
2025-06-20 10:24:17.595772,1659.9,131137.0,161303.0
2025-06-20 10:24:18.706457,1659.5,131144.0,161285.0
2025-06-20 10:24:19.656667,1659.5,131144.0,161285.0
2025-06-20 10:24:19.797433,1659.5,131113.0,161296.0
2025-06-20 10:24:20.797774,1659.5,131410.0,161069.0
2025-06-20 10:24:21.663676,1659.5,131410.0,161069.0
2025-06-20 10:24:21.913481,1659.5,131593.0,161067.0
2025-06-20 10:24:23.000973,1659.5,131587.0,161085.0
2025-06-20 10:24:24.104774,1659.5,131587.0,161105.0
2025-06-20 10:24:25.200619,1659.5,131572.0,161087.0
2025-06-20 10:24:26.103898,1659.5,131572.0,161091.0
2025-06-20 10:24:26.659601,1659.9,131572.0,161091.0
2025-06-20 10:24:27.201563,1659.9,131550.0,160910.0
2025-06-20 10:24:28.378109,1659.9,131981.0,160935.0
2025-06-20 10:24:29.454073,1659.9,131981.0,160934.0
2025-06-20 10:24:30.506887,1659.9,131981.0,160869.0
2025-06-20 10:24:31.604418,1659.2,131760.0,161089.0
2025-06-20 10:24:31.660186,1659.2,131760.0,161089.0
2025-06-20 10:24:32.605756,1659.2,131760.0,161096.0
2025-06-20 10:24:33.705753,1659.2,131760.0,161099.0
2025-06-20 10:24:34.711695,1659.2,131749.0,161255.0
2025-06-20 10:24:35.919948,1659.2,131820.0,161277.0
2025-06-20 10:24:37.006636,1659.2,131861.0,161486.0
2025-06-20 10:24:38.105953,1659.2,131909.0,161486.0
2025-06-20 10:24:39.207165,1659.2,131910.0,161457.0
2025-06-20 10:24:40.209215,1659.2,131905.0,161484.0
2025-06-20 10:24:40.668938,1659.5,131905.0,161484.0
2025-06-20 10:24:41.314399,1659.5,131859.0,161525.0
2025-06-20 10:24:41.665262,1659.9,131859.0,161525.0
2025-06-20 10:24:42.294833,1659.9,131859.0,161525.0
2025-06-20 10:24:42.510897,1659.9,132572.0,160637.0
2025-06-20 10:24:42.651897,1659.9,132572.0,160637.0
2025-06-20 10:24:43.448424,1659.9,132517.0,160746.0
2025-06-20 10:24:43.503752,1659.9,132517.0,160746.0
2025-06-20 10:24:44.036846,1659.9,132517.0,160746.0
2025-06-20 10:24:44.511022,1659.9,144435.0,160516.0
2025-06-20 10:24:44.704407,1659.9,144435.0,160516.0
2025-06-20 10:24:45.061503,1659.9,144435.0,160516.0
2025-06-20 10:24:45.513939,1659.9,144190.0,160262.0
2025-06-20 10:24:45.661868,1659.9,144190.0,160262.0
2025-06-20 10:24:46.078537,1659.9,144190.0,160262.0
2025-06-20 10:24:46.613159,1659.9,144191.0,160305.0
2025-06-20 10:24:47.697595,1659.9,144191.0,160305.0
2025-06-20 10:24:47.810528,1659.9,143892.0,160144.0
2025-06-20 10:24:48.662893,1659.9,143892.0,160144.0
2025-06-20 10:24:48.788361,1659.9,143892.0,160144.0
2025-06-20 10:24:48.929766,1659.9,144135.0,160396.0
2025-06-20 10:24:49.798578,1659.9,144135.0,160396.0
2025-06-20 10:24:49.811286,1659.9,144161.0,160429.0
2025-06-20 10:24:50.661122,1659.9,144161.0,160429.0
2025-06-20 10:24:50.937026,1659.9,144191.0,160189.0
2025-06-20 10:24:51.294256,1659.9,144191.0,160189.0
2025-06-20 10:24:51.660277,1659.9,144191.0,160189.0
2025-06-20 10:24:52.015292,1659.9,143968.0,160399.0
2025-06-20 10:24:52.572578,1659.9,143968.0,160399.0
2025-06-20 10:24:52.689107,1659.9,143968.0,160399.0
2025-06-20 10:24:53.112191,1659.9,143522.0,160381.0
2025-06-20 10:24:53.667563,1659.9,143522.0,160381.0
2025-06-20 10:24:53.819850,1659.9,143522.0,160381.0
2025-06-20 10:24:54.215031,1659.9,143493.0,160355.0
2025-06-20 10:24:55.313819,1659.9,143469.0,160355.0
2025-06-20 10:24:55.457555,1659.9,143469.0,160355.0
2025-06-20 10:24:56.448924,1659.9,143469.0,160356.0
2025-06-20 10:24:56.659223,1660.0,143469.0,160356.0
2025-06-20 10:24:57.516580,1660.0,143874.0,160058.0
2025-06-20 10:24:58.616867,1660.0,143765.0,160057.0
2025-06-20 10:24:59.720469,1660.0,144116.0,159803.0
2025-06-20 10:25:01.666902,1660.0,144116.0,159803.0
2025-06-20 10:25:03.519409,1660.5,143665.0,158737.0
2025-06-20 10:25:03.674703,1660.5,143665.0,158737.0
2025-06-20 10:25:07.670919,1660.5,143665.0,158737.0
2025-06-20 10:25:09.657522,1660.0,143525.0,159920.0
2025-06-20 10:25:09.700681,1660.0,143525.0,159920.0
2025-06-20 10:25:13.659586,1659.5,143525.0,159920.0
2025-06-20 10:25:15.942056,1659.5,141424.0,162131.0
2025-06-20 10:25:20.351787,1659.9,141424.0,162131.0
2025-06-20 10:25:21.959809,1660.0,142968.0,160764.0
2025-06-20 10:25:22.666318,1660.0,142968.0,160764.0
2025-06-20 10:25:28.135331,1660.4,142930.0,160846.0
2025-06-20 10:25:28.661542,1660.4,142930.0,160846.0
2025-06-20 10:25:31.673210,1660.0,142930.0,160846.0
2025-06-20 10:25:34.140676,1660.5,142793.0,160114.0
2025-06-20 10:25:34.663598,1660.5,142793.0,160114.0
2025-06-20 10:25:37.661501,1660.5,142793.0,160114.0
2025-06-20 10:25:40.553174,1660.0,142693.0,161657.0
2025-06-20 10:25:40.673038,1660.0,142693.0,161657.0
2025-06-20 10:25:46.666220,1660.0,142693.0,161657.0
2025-06-20 10:25:46.750945,1660.0,142596.0,161507.0
2025-06-20 10:25:49.665343,1660.0,142596.0,161507.0
2025-06-20 10:25:52.667023,1660.0,142596.0,161507.0
2025-06-20 10:25:52.859647,1660.0,142282.0,161514.0
2025-06-20 10:25:55.669522,1660.5,142282.0,161514.0
2025-06-20 10:25:58.668840,1660.0,142282.0,161514.0
2025-06-20 10:25:58.757412,1660.0,142372.0,161115.0
2025-06-20 10:26:00.667598,1660.0,142372.0,161115.0
2025-06-20 10:26:04.574408,1660.0,142255.0,161019.0
2025-06-20 10:26:04.666137,1660.0,142255.0,161019.0
2025-06-20 10:26:07.671528,1660.5,142255.0,161019.0
2025-06-20 10:26:10.669823,1660.1,142255.0,161019.0
2025-06-20 10:26:10.869580,1660.1,142359.0,159476.0
2025-06-20 10:26:13.665619,1660.5,142359.0,159476.0
2025-06-20 10:26:16.666858,1660.1,142359.0,159476.0
2025-06-20 10:26:17.172871,1660.1,142524.0,158314.0
2025-06-20 10:26:18.677773,1660.1,142524.0,158314.0
2025-06-20 10:26:22.665814,1660.2,142524.0,158314.0
2025-06-20 10:26:23.384276,1660.2,143243.0,157364.0
2025-06-20 10:26:28.671669,1660.2,143243.0,157364.0
2025-06-20 10:26:29.595737,1660.1,143136.0,157841.0
2025-06-20 10:26:31.676534,1660.1,143136.0,157841.0
2025-06-20 10:26:35.783072,1660.1,142650.0,158773.0
2025-06-20 10:26:40.667513,1660.1,142650.0,158773.0
2025-06-20 10:26:42.190199,1660.5,142983.0,158803.0
2025-06-20 10:26:43.706535,1660.5,142983.0,158803.0
2025-06-20 10:26:48.433494,1660.5,143470.0,158768.0
2025-06-20 10:26:52.913724,1660.6,143470.0,158768.0
2025-06-20 10:26:54.603075,1660.6,143525.0,159446.0
2025-06-20 10:26:56.078579,1660.6,143525.0,159446.0
2025-06-20 10:26:58.698142,1660.6,143525.0,159446.0
2025-06-20 10:27:00.692536,1660.8,143525.0,159446.0
2025-06-20 10:27:00.814052,1660.9,144241.0,159047.0
2025-06-20 10:27:04.724832,1661.2,144241.0,159047.0
2025-06-20 10:27:07.216926,1661.2,143917.0,158410.0
2025-06-20 10:27:07.715288,1661.2,143917.0,158410.0
2025-06-20 10:27:09.705326,1661.3,143917.0,158410.0
2025-06-20 10:27:13.682546,1661.8,143917.0,158410.0
2025-06-20 10:27:14.150878,1661.8,143610.0,157128.0
2025-06-20 10:27:16.669045,1661.7,143610.0,157128.0
2025-06-20 10:27:20.527520,1661.8,144198.0,156193.0
2025-06-20 10:27:22.688739,1662.2,144198.0,156193.0
2025-06-20 10:27:25.715052,1663.1,144198.0,156193.0
2025-06-20 10:27:27.024883,1662.4,143244.0,152983.0
2025-06-20 10:27:28.750858,1663.0,143244.0,152983.0
2025-06-20 10:27:33.770422,1662.9,144026.0,151266.0
2025-06-20 10:27:35.673698,1663.7,144026.0,151266.0
2025-06-20 10:27:38.722756,1662.9,144026.0,151266.0
2025-06-20 10:27:40.341915,1663.0,142190.0,156847.0
2025-06-20 10:27:41.672349,1662.8,142190.0,156847.0
2025-06-20 10:27:42.682367,1662.8,142190.0,156847.0
2025-06-20 10:27:43.026751,1662.8,142190.0,156847.0
2025-06-20 10:27:44.268836,1662.8,142190.0,156847.0
2025-06-20 10:27:45.274789,1662.8,142190.0,156847.0
2025-06-20 10:27:45.684282,1663.4,142190.0,156847.0
2025-06-20 10:27:45.768958,1663.4,142190.0,156847.0
2025-06-20 10:27:46.292660,1663.4,142190.0,156847.0
2025-06-20 10:27:46.786725,1663.0,142845.0,154213.0
2025-06-20 10:27:47.710543,1663.0,142845.0,154213.0
2025-06-20 10:27:49.008174,1663.0,142845.0,154213.0
2025-06-20 10:27:49.684185,1662.5,142845.0,154213.0
2025-06-20 10:27:49.999772,1662.5,142845.0,154213.0
2025-06-20 10:27:51.516798,1662.5,142845.0,154213.0
2025-06-20 10:27:52.679010,1662.0,142845.0,154213.0
2025-06-20 10:27:52.818351,1662.0,142845.0,154213.0
2025-06-20 10:27:53.151392,1662.0,143486.0,156661.0
2025-06-20 10:27:54.022028,1662.0,143486.0,156661.0
2025-06-20 10:27:55.620402,1662.0,143486.0,156661.0
2025-06-20 10:27:55.719671,1663.0,143486.0,156661.0
2025-06-20 10:27:58.672806,1662.2,143486.0,156661.0
2025-06-20 10:27:59.554784,1662.2,143674.0,156727.0
2025-06-20 10:28:01.256590,1662.1,142792.0,157374.0
2025-06-20 10:28:01.717892,1662.1,142792.0,157374.0
2025-06-20 10:28:02.356027,1662.1,142844.0,157433.0
2025-06-20 10:28:03.258037,1662.1,143283.0,157407.0
2025-06-20 10:28:04.361444,1662.1,143205.0,157518.0
2025-06-20 10:28:05.363620,1662.1,143212.0,157749.0
2025-06-20 10:28:06.472996,1662.1,142489.0,157758.0
2025-06-20 10:28:07.562476,1662.1,141940.0,157746.0
2025-06-20 10:28:08.663351,1662.1,141940.0,157821.0
2025-06-20 10:28:09.761734,1662.1,141353.0,157688.0
2025-06-20 10:28:10.675396,1662.1,141353.0,157688.0
2025-06-20 10:28:10.894194,1662.1,141558.0,157610.0
2025-06-20 10:28:11.672407,1662.5,141558.0,157610.0
2025-06-20 10:28:11.972807,1662.5,141625.0,157509.0
2025-06-20 10:28:13.066259,1662.5,141787.0,157993.0
2025-06-20 10:28:14.166187,1662.8,141879.0,158015.0
2025-06-20 10:28:14.672976,1662.8,141879.0,158015.0
2025-06-20 10:28:15.279101,1662.5,141101.0,159812.0
2025-06-20 10:28:15.675618,1662.5,141101.0,159812.0
2025-06-20 10:28:16.369622,1662.4,141623.0,159906.0
2025-06-20 10:28:16.672090,1662.4,141623.0,159906.0
2025-06-20 10:28:17.481733,1661.6,141582.0,159637.0
2025-06-20 10:28:17.673474,1661.6,141582.0,159637.0
2025-06-20 10:28:18.570017,1661.6,141694.0,159637.0
2025-06-20 10:28:18.674612,1661.6,141694.0,159637.0
2025-06-20 10:28:19.746430,1661.6,141622.0,159433.0
2025-06-20 10:28:20.770983,1661.6,141634.0,159409.0
2025-06-20 10:28:21.770950,1661.6,142389.0,159812.0
2025-06-20 10:28:22.905330,1661.6,142425.0,159814.0
2025-06-20 10:28:23.978684,1661.6,142425.0,159814.0
2025-06-20 10:28:24.677199,1661.7,142425.0,159814.0
2025-06-20 10:28:25.074083,1662.1,142397.0,159839.0
2025-06-20 10:28:25.674444,1662.1,142397.0,159839.0
2025-06-20 10:28:26.175814,1661.7,142314.0,160517.0
2025-06-20 10:28:26.675263,1662.1,142314.0,160517.0
2025-06-20 10:28:27.276801,1662.1,142521.0,158459.0
2025-06-20 10:28:28.376995,1662.1,142215.0,158993.0
2025-06-20 10:28:29.479380,1662.7,142337.0,159276.0
2025-06-20 10:28:29.670731,1662.7,142337.0,159276.0
2025-06-20 10:28:30.580176,1662.7,141448.0,160046.0
2025-06-20 10:28:31.688631,1662.7,142028.0,160228.0
2025-06-20 10:28:32.785275,1662.7,141676.0,160117.0
2025-06-20 10:28:33.752228,1662.6,141676.0,160117.0
2025-06-20 10:28:33.756262,1662.6,141441.0,160164.0
2025-06-20 10:28:34.784786,1662.6,141498.0,160255.0
2025-06-20 10:28:35.784611,1662.6,141466.0,160221.0
2025-06-20 10:28:36.687122,1662.5,141466.0,160221.0
2025-06-20 10:28:36.969270,1661.7,142312.0,160487.0
2025-06-20 10:28:37.673949,1661.7,142312.0,160487.0
2025-06-20 10:28:38.136121,1661.7,142219.0,160551.0
2025-06-20 10:28:39.128005,1661.7,142133.0,160535.0
2025-06-20 10:28:40.084653,1661.7,142172.0,160494.0
2025-06-20 10:28:40.677142,1661.7,142172.0,160494.0
2025-06-20 10:28:41.184339,1661.7,142150.0,160502.0
2025-06-20 10:28:42.184986,1661.7,142125.0,160401.0
2025-06-20 10:28:43.283805,1662.5,142133.0,160462.0
2025-06-20 10:28:43.676375,1662.5,142133.0,160462.0
2025-06-20 10:28:44.285743,1662.5,141677.0,160492.0
2025-06-20 10:28:44.677183,1662.5,141677.0,160492.0
2025-06-20 10:28:45.288428,1662.5,142628.0,160258.0
2025-06-20 10:28:46.287511,1662.5,142550.0,160135.0
2025-06-20 10:28:47.388442,1662.5,142597.0,159880.0
2025-06-20 10:28:47.677565,1661.7,142597.0,159880.0
2025-06-20 10:28:48.490143,1661.7,142304.0,159917.0
2025-06-20 10:28:49.589065,1661.7,142310.0,160110.0
2025-06-20 10:28:50.739461,1662.6,142310.0,160110.0
2025-06-20 10:28:50.741488,1662.6,142248.0,160100.0
2025-06-20 10:28:52.289583,1662.6,142074.0,160011.0
2025-06-20 10:28:53.290992,1662.6,142029.0,160040.0
2025-06-20 10:28:54.393898,1662.6,141953.0,160140.0
2025-06-20 10:28:55.495011,1662.6,141729.0,160051.0
2025-06-20 10:28:55.672460,1662.6,141729.0,160051.0
2025-06-20 10:28:56.677246,1662.7,141729.0,160051.0
2025-06-20 10:28:56.712700,1662.7,141610.0,160063.0
2025-06-20 10:28:57.687927,1662.1,141610.0,160063.0
2025-06-20 10:28:57.707189,1662.1,141819.0,160236.0
2025-06-20 10:28:58.796917,1662.1,141948.0,160494.0
2025-06-20 10:28:59.992333,1662.1,142207.0,160392.0
2025-06-20 10:29:06.414100,1662.1,141949.0,160466.0
2025-06-20 10:29:11.697585,1662.6,141949.0,160466.0
2025-06-20 10:29:12.604614,1662.6,141794.0,160809.0
2025-06-20 10:29:15.687863,1661.9,141794.0,160809.0
2025-06-20 10:29:18.990183,1661.9,142314.0,160762.0
2025-06-20 10:29:19.699387,1662.7,142314.0,160762.0
2025-06-20 10:29:21.686109,1662.6,142314.0,160762.0
2025-06-20 10:29:23.687210,1662.1,142314.0,160762.0
2025-06-20 10:29:24.646642,1662.7,143044.0,160586.0
2025-06-20 10:29:25.682781,1662.7,143044.0,160586.0
2025-06-20 10:29:27.691698,1662.7,143044.0,160586.0
2025-06-20 10:29:30.117295,1662.1,142957.0,160291.0
2025-06-20 10:29:31.696948,1662.1,142957.0,160291.0
2025-06-20 10:29:35.823635,1662.1,142051.0,160597.0
2025-06-20 10:29:41.731988,1662.1,142399.0,160288.0
2025-06-20 10:29:42.690063,1662.1,142399.0,160288.0
2025-06-20 10:29:44.830543,1662.6,142399.0,160288.0
2025-06-20 10:29:47.734494,1662.7,142032.0,160008.0
2025-06-20 10:29:48.681062,1662.7,142032.0,160008.0
2025-06-20 10:29:51.712533,1662.7,142032.0,160008.0
2025-06-20 10:29:53.632824,1662.7,142079.0,159760.0
2025-06-20 10:29:57.681415,1662.7,142079.0,159760.0
2025-06-20 10:29:59.146588,1662.7,142185.0,160354.0
2025-06-20 10:30:02.686432,1662.7,142185.0,160354.0
2025-06-20 10:30:04.746150,1662.7,142363.0,160429.0
2025-06-20 10:30:05.727459,1662.5,142363.0,160429.0
2025-06-20 10:30:07.697853,1662.7,142363.0,160429.0
2025-06-20 10:30:09.787094,1662.7,142363.0,160429.0
2025-06-20 10:30:10.849192,1662.5,144322.0,157645.0
2025-06-20 10:30:11.713891,1662.8,144322.0,157645.0
2025-06-20 10:30:13.738237,1662.5,144322.0,157645.0
2025-06-20 10:30:15.731156,1663.0,144322.0,157645.0
2025-06-20 10:30:16.966800,1662.5,143010.0,158214.0
2025-06-20 10:30:17.698144,1662.5,143010.0,158214.0
2025-06-20 10:30:22.655151,1662.5,143625.0,158602.0
2025-06-20 10:30:28.360093,1663.0,144366.0,157540.0
2025-06-20 10:30:28.700399,1663.0,144366.0,157540.0
2025-06-20 10:30:31.710124,1663.0,144366.0,157540.0
2025-06-20 10:30:34.064265,1663.0,143829.0,156223.0
2025-06-20 10:30:34.697569,1663.0,143829.0,156223.0
2025-06-20 10:30:36.688086,1663.0,143829.0,156223.0
2025-06-20 10:30:39.867952,1663.0,143668.0,156587.0
2025-06-20 10:30:40.694884,1662.9,143668.0,156587.0
2025-06-20 10:30:43.183754,1662.9,143668.0,156587.0
2025-06-20 10:30:44.213908,1662.9,143668.0,156587.0
2025-06-20 10:30:45.310923,1662.9,143668.0,156587.0
2025-06-20 10:30:45.698334,1663.0,144253.0,157069.0
2025-06-20 10:30:46.007733,1663.0,144253.0,157069.0
2025-06-20 10:30:46.489687,1663.0,144253.0,157069.0
2025-06-20 10:30:46.679339,1663.0,144253.0,157069.0
2025-06-20 10:30:47.020824,1663.0,144253.0,157069.0
2025-06-20 10:30:47.665372,1663.0,144253.0,157069.0
2025-06-20 10:30:48.416263,1663.0,144253.0,157069.0
2025-06-20 10:30:49.687370,1662.9,144253.0,157069.0
2025-06-20 10:30:49.725514,1662.9,144253.0,157069.0
2025-06-20 10:30:50.757583,1662.9,144253.0,157069.0
2025-06-20 10:30:51.199080,1663.0,143834.0,156813.0
2025-06-20 10:30:52.254529,1663.0,143834.0,156813.0
2025-06-20 10:30:52.699634,1663.0,143834.0,156813.0
2025-06-20 10:30:53.519289,1663.0,143834.0,156813.0
2025-06-20 10:30:54.803898,1663.0,143834.0,156813.0
2025-06-20 10:30:55.693756,1663.2,143834.0,156813.0
2025-06-20 10:30:56.509239,1663.2,143834.0,156813.0
2025-06-20 10:30:56.880214,1663.3,144377.0,154651.0
2025-06-20 10:30:58.691202,1663.2,144377.0,154651.0
2025-06-20 10:31:00.697396,1663.5,144377.0,154651.0
2025-06-20 10:31:03.068079,1663.3,144190.0,153625.0
2025-06-20 10:31:04.698772,1663.8,144190.0,153625.0
2025-06-20 10:31:07.698816,1663.8,144190.0,153625.0
2025-06-20 10:31:09.386293,1663.8,144029.0,153457.0
2025-06-20 10:31:10.709020,1663.5,144029.0,153457.0
2025-06-20 10:31:13.764800,1664.0,144029.0,153457.0
2025-06-20 10:31:15.500043,1664.0,144733.0,152592.0
2025-06-20 10:31:16.708635,1664.0,144733.0,152592.0
2025-06-20 10:31:19.699196,1663.9,144733.0,152592.0
2025-06-20 10:31:21.405981,1664.0,144415.0,152306.0
2025-06-20 10:31:22.739230,1664.0,144415.0,152306.0
2025-06-20 10:31:25.689413,1664.0,144415.0,152306.0
2025-06-20 10:31:27.297424,1664.4,145243.0,150925.0
2025-06-20 10:31:28.743029,1664.1,145243.0,150925.0
2025-06-20 10:31:31.762767,1664.1,145243.0,150925.0
2025-06-20 10:31:33.004039,1664.1,144523.0,152362.0
2025-06-20 10:31:34.748009,1664.3,144523.0,152362.0
2025-06-20 10:31:37.704498,1664.3,144523.0,152362.0
2025-06-20 10:31:39.210213,1664.3,144523.0,152264.0
2025-06-20 10:31:41.045243,1664.0,144523.0,152264.0
2025-06-20 10:31:43.735695,1664.3,144523.0,152264.0
2025-06-20 10:31:45.212455,1664.3,143660.0,152752.0
2025-06-20 10:31:46.706627,1664.0,143660.0,152752.0
2025-06-20 10:31:49.702662,1664.5,143660.0,152752.0
2025-06-20 10:31:51.028155,1664.4,143463.0,153361.0
2025-06-20 10:31:52.713951,1664.0,143463.0,153361.0
2025-06-20 10:31:55.751481,1664.0,143463.0,153361.0
2025-06-20 10:31:57.024121,1663.2,143117.0,156994.0
2025-06-20 10:31:58.701846,1663.2,143117.0,156994.0
2025-06-20 10:32:02.728064,1663.1,143104.0,158094.0
2025-06-20 10:32:04.758119,1663.3,143104.0,158094.0
2025-06-20 10:32:08.700964,1662.9,143104.0,158094.0
2025-06-20 10:32:09.030472,1662.9,140163.0,162113.0
2025-06-20 10:32:12.695692,1662.9,140163.0,162113.0
2025-06-20 10:32:15.338043,1663.1,142043.0,161324.0
2025-06-20 10:32:16.699258,1663.1,142043.0,161324.0
2025-06-20 10:32:21.764971,1663.1,142076.0,161035.0
2025-06-20 10:32:24.699699,1663.1,142076.0,161035.0
2025-06-20 10:32:28.171332,1662.5,141412.0,159776.0
2025-06-20 10:32:28.700095,1662.5,141412.0,159776.0
2025-06-20 10:32:34.145408,1663.5,141831.0,159213.0
2025-06-20 10:32:34.692490,1663.5,141831.0,159213.0
2025-06-20 10:32:37.692513,1663.5,141831.0,159213.0
2025-06-20 10:32:40.348073,1663.5,142195.0,159136.0
2025-06-20 10:32:40.741537,1662.8,142195.0,159136.0
2025-06-20 10:32:43.695932,1662.8,142195.0,159136.0
2025-06-20 10:32:46.151658,1662.8,142061.0,158941.0
2025-06-20 10:32:49.692513,1663.5,142061.0,158941.0
2025-06-20 10:32:52.254592,1663.6,142691.0,155773.0
2025-06-20 10:32:52.732855,1663.5,142691.0,155773.0
2025-06-20 10:32:55.696693,1663.6,142691.0,155773.0
2025-06-20 10:32:58.561042,1663.8,142717.0,155213.0
2025-06-20 10:32:58.697007,1663.8,142717.0,155213.0
2025-06-20 10:33:00.715181,1663.9,142717.0,155213.0
2025-06-20 10:33:04.361666,1663.9,142686.0,155632.0
2025-06-20 10:33:04.715071,1663.9,142686.0,155632.0
2025-06-20 10:33:06.756143,1664.1,142686.0,155632.0
2025-06-20 10:33:09.153117,1664.4,142686.0,155632.0
2025-06-20 10:33:09.974822,1664.4,142598.0,155683.0
2025-06-20 10:33:10.845612,1663.9,142598.0,155683.0
2025-06-20 10:33:12.705753,1664.4,142598.0,155683.0
2025-06-20 10:33:14.695372,1663.5,142598.0,155683.0
2025-06-20 10:33:15.769892,1663.5,143069.0,156194.0
2025-06-20 10:33:18.708264,1663.5,143069.0,156194.0
2025-06-20 10:33:20.693646,1663.5,143069.0,156194.0
2025-06-20 10:33:21.674461,1664.2,142804.0,156554.0
2025-06-20 10:33:22.752561,1664.2,142804.0,156554.0
2025-06-20 10:33:24.695033,1663.5,142804.0,156554.0
2025-06-20 10:33:26.703008,1663.9,142804.0,156554.0
2025-06-20 10:33:27.779245,1663.9,143092.0,158257.0
2025-06-20 10:33:32.837250,1663.2,143092.0,158257.0
2025-06-20 10:33:33.886233,1663.9,147296.0,158111.0
2025-06-20 10:33:34.707130,1663.9,147296.0,158111.0
2025-06-20 10:33:37.696906,1663.9,147296.0,158111.0
2025-06-20 10:33:39.888608,1663.1,147591.0,157289.0
2025-06-20 10:33:40.700612,1663.3,147591.0,157289.0
2025-06-20 10:33:43.683734,1663.3,147591.0,157289.0
2025-06-20 10:33:44.068537,1663.3,147591.0,157289.0
2025-06-20 10:33:45.037226,1663.3,147591.0,157289.0
2025-06-20 10:33:45.699089,1663.9,148019.0,155228.0
2025-06-20 10:33:45.743000,1663.9,148019.0,155228.0
2025-06-20 10:33:46.382251,1663.9,148019.0,155228.0
2025-06-20 10:33:46.699074,1663.9,148019.0,155228.0
2025-06-20 10:33:46.848338,1663.9,148019.0,155228.0
2025-06-20 10:33:47.520174,1663.9,148019.0,155228.0
2025-06-20 10:33:48.794242,1663.9,148019.0,155228.0
2025-06-20 10:33:49.693448,1663.2,148019.0,155228.0
2025-06-20 10:33:50.143892,1663.2,148019.0,155228.0
2025-06-20 10:33:51.359572,1663.2,148019.0,155228.0
2025-06-20 10:33:51.502934,1663.2,147898.0,157447.0
2025-06-20 10:33:52.668556,1663.2,147898.0,157447.0
2025-06-20 10:33:52.714041,1663.2,147898.0,157447.0
2025-06-20 10:33:53.995609,1663.2,147898.0,157447.0
2025-06-20 10:33:55.195434,1663.2,147898.0,157447.0
2025-06-20 10:33:56.842982,1663.2,147898.0,157447.0
2025-06-20 10:33:57.503503,1663.8,147623.0,156829.0
2025-06-20 10:33:58.693824,1663.8,147623.0,156829.0
2025-06-20 10:34:03.100362,1663.4,148597.0,156321.0
2025-06-20 10:34:04.695431,1663.9,148597.0,156321.0
2025-06-20 10:34:07.703502,1663.9,148597.0,156321.0
2025-06-20 10:34:08.916592,1663.9,149007.0,156240.0
2025-06-20 10:34:10.750642,1663.7,149007.0,156240.0
2025-06-20 10:34:15.143005,1663.7,148811.0,155951.0
2025-06-20 10:34:19.692033,1663.8,148811.0,155951.0
2025-06-20 10:34:20.624054,1663.8,148566.0,156802.0
2025-06-20 10:34:22.712215,1663.8,148566.0,156802.0
2025-06-20 10:34:25.724208,1663.8,148566.0,156802.0
2025-06-20 10:34:26.109905,1663.8,148722.0,157080.0
2025-06-20 10:34:28.718851,1663.9,148722.0,157080.0
2025-06-20 10:34:31.821817,1663.9,148878.0,157010.0
2025-06-20 10:34:37.622742,1663.9,148434.0,157910.0
2025-06-20 10:34:37.696987,1663.9,148434.0,157910.0
2025-06-20 10:34:40.715595,1663.3,148434.0,157910.0
2025-06-20 10:34:43.222229,1663.3,148571.0,158300.0
2025-06-20 10:34:44.077460,1663.9,148571.0,158300.0
2025-06-20 10:34:48.828838,1663.9,148590.0,158063.0
2025-06-20 10:34:52.759986,1663.8,148590.0,158063.0
2025-06-20 10:34:54.633177,1663.3,148456.0,158242.0
2025-06-20 10:34:54.740314,1663.3,148456.0,158242.0
2025-06-20 10:34:56.766297,1663.8,148456.0,158242.0
2025-06-20 10:34:58.739252,1663.0,148456.0,158242.0
2025-06-20 10:34:59.839121,1663.0,147894.0,159192.0
2025-06-20 10:35:04.701329,1663.7,147894.0,159192.0
2025-06-20 10:35:05.138626,1663.7,148803.0,159142.0
2025-06-20 10:35:07.699482,1663.6,148803.0,159142.0
2025-06-20 10:35:10.842178,1663.1,148424.0,158976.0
2025-06-20 10:35:13.706644,1663.1,148424.0,158976.0
2025-06-20 10:35:16.649024,1663.1,148289.0,158649.0
2025-06-20 10:35:19.696505,1662.7,148289.0,158649.0
2025-06-20 10:35:22.652772,1662.7,147961.0,160961.0
2025-06-20 10:35:23.729581,1662.7,147961.0,160961.0
2025-06-20 10:35:27.707675,1663.1,147961.0,160961.0
2025-06-20 10:35:28.359474,1663.1,147847.0,161788.0
2025-06-20 10:35:31.718870,1662.5,147847.0,161788.0
2025-06-20 10:35:34.468498,1662.4,147551.0,162840.0
2025-06-20 10:35:35.704696,1662.4,147551.0,162840.0
2025-06-20 10:35:37.704520,1662.7,147551.0,162840.0
2025-06-20 10:35:39.750354,1662.1,147551.0,162840.0
2025-06-20 10:35:40.162695,1662.1,146633.0,162499.0
2025-06-20 10:35:41.700451,1662.1,146633.0,162499.0
2025-06-20 10:35:43.738296,1662.4,146633.0,162499.0
2025-06-20 10:35:45.703983,1662.0,146633.0,162499.0
2025-06-20 10:35:46.150464,1662.0,145514.0,163937.0
2025-06-20 10:35:49.763467,1662.0,145514.0,163937.0
2025-06-20 10:35:51.870072,1662.0,144845.0,164974.0
2025-06-20 10:35:53.718935,1662.0,144845.0,164974.0
2025-06-20 10:35:57.715908,1662.1,144845.0,164974.0
2025-06-20 10:35:57.771022,1662.1,145175.0,164515.0
2025-06-20 10:35:59.719965,1661.7,145175.0,164515.0
2025-06-20 10:36:03.374359,1661.6,145039.0,165492.0
2025-06-20 10:36:03.713965,1661.6,145039.0,165492.0
2025-06-20 10:36:05.704810,1661.6,145039.0,165492.0
2025-06-20 10:36:09.374378,1661.6,144691.0,166900.0
2025-06-20 10:36:09.756579,1661.6,144691.0,166900.0
2025-06-20 10:36:12.699605,1661.6,144691.0,166900.0
2025-06-20 10:36:14.737192,1661.6,144691.0,166900.0
2025-06-20 10:36:15.584280,1661.6,143855.0,166252.0
2025-06-20 10:36:18.711847,1661.6,143855.0,166252.0
2025-06-20 10:36:21.281372,1661.7,143975.0,166130.0
2025-06-20 10:36:21.703562,1661.7,143975.0,166130.0
2025-06-20 10:36:27.283142,1661.7,144115.0,165266.0
2025-06-20 10:36:29.730047,1662.0,144115.0,165266.0
2025-06-20 10:36:33.390487,1661.6,144198.0,165272.0
2025-06-20 10:36:33.709426,1661.6,144198.0,165272.0
2025-06-20 10:36:39.501273,1661.6,144330.0,164200.0
2025-06-20 10:36:42.727788,1662.0,144330.0,164200.0
2025-06-20 10:36:44.176511,1662.0,144330.0,164200.0
2025-06-20 10:36:45.095535,1662.0,143733.0,164391.0
2025-06-20 10:36:45.238977,1662.0,143733.0,164391.0
2025-06-20 10:36:46.283304,1662.0,143733.0,164391.0
2025-06-20 10:36:46.713385,1662.0,143733.0,164391.0
2025-06-20 10:36:46.950668,1662.0,143733.0,164391.0
2025-06-20 10:36:47.414777,1662.0,143733.0,164391.0
2025-06-20 10:36:48.395379,1662.0,143733.0,164391.0
2025-06-20 10:36:49.352621,1662.0,143733.0,164391.0
2025-06-20 10:36:50.690931,1662.0,143733.0,164391.0
2025-06-20 10:36:50.908734,1662.0,143975.0,164574.0
2025-06-20 10:36:51.670499,1662.0,143975.0,164574.0
2025-06-20 10:36:52.707100,1662.0,143975.0,164574.0
2025-06-20 10:36:53.226747,1662.0,143975.0,164574.0
2025-06-20 10:36:54.516015,1662.0,143975.0,164574.0
2025-06-20 10:36:54.709599,1662.0,143975.0,164574.0
2025-06-20 10:36:55.760686,1662.0,143975.0,164574.0
2025-06-20 10:36:56.509227,1662.0,143894.0,164197.0
2025-06-20 10:36:57.375441,1662.0,143894.0,164197.0
2025-06-20 10:37:02.207967,1662.0,143954.0,164827.0
2025-06-20 10:37:06.726067,1662.0,143954.0,164827.0
2025-06-20 10:37:08.314127,1662.0,143627.0,164618.0
2025-06-20 10:37:10.728620,1661.7,143627.0,164618.0
2025-06-20 10:37:13.704155,1662.0,143627.0,164618.0
2025-06-20 10:37:14.212406,1662.0,143589.0,164448.0
2025-06-20 10:37:16.716635,1661.7,143589.0,164448.0
2025-06-20 10:37:19.734607,1661.7,143750.0,165252.0
2025-06-20 10:37:25.432528,1661.7,143520.0,165153.0
2025-06-20 10:37:29.716402,1661.9,143520.0,165153.0
2025-06-20 10:37:31.030179,1661.5,143808.0,165104.0
2025-06-20 10:37:32.707986,1661.5,143808.0,165104.0
2025-06-20 10:37:35.710632,1661.7,143808.0,165104.0
2025-06-20 10:37:36.539761,1662.0,144127.0,164129.0
2025-06-20 10:37:38.707069,1662.0,144127.0,164129.0
2025-06-20 10:37:41.710096,1661.6,144127.0,164129.0
2025-06-20 10:37:42.235788,1661.6,144811.0,164260.0
2025-06-20 10:37:47.708270,1662.1,144811.0,164260.0
2025-06-20 10:37:47.836955,1662.1,144259.0,164562.0
2025-06-20 10:37:53.642463,1662.1,143767.0,165365.0
2025-06-20 10:37:53.710953,1662.1,143767.0,165365.0
2025-06-20 10:37:56.710349,1662.0,143767.0,165365.0
2025-06-20 10:37:59.163268,1662.0,143674.0,163822.0
2025-06-20 10:37:59.711591,1662.0,143674.0,163822.0
2025-06-20 10:38:02.713477,1662.0,143674.0,163822.0
2025-06-20 10:38:04.757681,1662.0,144080.0,164508.0
2025-06-20 10:38:09.720708,1662.0,144080.0,164508.0
2025-06-20 10:38:10.688657,1662.0,143935.0,164907.0
2025-06-20 10:38:11.780278,1662.0,143935.0,164907.0
2025-06-20 10:38:15.729436,1662.5,143935.0,164907.0
2025-06-20 10:38:15.970732,1662.5,144094.0,164757.0
2025-06-20 10:38:17.715284,1662.5,144094.0,164757.0
2025-06-20 10:38:21.662370,1662.5,144152.0,164933.0
2025-06-20 10:38:27.074077,1662.5,144142.0,165104.0
2025-06-20 10:38:31.778523,1662.5,144142.0,165104.0
2025-06-20 10:38:32.521764,1662.5,143985.0,165989.0
2025-06-20 10:38:35.723176,1661.7,143985.0,165989.0
2025-06-20 10:38:38.185425,1661.7,144238.0,165117.0
2025-06-20 10:38:41.723394,1662.0,144238.0,165117.0
2025-06-20 10:38:44.020092,1662.0,144091.0,165235.0
2025-06-20 10:38:49.585717,1662.0,143938.0,165372.0
2025-06-20 10:38:51.716500,1662.3,143938.0,165372.0
2025-06-20 10:38:53.719783,1662.3,143938.0,165372.0
2025-06-20 10:38:55.003723,1662.4,143114.0,165944.0
2025-06-20 10:38:55.716792,1662.4,143114.0,165944.0
2025-06-20 10:39:00.403004,1662.4,143182.0,164855.0
2025-06-20 10:39:01.397372,1662.4,143510.0,163957.0
2025-06-20 10:39:01.726053,1662.4,143510.0,163957.0
2025-06-20 10:39:02.301736,1662.4,144148.0,163792.0
2025-06-20 10:39:03.303615,1662.4,144422.0,164236.0
2025-06-20 10:39:04.301583,1662.4,144012.0,164749.0
2025-06-20 10:39:05.406375,1662.4,144054.0,164760.0
2025-06-20 10:39:06.405135,1662.4,144120.0,164440.0
2025-06-20 10:39:07.509967,1662.4,143799.0,164395.0
2025-06-20 10:39:07.713465,1662.4,143799.0,164395.0
2025-06-20 10:39:08.599220,1662.4,144128.0,164581.0
2025-06-20 10:39:09.511419,1662.4,144051.0,164499.0
2025-06-20 10:39:10.508084,1662.0,143571.0,164474.0
2025-06-20 10:39:10.712556,1662.0,143571.0,164474.0
2025-06-20 10:39:11.514623,1662.0,143572.0,164686.0
2025-06-20 10:39:12.602041,1662.0,143021.0,165757.0
2025-06-20 10:39:12.713658,1662.0,143021.0,165757.0
2025-06-20 10:39:13.745194,1662.0,143489.0,165368.0
2025-06-20 10:39:14.804644,1662.0,143430.0,165610.0
2025-06-20 10:39:15.709170,1662.4,143430.0,165610.0
2025-06-20 10:39:15.805455,1662.4,143289.0,165761.0
2025-06-20 10:39:16.713680,1662.4,143289.0,165761.0
2025-06-20 10:39:16.942382,1662.4,143306.0,165682.0
2025-06-20 10:39:18.019941,1662.4,143387.0,165628.0
2025-06-20 10:39:19.107639,1662.4,143568.0,165629.0
2025-06-20 10:39:20.023713,1662.4,143637.0,165641.0
2025-06-20 10:39:20.713161,1662.4,143637.0,165641.0
2025-06-20 10:39:20.922516,1662.4,143333.0,165700.0
2025-06-20 10:39:21.924322,1662.4,143503.0,165693.0
2025-06-20 10:39:22.709483,1662.4,143503.0,165693.0
2025-06-20 10:39:23.036686,1662.4,143485.0,165839.0
2025-06-20 10:39:24.018111,1662.4,143357.0,165837.0
2025-06-20 10:39:24.710416,1662.0,143357.0,165837.0
2025-06-20 10:39:25.027169,1662.4,143405.0,165849.0
2025-06-20 10:39:25.712421,1662.4,143405.0,165849.0
2025-06-20 10:39:25.942241,1662.4,143404.0,165859.0
2025-06-20 10:39:26.941721,1662.4,143323.0,165919.0
2025-06-20 10:39:27.929799,1662.4,142985.0,166380.0
2025-06-20 10:39:29.024222,1662.1,143035.0,166899.0
2025-06-20 10:39:29.715978,1662.1,143035.0,166899.0
2025-06-20 10:39:30.028058,1662.1,143350.0,166866.0
2025-06-20 10:39:31.118530,1662.1,143457.0,167062.0
2025-06-20 10:39:31.725289,1662.1,143457.0,167062.0
2025-06-20 10:39:32.027163,1662.1,143475.0,167039.0
2025-06-20 10:39:33.032143,1662.1,143475.0,167427.0
2025-06-20 10:39:33.717977,1662.2,143475.0,167427.0
2025-06-20 10:39:34.069448,1662.2,143143.0,166838.0
2025-06-20 10:39:35.034632,1662.2,143486.0,167108.0
2025-06-20 10:39:36.034536,1662.2,143440.0,167599.0
2025-06-20 10:39:37.027782,1662.2,143339.0,167255.0
2025-06-20 10:39:37.715534,1662.1,143339.0,167255.0
2025-06-20 10:39:37.933697,1662.1,142979.0,167919.0
2025-06-20 10:39:38.927189,1662.1,143615.0,167834.0
2025-06-20 10:39:40.034200,1662.1,143745.0,168196.0
2025-06-20 10:39:40.717216,1661.4,143745.0,168196.0
2025-06-20 10:39:40.937543,1661.4,143710.0,168179.0
2025-06-20 10:39:41.940032,1661.4,143701.0,168156.0
2025-06-20 10:39:42.938488,1661.4,143748.0,168068.0
2025-06-20 10:39:43.936591,1661.4,143459.0,168062.0
2025-06-20 10:39:44.669673,1661.4,143459.0,168062.0
2025-06-20 10:39:44.941349,1661.4,143457.0,167848.0
2025-06-20 10:39:45.035757,1661.4,143457.0,167848.0
2025-06-20 10:39:45.717778,1661.4,143457.0,167848.0
2025-06-20 10:39:45.751329,1661.4,143457.0,167848.0
2025-06-20 10:39:45.934228,1661.4,143402.0,168192.0
2025-06-20 10:39:46.067171,1661.4,143402.0,168192.0
2025-06-20 10:39:47.118095,1661.4,143403.0,167937.0
2025-06-20 10:39:47.428944,1661.4,143403.0,167937.0
2025-06-20 10:39:47.717494,1661.9,143403.0,167937.0
2025-06-20 10:39:47.876596,1661.9,143403.0,167937.0
2025-06-20 10:39:47.934073,1661.9,143599.0,167906.0
2025-06-20 10:39:48.453708,1661.9,143599.0,167906.0
2025-06-20 10:39:48.938576,1661.9,143588.0,167793.0
2025-06-20 10:39:49.768220,1661.2,143588.0,167793.0
2025-06-20 10:39:49.827303,1661.2,143588.0,167793.0
2025-06-20 10:39:49.948315,1661.2,143438.0,168059.0
2025-06-20 10:39:50.795140,1661.2,143438.0,168059.0
2025-06-20 10:39:50.905595,1661.2,143486.0,168269.0
2025-06-20 10:39:51.252481,1661.2,143486.0,168269.0
2025-06-20 10:39:51.936986,1661.2,143638.0,168191.0
2025-06-20 10:39:52.148914,1661.2,143638.0,168191.0
2025-06-20 10:39:53.044235,1661.2,143638.0,168132.0
2025-06-20 10:39:53.832816,1661.2,143638.0,168132.0
2025-06-20 10:39:54.138390,1661.2,143623.0,168293.0
2025-06-20 10:39:55.039828,1661.2,143623.0,168293.0
2025-06-20 10:39:55.140274,1661.2,143553.0,168306.0
2025-06-20 10:39:56.040919,1661.2,143576.0,168322.0
2025-06-20 10:39:56.250491,1661.2,143576.0,168322.0
2025-06-20 10:39:57.044905,1661.2,143572.0,168307.0
2025-06-20 10:39:57.881335,1661.2,143572.0,168307.0
2025-06-20 10:39:58.050394,1660.8,133638.0,170787.0
2025-06-20 10:39:58.725780,1660.1,133638.0,170787.0
2025-06-20 10:39:59.142168,1660.1,135636.0,173449.0
2025-06-20 10:40:00.245045,1660.1,137926.0,173891.0
2025-06-20 10:40:01.445452,1660.1,138159.0,173806.0
2025-06-20 10:40:01.771227,1660.1,138159.0,173806.0
2025-06-20 10:40:02.450151,1660.1,137748.0,174186.0
2025-06-20 10:40:02.726315,1660.2,137748.0,174186.0
2025-06-20 10:40:03.453374,1660.2,136306.0,175868.0
2025-06-20 10:40:04.444477,1660.2,136188.0,175835.0
2025-06-20 10:40:05.476676,1660.2,135980.0,175744.0
2025-06-20 10:40:07.448141,1659.6,135937.0,175745.0
2025-06-20 10:40:07.729291,1659.6,135937.0,175745.0
2025-06-20 10:40:08.675848,1659.5,135825.0,175864.0
2025-06-20 10:40:08.725029,1659.5,135825.0,175864.0
2025-06-20 10:40:09.725836,1659.4,135825.0,175864.0
2025-06-20 10:40:10.196823,1659.4,132592.0,178476.0
2025-06-20 10:40:10.716951,1658.9,132592.0,178476.0
2025-06-20 10:40:11.724272,1658.9,132592.0,178476.0
2025-06-20 10:40:12.049992,1658.9,135058.0,177603.0
2025-06-20 10:40:13.052065,1658.9,135300.0,177654.0
2025-06-20 10:40:13.951044,1658.9,135324.0,177678.0
2025-06-20 10:40:14.732526,1658.9,135324.0,177678.0
2025-06-20 10:40:14.954684,1658.9,135123.0,177658.0
2025-06-20 10:40:16.724255,1659.4,135123.0,177658.0
2025-06-20 10:40:16.856206,1659.4,135186.0,177657.0
2025-06-20 10:40:17.761120,1659.4,134929.0,177937.0
2025-06-20 10:40:19.696145,1659.4,135131.0,178223.0
2025-06-20 10:40:19.748609,1659.4,135131.0,178223.0
2025-06-20 10:40:20.474654,1659.4,134968.0,178237.0
2025-06-20 10:40:21.473667,1659.4,134936.0,178307.0
2025-06-20 10:40:22.503956,1658.9,133607.0,179063.0
2025-06-20 10:40:22.728615,1658.9,133607.0,179063.0
2025-06-20 10:40:23.495591,1658.9,133622.0,178837.0
2025-06-20 10:40:24.478134,1659.0,133985.0,179197.0
2025-06-20 10:40:24.729535,1659.0,133985.0,179197.0
2025-06-20 10:40:25.479494,1659.0,134074.0,178911.0
2025-06-20 10:40:26.814271,1659.0,132880.0,179721.0
2025-06-20 10:40:27.692406,1659.0,133605.0,179616.0
2025-06-20 10:40:28.477379,1659.0,133672.0,179674.0
2025-06-20 10:40:29.530055,1659.0,133192.0,179988.0
2025-06-20 10:40:30.507388,1659.0,132983.0,180230.0
2025-06-20 10:40:31.374389,1659.0,133051.0,180193.0
2025-06-20 10:40:32.374256,1659.0,132981.0,180205.0
2025-06-20 10:40:33.371057,1658.9,133290.0,181282.0
2025-06-20 10:40:33.719958,1658.9,133290.0,181282.0
2025-06-20 10:40:34.371014,1658.9,133102.0,180944.0
2025-06-20 10:40:35.368954,1658.7,133432.0,181298.0
2025-06-20 10:40:35.757228,1658.7,133432.0,181298.0
2025-06-20 10:40:36.377690,1658.7,132709.0,181682.0
2025-06-20 10:40:37.273024,1658.7,132709.0,181563.0
2025-06-20 10:40:38.171868,1658.8,132671.0,181722.0
2025-06-20 10:40:38.722465,1658.8,132671.0,181722.0
2025-06-20 10:40:39.172471,1658.8,133068.0,181505.0
2025-06-20 10:40:39.735878,1658.4,133068.0,181505.0
2025-06-20 10:40:40.172628,1658.1,132532.0,181035.0
2025-06-20 10:40:40.731299,1658.1,132532.0,181035.0
2025-06-20 10:40:41.179531,1658.7,126901.0,180990.0
2025-06-20 10:40:41.726715,1658.7,126901.0,180990.0
2025-06-20 10:40:42.173144,1658.7,129045.0,180908.0
2025-06-20 10:40:43.074165,1658.7,130424.0,180787.0
2025-06-20 10:40:44.724504,1657.8,130424.0,180787.0
2025-06-20 10:40:44.990653,1657.8,130101.0,180784.0
2025-06-20 10:40:45.730458,1657.9,130101.0,180784.0
2025-06-20 10:40:45.876650,1657.9,130106.0,180540.0
2025-06-20 10:40:47.739181,1657.9,130106.0,180540.0
2025-06-20 10:40:47.785905,1657.9,130110.0,180510.0
2025-06-20 10:40:48.785834,1657.9,130153.0,180642.0
2025-06-20 10:40:49.681641,1657.9,130229.0,180272.0
2025-06-20 10:40:50.678832,1657.9,129787.0,180200.0
2025-06-20 10:40:50.727946,1657.9,129787.0,180200.0
2025-06-20 10:40:51.682267,1657.9,130121.0,180132.0
2025-06-20 10:40:52.741548,1658.0,130121.0,180132.0
2025-06-20 10:40:53.581973,1658.0,130379.0,180029.0
2025-06-20 10:40:54.508224,1658.0,130129.0,180241.0
2025-06-20 10:40:56.414216,1658.0,130267.0,179915.0
2025-06-20 10:40:57.386706,1658.0,130398.0,179861.0
2025-06-20 10:40:59.190994,1658.0,131255.0,179985.0
2025-06-20 10:41:00.093168,1658.0,131261.0,179753.0
2025-06-20 10:41:02.395656,1658.0,131623.0,179575.0
2025-06-20 10:41:03.738517,1659.0,131623.0,179575.0
2025-06-20 10:41:08.697720,1659.0,132304.0,178433.0
2025-06-20 10:41:10.740815,1658.3,132304.0,178433.0
2025-06-20 10:41:14.800633,1658.3,131883.0,178647.0
2025-06-20 10:41:20.707439,1658.3,131977.0,178434.0
2025-06-20 10:41:22.727914,1659.4,131977.0,178434.0
2025-06-20 10:41:25.725440,1659.2,131977.0,178434.0
2025-06-20 10:41:26.307622,1659.2,130750.0,179531.0
2025-06-20 10:41:32.627746,1659.2,131013.0,180386.0
2025-06-20 10:41:35.765288,1658.3,131013.0,180386.0
2025-06-20 10:41:39.065208,1658.3,131664.0,180243.0
2025-06-20 10:41:39.744075,1658.6,131664.0,180243.0
2025-06-20 10:41:42.728578,1658.1,131664.0,180243.0
2025-06-20 10:41:45.121459,1658.1,131483.0,180205.0
2025-06-20 10:41:46.747727,1658.3,131483.0,180205.0
2025-06-20 10:41:48.777029,1658.3,131483.0,180205.0
2025-06-20 10:41:50.766888,1658.9,131483.0,180205.0
2025-06-20 10:41:50.767229,1658.9,131567.0,180351.0
2025-06-20 10:41:56.050625,1658.9,131307.0,179936.0
2025-06-20 10:42:01.037725,1658.9,131327.0,180018.0
2025-06-20 10:42:04.756618,1658.3,131327.0,180018.0
2025-06-20 10:42:06.444247,1658.3,131172.0,179445.0
2025-06-20 10:42:10.778220,1658.3,131172.0,179445.0
2025-06-20 10:42:12.140784,1658.9,131226.0,179266.0
2025-06-20 10:42:12.758705,1658.9,131226.0,179266.0
2025-06-20 10:42:17.642241,1659.1,131142.0,179367.0
2025-06-20 10:42:18.739763,1659.1,131142.0,179367.0
2025-06-20 10:42:23.557216,1659.1,131218.0,179140.0
2025-06-20 10:42:26.741688,1658.6,131218.0,179140.0
2025-06-20 10:42:28.739483,1658.5,131218.0,179140.0
2025-06-20 10:42:29.250266,1658.4,130867.0,178948.0
2025-06-20 10:42:30.998886,1659.1,130867.0,178948.0
2025-06-20 10:42:34.763106,1659.0,130867.0,178948.0
2025-06-20 10:42:35.159815,1659.0,131623.0,179212.0
2025-06-20 10:42:36.755086,1659.0,131623.0,179212.0
2025-06-20 10:42:40.854526,1658.4,131975.0,179456.0
2025-06-20 10:42:41.986161,1658.4,131975.0,179456.0
2025-06-20 10:42:44.804786,1658.4,131975.0,179456.0
2025-06-20 10:42:45.066212,1658.4,131975.0,179456.0
2025-06-20 10:42:46.132626,1658.4,131975.0,179456.0
2025-06-20 10:42:46.805955,1658.9,132133.0,179449.0
2025-06-20 10:42:47.483363,1658.9,132133.0,179449.0
2025-06-20 10:42:47.799402,1658.9,132133.0,179449.0
2025-06-20 10:42:48.102072,1658.9,132133.0,179449.0
2025-06-20 10:42:49.093122,1658.9,132133.0,179449.0
2025-06-20 10:42:49.786205,1659.1,132133.0,179449.0
2025-06-20 10:42:50.543710,1659.1,132133.0,179449.0
2025-06-20 10:42:51.770313,1659.1,132133.0,179449.0
2025-06-20 10:42:51.839042,1659.1,132133.0,179449.0
2025-06-20 10:42:52.662265,1659.1,132512.0,178537.0
2025-06-20 10:42:52.863963,1659.1,132512.0,178537.0
2025-06-20 10:42:54.396458,1659.1,132512.0,178537.0
2025-06-20 10:42:55.640069,1659.1,132512.0,178537.0
2025-06-20 10:42:56.893014,1659.1,132512.0,178537.0
2025-06-20 10:42:58.262047,1659.1,132656.0,178741.0
2025-06-20 10:42:58.583557,1659.1,132656.0,178741.0
2025-06-20 10:43:01.218359,1658.6,132656.0,178741.0
2025-06-20 10:43:01.748445,1659.1,132656.0,178741.0
2025-06-20 10:43:03.666768,1659.1,132658.0,178307.0
2025-06-20 10:43:05.747536,1659.2,132658.0,178307.0
2025-06-20 10:43:07.748960,1659.4,132658.0,178307.0
2025-06-20 10:43:09.071218,1659.4,135543.0,178511.0
2025-06-20 10:43:09.750296,1659.7,135543.0,178511.0
2025-06-20 10:43:11.771032,1659.2,135543.0,178511.0
2025-06-20 10:43:13.772937,1659.2,135543.0,178511.0
2025-06-20 10:43:14.372212,1659.2,136341.0,178145.0
2025-06-20 10:43:20.071410,1659.2,136204.0,178519.0
2025-06-20 10:43:21.742282,1659.2,136204.0,178519.0
2025-06-20 10:43:25.793869,1659.2,136531.0,179062.0
2025-06-20 10:43:27.827091,1659.8,136531.0,179062.0
2025-06-20 10:43:29.758948,1660.0,136531.0,179062.0
2025-06-20 10:43:31.283325,1660.0,136693.0,178133.0
2025-06-20 10:43:36.994080,1660.0,136750.0,178075.0
2025-06-20 10:43:39.742208,1660.0,136750.0,178075.0
2025-06-20 10:43:41.762411,1659.9,136750.0,178075.0
2025-06-20 10:43:42.389140,1659.9,136381.0,180950.0
2025-06-20 10:43:43.776992,1659.2,136381.0,180950.0
2025-06-20 10:43:47.692558,1659.8,136729.0,183495.0
2025-06-20 10:43:47.797233,1659.8,136729.0,183495.0
2025-06-20 10:43:53.587580,1659.8,136659.0,186342.0
2025-06-20 10:43:55.781121,1659.2,136659.0,186342.0
2025-06-20 10:43:57.758356,1659.1,136659.0,186342.0
2025-06-20 10:43:59.105045,1659.1,133998.0,190665.0
2025-06-20 10:44:04.621528,1659.1,134397.0,189800.0
2025-06-20 10:44:10.108172,1659.1,134927.0,189889.0
2025-06-20 10:44:11.759064,1658.4,134927.0,189889.0
2025-06-20 10:44:15.553546,1658.7,134084.0,191302.0
2025-06-20 10:44:15.772268,1658.7,134084.0,191302.0
2025-06-20 10:44:21.315575,1658.7,134027.0,191079.0
2025-06-20 10:44:25.795565,1658.4,134027.0,191079.0
2025-06-20 10:44:26.932570,1658.4,134356.0,190174.0
2025-06-20 10:44:27.751773,1658.4,134356.0,190174.0
2025-06-20 10:44:29.764491,1658.5,134356.0,190174.0
2025-06-20 10:44:32.579311,1658.5,134130.0,190056.0
2025-06-20 10:44:35.767610,1658.5,134130.0,190056.0
2025-06-20 10:44:38.054088,1658.5,134077.0,190186.0
2025-06-20 10:44:39.772745,1658.3,134077.0,190186.0
2025-06-20 10:44:41.754764,1658.5,134077.0,190186.0
2025-06-20 10:44:43.446504,1658.5,134231.0,190016.0
2025-06-20 10:44:45.805382,1658.8,134231.0,190016.0
2025-06-20 10:44:48.834718,1658.8,134448.0,189404.0
2025-06-20 10:44:51.755505,1658.4,134448.0,189404.0
2025-06-20 10:44:53.771339,1658.8,134448.0,189404.0
2025-06-20 10:44:54.259785,1658.8,134381.0,189891.0
2025-06-20 10:44:59.140669,1658.8,134027.0,189589.0
2025-06-20 10:45:02.744506,1658.9,134027.0,189589.0
2025-06-20 10:45:04.646734,1658.7,135093.0,187967.0
2025-06-20 10:45:04.757356,1658.7,135093.0,187967.0
2025-06-20 10:45:08.747840,1659.2,135093.0,187967.0
2025-06-20 10:45:10.149430,1658.7,135109.0,188251.0
2025-06-20 10:45:11.752831,1658.7,135109.0,188251.0
2025-06-20 10:45:15.454439,1658.7,135422.0,188456.0
2025-06-20 10:45:17.766671,1658.9,135422.0,188456.0
2025-06-20 10:45:21.254869,1659.3,135253.0,187964.0
2025-06-20 10:45:23.769274,1659.3,135253.0,187964.0
2025-06-20 10:45:26.775916,1659.3,136011.0,187294.0
2025-06-20 10:45:31.872249,1659.3,136021.0,186814.0
2025-06-20 10:45:36.977601,1659.3,136137.0,187001.0
2025-06-20 10:45:41.761783,1659.0,136137.0,187001.0
2025-06-20 10:45:42.676076,1659.0,135788.0,186928.0
2025-06-20 10:45:45.451362,1659.0,135788.0,186928.0
2025-06-20 10:45:46.173248,1659.0,135788.0,186928.0
2025-06-20 10:45:47.173937,1659.0,135788.0,186928.0
2025-06-20 10:45:47.985063,1659.0,135710.0,187795.0
2025-06-20 10:45:48.250304,1659.0,135710.0,187795.0
2025-06-20 10:45:49.304762,1659.0,135710.0,187795.0
2025-06-20 10:45:50.689621,1659.0,135710.0,187795.0
2025-06-20 10:45:51.759337,1659.0,135710.0,187795.0
2025-06-20 10:45:52.153188,1659.0,135710.0,187795.0
2025-06-20 10:45:53.079382,1659.0,135710.0,187795.0
2025-06-20 10:45:53.523306,1659.2,135984.0,188062.0
2025-06-20 10:45:53.752159,1659.2,135984.0,188062.0
2025-06-20 10:45:54.639429,1659.2,135984.0,188062.0
2025-06-20 10:45:55.762958,1659.7,135984.0,188062.0
2025-06-20 10:45:55.920707,1659.7,135984.0,188062.0
2025-06-20 10:45:57.154253,1659.7,135984.0,188062.0
2025-06-20 10:45:58.828230,1659.7,135984.0,188062.0
2025-06-20 10:45:59.199374,1659.7,137153.0,186415.0
2025-06-20 10:45:59.752671,1659.7,137153.0,186415.0
2025-06-20 10:46:03.750572,1659.2,137153.0,186415.0
2025-06-20 10:46:04.293525,1659.2,136593.0,186447.0
2025-06-20 10:46:09.693903,1659.2,136780.0,186454.0
2025-06-20 10:46:11.757964,1659.3,136780.0,186454.0
2025-06-20 10:46:15.294484,1659.3,136561.0,186470.0
2025-06-20 10:46:20.509220,1659.9,136574.0,186474.0
2025-06-20 10:46:21.763022,1659.9,136574.0,186474.0
2025-06-20 10:46:26.555816,1659.9,136671.0,187104.0
2025-06-20 10:46:32.407373,1659.9,136756.0,187391.0
2025-06-20 10:46:34.782974,1659.3,136756.0,187391.0
2025-06-20 10:46:37.616946,1659.7,136688.0,187287.0
2025-06-20 10:46:37.746621,1659.7,136688.0,187287.0
2025-06-20 10:46:40.784411,1659.2,136688.0,187287.0
2025-06-20 10:46:42.931205,1659.2,136748.0,187302.0
2025-06-20 10:46:46.765528,1659.6,136748.0,187302.0
2025-06-20 10:46:48.224214,1659.6,136747.0,187414.0
2025-06-20 10:46:53.628218,1659.6,137099.0,187345.0
2025-06-20 10:46:56.832282,1659.6,137099.0,187345.0
2025-06-20 10:46:59.058439,1659.6,137111.0,187163.0
2025-06-20 10:47:00.758731,1659.6,137111.0,187163.0
2025-06-20 10:47:04.233562,1659.6,136764.0,186865.0
2025-06-20 10:47:08.758430,1660.0,136764.0,186865.0
2025-06-20 10:47:09.631552,1660.0,138342.0,185415.0
2025-06-20 10:47:10.760623,1659.7,138342.0,185415.0
2025-06-20 10:47:12.775878,1660.0,138342.0,185415.0
2025-06-20 10:47:14.833804,1660.0,138257.0,185294.0
2025-06-20 10:47:18.796824,1660.1,138257.0,185294.0
2025-06-20 10:47:20.350422,1660.7,140655.0,182731.0
2025-06-20 10:47:21.754659,1660.3,140655.0,182731.0
2025-06-20 10:47:24.759899,1659.6,140655.0,182731.0
2025-06-20 10:47:26.646017,1659.6,140365.0,183326.0
2025-06-20 10:47:29.791462,1660.4,140365.0,183326.0
2025-06-20 10:47:32.455516,1659.9,140504.0,183304.0
2025-06-20 10:47:33.775115,1660.6,140504.0,183304.0
2025-06-20 10:47:37.961546,1660.7,141046.0,183133.0
2025-06-20 10:47:38.761704,1660.7,141046.0,183133.0
2025-06-20 10:47:40.767733,1660.4,141046.0,183133.0
2025-06-20 10:47:42.771806,1660.7,141046.0,183133.0
2025-06-20 10:47:43.262390,1660.7,140511.0,183316.0
2025-06-20 10:47:44.797269,1659.9,140511.0,183316.0
2025-06-20 10:47:48.660971,1660.6,140211.0,183455.0
2025-06-20 10:47:48.780332,1660.6,140211.0,183455.0
2025-06-20 10:47:54.365534,1660.6,140671.0,183376.0
2025-06-20 10:48:00.167810,1660.6,143904.0,183225.0
2025-06-20 10:48:00.775551,1660.7,143904.0,183225.0
2025-06-20 10:48:02.768022,1660.7,143904.0,183225.0
2025-06-20 10:48:05.683792,1660.7,144120.0,182603.0
2025-06-20 10:48:10.772164,1660.0,144120.0,182603.0
2025-06-20 10:48:11.271912,1660.0,143764.0,182976.0
2025-06-20 10:48:12.808880,1660.0,143764.0,182976.0
2025-06-20 10:48:14.775321,1660.7,143764.0,182976.0
2025-06-20 10:48:16.585147,1660.7,143881.0,183830.0
2025-06-20 10:48:18.763109,1660.7,143881.0,183830.0
2025-06-20 10:48:20.768869,1660.7,143881.0,183830.0
2025-06-20 10:48:22.081138,1660.7,144094.0,183433.0
2025-06-20 10:48:27.886316,1660.7,144166.0,182764.0
2025-06-20 10:48:28.765592,1660.7,144166.0,182764.0
2025-06-20 10:48:33.291628,1660.7,144128.0,182890.0
2025-06-20 10:48:38.594974,1660.7,144233.0,182954.0
2025-06-20 10:48:40.808193,1660.6,144233.0,182954.0
2025-06-20 10:48:44.294285,1660.6,143777.0,182643.0
2025-06-20 10:48:45.977367,1660.6,143777.0,182643.0
2025-06-20 10:48:46.355486,1660.6,143777.0,182643.0
2025-06-20 10:48:46.786827,1660.6,143777.0,182643.0
2025-06-20 10:48:47.107650,1660.6,143777.0,182643.0
2025-06-20 10:48:48.110600,1660.6,143777.0,182643.0
2025-06-20 10:48:49.326077,1660.6,143777.0,182643.0
2025-06-20 10:48:49.805500,1660.6,143194.0,186544.0
2025-06-20 10:48:49.886316,1660.6,143194.0,186544.0
2025-06-20 10:48:50.317838,1660.6,143194.0,186544.0
2025-06-20 10:48:51.286526,1660.6,143194.0,186544.0
2025-06-20 10:48:52.635382,1660.6,143194.0,186544.0
2025-06-20 10:48:52.793935,1660.0,143194.0,186544.0
2025-06-20 10:48:53.623343,1660.0,143194.0,186544.0
2025-06-20 10:48:55.171094,1660.0,143194.0,186544.0
2025-06-20 10:48:55.201789,1660.0,142503.0,188629.0
2025-06-20 10:48:56.506459,1660.0,142503.0,188629.0
2025-06-20 10:48:56.763724,1659.8,142503.0,188629.0
2025-06-20 10:48:57.713059,1659.8,142503.0,188629.0
2025-06-20 10:48:59.335553,1659.8,142503.0,188629.0
2025-06-20 10:49:00.610045,1659.8,142541.0,188710.0
2025-06-20 10:49:02.765316,1660.0,142541.0,188710.0
2025-06-20 10:49:06.521266,1660.0,141810.0,189531.0
2025-06-20 10:49:08.766984,1659.8,141810.0,189531.0
2025-06-20 10:49:11.764330,1659.8,141810.0,189531.0
2025-06-20 10:49:12.113391,1659.8,140791.0,188690.0
2025-06-20 10:49:14.761601,1659.0,140791.0,188690.0
2025-06-20 10:49:17.652899,1659.9,141006.0,188853.0
2025-06-20 10:49:17.771999,1659.9,141006.0,188853.0
2025-06-20 10:49:23.075955,1659.9,141547.0,188583.0
2025-06-20 10:49:27.837544,1659.4,141547.0,188583.0
2025-06-20 10:49:28.726229,1659.4,142360.0,187911.0
2025-06-20 10:49:31.785349,1660.0,142360.0,187911.0
2025-06-20 10:49:34.466848,1660.0,141739.0,187779.0
2025-06-20 10:49:37.796069,1660.0,141739.0,187779.0
2025-06-20 10:49:39.735670,1660.0,141624.0,188132.0
2025-06-20 10:49:41.775417,1659.5,141624.0,188132.0
2025-06-20 10:49:45.049477,1659.5,141711.0,188468.0
2025-06-20 10:49:47.811839,1659.9,141711.0,188468.0
2025-06-20 10:49:49.819841,1659.9,141711.0,188468.0
2025-06-20 10:49:50.446317,1659.9,141935.0,188566.0
2025-06-20 10:49:51.837604,1659.9,141935.0,188566.0
2025-06-20 10:49:55.839314,1659.9,142509.0,188378.0
2025-06-20 10:49:59.827416,1659.9,142509.0,188378.0
2025-06-20 10:50:00.848721,1659.9,142500.0,188121.0
2025-06-20 10:50:05.825912,1660.0,142500.0,188121.0
2025-06-20 10:50:06.357149,1660.0,142191.0,187909.0
2025-06-20 10:50:07.834977,1660.0,142191.0,187909.0
2025-06-20 10:50:09.798978,1659.9,142191.0,187909.0
2025-06-20 10:50:11.460377,1659.9,142202.0,187894.0
2025-06-20 10:50:12.046791,1659.9,142202.0,187894.0
2025-06-20 10:50:17.165396,1659.9,142516.0,187562.0
2025-06-20 10:50:21.825836,1659.9,142516.0,187562.0
2025-06-20 10:50:22.821856,1660.0,142316.0,187582.0
2025-06-20 10:50:23.835229,1660.0,142316.0,187582.0
2025-06-20 10:50:27.842588,1659.4,142316.0,187582.0
2025-06-20 10:50:28.084468,1659.4,142623.0,186933.0
2025-06-20 10:50:33.490178,1659.4,142563.0,186907.0
2025-06-20 10:50:38.978564,1660.0,142038.0,187048.0
2025-06-20 10:50:40.018799,1660.0,142038.0,187048.0
2025-06-20 10:50:42.777491,1659.4,142038.0,187048.0
2025-06-20 10:50:44.597874,1659.4,142527.0,187412.0
2025-06-20 10:50:45.774166,1659.9,142527.0,187412.0
2025-06-20 10:50:50.094918,1659.9,142228.0,187811.0
2025-06-20 10:50:53.788245,1659.9,142228.0,187811.0
2025-06-20 10:50:55.491680,1659.9,142014.0,187797.0
2025-06-20 10:50:57.897469,1659.8,142014.0,187797.0
2025-06-20 10:50:59.811510,1659.3,142014.0,187797.0
2025-06-20 10:51:00.807119,1659.3,142269.0,188248.0
2025-06-20 10:51:03.782955,1659.3,142269.0,188248.0
2025-06-20 10:51:05.790630,1659.7,142269.0,188248.0
2025-06-20 10:51:06.411531,1659.7,142236.0,188041.0
2025-06-20 10:51:11.790515,1659.3,142236.0,188041.0
2025-06-20 10:51:11.916301,1659.3,142276.0,188255.0
2025-06-20 10:51:15.797703,1659.8,142276.0,188255.0
2025-06-20 10:51:17.206628,1659.8,141690.0,188720.0
2025-06-20 10:51:19.800592,1659.8,141690.0,188720.0
2025-06-20 10:51:21.803231,1659.8,141690.0,188720.0
2025-06-20 10:51:22.708544,1659.8,141243.0,188715.0
2025-06-20 10:51:28.315927,1659.8,141622.0,188592.0
2025-06-20 10:51:31.801369,1659.8,141622.0,188592.0
2025-06-20 10:51:33.716017,1659.8,141332.0,189006.0
2025-06-20 10:51:35.805586,1658.9,141332.0,189006.0
2025-06-20 10:51:39.647311,1658.9,140352.0,190416.0
2025-06-20 10:51:39.784678,1659.5,140352.0,190416.0
2025-06-20 10:51:41.788299,1658.9,140352.0,190416.0
2025-06-20 10:51:44.831638,1659.5,140024.0,190056.0
2025-06-20 10:51:45.805129,1659.5,140024.0,190056.0
2025-06-20 10:51:46.482070,1659.5,140024.0,190056.0
2025-06-20 10:51:47.185140,1659.5,140024.0,190056.0
2025-06-20 10:51:48.210021,1659.5,140024.0,190056.0
2025-06-20 10:51:49.284867,1659.5,140024.0,190056.0
2025-06-20 10:51:49.788091,1659.4,140024.0,190056.0
2025-06-20 10:51:50.331173,1659.4,140024.0,190056.0
2025-06-20 10:51:50.730646,1659.4,139481.0,190947.0
2025-06-20 10:51:50.739324,1659.4,139481.0,190947.0
2025-06-20 10:51:51.817591,1659.4,139481.0,190947.0
2025-06-20 10:51:53.314772,1659.4,139481.0,190947.0
2025-06-20 10:51:54.078279,1659.4,139481.0,190947.0
2025-06-20 10:51:55.623860,1659.4,139481.0,190947.0
2025-06-20 10:51:55.790324,1659.5,139481.0,190947.0
2025-06-20 10:51:56.443489,1659.5,140121.0,190199.0
2025-06-20 10:51:56.855808,1659.5,140121.0,190199.0
2025-06-20 10:51:58.116072,1659.5,140121.0,190199.0
2025-06-20 10:51:59.769158,1659.5,140121.0,190199.0
2025-06-20 10:51:59.805220,1659.0,140121.0,190199.0
2025-06-20 10:52:02.135403,1659.0,139735.0,188606.0
2025-06-20 10:52:07.812935,1659.5,139735.0,188606.0
2025-06-20 10:52:07.838212,1659.5,139775.0,188599.0
2025-06-20 10:52:09.809287,1659.0,139775.0,188599.0
2025-06-20 10:52:11.800155,1659.0,139775.0,188599.0
2025-06-20 10:52:13.640548,1659.7,140396.0,188213.0
2025-06-20 10:52:13.812747,1659.7,140396.0,188213.0
2025-06-20 10:52:15.800611,1659.5,140396.0,188213.0
2025-06-20 10:52:19.144677,1659.5,140855.0,186279.0
2025-06-20 10:52:24.562608,1659.5,140923.0,186382.0
2025-06-20 10:52:29.952412,1659.5,140764.0,186346.0
2025-06-20 10:52:31.808328,1659.3,140764.0,186346.0
2025-06-20 10:52:33.797701,1661.1,140764.0,186346.0
2025-06-20 10:52:35.254843,1661.1,144484.0,181157.0
2025-06-20 10:52:37.798364,1661.2,144484.0,181157.0
2025-06-20 10:52:39.811418,1661.2,144484.0,181157.0
2025-06-20 10:52:41.259893,1661.1,144812.0,180267.0
2025-06-20 10:52:41.803276,1661.1,144812.0,180267.0
2025-06-20 10:52:45.791736,1661.1,144812.0,180267.0
2025-06-20 10:52:46.282349,1661.1,144571.0,180202.0
2025-06-20 10:52:47.816240,1661.1,144571.0,180202.0
2025-06-20 10:52:51.670348,1661.1,144894.0,179790.0
2025-06-20 10:52:51.845355,1661.1,144894.0,179790.0
2025-06-20 10:52:53.812360,1661.1,144894.0,179790.0
2025-06-20 10:52:57.086133,1661.1,144719.0,179730.0
2025-06-20 10:52:59.816345,1661.3,144719.0,179730.0
2025-06-20 10:53:02.476191,1661.3,144950.0,179515.0
2025-06-20 10:53:05.808149,1661.6,144950.0,179515.0
2025-06-20 10:53:08.677282,1661.6,145615.0,180770.0
2025-06-20 10:53:09.802084,1661.6,145615.0,180770.0
2025-06-20 10:53:11.824217,1661.1,145615.0,180770.0
2025-06-20 10:53:14.683766,1661.1,146029.0,179636.0
2025-06-20 10:53:17.812524,1661.1,146029.0,179636.0
2025-06-20 10:53:19.796661,1661.9,146029.0,179636.0
2025-06-20 10:53:20.284675,1661.9,147018.0,179236.0
2025-06-20 10:53:25.688227,1661.9,146376.0,179254.0
2025-06-20 10:53:25.797967,1661.9,146376.0,179254.0
2025-06-20 10:53:29.798927,1661.2,146376.0,179254.0
2025-06-20 10:53:31.202277,1661.2,146567.0,179251.0
2025-06-20 10:53:31.792010,1661.2,146567.0,179251.0
2025-06-20 10:53:35.802779,1661.1,146567.0,179251.0
2025-06-20 10:53:36.611237,1661.9,146654.0,179477.0
2025-06-20 10:53:37.850506,1661.9,146654.0,179477.0
2025-06-20 10:53:39.897510,1661.9,146654.0,179477.0
2025-06-20 10:53:41.812355,1661.3,146654.0,179477.0
2025-06-20 10:53:42.308289,1661.3,146953.0,179405.0
2025-06-20 10:53:43.817689,1661.1,146953.0,179405.0
2025-06-20 10:53:45.796228,1661.1,146953.0,179405.0
2025-06-20 10:53:47.703975,1661.1,146681.0,180181.0
2025-06-20 10:53:53.220777,1661.0,147860.0,180388.0
2025-06-20 10:53:53.816963,1661.0,147860.0,180388.0
2025-06-20 10:53:55.828408,1661.0,147860.0,180388.0
2025-06-20 10:53:58.828006,1660.8,147165.0,181123.0
2025-06-20 10:53:59.800633,1660.8,147165.0,181123.0
2025-06-20 10:54:01.805867,1660.8,147165.0,181123.0
2025-06-20 10:54:04.445177,1660.8,147331.0,181502.0
2025-06-20 10:54:09.800075,1660.8,147331.0,181502.0
2025-06-20 10:54:10.122051,1660.8,147203.0,181622.0
2025-06-20 10:54:11.805738,1660.8,147203.0,181622.0
2025-06-20 10:54:13.837146,1660.8,147203.0,181622.0
2025-06-20 10:54:15.324709,1661.5,147242.0,181496.0
2025-06-20 10:54:15.801910,1661.5,147242.0,181496.0
2025-06-20 10:54:17.800691,1660.8,147242.0,181496.0
2025-06-20 10:54:19.802226,1661.5,147242.0,181496.0
2025-06-20 10:54:20.725305,1661.5,147520.0,181417.0
2025-06-20 10:54:25.943407,1661.5,147082.0,181551.0
2025-06-20 10:54:27.804124,1661.5,147082.0,181551.0
2025-06-20 10:54:29.810364,1660.9,147082.0,181551.0
2025-06-20 10:54:31.335609,1660.9,146885.0,181702.0
2025-06-20 10:54:31.796861,1660.9,146885.0,181702.0
2025-06-20 10:54:33.832436,1660.9,146885.0,181702.0
2025-06-20 10:54:36.739842,1660.9,147057.0,180978.0
2025-06-20 10:54:39.792561,1661.0,147057.0,180978.0
2025-06-20 10:54:41.813551,1660.9,147057.0,180978.0
2025-06-20 10:54:42.140634,1660.9,147202.0,181909.0
2025-06-20 10:54:43.797900,1660.9,147202.0,181909.0
2025-06-20 10:54:45.804864,1660.9,147202.0,181909.0
2025-06-20 10:54:47.379903,1660.9,147202.0,181909.0
2025-06-20 10:54:47.557079,1660.9,147154.0,182398.0
2025-06-20 10:54:47.826375,1660.9,147154.0,182398.0
2025-06-20 10:54:47.833088,1660.9,147154.0,182398.0
2025-06-20 10:54:48.239445,1660.9,147154.0,182398.0
2025-06-20 10:54:49.281350,1660.9,147154.0,182398.0
2025-06-20 10:54:49.813812,1661.0,147154.0,182398.0
2025-06-20 10:54:49.951721,1661.0,147154.0,182398.0
2025-06-20 10:54:50.619396,1661.0,147154.0,182398.0
2025-06-20 10:54:51.169798,1661.0,147154.0,182398.0
2025-06-20 10:54:51.821138,1660.9,147154.0,182398.0
2025-06-20 10:54:52.530110,1660.9,147154.0,182398.0
2025-06-20 10:54:53.112825,1660.9,147342.0,180390.0
2025-06-20 10:54:53.886470,1660.9,147342.0,180390.0
2025-06-20 10:54:54.863863,1660.9,147342.0,180390.0
2025-06-20 10:54:56.441361,1660.9,147342.0,180390.0
2025-06-20 10:54:57.691328,1660.9,147342.0,180390.0
2025-06-20 10:54:57.797983,1660.9,147342.0,180390.0
2025-06-20 10:54:58.365301,1660.9,147234.0,180871.0
2025-06-20 10:54:58.993839,1660.9,147234.0,180871.0
2025-06-20 10:54:59.811945,1660.9,147234.0,180871.0
2025-06-20 10:55:00.651641,1660.9,147234.0,180871.0
2025-06-20 10:55:01.808032,1661.6,147234.0,180871.0
2025-06-20 10:55:03.756889,1661.6,147213.0,181087.0
2025-06-20 10:55:07.813424,1661.6,147213.0,181087.0
2025-06-20 10:55:09.458507,1661.6,147338.0,181392.0
2025-06-20 10:55:09.817149,1661.6,147338.0,181392.0
2025-06-20 10:55:11.815609,1661.5,147338.0,181392.0
2025-06-20 10:55:13.836061,1660.8,147338.0,181392.0
2025-06-20 10:55:15.093415,1660.8,147378.0,181341.0
2025-06-20 10:55:15.826830,1660.8,147378.0,181341.0
2025-06-20 10:55:19.802156,1660.9,147378.0,181341.0
2025-06-20 10:55:20.683733,1660.9,145788.0,184672.0
2025-06-20 10:55:23.808553,1660.1,145788.0,184672.0
2025-06-20 10:55:25.803034,1660.1,145788.0,184672.0
2025-06-20 10:55:26.278432,1660.1,146421.0,184411.0
2025-06-20 10:55:27.803569,1660.9,146421.0,184411.0
2025-06-20 10:55:29.804219,1660.9,146421.0,184411.0
2025-06-20 10:55:32.179890,1660.9,146655.0,184278.0
2025-06-20 10:55:37.682890,1660.9,147526.0,183948.0
2025-06-20 10:55:41.800914,1660.4,147526.0,183948.0
2025-06-20 10:55:42.884492,1660.4,147406.0,183952.0
2025-06-20 10:55:43.803573,1660.9,147406.0,183952.0
2025-06-20 10:55:47.799990,1661.0,147406.0,183952.0
2025-06-20 10:55:48.108800,1661.0,147840.0,179462.0
2025-06-20 10:55:53.347324,1660.4,147346.0,183406.0
2025-06-20 10:55:53.825907,1660.4,147346.0,183406.0
2025-06-20 10:55:55.833691,1661.0,147346.0,183406.0
2025-06-20 10:55:57.805067,1661.0,147346.0,183406.0
2025-06-20 10:55:58.295729,1661.0,147280.0,184030.0
2025-06-20 10:56:01.195716,1661.0,147267.0,184241.0
2025-06-20 10:56:02.195811,1661.0,147326.0,183646.0
2025-06-20 10:56:03.299468,1661.0,147294.0,183850.0
2025-06-20 10:56:03.807695,1661.0,147294.0,183850.0
2025-06-20 10:56:04.400546,1661.0,147357.0,183595.0
2025-06-20 10:56:05.535176,1660.4,147345.0,183604.0
2025-06-20 10:56:05.830147,1660.4,147345.0,183604.0
2025-06-20 10:56:06.512685,1660.4,147201.0,183324.0
2025-06-20 10:56:07.537911,1660.4,147621.0,183364.0
2025-06-20 10:56:08.510352,1660.4,147745.0,182358.0
2025-06-20 10:56:10.001199,1660.4,147763.0,182470.0
2025-06-20 10:56:10.803164,1660.5,147763.0,182470.0
2025-06-20 10:56:11.113678,1660.5,147861.0,182731.0
2025-06-20 10:56:11.791902,1660.5,147861.0,182731.0
2025-06-20 10:56:12.203867,1660.5,147717.0,182745.0
2025-06-20 10:56:13.303867,1660.5,148066.0,182843.0
2025-06-20 10:56:14.412963,1660.5,148122.0,182875.0
2025-06-20 10:56:15.542647,1660.5,148156.0,182820.0
2025-06-20 10:56:16.517042,1660.5,148095.0,182680.0
2025-06-20 10:56:17.507144,1661.0,147796.0,182185.0
2025-06-20 10:56:17.800197,1661.0,147796.0,182185.0
2025-06-20 10:56:18.520128,1661.0,147701.0,181414.0
2025-06-20 10:56:19.638348,1661.0,147355.0,181486.0
2025-06-20 10:56:20.706505,1661.0,147005.0,181358.0
2025-06-20 10:56:21.711498,1661.0,147005.0,181362.0
2025-06-20 11:07:08.580469,1660.7,149181.0,183340.0
2025-06-20 11:07:08.867105,1661.1,149181.0,183340.0
2025-06-20 12:03:29.526117,1661.9,152255.0,179382.0
2025-06-20 12:03:31.097302,1661.9,152255.0,179382.0
2025-06-20 12:03:33.097826,1661.9,152255.0,179382.0
2025-06-20 12:03:34.208674,1661.9,152010.0,179394.0
2025-06-20 12:03:37.103336,1661.3,152010.0,179394.0
2025-06-20 12:03:38.883702,1661.3,152235.0,179222.0
2025-06-20 12:03:41.234039,1661.3,152235.0,179222.0
2025-06-20 12:03:43.118669,1661.9,152235.0,179222.0
2025-06-20 12:03:43.681052,1661.3,151809.0,179640.0
2025-06-20 12:03:45.087253,1661.3,151809.0,179640.0
2025-06-20 12:03:47.091770,1661.3,151809.0,179640.0
2025-06-20 12:03:48.494684,1661.3,151697.0,179355.0
2025-06-20 12:03:51.106221,1661.3,151697.0,179355.0
2025-06-20 12:03:53.114128,1661.8,151697.0,179355.0
2025-06-20 12:03:53.585232,1661.8,151894.0,179369.0
2025-06-20 12:03:55.101433,1661.8,151894.0,179369.0
2025-06-20 12:03:57.107468,1661.8,151894.0,179369.0
2025-06-20 12:03:58.393430,1661.8,151894.0,179369.0
2025-06-20 12:03:58.793912,1661.3,151873.0,179443.0
2025-06-20 12:03:59.041304,1661.3,151873.0,179443.0
2025-06-20 12:03:59.090957,1661.3,151873.0,179443.0
2025-06-20 12:03:59.395351,1661.3,151873.0,179443.0
2025-06-20 12:04:00.312039,1661.3,151873.0,179443.0
2025-06-20 12:04:01.140148,1661.3,151873.0,179443.0
2025-06-20 12:04:02.310965,1661.3,151873.0,179443.0
2025-06-20 12:04:03.104699,1661.7,151873.0,179443.0
2025-06-20 12:04:03.348332,1661.7,151873.0,179443.0
2025-06-20 12:04:04.107275,1661.7,152361.0,179953.0
2025-06-20 12:04:04.341229,1661.7,152361.0,179953.0
2025-06-20 12:04:05.108657,1661.7,152361.0,179953.0
2025-06-20 12:04:05.669321,1661.7,152361.0,179953.0
2025-06-20 12:04:06.726721,1661.7,152361.0,179953.0
2025-06-20 12:04:07.080645,1661.7,152361.0,179953.0
2025-06-20 12:04:08.308889,1661.7,152361.0,179953.0
2025-06-20 12:04:09.392356,1661.7,152695.0,179750.0
2025-06-20 12:04:09.629260,1661.7,152695.0,179750.0
2025-06-20 12:04:10.994428,1661.7,152695.0,179750.0
2025-06-20 12:04:11.085648,1661.3,152695.0,179750.0
2025-06-20 12:04:12.745439,1661.3,152695.0,179750.0
2025-06-20 12:04:13.090557,1661.7,152695.0,179750.0
2025-06-20 12:04:14.697925,1661.5,152714.0,178303.0
2025-06-20 12:04:15.102219,1661.9,152714.0,178303.0
2025-06-20 12:04:17.110720,1661.9,152714.0,178303.0
2025-06-20 12:04:19.086360,1661.9,152714.0,178303.0
2025-06-20 12:04:19.538516,1661.9,153089.0,178607.0
2025-06-20 12:04:23.101962,1661.5,153089.0,178607.0
2025-06-20 12:04:24.804713,1661.5,153215.0,178541.0
2025-06-20 12:04:27.088360,1661.9,153215.0,178541.0
2025-06-20 12:04:29.117026,1661.5,153215.0,178541.0
2025-06-20 12:04:30.527903,1661.5,152711.0,179002.0
2025-06-20 12:04:33.092484,1661.5,152711.0,179002.0
2025-06-20 12:04:36.311404,1661.9,153163.0,179092.0
2025-06-20 12:04:37.096739,1661.9,153163.0,179092.0
2025-06-20 12:04:39.100700,1661.9,153163.0,179092.0
2025-06-20 12:04:41.090991,1661.5,153163.0,179092.0
2025-06-20 12:04:42.132390,1661.9,153046.0,179157.0
2025-06-20 12:04:43.091582,1661.9,153046.0,179157.0
2025-06-20 12:04:45.107482,1661.5,153046.0,179157.0
2025-06-20 12:04:47.083821,1661.8,153046.0,179157.0
2025-06-20 12:04:47.214122,1661.8,153100.0,179150.0
2025-06-20 12:04:49.141873,1661.8,153100.0,179150.0
2025-06-20 12:04:51.080855,1661.9,153100.0,179150.0
2025-06-20 12:04:52.318680,1661.9,154171.0,178830.0
2025-06-20 12:04:53.093614,1661.9,154171.0,178830.0
2025-06-20 12:04:55.085596,1661.9,154171.0,178830.0
2025-06-20 12:04:57.086050,1661.9,154171.0,178830.0
2025-06-20 12:04:57.435999,1661.9,153596.0,178875.0
2025-06-20 12:04:59.109172,1661.9,153596.0,178875.0
2025-06-20 12:05:01.112289,1661.9,153596.0,178875.0
2025-06-20 12:05:02.225349,1661.6,153440.0,178966.0
2025-06-20 12:05:03.087186,1662.0,153440.0,178966.0
2025-06-20 12:05:05.095968,1662.0,153440.0,178966.0
2025-06-20 12:05:07.115021,1662.0,153219.0,178885.0
2025-06-20 12:05:07.125144,1662.0,153219.0,178885.0
2025-06-20 12:05:09.086202,1662.0,153219.0,178885.0
2025-06-20 12:05:11.082870,1661.5,153219.0,178885.0
2025-06-20 12:05:11.830742,1662.0,152562.0,178998.0
2025-06-20 12:05:13.085586,1662.0,152562.0,178998.0
2025-06-20 12:05:15.091983,1661.5,152562.0,178998.0
2025-06-20 12:05:16.836154,1662.0,152521.0,179022.0
2025-06-20 12:05:17.088090,1662.0,152521.0,179022.0
2025-06-20 12:05:21.740017,1662.0,152861.0,179087.0
2025-06-20 12:05:23.091686,1662.0,152861.0,179087.0
2025-06-20 12:05:25.092257,1662.0,152861.0,179087.0
2025-06-20 12:05:26.740235,1662.0,153054.0,179122.0
2025-06-20 12:05:27.097139,1662.0,153054.0,179122.0
2025-06-20 12:05:29.087748,1661.5,153054.0,179122.0
2025-06-20 12:05:31.645297,1662.0,154643.0,179343.0
2025-06-20 12:05:33.094215,1662.0,154643.0,179343.0
2025-06-20 12:05:35.088873,1662.0,154643.0,179343.0
2025-06-20 12:05:36.943972,1662.0,153687.0,179737.0
2025-06-20 12:05:37.094561,1662.0,153687.0,179737.0
2025-06-20 12:05:39.096274,1662.0,153687.0,179737.0
2025-06-20 12:05:41.099994,1661.6,153687.0,179737.0
2025-06-20 12:05:42.557449,1662.0,153332.0,179740.0
2025-06-20 12:05:43.089696,1662.0,153332.0,179740.0
2025-06-20 12:05:45.095469,1661.6,153332.0,179740.0
2025-06-20 12:05:47.126174,1661.9,153332.0,179740.0
2025-06-20 12:05:47.747806,1662.0,153566.0,179646.0
2025-06-20 12:05:49.120523,1662.0,153566.0,179646.0
2025-06-20 12:05:52.652734,1662.0,153489.0,179363.0
2025-06-20 12:05:53.094843,1662.0,153489.0,179363.0
2025-06-20 12:05:55.095750,1662.0,153489.0,179363.0
2025-06-20 12:05:57.094107,1662.0,153489.0,179363.0
2025-06-20 12:05:57.653041,1662.0,153846.0,179457.0
2025-06-20 12:05:59.093744,1661.6,153846.0,179457.0
2025-06-20 12:06:02.654996,1662.0,153565.0,179026.0
2025-06-20 12:06:03.093088,1662.0,153565.0,179026.0
2025-06-20 12:06:07.094665,1662.0,153565.0,179026.0
2025-06-20 12:06:07.569669,1662.0,153516.0,178925.0
2025-06-20 12:06:09.092897,1662.0,153516.0,178925.0
2025-06-20 12:06:11.099202,1661.6,153516.0,178925.0
2025-06-20 12:06:12.984329,1661.6,150611.0,180739.0
2025-06-20 12:06:13.091956,1661.7,150611.0,180739.0
2025-06-20 12:06:15.098871,1661.6,150611.0,180739.0
2025-06-20 12:06:17.100761,1661.9,150611.0,180739.0
2025-06-20 12:06:18.271327,1661.3,151957.0,179920.0
2025-06-20 12:06:19.092531,1661.2,151957.0,179920.0
2025-06-20 12:06:23.101909,1661.9,151957.0,179920.0
2025-06-20 12:06:23.375632,1661.9,152209.0,180022.0
2025-06-20 12:06:27.119296,1661.9,152209.0,180022.0
2025-06-20 12:06:28.381993,1661.9,152232.0,179632.0
2025-06-20 12:06:29.249013,1661.5,152232.0,179632.0
2025-06-20 12:06:32.880635,1661.5,151075.0,180216.0
2025-06-20 12:06:33.104539,1661.5,151075.0,180216.0
2025-06-20 12:06:35.113330,1661.5,151075.0,180216.0
2025-06-20 12:06:37.113734,1661.5,151075.0,180216.0
2025-06-20 12:06:37.524707,1661.5,151068.0,180493.0
2025-06-20 12:06:39.095196,1661.5,151068.0,180493.0
2025-06-20 12:06:41.111348,1661.5,151068.0,180493.0
2025-06-20 12:06:42.289059,1661.5,150505.0,180878.0
2025-06-20 12:06:43.111018,1661.5,150505.0,180878.0
2025-06-20 12:06:45.131781,1661.3,150505.0,180878.0
2025-06-20 12:06:47.031263,1661.4,150719.0,181216.0
2025-06-20 12:06:47.114008,1661.4,150719.0,181216.0
2025-06-20 12:06:49.115867,1661.3,150719.0,181216.0
2025-06-20 12:06:51.121119,1661.3,150719.0,181216.0
2025-06-20 12:06:51.698085,1661.3,149529.0,181726.0
2025-06-20 12:06:53.110657,1661.3,149529.0,181726.0
2025-06-20 12:06:55.108009,1661.0,149529.0,181726.0
2025-06-20 12:06:56.602711,1661.2,148593.0,182125.0
2025-06-20 12:06:57.102642,1661.0,148593.0,182125.0
2025-06-20 12:06:58.872761,1661.0,148593.0,182125.0
