timestamp,ltp,bid_qty,ask_qty
2025-06-20 10:10:48.217398,1086.4,113080.0,133469.0
2025-06-20 10:10:49.594385,1086.5,113080.0,133469.0
2025-06-20 10:10:51.567814,1086.5,112010.0,134032.0
2025-06-20 10:10:51.599757,1086.5,112010.0,134032.0
2025-06-20 10:10:53.595903,1086.5,112010.0,134032.0
2025-06-20 10:10:55.595698,1086.5,112010.0,134032.0
2025-06-20 10:10:57.269051,1086.5,112022.0,133421.0
2025-06-20 10:10:57.600107,1086.5,112022.0,133421.0
2025-06-20 10:11:01.376888,1086.5,112096.0,133747.0
2025-06-20 10:11:02.486470,1086.6,111691.0,134427.0
2025-06-20 10:11:02.595250,1086.6,111691.0,134427.0
2025-06-20 10:11:03.570406,1086.5,111772.0,134376.0
2025-06-20 10:11:03.599168,1086.5,111772.0,134376.0
2025-06-20 10:11:04.591232,1086.7,111772.0,134376.0
2025-06-20 10:11:04.670240,1086.7,111699.0,132978.0
2025-06-20 10:11:05.601145,1086.5,111699.0,132978.0
2025-06-20 10:11:05.770037,1086.5,111985.0,132774.0
2025-06-20 10:11:06.880452,1086.5,112024.0,133146.0
2025-06-20 10:11:07.972551,1086.5,111653.0,133343.0
2025-06-20 10:11:08.973953,1086.5,111641.0,133371.0
2025-06-20 10:11:10.375533,1086.5,112372.0,133731.0
2025-06-20 10:11:11.584127,1086.5,112431.0,133642.0
2025-06-20 10:11:12.852849,1086.5,112380.0,133807.0
2025-06-20 10:11:13.641828,1086.7,112380.0,133807.0
2025-06-20 10:11:13.776396,1086.7,112281.0,133851.0
2025-06-20 10:11:14.776939,1086.7,112369.0,133840.0
2025-06-20 10:11:15.609513,1086.7,112369.0,133840.0
2025-06-20 10:11:15.885031,1086.7,112170.0,133252.0
2025-06-20 10:11:16.651806,1086.6,112170.0,133252.0
2025-06-20 10:11:16.890939,1086.5,112022.0,132899.0
2025-06-20 10:11:17.612414,1086.7,112022.0,132899.0
2025-06-20 10:11:17.885790,1086.7,111999.0,132935.0
2025-06-20 10:11:19.312711,1086.7,112000.0,132895.0
2025-06-20 10:11:19.979518,1086.7,111999.0,132957.0
2025-06-20 10:11:20.888508,1086.7,111961.0,132978.0
2025-06-20 10:11:21.909606,1086.7,111944.0,133399.0
2025-06-20 10:11:22.906843,1086.7,112293.0,133410.0
2025-06-20 10:11:23.706444,1086.7,112293.0,133410.0
2025-06-20 10:11:23.982993,1086.5,112360.0,133358.0
2025-06-20 10:11:24.641142,1086.5,112360.0,133358.0
2025-06-20 10:11:25.108394,1086.5,112207.0,133807.0
2025-06-20 10:11:26.287105,1086.5,112617.0,133641.0
2025-06-20 10:11:27.287047,1086.5,112602.0,133670.0
2025-06-20 10:11:28.397365,1086.5,112412.0,133833.0
2025-06-20 10:11:29.499630,1086.5,112471.0,133839.0
2025-06-20 10:11:30.868469,1086.5,111694.0,134139.0
2025-06-20 10:11:31.798521,1086.5,111418.0,134600.0
2025-06-20 10:11:32.901919,1086.5,111394.0,134651.0
2025-06-20 10:11:33.989072,1086.5,111334.0,134723.0
2025-06-20 10:11:34.597674,1086.7,111334.0,134723.0
2025-06-20 10:11:35.089720,1086.7,111491.0,134499.0
2025-06-20 10:11:35.590166,1086.7,111491.0,134499.0
2025-06-20 10:11:36.191835,1086.7,108693.0,134501.0
2025-06-20 10:11:36.599551,1086.5,108693.0,134501.0
2025-06-20 10:11:37.194946,1086.3,109747.0,136538.0
2025-06-20 10:11:37.597930,1086.3,109747.0,136538.0
2025-06-20 10:11:38.214518,1085.9,109611.0,137207.0
2025-06-20 10:11:38.591376,1085.9,109611.0,137207.0
2025-06-20 10:11:39.406982,1085.9,109670.0,136479.0
2025-06-20 10:11:40.494277,1085.7,109412.0,135475.0
2025-06-20 10:11:40.593782,1085.7,109412.0,135475.0
2025-06-20 10:11:41.587688,1086.2,109412.0,135475.0
2025-06-20 10:11:41.605625,1086.2,109299.0,135471.0
2025-06-20 10:11:42.608460,1086.2,108898.0,135530.0
2025-06-20 10:11:43.601384,1086.3,108898.0,135530.0
2025-06-20 10:11:43.617691,1086.3,111582.0,133974.0
2025-06-20 10:11:44.592748,1085.9,111582.0,133974.0
2025-06-20 10:11:44.700134,1085.9,109824.0,135339.0
2025-06-20 10:11:45.595497,1086.0,109824.0,135339.0
2025-06-20 10:11:46.025384,1086.0,110258.0,135598.0
2025-06-20 10:11:46.588918,1085.8,110258.0,135598.0
2025-06-20 10:11:46.926533,1085.8,110293.0,135527.0
2025-06-20 10:11:47.592459,1086.0,110293.0,135527.0
2025-06-20 10:11:48.001314,1086.0,110356.0,135492.0
2025-06-20 10:11:48.591442,1085.8,110356.0,135492.0
2025-06-20 10:11:49.102170,1085.8,110167.0,135944.0
2025-06-20 10:11:49.600656,1085.8,110167.0,135944.0
2025-06-20 10:11:50.592798,1086.0,110167.0,135944.0
2025-06-20 10:11:51.034250,1086.0,110075.0,136463.0
2025-06-20 10:11:51.599814,1086.3,110075.0,136463.0
2025-06-20 10:11:52.434857,1086.1,111162.0,135921.0
2025-06-20 10:11:52.599855,1085.9,111162.0,135921.0
2025-06-20 10:11:53.533311,1085.8,110888.0,135943.0
2025-06-20 10:11:53.609737,1085.8,110888.0,135943.0
2025-06-20 10:11:54.592476,1085.8,110888.0,135943.0
2025-06-20 10:11:54.616935,1085.8,110815.0,135731.0
2025-06-20 10:11:55.601309,1085.8,110815.0,135731.0
2025-06-20 10:11:55.629607,1085.8,110550.0,135873.0
2025-06-20 10:11:56.834724,1085.8,110542.0,136265.0
2025-06-20 10:11:57.599301,1086.1,110542.0,136265.0
2025-06-20 10:11:57.836130,1086.1,111231.0,133263.0
2025-06-20 10:11:58.594191,1086.1,111231.0,133263.0
2025-06-20 10:11:59.005833,1086.1,111338.0,134423.0
2025-06-20 10:11:59.597016,1086.2,111338.0,134423.0
2025-06-20 10:12:00.114202,1086.2,112052.0,133037.0
2025-06-20 10:12:01.322713,1086.3,111808.0,133318.0
2025-06-20 10:12:01.603975,1086.3,111808.0,133318.0
2025-06-20 10:12:02.438393,1086.6,111644.0,133177.0
2025-06-20 10:12:02.602367,1086.3,111644.0,133177.0
2025-06-20 10:12:03.599455,1086.3,111644.0,133177.0
2025-06-20 10:12:03.924112,1086.3,111490.0,133178.0
2025-06-20 10:12:04.605416,1086.6,111490.0,133178.0
2025-06-20 10:12:05.118443,1086.4,112010.0,132722.0
2025-06-20 10:12:05.601878,1086.4,112010.0,132722.0
2025-06-20 10:12:06.216289,1086.5,112878.0,132703.0
2025-06-20 10:12:06.599877,1086.5,112878.0,132703.0
2025-06-20 10:12:07.209606,1086.5,112688.0,132754.0
2025-06-20 10:12:07.596138,1086.5,112688.0,132754.0
2025-06-20 10:12:08.326560,1087.2,114041.0,131510.0
2025-06-20 10:12:08.599489,1087.2,114041.0,131510.0
2025-06-20 10:12:09.339943,1087.2,114324.0,131537.0
2025-06-20 10:12:10.330094,1086.7,114340.0,131646.0
2025-06-20 10:12:10.602233,1086.7,114340.0,131646.0
2025-06-20 10:12:11.368505,1086.7,114410.0,131703.0
2025-06-20 10:12:11.599498,1086.8,114410.0,131703.0
2025-06-20 10:12:12.355572,1087.5,115867.0,128879.0
2025-06-20 10:12:12.602414,1087.5,115867.0,128879.0
2025-06-20 10:12:13.518833,1087.2,115122.0,130375.0
2025-06-20 10:12:13.599830,1087.2,115122.0,130375.0
2025-06-20 10:12:14.430911,1087.2,114834.0,130407.0
2025-06-20 10:12:14.625244,1087.2,114834.0,130407.0
2025-06-20 10:12:15.537613,1088.1,116860.0,126671.0
2025-06-20 10:12:15.597943,1088.1,116860.0,126671.0
2025-06-20 10:12:16.627167,1088.1,115697.0,128697.0
2025-06-20 10:12:17.607607,1087.6,115697.0,128697.0
2025-06-20 10:12:17.727955,1087.6,115129.0,129004.0
2025-06-20 10:12:18.603099,1087.2,115129.0,129004.0
2025-06-20 10:12:18.754011,1087.2,113694.0,129227.0
2025-06-20 10:12:19.594724,1087.3,113694.0,129227.0
2025-06-20 10:12:19.918660,1087.3,114521.0,129204.0
2025-06-20 10:12:20.600624,1087.3,114521.0,129204.0
2025-06-20 10:12:20.942511,1087.3,115162.0,129154.0
2025-06-20 10:12:21.600517,1087.3,115162.0,129154.0
2025-06-20 10:12:21.946078,1087.3,115021.0,128701.0
2025-06-20 10:12:22.835102,1087.3,115002.0,128779.0
2025-06-20 10:12:23.594712,1087.3,115002.0,128779.0
2025-06-20 10:12:23.853436,1087.3,115070.0,128828.0
2025-06-20 10:12:24.602152,1087.3,115070.0,128828.0
2025-06-20 10:12:24.834795,1087.3,115057.0,129250.0
2025-06-20 10:12:25.612616,1087.3,115057.0,129250.0
2025-06-20 10:12:25.931117,1087.3,115059.0,129239.0
2025-06-20 10:12:27.059741,1087.3,115006.0,129339.0
2025-06-20 10:12:27.597778,1087.3,115006.0,129339.0
2025-06-20 10:12:28.025895,1087.3,115021.0,129351.0
2025-06-20 10:12:28.596133,1087.3,115021.0,129351.0
2025-06-20 10:12:29.026865,1087.3,115006.0,129401.0
2025-06-20 10:12:30.740463,1087.3,115069.0,129358.0
2025-06-20 10:12:31.839979,1087.3,115139.0,129362.0
2025-06-20 10:12:32.607505,1088.1,115139.0,129362.0
2025-06-20 10:12:33.435708,1088.1,117337.0,127352.0
2025-06-20 10:12:34.528756,1087.8,117276.0,127458.0
2025-06-20 10:12:34.601730,1087.8,117276.0,127458.0
2025-06-20 10:12:35.601888,1087.8,117276.0,127458.0
2025-06-20 10:12:35.645866,1087.8,116429.0,127713.0
2025-06-20 10:12:36.607923,1087.8,116429.0,127713.0
2025-06-20 10:12:36.642077,1087.8,116459.0,127725.0
2025-06-20 10:12:37.606117,1087.8,116459.0,127725.0
2025-06-20 10:12:37.742260,1087.8,115981.0,127975.0
2025-06-20 10:12:38.603130,1087.8,115981.0,127975.0
2025-06-20 10:12:38.844016,1087.8,116103.0,128035.0
2025-06-20 10:12:39.600181,1087.8,116103.0,128035.0
2025-06-20 10:12:39.931088,1087.8,116102.0,128015.0
2025-06-20 10:12:40.508931,1087.8,116102.0,128015.0
2025-06-20 10:12:40.600152,1087.8,116102.0,128015.0
2025-06-20 10:12:40.886651,1087.8,116102.0,128015.0
2025-06-20 10:12:41.035183,1087.8,116140.0,127984.0
2025-06-20 10:12:41.129360,1087.8,116140.0,127984.0
2025-06-20 10:12:42.132309,1087.8,116140.0,127984.0
2025-06-20 10:12:42.281507,1087.8,116140.0,127984.0
2025-06-20 10:12:43.233358,1087.8,116141.0,127958.0
2025-06-20 10:12:43.411414,1087.8,116141.0,127958.0
2025-06-20 10:12:44.136201,1087.8,116141.0,127983.0
2025-06-20 10:12:44.622357,1087.8,116141.0,127983.0
2025-06-20 10:12:45.136078,1087.8,116531.0,127928.0
2025-06-20 10:12:45.308213,1087.8,116531.0,127928.0
2025-06-20 10:12:46.236021,1087.8,116090.0,127914.0
2025-06-20 10:12:46.646394,1087.8,116090.0,127914.0
2025-06-20 10:12:47.448211,1087.8,116538.0,128000.0
2025-06-20 10:12:47.654057,1087.8,116538.0,128000.0
2025-06-20 10:12:48.538610,1087.8,116553.0,128059.0
2025-06-20 10:12:49.144596,1087.8,116553.0,128059.0
2025-06-20 10:12:49.647445,1087.8,116771.0,128017.0
2025-06-20 10:12:50.469389,1087.8,116771.0,128017.0
2025-06-20 10:12:50.597736,1088.0,116771.0,128017.0
2025-06-20 10:12:50.737452,1088.0,116911.0,127932.0
2025-06-20 10:12:51.665362,1088.0,116911.0,127932.0
2025-06-20 10:12:51.862560,1088.0,116811.0,127935.0
2025-06-20 10:12:52.941260,1088.2,116970.0,127587.0
2025-06-20 10:12:53.250612,1088.2,116970.0,127587.0
2025-06-20 10:12:53.616633,1087.9,116970.0,127587.0
2025-06-20 10:12:54.038756,1087.9,117015.0,127602.0
2025-06-20 10:12:54.609574,1087.9,117015.0,127602.0
2025-06-20 10:12:55.143459,1087.9,116986.0,127649.0
2025-06-20 10:12:55.601355,1088.0,116986.0,127649.0
2025-06-20 10:12:56.141108,1088.0,117068.0,127736.0
2025-06-20 10:12:56.605926,1088.0,117068.0,127736.0
2025-06-20 10:12:57.242071,1088.0,116936.0,128506.0
2025-06-20 10:12:57.638407,1088.0,116936.0,128506.0
2025-06-20 10:12:58.353149,1087.8,116476.0,128820.0
2025-06-20 10:12:58.601491,1087.8,116476.0,128820.0
2025-06-20 10:12:59.444482,1087.8,115416.0,128551.0
2025-06-20 10:12:59.602117,1087.8,115416.0,128551.0
2025-06-20 10:13:00.947026,1088.0,116327.0,128689.0
2025-06-20 10:13:01.603969,1087.9,116327.0,128689.0
2025-06-20 10:13:03.607237,1087.8,116327.0,128689.0
2025-06-20 10:13:05.614982,1087.8,116327.0,128689.0
2025-06-20 10:13:06.564757,1087.8,116511.0,129062.0
2025-06-20 10:13:07.605810,1087.8,116511.0,129062.0
2025-06-20 10:13:09.650377,1087.8,116511.0,129062.0
2025-06-20 10:13:12.373027,1087.8,116478.0,128817.0
2025-06-20 10:13:15.614039,1087.8,116478.0,128817.0
2025-06-20 10:13:17.621593,1087.5,116478.0,128817.0
2025-06-20 10:13:18.165140,1087.5,114704.0,131115.0
2025-06-20 10:13:19.610452,1087.8,114704.0,131115.0
2025-06-20 10:13:21.610904,1087.5,114704.0,131115.0
2025-06-20 10:13:23.628976,1087.5,114704.0,131115.0
2025-06-20 10:13:24.567414,1087.5,114212.0,131391.0
2025-06-20 10:13:25.607041,1087.5,114212.0,131391.0
2025-06-20 10:13:30.573639,1087.7,113916.0,131201.0
2025-06-20 10:13:31.615648,1087.5,113916.0,131201.0
2025-06-20 10:13:33.607765,1086.9,113916.0,131201.0
2025-06-20 10:13:35.611548,1086.9,113916.0,131201.0
2025-06-20 10:13:36.775861,1086.9,113083.0,131250.0
2025-06-20 10:13:37.627653,1086.9,113083.0,131250.0
2025-06-20 10:13:39.618245,1086.9,113083.0,131250.0
2025-06-20 10:13:41.621586,1086.9,113083.0,131250.0
2025-06-20 10:13:42.913055,1086.9,113987.0,130810.0
2025-06-20 10:13:43.609728,1086.9,113987.0,130810.0
2025-06-20 10:13:48.681571,1086.9,114421.0,130708.0
2025-06-20 10:13:51.609039,1087.6,114421.0,130708.0
2025-06-20 10:13:53.616801,1087.3,114421.0,130708.0
2025-06-20 10:13:54.084921,1087.3,115088.0,129983.0
2025-06-20 10:13:59.607610,1087.4,115088.0,129983.0
2025-06-20 10:13:59.790519,1087.4,115182.0,129721.0
2025-06-20 10:14:01.613271,1087.5,115182.0,129721.0
2025-06-20 10:14:03.610313,1087.5,115182.0,129721.0
2025-06-20 10:14:05.417141,1087.6,114969.0,129814.0
2025-06-20 10:14:05.656248,1087.6,114969.0,129814.0
2025-06-20 10:14:07.632975,1087.6,114969.0,129814.0
2025-06-20 10:14:11.101144,1087.6,115147.0,128860.0
2025-06-20 10:14:17.001591,1087.6,117390.0,127848.0
2025-06-20 10:14:17.603708,1087.6,117390.0,127848.0
2025-06-20 10:14:19.656471,1087.6,117390.0,127848.0
2025-06-20 10:14:21.620912,1087.5,117390.0,127848.0
2025-06-20 10:14:22.812509,1087.5,116516.0,128643.0
2025-06-20 10:14:23.617745,1087.5,116516.0,128643.0
2025-06-20 10:14:27.615678,1088.1,116516.0,128643.0
2025-06-20 10:14:28.917453,1088.1,116660.0,128182.0
2025-06-20 10:14:31.669429,1088.1,116660.0,128182.0
2025-06-20 10:14:33.619760,1087.8,116660.0,128182.0
2025-06-20 10:14:34.708787,1087.8,116520.0,128486.0
2025-06-20 10:14:35.625125,1087.8,116520.0,128486.0
2025-06-20 10:14:37.607767,1088.1,116520.0,128486.0
2025-06-20 10:14:40.112296,1088.1,116493.0,128363.0
2025-06-20 10:14:45.666536,1087.8,116493.0,128363.0
2025-06-20 10:14:46.062840,1087.8,115112.0,130208.0
2025-06-20 10:14:47.662979,1087.5,115112.0,130208.0
2025-06-20 10:14:49.612913,1087.2,115112.0,130208.0
2025-06-20 10:14:51.519918,1087.2,115019.0,130520.0
2025-06-20 10:14:51.617970,1087.2,115019.0,130520.0
2025-06-20 10:14:55.639439,1087.9,115019.0,130520.0
2025-06-20 10:14:57.634888,1088.0,115019.0,130520.0
2025-06-20 10:14:57.645703,1088.0,115495.0,128807.0
2025-06-20 10:14:59.608454,1088.0,115495.0,128807.0
2025-06-20 10:15:01.682380,1087.7,115495.0,128807.0
2025-06-20 10:15:03.664801,1087.7,115495.0,128807.0
2025-06-20 10:15:03.933390,1087.7,115794.0,129180.0
2025-06-20 10:15:05.620677,1087.8,115794.0,129180.0
2025-06-20 10:15:10.439713,1088.1,116108.0,128482.0
2025-06-20 10:15:11.616281,1087.7,116108.0,128482.0
2025-06-20 10:15:13.614803,1087.7,116108.0,128482.0
2025-06-20 10:15:15.619339,1087.8,116108.0,128482.0
2025-06-20 10:15:16.738119,1088.1,116655.0,128538.0
2025-06-20 10:15:17.616094,1088.1,116655.0,128538.0
2025-06-20 10:15:19.614829,1087.9,116655.0,128538.0
2025-06-20 10:15:21.625627,1087.9,116655.0,128538.0
2025-06-20 10:15:23.047974,1087.9,116415.0,128707.0
2025-06-20 10:15:29.447499,1087.9,116403.0,128781.0
2025-06-20 10:15:31.623152,1088.2,116403.0,128781.0
2025-06-20 10:15:33.610339,1088.8,116403.0,128781.0
2025-06-20 10:15:35.552092,1090.9,121715.0,117684.0
2025-06-20 10:15:35.621892,1090.9,121715.0,117684.0
2025-06-20 10:15:37.622592,1090.6,121715.0,117684.0
2025-06-20 10:15:39.640480,1090.4,121715.0,117684.0
2025-06-20 10:15:40.957431,1090.4,121715.0,117684.0
2025-06-20 10:15:41.376899,1090.4,121715.0,117684.0
2025-06-20 10:15:41.556793,1090.4,120762.0,121519.0
2025-06-20 10:15:41.572093,1090.4,120762.0,121519.0
2025-06-20 10:15:41.617749,1090.4,120762.0,121519.0
2025-06-20 10:15:41.908153,1090.4,120762.0,121519.0
2025-06-20 10:15:42.155089,1090.4,120762.0,121519.0
2025-06-20 10:15:43.399948,1090.4,120762.0,121519.0
2025-06-20 10:15:43.618671,1090.1,120762.0,121519.0
2025-06-20 10:15:43.851624,1090.1,120762.0,121519.0
2025-06-20 10:15:44.421200,1090.1,120762.0,121519.0
2025-06-20 10:15:45.619142,1090.1,120762.0,121519.0
2025-06-20 10:15:45.757025,1090.1,120762.0,121519.0
2025-06-20 10:15:47.094161,1090.1,120762.0,121519.0
2025-06-20 10:15:47.371869,1090.9,123125.0,119751.0
2025-06-20 10:15:47.617396,1091.0,123125.0,119751.0
2025-06-20 10:15:48.070790,1091.0,123125.0,119751.0
2025-06-20 10:15:49.582051,1091.0,123125.0,119751.0
2025-06-20 10:15:50.617605,1091.0,123125.0,119751.0
2025-06-20 10:15:50.851647,1091.0,123125.0,119751.0
2025-06-20 10:15:52.097421,1091.0,123125.0,119751.0
2025-06-20 10:15:53.562201,1091.0,124905.0,119787.0
2025-06-20 10:15:53.612493,1091.0,124905.0,119787.0
2025-06-20 10:15:53.683889,1091.0,124905.0,119787.0
2025-06-20 10:15:56.616438,1090.4,124905.0,119787.0
2025-06-20 10:15:59.621342,1090.5,124905.0,119787.0
2025-06-20 10:16:00.169587,1090.7,147804.0,120911.0
2025-06-20 10:16:01.068998,1090.7,147919.0,121140.0
2025-06-20 10:16:01.614614,1090.7,147919.0,121140.0
2025-06-20 10:16:02.773988,1090.7,147162.0,120821.0
2025-06-20 10:16:03.616907,1091.3,147162.0,120821.0
2025-06-20 10:16:03.871073,1091.3,148183.0,120356.0
2025-06-20 10:16:04.970000,1091.7,147901.0,120566.0
2025-06-20 10:16:05.663233,1091.7,147901.0,120566.0
2025-06-20 10:16:06.071002,1091.7,147779.0,120621.0
2025-06-20 10:16:06.615136,1091.6,147779.0,120621.0
2025-06-20 10:16:06.970436,1091.6,147332.0,120907.0
2025-06-20 10:16:07.613461,1091.6,147332.0,120907.0
2025-06-20 10:16:07.969106,1091.6,147443.0,121008.0
2025-06-20 10:16:08.608575,1091.6,147443.0,121008.0
2025-06-20 10:16:09.069838,1091.6,147406.0,121167.0
2025-06-20 10:16:10.071746,1091.6,147411.0,121145.0
2025-06-20 10:16:11.174185,1091.2,147292.0,121169.0
2025-06-20 10:16:11.609666,1091.6,147292.0,121169.0
2025-06-20 10:16:12.271397,1091.6,147752.0,120893.0
2025-06-20 10:16:12.614303,1091.6,147752.0,120893.0
2025-06-20 10:16:13.574460,1091.6,147518.0,121156.0
2025-06-20 10:16:14.379085,1091.2,147414.0,121684.0
2025-06-20 10:16:14.613781,1091.2,147414.0,121684.0
2025-06-20 10:16:15.386944,1091.2,147570.0,121316.0
2025-06-20 10:16:16.383294,1091.6,147585.0,121317.0
2025-06-20 10:16:16.614148,1091.6,147585.0,121317.0
2025-06-20 10:16:17.386979,1091.6,147162.0,121379.0
2025-06-20 10:16:18.477421,1091.7,148362.0,118964.0
2025-06-20 10:16:18.613785,1091.7,148362.0,118964.0
2025-06-20 10:16:19.582501,1091.7,148163.0,119855.0
2025-06-20 10:16:20.615371,1091.9,148163.0,119855.0
2025-06-20 10:16:20.686425,1091.9,148657.0,120117.0
2025-06-20 10:16:21.612515,1091.9,148657.0,120117.0
2025-06-20 10:16:21.784804,1091.9,148796.0,120063.0
2025-06-20 10:16:22.887085,1092.2,149090.0,119966.0
2025-06-20 10:16:23.610947,1092.2,149090.0,119966.0
2025-06-20 10:16:23.980558,1092.2,148695.0,120932.0
2025-06-20 10:16:25.080261,1092.1,148049.0,121085.0
2025-06-20 10:16:25.615249,1092.1,148049.0,121085.0
2025-06-20 10:16:26.082486,1092.1,147929.0,121190.0
2025-06-20 10:16:27.182363,1092.6,147850.0,120837.0
2025-06-20 10:16:27.622903,1092.6,147850.0,120837.0
2025-06-20 10:16:28.185019,1092.6,147851.0,120922.0
2025-06-20 10:16:29.288284,1092.4,147815.0,121007.0
2025-06-20 10:16:29.612833,1092.4,147815.0,121007.0
2025-06-20 10:16:30.292974,1092.4,147595.0,121320.0
2025-06-20 10:16:31.295975,1092.4,147703.0,121575.0
2025-06-20 10:16:32.183791,1092.4,147532.0,121655.0
2025-06-20 10:16:32.612060,1092.3,147532.0,121655.0
2025-06-20 10:16:33.184625,1092.3,147598.0,121709.0
2025-06-20 10:16:33.614525,1091.8,147598.0,121709.0
2025-06-20 10:16:34.292116,1091.9,147851.0,122282.0
2025-06-20 10:16:34.661182,1091.9,147851.0,122282.0
2025-06-20 10:16:35.400035,1092.3,147376.0,122212.0
2025-06-20 10:16:35.613267,1091.7,147376.0,122212.0
2025-06-20 10:16:36.489286,1091.7,147525.0,122335.0
2025-06-20 10:16:37.593178,1091.7,147524.0,122397.0
2025-06-20 10:16:37.618734,1091.7,147524.0,122397.0
2025-06-20 10:16:38.591330,1091.7,147201.0,123120.0
2025-06-20 10:16:39.689088,1091.7,147272.0,123300.0
2025-06-20 10:16:40.612554,1091.5,147272.0,123300.0
2025-06-20 10:16:40.692079,1092.0,147278.0,123345.0
2025-06-20 10:16:41.616788,1091.4,147278.0,123345.0
2025-06-20 10:16:41.698066,1091.4,146986.0,123378.0
2025-06-20 10:16:42.692323,1091.4,147238.0,123698.0
2025-06-20 10:16:43.615515,1091.4,147238.0,123698.0
2025-06-20 10:16:43.692791,1091.4,147240.0,123706.0
2025-06-20 10:16:44.693341,1091.4,147261.0,123787.0
2025-06-20 10:16:45.617972,1091.4,147261.0,123787.0
2025-06-20 10:16:45.694213,1091.4,147237.0,123593.0
2025-06-20 10:16:46.616499,1091.9,147237.0,123593.0
2025-06-20 10:16:46.705179,1091.9,147699.0,123346.0
2025-06-20 10:16:47.696468,1091.9,147115.0,123141.0
2025-06-20 10:16:48.698478,1091.9,147162.0,123109.0
2025-06-20 10:16:49.615847,1091.9,147162.0,123109.0
2025-06-20 10:16:49.696850,1091.9,147225.0,123044.0
2025-06-20 10:16:50.613247,1091.4,147225.0,123044.0
2025-06-20 10:16:50.797580,1091.4,144927.0,123466.0
2025-06-20 10:16:51.616059,1091.4,144927.0,123466.0
2025-06-20 10:16:51.797829,1091.4,145916.0,123670.0
2025-06-20 10:16:52.616795,1091.3,145916.0,123670.0
2025-06-20 10:16:52.799098,1091.3,146730.0,122966.0
2025-06-20 10:16:53.613295,1091.3,146730.0,122966.0
2025-06-20 10:16:53.801204,1091.3,147015.0,122908.0
2025-06-20 10:16:54.812812,1091.3,147288.0,123536.0
2025-06-20 10:16:55.616419,1091.3,147288.0,123536.0
2025-06-20 10:16:55.913210,1091.3,147254.0,124033.0
2025-06-20 10:16:56.616640,1091.8,147254.0,124033.0
2025-06-20 10:16:57.003882,1091.8,127462.0,123008.0
2025-06-20 10:16:58.002794,1091.8,127214.0,123305.0
2025-06-20 10:16:59.105140,1091.4,127088.0,123830.0
2025-06-20 10:16:59.619827,1091.4,127088.0,123830.0
2025-06-20 10:17:00.105205,1091.4,127034.0,123405.0
2025-06-20 10:17:01.620379,1091.6,127034.0,123405.0
2025-06-20 10:17:02.508660,1091.7,128918.0,123965.0
2025-06-20 10:17:03.617967,1091.6,128918.0,123965.0
2025-06-20 10:17:05.623309,1091.7,128918.0,123965.0
2025-06-20 10:17:07.623536,1091.4,128918.0,123965.0
2025-06-20 10:17:08.512213,1091.4,129574.0,124069.0
2025-06-20 10:17:09.632651,1091.2,129574.0,124069.0
2025-06-20 10:17:11.631919,1091.3,129574.0,124069.0
2025-06-20 10:17:13.620482,1091.9,129574.0,124069.0
2025-06-20 10:17:14.641481,1091.4,129478.0,122262.0
2025-06-20 10:17:15.623617,1091.4,129478.0,122262.0
2025-06-20 10:17:17.635967,1091.4,129478.0,122262.0
2025-06-20 10:17:19.628974,1091.9,129478.0,122262.0
2025-06-20 10:17:20.627381,1091.9,129677.0,122780.0
2025-06-20 10:17:21.626102,1091.4,129677.0,122780.0
2025-06-20 10:17:23.632930,1091.4,129677.0,122780.0
2025-06-20 10:17:25.651215,1093.0,129677.0,122780.0
2025-06-20 10:17:26.445433,1092.4,131628.0,118525.0
2025-06-20 10:17:27.629685,1092.7,131628.0,118525.0
2025-06-20 10:17:31.629404,1092.7,131628.0,118525.0
2025-06-20 10:17:32.636486,1092.2,130836.0,121612.0
2025-06-20 10:17:34.635443,1092.2,130836.0,121612.0
2025-06-20 10:17:37.620868,1092.0,130836.0,121612.0
2025-06-20 10:17:38.728844,1092.0,130952.0,122137.0
2025-06-20 10:17:40.633704,1092.6,130952.0,122137.0
2025-06-20 10:17:43.693362,1092.1,130952.0,122137.0
2025-06-20 10:17:44.458144,1092.1,131366.0,120719.0
2025-06-20 10:17:46.622297,1092.4,131366.0,120719.0
2025-06-20 10:17:49.627073,1092.7,131366.0,120719.0
2025-06-20 10:17:50.536516,1092.5,131812.0,120849.0
2025-06-20 10:17:52.625502,1092.5,131812.0,120849.0
2025-06-20 10:17:55.622439,1092.5,131812.0,120849.0
2025-06-20 10:17:58.628166,1092.9,131812.0,120849.0
2025-06-20 10:18:01.372107,1092.8,129808.0,121028.0
2025-06-20 10:18:01.622534,1092.8,129808.0,121028.0
2025-06-20 10:18:02.469141,1092.4,130212.0,120852.0
2025-06-20 10:18:02.626830,1092.4,130212.0,120852.0
2025-06-20 10:18:03.244152,1092.7,130196.0,120784.0
2025-06-20 10:18:03.623359,1092.7,130196.0,120784.0
2025-06-20 10:18:04.243040,1092.7,130181.0,120374.0
2025-06-20 10:18:05.244005,1092.9,130205.0,120267.0
2025-06-20 10:18:05.624557,1092.9,130205.0,120267.0
2025-06-20 10:18:06.244003,1092.5,130314.0,120260.0
2025-06-20 10:18:06.623341,1092.5,130314.0,120260.0
2025-06-20 10:18:07.243869,1092.5,130310.0,120451.0
2025-06-20 10:18:08.145722,1092.9,130376.0,120207.0
2025-06-20 10:18:08.623292,1092.5,130376.0,120207.0
2025-06-20 10:18:09.147110,1092.5,129453.0,121279.0
2025-06-20 10:18:09.622083,1092.5,129453.0,121279.0
2025-06-20 10:18:10.047156,1092.5,129468.0,121312.0
2025-06-20 10:18:10.623636,1092.5,129468.0,121312.0
2025-06-20 10:18:11.047765,1092.5,129213.0,121693.0
2025-06-20 10:18:11.625057,1092.4,129213.0,121693.0
2025-06-20 10:18:12.047265,1092.4,129147.0,121865.0
2025-06-20 10:18:13.048536,1092.4,129110.0,121907.0
2025-06-20 10:18:13.625082,1092.4,129110.0,121907.0
2025-06-20 10:18:14.055325,1092.4,129085.0,122260.0
2025-06-20 10:18:14.675643,1092.7,129085.0,122260.0
2025-06-20 10:18:15.050403,1092.7,130526.0,121383.0
2025-06-20 10:18:16.051915,1092.9,130505.0,121101.0
2025-06-20 10:18:16.622511,1092.4,130505.0,121101.0
2025-06-20 10:18:17.051770,1092.3,129965.0,121020.0
2025-06-20 10:18:17.624572,1092.3,129965.0,121020.0
2025-06-20 10:18:18.055154,1092.3,129973.0,121143.0
2025-06-20 10:18:19.054387,1092.3,130068.0,121202.0
2025-06-20 10:18:19.626008,1092.3,130068.0,121202.0
2025-06-20 10:18:20.053085,1092.9,131370.0,120855.0
2025-06-20 10:18:20.625314,1092.9,131370.0,120855.0
2025-06-20 10:18:21.055285,1092.9,131393.0,120922.0
2025-06-20 10:18:21.956503,1092.6,131478.0,120909.0
2025-06-20 10:18:22.624457,1092.6,131478.0,120909.0
2025-06-20 10:18:22.954968,1092.6,131162.0,120621.0
2025-06-20 10:18:23.624468,1092.6,131162.0,120621.0
2025-06-20 10:18:23.954977,1092.6,131168.0,120803.0
2025-06-20 10:18:24.955408,1092.6,130664.0,120842.0
2025-06-20 10:18:25.630443,1092.6,130664.0,120842.0
2025-06-20 10:18:25.957075,1092.6,130804.0,120879.0
2025-06-20 10:18:26.957036,1092.6,130723.0,120889.0
2025-06-20 10:18:27.957041,1092.6,130632.0,120826.0
2025-06-20 10:18:28.626891,1092.8,130632.0,120826.0
2025-06-20 10:18:28.869627,1092.8,131081.0,120798.0
2025-06-20 10:18:29.866978,1092.8,131157.0,121172.0
2025-06-20 10:18:30.622610,1092.8,131157.0,121172.0
2025-06-20 10:18:30.872269,1092.8,131335.0,121167.0
2025-06-20 10:18:31.631023,1092.9,131335.0,121167.0
2025-06-20 10:18:31.872694,1093.0,130993.0,120557.0
2025-06-20 10:18:32.627626,1093.0,130993.0,120557.0
2025-06-20 10:18:32.885869,1092.7,131248.0,120376.0
2025-06-20 10:18:33.625284,1093.1,131248.0,120376.0
2025-06-20 10:18:33.872277,1093.1,131192.0,120451.0
2025-06-20 10:18:34.633078,1092.8,131192.0,120451.0
2025-06-20 10:18:34.759303,1093.0,131391.0,120497.0
2025-06-20 10:18:35.626617,1093.0,131391.0,120497.0
2025-06-20 10:18:35.760370,1093.0,131279.0,120812.0
2025-06-20 10:18:36.761010,1092.6,131144.0,120966.0
2025-06-20 10:18:37.625192,1092.6,131144.0,120966.0
2025-06-20 10:18:37.761781,1092.6,131332.0,120774.0
2025-06-20 10:18:38.763573,1092.6,130974.0,121012.0
2025-06-20 10:18:39.627246,1093.0,130974.0,121012.0
2025-06-20 10:18:39.766857,1093.0,130955.0,120744.0
2025-06-20 10:18:40.631697,1092.8,130955.0,120744.0
2025-06-20 10:18:40.765704,1092.8,131411.0,120767.0
2025-06-20 10:18:41.328543,1092.8,131411.0,120767.0
2025-06-20 10:18:41.625973,1092.8,131411.0,120767.0
2025-06-20 10:18:41.667964,1092.8,131411.0,120767.0
2025-06-20 10:18:41.766254,1092.8,130942.0,120792.0
2025-06-20 10:18:42.117078,1092.8,130942.0,120792.0
2025-06-20 10:18:42.817137,1092.8,130956.0,120795.0
2025-06-20 10:18:42.971005,1092.8,130956.0,120795.0
2025-06-20 10:18:43.296771,1092.8,130956.0,120795.0
2025-06-20 10:18:43.626315,1092.8,130956.0,120795.0
2025-06-20 10:18:43.764256,1092.8,130471.0,120542.0
2025-06-20 10:18:43.943947,1092.8,130471.0,120542.0
2025-06-20 10:18:44.432146,1092.8,130471.0,120542.0
2025-06-20 10:18:44.824956,1092.9,130305.0,121087.0
2025-06-20 10:18:45.011281,1092.9,130305.0,121087.0
2025-06-20 10:18:45.398221,1092.9,130305.0,121087.0
2025-06-20 10:18:45.644346,1092.9,130305.0,121087.0
2025-06-20 10:18:45.665229,1093.0,130352.0,120176.0
2025-06-20 10:18:46.334676,1093.0,130352.0,120176.0
2025-06-20 10:18:46.630259,1093.0,130352.0,120176.0
2025-06-20 10:18:46.665776,1093.0,130369.0,120655.0
2025-06-20 10:18:47.667575,1093.0,130365.0,120756.0
2025-06-20 10:18:47.673096,1093.0,130365.0,120756.0
2025-06-20 10:18:48.628216,1093.1,130365.0,120756.0
2025-06-20 10:18:48.681334,1093.1,130365.0,120756.0
2025-06-20 10:18:48.700814,1093.1,132031.0,119192.0
2025-06-20 10:18:49.653298,1093.0,132031.0,119192.0
2025-06-20 10:18:49.668980,1093.0,132561.0,119538.0
2025-06-20 10:18:50.194303,1093.0,132561.0,119538.0
2025-06-20 10:18:50.628181,1093.1,132561.0,119538.0
2025-06-20 10:18:50.669401,1093.1,132328.0,119570.0
2025-06-20 10:18:51.449288,1093.1,132328.0,119570.0
2025-06-20 10:18:51.670027,1093.1,132420.0,119438.0
2025-06-20 10:18:52.580571,1093.2,132665.0,119335.0
2025-06-20 10:18:52.625009,1093.2,132665.0,119335.0
2025-06-20 10:18:52.709646,1093.2,132665.0,119335.0
2025-06-20 10:18:53.607793,1093.2,132238.0,119274.0
2025-06-20 10:18:54.335197,1093.2,132238.0,119274.0
2025-06-20 10:18:54.584872,1093.4,132115.0,118486.0
2025-06-20 10:18:54.641162,1093.4,132115.0,118486.0
2025-06-20 10:18:55.579339,1093.4,132227.0,118681.0
2025-06-20 10:18:56.581559,1093.4,132104.0,118489.0
2025-06-20 10:18:57.609820,1093.4,132361.0,118683.0
2025-06-20 10:18:58.472634,1093.4,131905.0,118987.0
2025-06-20 10:18:58.640290,1093.4,131905.0,118987.0
2025-06-20 10:18:59.472787,1093.4,131539.0,119676.0
2025-06-20 10:19:04.407062,1093.2,131991.0,119748.0
2025-06-20 10:19:04.643084,1093.2,131991.0,119748.0
2025-06-20 10:19:07.666400,1093.4,131991.0,119748.0
2025-06-20 10:19:10.674493,1092.5,131991.0,119748.0
2025-06-20 10:19:10.682132,1092.5,129956.0,122380.0
2025-06-20 10:19:13.651689,1092.4,129956.0,122380.0
2025-06-20 10:19:16.685930,1092.4,129126.0,123525.0
2025-06-20 10:19:19.636178,1092.7,129126.0,123525.0
2025-06-20 10:19:22.686520,1092.5,129126.0,123525.0
2025-06-20 10:19:22.693673,1092.5,128971.0,123595.0
2025-06-20 10:19:25.697183,1092.5,128971.0,123595.0
2025-06-20 10:19:28.689370,1092.8,128971.0,123595.0
2025-06-20 10:19:28.795199,1092.8,129527.0,123373.0
2025-06-20 10:19:31.679461,1092.8,129527.0,123373.0
2025-06-20 10:19:35.003063,1092.8,129092.0,123828.0
2025-06-20 10:19:37.706251,1092.8,129092.0,123828.0
2025-06-20 10:19:40.909176,1092.4,129092.0,123828.0
2025-06-20 10:19:41.185292,1092.4,129182.0,124356.0
2025-06-20 10:19:43.634556,1092.4,129182.0,124356.0
2025-06-20 10:19:46.647201,1092.5,129182.0,124356.0
2025-06-20 10:19:46.922928,1092.5,128749.0,123874.0
2025-06-20 10:19:49.640230,1092.7,128749.0,123874.0
2025-06-20 10:19:52.431374,1092.4,127844.0,124893.0
2025-06-20 10:19:52.704942,1092.4,127844.0,124893.0
2025-06-20 10:19:55.642289,1092.3,127844.0,124893.0
2025-06-20 10:19:58.527798,1092.2,128267.0,124947.0
2025-06-20 10:19:58.636417,1092.2,128267.0,124947.0
2025-06-20 10:20:00.674051,1092.4,128267.0,124947.0
2025-06-20 10:20:03.670271,1092.5,128267.0,124947.0
2025-06-20 10:20:04.673253,1092.4,128421.0,120810.0
2025-06-20 10:20:06.677139,1092.2,128421.0,120810.0
2025-06-20 10:20:09.641503,1092.6,128421.0,120810.0
2025-06-20 10:20:11.547758,1092.6,128457.0,122022.0
2025-06-20 10:20:12.680153,1092.6,128457.0,122022.0
2025-06-20 10:20:15.672433,1092.2,128457.0,122022.0
2025-06-20 10:20:17.804980,1092.0,127433.0,124274.0
2025-06-20 10:20:18.666312,1092.0,127433.0,124274.0
2025-06-20 10:20:21.641506,1091.5,127433.0,124274.0
2025-06-20 10:20:24.647157,1091.5,127433.0,124274.0
2025-06-20 10:20:27.709732,1091.3,127433.0,124274.0
2025-06-20 10:20:29.752099,1091.3,128745.0,124935.0
2025-06-20 10:20:35.966606,1091.8,128364.0,125894.0
2025-06-20 10:20:36.670452,1091.8,128364.0,125894.0
2025-06-20 10:20:42.066096,1092.0,128491.0,126157.0
2025-06-20 10:20:42.644135,1092.0,128491.0,126157.0
2025-06-20 10:20:45.667301,1091.5,128491.0,126157.0
2025-06-20 10:20:47.970106,1092.0,128826.0,125986.0
2025-06-20 10:20:48.650324,1092.0,128826.0,125986.0
2025-06-20 10:20:51.647858,1091.8,128826.0,125986.0
2025-06-20 10:20:54.171616,1091.4,128483.0,127125.0
2025-06-20 10:20:54.645837,1091.4,128483.0,127125.0
2025-06-20 10:20:57.651550,1091.4,128483.0,127125.0
2025-06-20 10:21:00.594500,1091.2,128035.0,127520.0
2025-06-20 10:21:00.638118,1091.2,128035.0,127520.0
2025-06-20 10:21:03.654250,1091.8,128035.0,127520.0
2025-06-20 10:21:06.647151,1091.2,128035.0,127520.0
2025-06-20 10:21:06.773848,1091.2,127709.0,127334.0
2025-06-20 10:21:09.646956,1091.1,127709.0,127334.0
2025-06-20 10:21:12.650293,1090.8,127709.0,127334.0
2025-06-20 10:21:13.081214,1090.8,125956.0,130632.0
2025-06-20 10:21:18.649253,1090.7,125956.0,130632.0
2025-06-20 10:21:19.184363,1090.7,125466.0,132057.0
2025-06-20 10:21:21.659484,1090.8,125466.0,132057.0
2025-06-20 10:21:25.000185,1090.8,125914.0,132044.0
2025-06-20 10:21:30.654290,1091.9,125914.0,132044.0
2025-06-20 10:21:31.092902,1091.9,127572.0,128988.0
2025-06-20 10:21:33.655274,1091.8,127572.0,128988.0
2025-06-20 10:21:37.118967,1091.8,126895.0,129352.0
2025-06-20 10:21:41.810687,1091.8,126895.0,129352.0
2025-06-20 10:21:42.163071,1091.8,126895.0,129352.0
2025-06-20 10:21:42.999101,1091.8,127064.0,129427.0
2025-06-20 10:21:43.085711,1091.8,127064.0,129427.0
2025-06-20 10:21:44.429546,1091.8,127064.0,129427.0
2025-06-20 10:21:44.652236,1091.2,127064.0,129427.0
2025-06-20 10:21:44.833728,1091.2,127064.0,129427.0
2025-06-20 10:21:45.436762,1091.2,127064.0,129427.0
2025-06-20 10:21:46.818082,1091.2,127064.0,129427.0
2025-06-20 10:21:48.127268,1091.2,127064.0,129427.0
2025-06-20 10:21:48.664009,1091.1,127064.0,129427.0
2025-06-20 10:21:48.705793,1091.1,126848.0,131004.0
2025-06-20 10:21:49.105558,1091.1,126848.0,131004.0
2025-06-20 10:21:50.684108,1091.1,126848.0,131004.0
2025-06-20 10:21:51.700456,1091.5,126848.0,131004.0
2025-06-20 10:21:51.943467,1091.5,126848.0,131004.0
2025-06-20 10:21:53.180778,1091.5,126848.0,131004.0
2025-06-20 10:21:54.433216,1091.5,126759.0,129607.0
2025-06-20 10:21:54.787554,1091.5,126759.0,129607.0
2025-06-20 10:21:57.656031,1091.8,126759.0,129607.0
2025-06-20 10:22:00.023237,1091.6,126725.0,131195.0
2025-06-20 10:22:00.647310,1091.6,126725.0,131195.0
2025-06-20 10:22:03.649409,1091.6,126725.0,131195.0
2025-06-20 10:22:05.947018,1091.6,127414.0,128643.0
2025-06-20 10:22:06.665306,1091.6,127414.0,128643.0
2025-06-20 10:22:09.659941,1091.9,127414.0,128643.0
2025-06-20 10:22:11.729821,1091.9,127122.0,129102.0
2025-06-20 10:22:12.695202,1091.9,127122.0,129102.0
2025-06-20 10:22:15.655492,1091.9,127122.0,129102.0
2025-06-20 10:22:18.053859,1091.9,127522.0,128887.0
2025-06-20 10:22:18.692120,1091.9,127522.0,128887.0
2025-06-20 10:22:21.670715,1091.8,127522.0,128887.0
2025-06-20 10:22:24.125424,1091.8,127606.0,129091.0
2025-06-20 10:22:27.651502,1091.9,127606.0,129091.0
2025-06-20 10:22:29.695914,1092.0,127606.0,129091.0
2025-06-20 10:22:30.347103,1092.0,127113.0,128983.0
2025-06-20 10:22:33.667983,1091.9,127113.0,128983.0
2025-06-20 10:22:35.677898,1091.9,127113.0,128983.0
2025-06-20 10:22:36.232447,1091.9,127266.0,129320.0
2025-06-20 10:22:38.677840,1092.0,127266.0,129320.0
2025-06-20 10:22:40.939082,1091.8,127266.0,129320.0
2025-06-20 10:22:41.945619,1091.8,127305.0,128848.0
2025-06-20 10:22:46.685630,1091.8,127305.0,128848.0
2025-06-20 10:22:47.539225,1091.8,127057.0,129204.0
2025-06-20 10:22:50.657672,1091.6,127057.0,129204.0
2025-06-20 10:22:52.659349,1091.8,127057.0,129204.0
2025-06-20 10:22:53.243267,1091.8,127890.0,127466.0
2025-06-20 10:22:54.680476,1091.8,127890.0,127466.0
2025-06-20 10:22:56.689092,1091.8,127890.0,127466.0
2025-06-20 10:22:59.547278,1091.8,127159.0,128675.0
2025-06-20 10:23:02.658929,1091.4,127159.0,128675.0
2025-06-20 10:23:05.547724,1091.8,126755.0,129488.0
2025-06-20 10:23:06.664775,1091.8,126755.0,129488.0
2025-06-20 10:23:11.251870,1091.8,126958.0,129755.0
2025-06-20 10:23:12.664469,1091.8,126958.0,129755.0
2025-06-20 10:23:14.661168,1091.8,126958.0,129755.0
2025-06-20 10:23:16.758235,1091.8,126921.0,129754.0
2025-06-20 10:23:18.716747,1091.8,126921.0,129754.0
2025-06-20 10:23:20.662850,1091.8,126921.0,129754.0
2025-06-20 10:23:22.759152,1091.8,126977.0,129324.0
2025-06-20 10:23:26.662008,1091.8,126977.0,129324.0
2025-06-20 10:23:28.601729,1091.8,127030.0,129196.0
2025-06-20 10:23:30.659905,1091.8,127030.0,129196.0
2025-06-20 10:23:32.669644,1091.7,127030.0,129196.0
2025-06-20 10:23:34.268686,1091.7,127247.0,129248.0
2025-06-20 10:23:36.666578,1091.8,127247.0,129248.0
2025-06-20 10:23:38.665182,1091.8,127247.0,129248.0
2025-06-20 10:23:40.076962,1091.8,126986.0,129042.0
2025-06-20 10:23:40.766658,1091.8,126986.0,129042.0
2025-06-20 10:23:42.664461,1092.2,126986.0,129042.0
2025-06-20 10:23:44.671211,1092.6,126986.0,129042.0
2025-06-20 10:23:46.277904,1092.6,128147.0,125282.0
2025-06-20 10:23:48.680292,1092.7,128147.0,125282.0
2025-06-20 10:23:50.670136,1092.5,128147.0,125282.0
2025-06-20 10:23:52.109932,1092.2,126997.0,128790.0
2025-06-20 10:23:52.661155,1092.2,126997.0,128790.0
2025-06-20 10:23:57.699870,1091.2,124124.0,129514.0
2025-06-20 10:23:58.664349,1091.2,124124.0,129514.0
2025-06-20 10:24:03.620532,1091.2,126523.0,129899.0
2025-06-20 10:24:04.670575,1091.9,126523.0,129899.0
2025-06-20 10:24:06.670010,1091.9,126523.0,129899.0
2025-06-20 10:24:08.667904,1091.5,126523.0,129899.0
2025-06-20 10:24:08.794332,1091.5,126450.0,130388.0
2025-06-20 10:24:10.934719,1091.3,126450.0,130388.0
2025-06-20 10:24:12.846491,1091.4,126450.0,130388.0
2025-06-20 10:24:14.631550,1091.4,125672.0,132092.0
2025-06-20 10:24:20.424801,1091.4,125602.0,131843.0
2025-06-20 10:24:20.704138,1091.4,125602.0,131843.0
2025-06-20 10:24:22.695869,1091.4,125602.0,131843.0
2025-06-20 10:24:24.674136,1091.1,125602.0,131843.0
2025-06-20 10:24:25.736658,1091.4,125616.0,131228.0
2025-06-20 10:24:26.663891,1091.0,125616.0,131228.0
2025-06-20 10:24:31.604689,1091.0,125460.0,133100.0
2025-06-20 10:24:34.670112,1091.0,125460.0,133100.0
2025-06-20 10:24:36.698632,1091.0,125460.0,133100.0
2025-06-20 10:24:37.308316,1091.0,125496.0,133053.0
2025-06-20 10:24:38.666254,1091.0,125496.0,133053.0
2025-06-20 10:24:42.288696,1091.0,125496.0,133053.0
2025-06-20 10:24:43.213394,1091.0,124107.0,132852.0
2025-06-20 10:24:43.491127,1091.0,124107.0,132852.0
2025-06-20 10:24:44.032094,1091.0,124107.0,132852.0
2025-06-20 10:24:45.051018,1091.0,124107.0,132852.0
2025-06-20 10:24:46.072060,1091.0,124107.0,132852.0
2025-06-20 10:24:46.660958,1091.0,124107.0,132852.0
2025-06-20 10:24:47.642440,1091.0,124107.0,132852.0
2025-06-20 10:24:48.782522,1091.0,124107.0,132852.0
2025-06-20 10:24:49.012718,1090.9,131196.0,133329.0
2025-06-20 10:24:49.769729,1090.9,131196.0,133329.0
2025-06-20 10:24:50.663179,1090.9,131196.0,133329.0
2025-06-20 10:24:51.290513,1090.9,131196.0,133329.0
2025-06-20 10:24:52.563961,1090.9,131196.0,133329.0
2025-06-20 10:24:53.827572,1090.9,131196.0,133329.0
2025-06-20 10:24:54.667432,1090.9,131196.0,133329.0
2025-06-20 10:24:54.722129,1090.9,131398.0,133039.0
2025-06-20 10:24:55.419815,1090.9,131398.0,133039.0
2025-06-20 10:24:58.666738,1091.0,131398.0,133039.0
2025-06-20 10:25:00.518879,1091.0,131364.0,132932.0
2025-06-20 10:25:06.528510,1091.0,131263.0,132827.0
2025-06-20 10:25:06.666214,1091.0,131263.0,132827.0
2025-06-20 10:25:08.672223,1090.7,131263.0,132827.0
2025-06-20 10:25:12.740179,1090.7,130942.0,132947.0
2025-06-20 10:25:14.666636,1090.7,130942.0,132947.0
2025-06-20 10:25:17.662597,1091.0,130942.0,132947.0
2025-06-20 10:25:18.957680,1091.0,131651.0,132481.0
2025-06-20 10:25:20.704834,1091.0,131651.0,132481.0
2025-06-20 10:25:24.956474,1091.0,131949.0,132191.0
2025-06-20 10:25:26.785640,1091.0,131949.0,132191.0
2025-06-20 10:25:30.951318,1091.0,132141.0,132272.0
2025-06-20 10:25:35.669655,1091.0,132141.0,132272.0
2025-06-20 10:25:37.244063,1091.0,131717.0,132396.0
2025-06-20 10:25:38.663000,1090.8,131717.0,132396.0
2025-06-20 10:25:41.663352,1091.0,131717.0,132396.0
2025-06-20 10:25:43.620513,1091.0,132000.0,132088.0
2025-06-20 10:25:47.668553,1091.1,132000.0,132088.0
2025-06-20 10:25:49.657165,1091.1,132178.0,132625.0
2025-06-20 10:25:50.672860,1091.1,132178.0,132625.0
2025-06-20 10:25:53.667928,1091.0,132178.0,132625.0
2025-06-20 10:25:55.667974,1091.1,131746.0,132338.0
2025-06-20 10:25:56.667883,1091.1,131746.0,132338.0
2025-06-20 10:25:59.670179,1091.1,131746.0,132338.0
2025-06-20 10:26:01.471753,1091.1,132701.0,131993.0
2025-06-20 10:26:05.665453,1091.1,132701.0,131993.0
2025-06-20 10:26:07.565986,1091.1,132735.0,131947.0
2025-06-20 10:26:08.669570,1091.0,132735.0,131947.0
2025-06-20 10:26:13.987684,1091.0,133014.0,131550.0
2025-06-20 10:26:14.670184,1091.1,133014.0,131550.0
2025-06-20 10:26:17.675554,1091.1,133014.0,131550.0
2025-06-20 10:26:20.181414,1091.8,135163.0,127693.0
2025-06-20 10:26:20.699813,1091.8,135163.0,127693.0
2025-06-20 10:26:26.485228,1091.4,134015.0,128652.0
2025-06-20 10:26:26.672504,1091.8,134015.0,128652.0
2025-06-20 10:26:32.493267,1091.8,134372.0,129506.0
2025-06-20 10:26:35.685209,1091.8,134372.0,129506.0
2025-06-20 10:26:38.721228,1091.8,134372.0,129506.0
2025-06-20 10:26:38.892511,1091.8,134453.0,130255.0
2025-06-20 10:26:41.662631,1091.8,134453.0,130255.0
2025-06-20 10:26:44.927662,1091.7,134453.0,130255.0
2025-06-20 10:26:45.292451,1091.7,133786.0,131019.0
2025-06-20 10:26:50.709540,1091.8,133786.0,131019.0
2025-06-20 10:26:51.658164,1091.8,133890.0,130627.0
2025-06-20 10:26:53.696897,1091.8,133890.0,130627.0
2025-06-20 10:26:57.015987,1091.8,133890.0,130627.0
2025-06-20 10:26:57.618659,1092.0,135145.0,128350.0
2025-06-20 10:26:59.714944,1092.0,135145.0,128350.0
2025-06-20 10:27:03.808012,1092.0,134590.0,128872.0
2025-06-20 10:27:05.699706,1092.1,134590.0,128872.0
2025-06-20 10:27:08.715028,1092.0,134590.0,128872.0
2025-06-20 10:27:10.659838,1092.1,133497.0,128057.0
2025-06-20 10:27:11.676940,1092.0,133497.0,128057.0
2025-06-20 10:27:17.121129,1092.0,135213.0,126349.0
2025-06-20 10:27:20.676600,1092.4,135213.0,126349.0
2025-06-20 10:27:23.622715,1092.8,134307.0,126646.0
2025-06-20 10:27:24.170462,1092.8,134307.0,126646.0
2025-06-20 10:27:26.674018,1092.3,134307.0,126646.0
2025-06-20 10:27:29.809359,1092.7,134307.0,126646.0
2025-06-20 10:27:30.228824,1092.7,133865.0,126940.0
2025-06-20 10:27:33.670547,1092.7,133865.0,126940.0
2025-06-20 10:27:36.697306,1092.7,133865.0,126940.0
2025-06-20 10:27:39.699067,1092.7,133865.0,126940.0
2025-06-20 10:27:42.656822,1092.7,133865.0,126940.0
2025-06-20 10:27:42.740666,1092.5,133865.0,126940.0
2025-06-20 10:27:43.014708,1092.5,133865.0,126940.0
2025-06-20 10:27:43.544590,1092.4,132842.0,128245.0
2025-06-20 10:27:43.687615,1092.4,132842.0,128245.0
2025-06-20 10:27:44.233410,1092.4,132842.0,128245.0
2025-06-20 10:27:45.263530,1092.4,132842.0,128245.0
2025-06-20 10:27:46.276545,1092.4,132842.0,128245.0
2025-06-20 10:27:47.676801,1092.4,132842.0,128245.0
2025-06-20 10:27:47.722615,1092.7,132842.0,128245.0
2025-06-20 10:27:49.003003,1092.7,132842.0,128245.0
2025-06-20 10:27:49.759128,1092.7,133698.0,128183.0
2025-06-20 10:27:50.017076,1092.7,133698.0,128183.0
2025-06-20 10:27:50.688438,1092.7,133698.0,128183.0
2025-06-20 10:27:51.494963,1092.7,133698.0,128183.0
2025-06-20 10:27:52.831953,1092.7,133698.0,128183.0
2025-06-20 10:27:53.672584,1092.7,133698.0,128183.0
2025-06-20 10:27:54.020267,1092.7,133698.0,128183.0
2025-06-20 10:27:55.607077,1092.7,133698.0,128183.0
2025-06-20 10:27:56.154108,1092.7,133715.0,128769.0
2025-06-20 10:28:01.743965,1092.7,133715.0,128769.0
2025-06-20 10:28:02.467839,1092.5,133956.0,127899.0
2025-06-20 10:28:03.688149,1092.5,133956.0,127899.0
2025-06-20 10:28:08.563945,1092.5,133736.0,128556.0
2025-06-20 10:28:11.675945,1092.5,133736.0,128556.0
2025-06-20 10:28:14.569588,1092.4,132782.0,130151.0
2025-06-20 10:28:16.673604,1092.4,132782.0,130151.0
2025-06-20 10:28:19.744303,1092.3,132782.0,130151.0
2025-06-20 10:28:20.771477,1092.3,132851.0,129651.0
2025-06-20 10:28:26.589077,1092.3,132941.0,130106.0
2025-06-20 10:28:31.677204,1092.5,132941.0,130106.0
2025-06-20 10:28:32.788718,1092.5,133088.0,129708.0
2025-06-20 10:28:34.676730,1092.5,133088.0,129708.0
2025-06-20 10:28:37.676338,1092.5,133088.0,129708.0
2025-06-20 10:28:39.126188,1092.5,133050.0,129538.0
2025-06-20 10:28:45.133443,1092.5,133202.0,129472.0
2025-06-20 10:28:46.680611,1092.6,133202.0,129472.0
2025-06-20 10:28:49.690727,1092.6,133202.0,129472.0
2025-06-20 10:28:51.290327,1092.6,133250.0,129523.0
2025-06-20 10:28:52.674021,1092.6,133250.0,129523.0
2025-06-20 10:28:57.500086,1092.6,133473.0,129956.0
2025-06-20 10:28:58.682061,1092.6,133473.0,129956.0
2025-06-20 10:29:03.406141,1092.6,133154.0,127790.0
2025-06-20 10:29:04.719780,1092.6,133154.0,127790.0
2025-06-20 10:29:06.683955,1092.6,133154.0,127790.0
2025-06-20 10:29:09.420455,1092.6,133576.0,129370.0
2025-06-20 10:29:10.684971,1092.6,133576.0,129370.0
2025-06-20 10:29:12.722871,1092.5,133576.0,129370.0
2025-06-20 10:29:15.610832,1092.5,133751.0,128693.0
2025-06-20 10:29:20.719010,1092.6,133751.0,128693.0
2025-06-20 10:29:21.611116,1092.6,133950.0,128675.0
2025-06-20 10:29:22.697454,1092.6,133950.0,128675.0
2025-06-20 10:29:26.690178,1092.6,133950.0,128675.0
2025-06-20 10:29:27.215946,1092.6,134055.0,128578.0
2025-06-20 10:29:28.688939,1092.6,134055.0,128578.0
2025-06-20 10:29:30.730699,1092.5,134055.0,128578.0
2025-06-20 10:29:32.821358,1092.5,134018.0,128830.0
2025-06-20 10:29:37.679485,1092.5,134018.0,128830.0
2025-06-20 10:29:38.626179,1092.5,133983.0,128899.0
2025-06-20 10:29:40.683390,1092.7,133983.0,128899.0
2025-06-20 10:29:44.719902,1092.7,133733.0,127824.0
2025-06-20 10:29:49.697437,1093.0,133733.0,127824.0
2025-06-20 10:29:50.631527,1093.0,133988.0,127448.0
2025-06-20 10:29:52.682684,1092.9,133988.0,127448.0
2025-06-20 10:29:55.710390,1092.5,133988.0,127448.0
2025-06-20 10:29:56.234180,1092.5,132848.0,129767.0
2025-06-20 10:29:58.684508,1092.5,132848.0,129767.0
2025-06-20 10:30:00.708217,1092.1,132848.0,129767.0
2025-06-20 10:30:01.581439,1092.1,133028.0,129796.0
2025-06-20 10:30:03.713112,1092.4,133028.0,129796.0
2025-06-20 10:30:06.683223,1091.8,133028.0,129796.0
2025-06-20 10:30:07.649225,1091.8,131965.0,133081.0
2025-06-20 10:30:12.724509,1091.7,131965.0,133081.0
2025-06-20 10:30:13.750379,1091.7,130781.0,131944.0
2025-06-20 10:30:16.965158,1091.5,130781.0,131944.0
2025-06-20 10:30:19.551167,1091.5,132881.0,132143.0
2025-06-20 10:30:22.687029,1091.4,132881.0,132143.0
2025-06-20 10:30:24.728381,1091.9,132881.0,132143.0
2025-06-20 10:30:25.356445,1091.9,132637.0,132714.0
2025-06-20 10:30:35.690665,1091.9,132637.0,132714.0
2025-06-20 10:30:36.864947,1091.9,133027.0,132422.0
2025-06-20 10:30:41.685889,1091.4,133027.0,132422.0
2025-06-20 10:30:42.672511,1091.6,130276.0,131544.0
2025-06-20 10:30:43.168621,1091.6,130276.0,131544.0
2025-06-20 10:30:44.200898,1091.6,130276.0,131544.0
2025-06-20 10:30:44.684396,1091.9,130276.0,131544.0
2025-06-20 10:30:44.914702,1091.9,130276.0,131544.0
2025-06-20 10:30:45.300451,1091.9,130276.0,131544.0
2025-06-20 10:30:46.457094,1091.9,130276.0,131544.0
2025-06-20 10:30:47.651589,1091.9,130276.0,131544.0
2025-06-20 10:30:47.703787,1091.9,130276.0,131544.0
2025-06-20 10:30:48.275395,1091.6,131533.0,132043.0
2025-06-20 10:30:48.376428,1091.6,131533.0,132043.0
2025-06-20 10:30:49.722814,1091.6,131533.0,132043.0
2025-06-20 10:30:50.689943,1091.6,131533.0,132043.0
2025-06-20 10:30:50.736309,1091.6,131533.0,132043.0
2025-06-20 10:30:52.245823,1091.6,131533.0,132043.0
2025-06-20 10:30:53.523605,1091.6,131533.0,132043.0
2025-06-20 10:30:53.735273,1091.5,131533.0,132043.0
2025-06-20 10:30:53.878086,1091.5,132903.0,130241.0
2025-06-20 10:30:54.798455,1091.5,132903.0,130241.0
2025-06-20 10:30:56.450200,1091.5,132903.0,130241.0
2025-06-20 10:30:56.704551,1092.2,132903.0,130241.0
2025-06-20 10:30:59.692576,1091.7,132903.0,130241.0
2025-06-20 10:30:59.878641,1092.3,132692.0,130044.0
2025-06-20 10:31:01.703817,1092.3,132692.0,130044.0
2025-06-20 10:31:05.697633,1091.9,132692.0,130044.0
2025-06-20 10:31:06.080137,1091.9,132641.0,130198.0
2025-06-20 10:31:08.719438,1092.3,132641.0,130198.0
2025-06-20 10:31:12.391247,1092.3,132868.0,131938.0
2025-06-20 10:31:14.705493,1092.3,132868.0,131938.0
2025-06-20 10:31:17.697847,1092.1,132868.0,131938.0
2025-06-20 10:31:18.402206,1092.1,132167.0,127370.0
2025-06-20 10:31:20.697484,1092.7,132167.0,127370.0
2025-06-20 10:31:24.305140,1092.7,132142.0,129411.0
2025-06-20 10:31:26.694985,1092.6,132142.0,129411.0
2025-06-20 10:31:29.750056,1092.6,132142.0,129411.0
2025-06-20 10:31:30.099220,1092.7,133358.0,126896.0
2025-06-20 10:31:32.760084,1092.7,133358.0,126896.0
2025-06-20 10:31:35.718804,1092.7,133358.0,126896.0
2025-06-20 10:31:36.008698,1092.7,133416.0,127547.0
2025-06-20 10:31:38.717983,1093.5,133416.0,127547.0
2025-06-20 10:31:41.738412,1093.8,133416.0,127547.0
2025-06-20 10:31:42.125381,1093.8,133763.0,123566.0
2025-06-20 10:31:44.704229,1094.2,133763.0,123566.0
2025-06-20 10:31:47.827465,1094.3,133763.0,123566.0
2025-06-20 10:31:48.015817,1094.3,134756.0,121935.0
2025-06-20 10:31:50.710276,1093.8,134756.0,121935.0
2025-06-20 10:31:53.694451,1093.6,134756.0,121935.0
2025-06-20 10:31:53.971700,1093.6,132147.0,126059.0
2025-06-20 10:31:56.721533,1093.2,132147.0,126059.0
2025-06-20 10:31:59.692152,1093.4,132147.0,126059.0
2025-06-20 10:31:59.822906,1093.4,133073.0,126329.0
2025-06-20 10:32:01.223656,1093.4,133432.0,125912.0
2025-06-20 10:32:02.225632,1093.4,133428.0,125985.0
2025-06-20 10:32:02.701012,1093.2,133428.0,125985.0
2025-06-20 10:32:03.225106,1093.2,133520.0,125891.0
2025-06-20 10:32:04.232959,1093.1,133126.0,126237.0
2025-06-20 10:32:04.701654,1093.4,133126.0,126237.0
2025-06-20 10:32:05.225805,1093.4,133185.0,126390.0
2025-06-20 10:32:06.553434,1093.4,133185.0,126276.0
2025-06-20 10:32:07.225271,1093.4,133475.0,126006.0
2025-06-20 10:32:07.710242,1092.7,133475.0,126006.0
2025-06-20 10:32:08.229512,1092.9,133021.0,125751.0
2025-06-20 10:32:08.692999,1092.9,133021.0,125751.0
2025-06-20 10:32:09.225727,1092.9,133128.0,125481.0
2025-06-20 10:32:10.299326,1093.3,132600.0,126095.0
2025-06-20 10:32:10.698225,1093.3,132600.0,126095.0
2025-06-20 10:32:11.230044,1093.3,132651.0,125949.0
2025-06-20 10:32:12.231332,1093.3,132620.0,126037.0
2025-06-20 10:32:12.687074,1093.3,132620.0,126037.0
2025-06-20 10:32:13.155846,1093.3,133177.0,125971.0
2025-06-20 10:32:14.033685,1093.3,133125.0,126264.0
2025-06-20 10:32:14.686707,1093.3,133125.0,126264.0
2025-06-20 10:32:15.046123,1093.3,133476.0,125860.0
2025-06-20 10:32:16.035864,1093.4,133495.0,125855.0
2025-06-20 10:32:16.686372,1093.4,133495.0,125855.0
2025-06-20 10:32:17.034930,1093.4,133469.0,125917.0
2025-06-20 10:32:18.035096,1093.4,132778.0,129450.0
2025-06-20 10:32:19.036457,1093.4,132853.0,129336.0
2025-06-20 10:32:19.963414,1093.3,132916.0,129208.0
2025-06-20 10:32:20.711981,1093.0,132916.0,129208.0
2025-06-20 10:32:20.966907,1093.0,132883.0,129389.0
2025-06-20 10:32:21.689272,1093.3,132883.0,129389.0
2025-06-20 10:32:22.088196,1093.3,132934.0,129257.0
2025-06-20 10:32:22.701291,1092.8,132934.0,129257.0
2025-06-20 10:32:22.963388,1092.8,132972.0,129322.0
2025-06-20 10:32:23.689729,1092.7,132972.0,129322.0
2025-06-20 10:32:23.953083,1092.7,132557.0,130203.0
2025-06-20 10:32:24.950377,1092.7,132576.0,130211.0
2025-06-20 10:32:25.844728,1092.7,132646.0,130116.0
2025-06-20 10:32:26.689013,1092.6,132646.0,130116.0
2025-06-20 10:32:26.845861,1092.6,132533.0,130120.0
2025-06-20 10:32:27.848272,1092.6,132622.0,130213.0
2025-06-20 10:32:28.849949,1092.6,132601.0,130250.0
2025-06-20 10:32:29.945443,1092.6,132777.0,130051.0
2025-06-20 10:32:30.709151,1093.1,132777.0,130051.0
2025-06-20 10:32:30.844671,1093.1,133046.0,129449.0
2025-06-20 10:32:31.694379,1093.2,133046.0,129449.0
2025-06-20 10:32:31.763790,1093.2,132929.0,129614.0
2025-06-20 10:32:32.767013,1093.2,132882.0,129669.0
2025-06-20 10:32:33.753167,1093.2,132868.0,129691.0
2025-06-20 10:32:34.647897,1093.2,132896.0,129541.0
2025-06-20 10:32:35.546691,1093.2,132827.0,129759.0
2025-06-20 10:32:35.720470,1093.2,132827.0,129759.0
2025-06-20 10:32:36.471226,1093.2,132827.0,129759.0
2025-06-20 10:32:37.547200,1093.2,132790.0,130150.0
2025-06-20 10:32:37.689545,1093.2,132790.0,130150.0
2025-06-20 10:32:38.348369,1093.2,132858.0,129544.0
2025-06-20 10:32:39.354591,1093.2,132922.0,129953.0
2025-06-20 10:32:40.347350,1093.2,132830.0,130080.0
2025-06-20 10:32:41.349627,1093.2,132865.0,130106.0
2025-06-20 10:32:42.248422,1092.7,132618.0,130120.0
2025-06-20 10:32:42.686171,1092.7,132618.0,130120.0
2025-06-20 10:32:43.248851,1092.7,132736.0,130001.0
2025-06-20 10:32:44.149017,1092.7,132735.0,130004.0
2025-06-20 10:32:45.051342,1092.7,132702.0,130003.0
2025-06-20 10:32:45.982039,1093.2,132705.0,129982.0
2025-06-20 10:32:46.701060,1093.2,132705.0,129982.0
2025-06-20 10:32:46.853261,1093.2,132757.0,129641.0
2025-06-20 10:32:47.726272,1092.9,132757.0,129641.0
2025-06-20 10:32:47.855294,1093.2,133076.0,127534.0
2025-06-20 10:32:48.701252,1093.2,133076.0,127534.0
2025-06-20 10:32:48.853194,1093.2,133234.0,127787.0
2025-06-20 10:32:49.687645,1093.2,133234.0,127787.0
2025-06-20 10:32:49.755875,1093.2,133824.0,127924.0
2025-06-20 10:32:50.689888,1093.2,133824.0,127924.0
2025-06-20 10:32:50.763603,1093.2,133817.0,127885.0
2025-06-20 10:32:51.868497,1093.7,133817.0,127885.0
2025-06-20 10:32:51.875059,1093.7,134667.0,125619.0
2025-06-20 10:32:52.654347,1094.0,135034.0,125708.0
2025-06-20 10:32:52.692488,1094.0,135034.0,125708.0
2025-06-20 10:32:53.553904,1094.0,135623.0,125631.0
2025-06-20 10:32:54.479167,1094.0,134156.0,125586.0
2025-06-20 10:32:55.360386,1094.0,133915.0,125816.0
2025-06-20 10:32:56.358855,1094.0,133957.0,125804.0
2025-06-20 10:32:57.360237,1094.0,134432.0,124577.0
2025-06-20 10:32:58.361624,1094.0,134312.0,124892.0
2025-06-20 10:32:58.692848,1094.0,134312.0,124892.0
2025-06-20 10:32:59.363244,1094.0,134283.0,124946.0
2025-06-20 10:33:00.266631,1094.0,134546.0,124591.0
2025-06-20 10:33:01.262296,1093.7,134071.0,126440.0
2025-06-20 10:33:02.699773,1093.9,134071.0,126440.0
2025-06-20 10:33:05.700309,1093.8,134071.0,126440.0
2025-06-20 10:33:07.064936,1093.8,132799.0,127755.0
2025-06-20 10:33:09.737961,1093.9,132799.0,127755.0
2025-06-20 10:33:12.766385,1093.9,132512.0,126652.0
2025-06-20 10:33:15.696377,1093.9,132512.0,126652.0
2025-06-20 10:33:18.770483,1093.5,132776.0,127968.0
2025-06-20 10:33:19.730021,1093.5,132776.0,127968.0
2025-06-20 10:33:21.698800,1093.5,132776.0,127968.0
2025-06-20 10:33:23.772759,1093.2,132776.0,127968.0
2025-06-20 10:33:24.678014,1093.2,132567.0,129184.0
2025-06-20 10:33:25.757141,1093.6,132567.0,129184.0
2025-06-20 10:33:29.718948,1093.6,132567.0,129184.0
2025-06-20 10:33:33.719990,1093.6,132567.0,129184.0
2025-06-20 10:33:35.866445,1093.6,132567.0,129184.0
2025-06-20 10:33:36.789166,1093.6,132718.0,128854.0
2025-06-20 10:33:41.693625,1093.0,132718.0,128854.0
2025-06-20 10:33:42.691767,1093.0,132408.0,130044.0
2025-06-20 10:33:43.639864,1093.0,132408.0,130044.0
2025-06-20 10:33:44.029289,1093.0,132408.0,130044.0
2025-06-20 10:33:45.019646,1093.0,132408.0,130044.0
2025-06-20 10:33:46.372242,1093.0,132408.0,130044.0
2025-06-20 10:33:47.408925,1093.0,132408.0,130044.0
2025-06-20 10:33:47.692484,1093.2,132408.0,130044.0
2025-06-20 10:33:47.820842,1093.2,132408.0,130044.0
2025-06-20 10:33:48.501171,1093.2,131745.0,130667.0
2025-06-20 10:33:48.823219,1093.2,131745.0,130667.0
2025-06-20 10:33:49.695362,1093.5,131745.0,130667.0
2025-06-20 10:33:50.126513,1093.5,131745.0,130667.0
2025-06-20 10:33:51.189117,1093.5,131745.0,130667.0
2025-06-20 10:33:52.660262,1093.5,131745.0,130667.0
2025-06-20 10:33:53.693230,1093.2,131745.0,130667.0
2025-06-20 10:33:53.946918,1093.2,131745.0,130667.0
2025-06-20 10:33:54.398336,1092.8,132039.0,132216.0
2025-06-20 10:33:55.225833,1092.8,132039.0,132216.0
2025-06-20 10:33:56.689612,1092.9,132039.0,132216.0
2025-06-20 10:33:56.826182,1092.9,132039.0,132216.0
2025-06-20 10:33:59.688952,1092.7,132039.0,132216.0
2025-06-20 10:34:00.410628,1092.7,131958.0,134848.0
2025-06-20 10:34:02.695350,1092.7,131958.0,134848.0
2025-06-20 10:34:05.696281,1092.7,131958.0,134848.0
2025-06-20 10:34:05.803302,1092.7,131945.0,134902.0
2025-06-20 10:34:08.698726,1092.9,131945.0,134902.0
2025-06-20 10:34:11.719814,1091.7,131945.0,134902.0
2025-06-20 10:34:11.943437,1091.7,129652.0,135790.0
2025-06-20 10:34:14.702034,1091.6,129652.0,135790.0
2025-06-20 10:34:17.696303,1091.9,129652.0,135790.0
2025-06-20 10:34:17.806975,1091.9,129413.0,138710.0
2025-06-20 10:34:20.704042,1091.9,129413.0,138710.0
2025-06-20 10:34:23.663131,1091.2,128119.0,137321.0
2025-06-20 10:34:23.740575,1091.2,128119.0,137321.0
2025-06-20 10:34:26.699138,1091.4,128119.0,137321.0
2025-06-20 10:34:28.930375,1091.1,128834.0,137222.0
2025-06-20 10:34:29.695469,1091.1,128834.0,137222.0
2025-06-20 10:34:32.698032,1091.1,128834.0,137222.0
2025-06-20 10:34:34.617724,1092.1,129451.0,133672.0
2025-06-20 10:34:35.706289,1092.1,129451.0,133672.0
2025-06-20 10:34:38.742665,1091.7,129451.0,133672.0
2025-06-20 10:34:40.323245,1091.7,128652.0,136470.0
2025-06-20 10:34:41.752341,1091.9,128652.0,136470.0
2025-06-20 10:34:45.969160,1091.9,129893.0,136200.0
2025-06-20 10:34:47.737285,1091.9,129893.0,136200.0
2025-06-20 10:34:50.760536,1091.5,129893.0,136200.0
2025-06-20 10:34:51.538623,1091.5,129489.0,136617.0
2025-06-20 10:34:53.744974,1091.3,129489.0,136617.0
2025-06-20 10:34:57.036944,1091.6,129713.0,136949.0
2025-06-20 10:34:57.743268,1091.6,129713.0,136949.0
2025-06-20 10:35:02.241470,1091.6,129503.0,137304.0
2025-06-20 10:35:03.703577,1091.6,129503.0,137304.0
2025-06-20 10:35:07.953284,1091.9,129165.0,135000.0
2025-06-20 10:35:08.700859,1091.9,129165.0,135000.0
2025-06-20 10:35:11.700676,1091.3,129165.0,135000.0
2025-06-20 10:35:13.647290,1091.3,129380.0,134882.0
2025-06-20 10:35:17.700844,1092.0,129380.0,134882.0
2025-06-20 10:35:19.551837,1092.0,129039.0,134190.0
2025-06-20 10:35:20.701301,1092.0,129039.0,134190.0
2025-06-20 10:35:22.806605,1092.0,129039.0,134190.0
2025-06-20 10:35:24.703322,1092.0,129039.0,134190.0
2025-06-20 10:35:25.665224,1092.0,129017.0,134257.0
2025-06-20 10:35:28.708383,1092.0,129017.0,134257.0
2025-06-20 10:35:30.766171,1092.0,129017.0,134257.0
2025-06-20 10:35:31.258501,1092.0,129313.0,134678.0
2025-06-20 10:35:32.711375,1092.9,129313.0,134678.0
2025-06-20 10:35:36.705792,1092.8,129313.0,134678.0
2025-06-20 10:35:37.261137,1092.3,129094.0,132757.0
2025-06-20 10:35:38.710234,1092.4,129094.0,132757.0
2025-06-20 10:35:42.701707,1092.3,129094.0,132757.0
2025-06-20 10:35:42.984900,1092.3,129454.0,132550.0
2025-06-20 10:35:48.700988,1092.5,129454.0,132550.0
2025-06-20 10:35:48.877860,1092.5,129091.0,132831.0
2025-06-20 10:35:50.706125,1092.5,129091.0,132831.0
2025-06-20 10:35:54.877270,1092.5,129290.0,133320.0
2025-06-20 10:36:00.489804,1092.7,129442.0,132974.0
2025-06-20 10:36:00.699370,1092.6,129442.0,132974.0
2025-06-20 10:36:02.707573,1092.6,129442.0,132974.0
2025-06-20 10:36:04.707011,1092.6,129442.0,132974.0
2025-06-20 10:36:06.178519,1092.4,127729.0,134454.0
2025-06-20 10:36:07.723520,1092.4,127729.0,134454.0
2025-06-20 10:36:10.728868,1092.3,127729.0,134454.0
2025-06-20 10:36:12.428286,1092.3,128691.0,134086.0
2025-06-20 10:36:16.705818,1092.3,128691.0,134086.0
2025-06-20 10:36:18.382156,1092.1,128588.0,134674.0
2025-06-20 10:36:19.702778,1092.0,128588.0,134674.0
2025-06-20 10:36:22.710730,1091.9,128588.0,134674.0
2025-06-20 10:36:24.181736,1091.9,129257.0,135081.0
2025-06-20 10:36:25.707621,1091.9,129257.0,135081.0
2025-06-20 10:36:27.726409,1092.3,129257.0,135081.0
2025-06-20 10:36:30.189790,1092.1,128480.0,135124.0
2025-06-20 10:36:31.744829,1092.1,128480.0,135124.0
2025-06-20 10:36:34.709734,1091.9,128480.0,135124.0
2025-06-20 10:36:36.397452,1091.9,128537.0,136396.0
2025-06-20 10:36:37.720326,1091.9,128537.0,136396.0
2025-06-20 10:36:42.405907,1091.9,128528.0,136114.0
2025-06-20 10:36:44.137831,1091.9,128528.0,136114.0
2025-06-20 10:36:45.220411,1091.9,128528.0,136114.0
2025-06-20 10:36:45.710279,1092.0,128528.0,136114.0
2025-06-20 10:36:45.881555,1092.0,128528.0,136114.0
2025-06-20 10:36:46.277313,1092.0,128528.0,136114.0
2025-06-20 10:36:47.397906,1092.0,128528.0,136114.0
2025-06-20 10:36:48.225203,1092.0,128671.0,135988.0
2025-06-20 10:36:48.382895,1092.0,128671.0,135988.0
2025-06-20 10:36:49.341614,1092.0,128671.0,135988.0
2025-06-20 10:36:50.680333,1092.0,128671.0,135988.0
2025-06-20 10:36:51.681004,1092.0,128671.0,135988.0
2025-06-20 10:36:51.712228,1092.0,128671.0,135988.0
2025-06-20 10:36:53.215394,1092.0,128671.0,135988.0
2025-06-20 10:36:53.714165,1092.0,129211.0,136154.0
2025-06-20 10:36:54.507536,1092.0,129211.0,136154.0
2025-06-20 10:36:55.708937,1091.9,129211.0,136154.0
2025-06-20 10:36:55.747071,1091.9,129211.0,136154.0
2025-06-20 10:36:57.362762,1091.9,129211.0,136154.0
2025-06-20 10:36:59.221248,1092.0,128567.0,134808.0
2025-06-20 10:36:59.716646,1091.9,128567.0,134808.0
2025-06-20 10:37:01.709730,1092.3,128567.0,134808.0
2025-06-20 10:37:03.712883,1092.7,128567.0,134808.0
2025-06-20 10:37:05.109858,1092.6,129358.0,133718.0
2025-06-20 10:37:05.709880,1092.6,129358.0,133718.0
2025-06-20 10:37:07.714635,1092.7,129358.0,133718.0
2025-06-20 10:37:09.713198,1091.7,129358.0,133718.0
2025-06-20 10:37:11.211984,1091.7,128757.0,134449.0
2025-06-20 10:37:15.712331,1092.3,128757.0,134449.0
2025-06-20 10:37:16.816599,1092.1,129517.0,134879.0
2025-06-20 10:37:17.708934,1092.1,129517.0,134879.0
2025-06-20 10:37:21.709766,1092.0,129517.0,134879.0
2025-06-20 10:37:22.649946,1092.0,129264.0,135358.0
2025-06-20 10:37:24.723912,1091.9,129264.0,135358.0
2025-06-20 10:37:27.703970,1091.8,129264.0,135358.0
2025-06-20 10:37:28.123097,1091.8,125512.0,142526.0
2025-06-20 10:37:30.706702,1091.7,125512.0,142526.0
2025-06-20 10:37:33.707695,1091.4,125512.0,142526.0
2025-06-20 10:37:33.735855,1091.4,127267.0,144062.0
2025-06-20 10:37:39.136075,1091.6,129149.0,142432.0
2025-06-20 10:37:39.703880,1091.6,129149.0,142432.0
2025-06-20 10:37:42.713943,1091.2,129149.0,142432.0
2025-06-20 10:37:44.942433,1091.2,128448.0,142505.0
2025-06-20 10:37:48.711198,1091.7,128448.0,142505.0
2025-06-20 10:37:50.641569,1091.6,128520.0,143145.0
2025-06-20 10:37:50.714817,1091.6,128520.0,143145.0
2025-06-20 10:37:56.150221,1091.6,128798.0,143161.0
2025-06-20 10:38:00.723089,1091.7,128798.0,143161.0
2025-06-20 10:38:01.846880,1091.7,129320.0,143076.0
2025-06-20 10:38:03.710269,1091.5,129320.0,143076.0
2025-06-20 10:38:06.709361,1091.7,129320.0,143076.0
2025-06-20 10:38:07.551707,1091.7,129060.0,144123.0
2025-06-20 10:38:13.160682,1091.7,129075.0,144402.0
2025-06-20 10:38:14.715023,1091.7,129075.0,144402.0
2025-06-20 10:38:16.717623,1091.7,129075.0,144402.0
2025-06-20 10:38:18.715767,1091.7,129075.0,144402.0
2025-06-20 10:38:18.759424,1091.7,129000.0,144431.0
2025-06-20 10:38:20.719123,1091.7,129000.0,144431.0
2025-06-20 10:38:24.268721,1091.9,129833.0,143519.0
2025-06-20 10:38:24.711026,1091.9,129833.0,143519.0
2025-06-20 10:38:28.714301,1091.7,129833.0,143519.0
2025-06-20 10:38:29.672565,1091.7,129750.0,143666.0
2025-06-20 10:38:30.713615,1091.7,129750.0,143666.0
2025-06-20 10:38:35.213751,1091.7,129735.0,143730.0
2025-06-20 10:38:40.776223,1091.0,129735.0,143730.0
2025-06-20 10:38:40.882255,1091.0,127305.0,142804.0
2025-06-20 10:38:42.712994,1090.1,127305.0,142804.0
2025-06-20 10:38:44.791334,1090.6,127305.0,142804.0
2025-06-20 10:38:46.688051,1090.6,125534.0,148330.0
2025-06-20 10:38:48.713830,1090.4,125534.0,148330.0
2025-06-20 10:38:50.724882,1090.2,125534.0,148330.0
2025-06-20 10:38:52.188477,1090.2,123555.0,149419.0
2025-06-20 10:38:52.711548,1089.4,123555.0,149419.0
2025-06-20 10:38:56.788666,1089.7,123555.0,149419.0
2025-06-20 10:38:57.695853,1089.7,123581.0,150485.0
2025-06-20 10:39:00.714756,1089.5,123581.0,150485.0
2025-06-20 10:39:01.505047,1089.5,124216.0,150165.0
2025-06-20 10:39:02.399857,1089.8,125837.0,148908.0
2025-06-20 10:39:02.712896,1089.8,125837.0,148908.0
2025-06-20 10:39:03.304862,1089.8,125678.0,148984.0
2025-06-20 10:39:03.742966,1090.0,125678.0,148984.0
2025-06-20 10:39:04.406296,1090.0,125733.0,148541.0
2025-06-20 10:39:04.713354,1089.7,125733.0,148541.0
2025-06-20 10:39:05.531926,1089.7,123522.0,148690.0
2025-06-20 10:39:05.721589,1089.7,123522.0,148690.0
2025-06-20 10:39:06.511388,1089.7,124971.0,148995.0
2025-06-20 10:39:07.598000,1090.0,124920.0,148367.0
2025-06-20 10:39:07.715074,1090.0,124920.0,148367.0
2025-06-20 10:39:08.603178,1090.0,124920.0,148528.0
2025-06-20 10:39:09.597110,1089.7,124673.0,148516.0
2025-06-20 10:39:09.714070,1089.7,124673.0,148516.0
2025-06-20 10:39:10.598718,1089.7,124659.0,148599.0
2025-06-20 10:39:11.537481,1089.7,124210.0,148685.0
2025-06-20 10:39:11.713302,1089.7,124210.0,148685.0
2025-06-20 10:39:12.604413,1089.6,124509.0,148689.0
2025-06-20 10:39:12.715453,1089.6,124509.0,148689.0
2025-06-20 10:39:13.745570,1089.6,124548.0,148665.0
2025-06-20 10:39:14.723690,1090.0,124548.0,148665.0
2025-06-20 10:39:14.807040,1090.0,124473.0,148847.0
2025-06-20 10:39:15.807122,1090.0,124484.0,148798.0
2025-06-20 10:39:16.944361,1090.0,124528.0,148838.0
2025-06-20 10:39:18.022385,1090.0,124529.0,148823.0
2025-06-20 10:39:19.109815,1090.0,124529.0,148796.0
2025-06-20 10:39:20.110708,1089.9,124572.0,148817.0
2025-06-20 10:39:20.715212,1089.9,124572.0,148817.0
2025-06-20 10:39:21.021764,1089.7,124568.0,148818.0
2025-06-20 10:39:21.715541,1089.7,124568.0,148818.0
2025-06-20 10:39:22.023727,1089.7,124568.0,148731.0
2025-06-20 10:39:23.037974,1089.9,124578.0,148612.0
2025-06-20 10:39:23.713970,1089.9,124578.0,148612.0
2025-06-20 10:39:24.019940,1089.9,124578.0,148613.0
2025-06-20 10:39:24.711891,1089.7,124578.0,148613.0
2025-06-20 10:39:25.122159,1089.7,124576.0,148613.0
2025-06-20 10:39:26.021879,1089.7,124576.0,148211.0
2025-06-20 10:39:27.030067,1089.7,124575.0,148211.0
2025-06-20 10:39:28.026933,1089.7,123962.0,148831.0
2025-06-20 10:39:28.767077,1089.9,123962.0,148831.0
2025-06-20 10:39:29.117740,1089.9,123594.0,148890.0
2025-06-20 10:39:30.121068,1089.8,123965.0,149124.0
2025-06-20 10:39:30.714681,1089.7,123965.0,149124.0
2025-06-20 10:39:31.121344,1089.6,123956.0,148752.0
2025-06-20 10:39:31.726683,1089.6,123956.0,148752.0
2025-06-20 10:39:32.038257,1089.6,123511.0,148758.0
2025-06-20 10:39:33.121137,1089.6,124003.0,148846.0
2025-06-20 10:39:34.121794,1089.6,124032.0,148875.0
2025-06-20 10:39:35.123101,1089.5,122192.0,150193.0
2025-06-20 10:39:35.719075,1089.1,122192.0,150193.0
2025-06-20 10:39:36.537571,1089.1,122693.0,150197.0
2025-06-20 10:39:37.536761,1089.1,122859.0,150023.0
2025-06-20 10:39:38.437110,1089.5,122858.0,150021.0
2025-06-20 10:39:38.715438,1089.5,122858.0,150021.0
2025-06-20 10:39:39.456169,1089.5,121950.0,150414.0
2025-06-20 10:39:40.456154,1089.5,121951.0,150579.0
2025-06-20 10:39:40.718346,1089.5,121951.0,150579.0
2025-06-20 10:39:41.437656,1089.5,121875.0,150665.0
2025-06-20 10:39:42.439355,1089.4,122352.0,150616.0
2025-06-20 10:39:42.730327,1089.4,122352.0,150616.0
2025-06-20 10:39:43.439279,1089.1,122112.0,150397.0
2025-06-20 10:39:43.720085,1089.1,122112.0,150397.0
2025-06-20 10:39:44.442653,1089.1,122069.0,150419.0
2025-06-20 10:39:44.630296,1089.1,122069.0,150419.0
2025-06-20 10:39:44.711489,1089.1,122069.0,150419.0
2025-06-20 10:39:45.036895,1089.1,122069.0,150419.0
2025-06-20 10:39:45.444777,1089.1,122076.0,150439.0
2025-06-20 10:39:45.719473,1089.1,122076.0,150439.0
2025-06-20 10:39:45.749863,1089.1,122076.0,150439.0
2025-06-20 10:39:46.052243,1089.1,122076.0,150439.0
2025-06-20 10:39:46.478428,1089.1,122076.0,150440.0
2025-06-20 10:39:46.952801,1089.1,122076.0,150440.0
2025-06-20 10:39:47.414366,1089.1,122076.0,150440.0
2025-06-20 10:39:47.464130,1089.1,121740.0,150304.0
2025-06-20 10:39:47.718138,1088.9,121740.0,150304.0
2025-06-20 10:39:47.867604,1088.9,121740.0,150304.0
2025-06-20 10:39:48.437158,1088.9,121740.0,150304.0
2025-06-20 10:39:48.457819,1088.9,121582.0,150840.0
2025-06-20 10:39:48.855649,1088.9,121582.0,150840.0
2025-06-20 10:39:49.443790,1088.9,121716.0,150764.0
2025-06-20 10:39:49.805697,1088.9,121716.0,150764.0
2025-06-20 10:39:50.347458,1088.9,121716.0,150789.0
2025-06-20 10:39:51.243465,1088.9,121716.0,150789.0
2025-06-20 10:39:51.343086,1088.9,121165.0,151531.0
2025-06-20 10:39:51.716534,1089.3,121165.0,151531.0
2025-06-20 10:39:52.159851,1089.3,121165.0,151531.0
2025-06-20 10:39:52.445081,1089.3,121612.0,150793.0
2025-06-20 10:39:52.721442,1089.3,121612.0,150793.0
2025-06-20 10:39:53.640126,1089.3,121623.0,150719.0
2025-06-20 10:39:53.826857,1089.3,121623.0,150719.0
2025-06-20 10:39:54.637227,1089.4,122395.0,149954.0
2025-06-20 10:39:54.726674,1089.4,122395.0,149954.0
2025-06-20 10:39:54.976765,1089.4,122395.0,149954.0
2025-06-20 10:39:55.639835,1089.4,121512.0,150014.0
2025-06-20 10:39:56.230281,1089.4,121512.0,150014.0
2025-06-20 10:39:56.543844,1089.5,123234.0,148995.0
2025-06-20 10:39:56.713183,1089.5,123234.0,148995.0
2025-06-20 10:39:57.549709,1089.5,122318.0,149392.0
2025-06-20 10:39:57.865139,1089.5,122318.0,149392.0
2025-06-20 10:39:58.550258,1089.5,123375.0,148412.0
2025-06-20 10:39:58.728567,1089.5,123375.0,148412.0
2025-06-20 10:39:59.644618,1089.1,121586.0,148598.0
2025-06-20 10:39:59.720031,1089.1,121586.0,148598.0
2025-06-20 10:40:00.722080,1089.3,121586.0,148598.0
2025-06-20 10:40:01.556097,1089.5,122139.0,149237.0
2025-06-20 10:40:02.731774,1089.5,122139.0,149237.0
2025-06-20 10:40:04.770223,1089.5,122139.0,149237.0
2025-06-20 10:40:07.649114,1089.5,122154.0,149381.0
2025-06-20 10:40:10.725098,1089.0,122154.0,149381.0
2025-06-20 10:40:13.658638,1089.1,122599.0,147230.0
2025-06-20 10:40:13.773562,1089.1,122599.0,147230.0
2025-06-20 10:40:16.726711,1089.5,122599.0,147230.0
2025-06-20 10:40:19.698718,1089.3,122993.0,147738.0
2025-06-20 10:40:19.750405,1089.3,122993.0,147738.0
2025-06-20 10:40:22.731878,1089.5,122993.0,147738.0
2025-06-20 10:40:25.576319,1089.7,123012.0,147959.0
2025-06-20 10:40:25.734107,1089.7,123012.0,147959.0
2025-06-20 10:40:27.757434,1089.4,123012.0,147959.0
2025-06-20 10:40:29.755316,1089.4,123012.0,147959.0
2025-06-20 10:40:31.266293,1089.4,122975.0,148602.0
2025-06-20 10:40:35.758436,1089.4,122975.0,148602.0
2025-06-20 10:40:36.571698,1089.4,122849.0,150660.0
2025-06-20 10:40:37.728228,1089.4,122849.0,150660.0
2025-06-20 10:40:39.740749,1089.3,122849.0,150660.0
2025-06-20 10:40:41.736936,1089.3,122849.0,150660.0
2025-06-20 10:40:42.176898,1089.3,122880.0,150390.0
2025-06-20 10:40:45.735591,1089.3,122880.0,150390.0
2025-06-20 10:40:47.750343,1089.4,122880.0,150390.0
2025-06-20 10:40:47.794305,1089.4,122949.0,150008.0
2025-06-20 10:40:49.727706,1089.5,122949.0,150008.0
2025-06-20 10:40:53.689810,1090.3,124407.0,145954.0
2025-06-20 10:40:55.737761,1089.9,124407.0,145954.0
2025-06-20 10:40:58.748190,1090.4,124407.0,145954.0
2025-06-20 10:40:59.603584,1090.3,125318.0,144339.0
2025-06-20 10:41:01.741769,1090.3,125318.0,144339.0
2025-06-20 10:41:04.730696,1090.9,125318.0,144339.0
2025-06-20 10:41:05.535062,1090.8,125735.0,143154.0
2025-06-20 10:41:08.730576,1090.8,125735.0,143154.0
2025-06-20 10:41:11.696734,1090.5,125063.0,137608.0
2025-06-20 10:41:11.738172,1090.5,125063.0,137608.0
2025-06-20 10:41:13.734871,1091.0,125063.0,137608.0
2025-06-20 10:41:17.725351,1091.0,125063.0,137608.0
2025-06-20 10:41:17.804800,1091.0,125707.0,137338.0
2025-06-20 10:41:20.731746,1091.0,125707.0,137338.0
2025-06-20 10:41:23.423850,1090.8,125697.0,136637.0
2025-06-20 10:41:23.735934,1090.8,125697.0,136637.0
2025-06-20 10:41:26.725470,1090.8,125697.0,136637.0
2025-06-20 10:41:29.427515,1090.8,125811.0,137521.0
2025-06-20 10:41:32.741233,1090.9,125811.0,137521.0
2025-06-20 10:41:35.729540,1090.8,126116.0,136794.0
2025-06-20 10:41:36.736185,1090.8,126116.0,136794.0
2025-06-20 10:41:40.756770,1090.8,126116.0,136794.0
2025-06-20 10:41:42.049128,1090.8,126194.0,137674.0
2025-06-20 10:41:43.731053,1091.0,126194.0,137674.0
2025-06-20 10:41:47.740903,1090.8,126194.0,137674.0
2025-06-20 10:41:47.935568,1090.8,126424.0,137137.0
2025-06-20 10:41:49.795435,1090.9,126424.0,137137.0
2025-06-20 10:41:51.764231,1091.0,126424.0,137137.0
2025-06-20 10:41:53.326351,1091.1,126166.0,137313.0
2025-06-20 10:41:53.761156,1091.1,126166.0,137313.0
2025-06-20 10:41:55.759657,1090.8,126166.0,137313.0
2025-06-20 10:41:58.550343,1090.7,125894.0,138931.0
2025-06-20 10:41:59.740304,1090.7,125894.0,138931.0
2025-06-20 10:42:03.802647,1090.7,125894.0,138931.0
2025-06-20 10:42:03.803282,1090.7,125871.0,138383.0
2025-06-20 10:42:09.237546,1090.7,125547.0,138108.0
2025-06-20 10:42:11.747315,1090.8,125547.0,138108.0
2025-06-20 10:42:14.786844,1090.8,125801.0,137990.0
2025-06-20 10:42:17.747896,1090.6,125801.0,137990.0
2025-06-20 10:42:20.554726,1090.6,125658.0,138550.0
2025-06-20 10:42:26.316119,1090.6,125261.0,137991.0
2025-06-20 10:42:27.768685,1090.8,125261.0,137991.0
2025-06-20 10:42:29.752882,1090.5,125261.0,137991.0
2025-06-20 10:42:31.794425,1090.5,125261.0,137991.0
2025-06-20 10:42:32.152360,1090.5,125179.0,138775.0
2025-06-20 10:42:35.779564,1090.6,125179.0,138775.0
2025-06-20 10:42:37.956335,1090.6,125293.0,138177.0
2025-06-20 10:42:39.799140,1090.5,125293.0,138177.0
2025-06-20 10:42:42.785070,1090.5,125293.0,138177.0
2025-06-20 10:42:43.857810,1090.6,125371.0,138263.0
2025-06-20 10:42:45.067008,1090.6,125371.0,138263.0
2025-06-20 10:42:45.758702,1090.6,125371.0,138263.0
2025-06-20 10:42:46.123668,1090.6,125371.0,138263.0
2025-06-20 10:42:47.392795,1090.6,125371.0,138263.0
2025-06-20 10:42:48.064813,1090.6,125371.0,138263.0
2025-06-20 10:42:49.079786,1090.6,125371.0,138263.0
2025-06-20 10:42:49.660324,1090.6,125396.0,138170.0
2025-06-20 10:42:50.475995,1090.6,125396.0,138170.0
2025-06-20 10:42:50.813173,1090.5,125396.0,138170.0
2025-06-20 10:42:51.865142,1090.5,125396.0,138170.0
2025-06-20 10:42:52.801771,1090.6,125396.0,138170.0
2025-06-20 10:42:52.809511,1090.6,125396.0,138170.0
2025-06-20 10:42:54.352298,1090.6,125396.0,138170.0
2025-06-20 10:42:55.585857,1090.6,125248.0,139436.0
2025-06-20 10:42:55.631338,1090.6,125248.0,139436.0
2025-06-20 10:42:56.736471,1090.6,125248.0,139436.0
2025-06-20 10:42:56.888480,1090.6,125248.0,139436.0
2025-06-20 10:42:58.521401,1090.6,125248.0,139436.0
2025-06-20 10:42:58.742653,1090.6,125248.0,139436.0
2025-06-20 10:43:01.253224,1090.6,125407.0,139272.0
2025-06-20 10:43:06.264055,1090.6,125466.0,139381.0
2025-06-20 10:43:06.745760,1090.6,125466.0,139381.0
2025-06-20 10:43:08.741697,1090.5,125466.0,139381.0
2025-06-20 10:43:10.743613,1090.6,125466.0,139381.0
2025-06-20 10:43:11.575771,1090.5,125433.0,139358.0
2025-06-20 10:43:12.749501,1090.5,125433.0,139358.0
2025-06-20 10:43:14.759898,1090.5,125433.0,139358.0
2025-06-20 10:43:17.076284,1090.5,125439.0,139488.0
2025-06-20 10:43:20.748384,1090.6,125439.0,139488.0
2025-06-20 10:43:22.877180,1090.6,125615.0,139725.0
2025-06-20 10:43:24.748476,1090.6,125615.0,139725.0
2025-06-20 10:43:28.383959,1090.6,125615.0,139697.0
2025-06-20 10:43:32.758687,1090.6,125615.0,139697.0
2025-06-20 10:43:34.098232,1090.6,125708.0,139245.0
2025-06-20 10:43:36.766690,1090.6,125708.0,139245.0
2025-06-20 10:43:39.689005,1090.6,125730.0,139270.0
2025-06-20 10:43:44.892242,1090.6,125707.0,139255.0
2025-06-20 10:43:46.771631,1090.7,125707.0,139255.0
2025-06-20 10:43:48.764490,1090.5,125707.0,139255.0
2025-06-20 10:43:50.394765,1090.6,124818.0,141198.0
2025-06-20 10:43:50.753807,1090.6,124818.0,141198.0
2025-06-20 10:43:56.103305,1090.5,124324.0,141114.0
2025-06-20 10:43:56.755756,1090.5,124324.0,141114.0
2025-06-20 10:44:00.978129,1090.5,124324.0,141114.0
2025-06-20 10:44:01.604507,1089.9,123395.0,142166.0
2025-06-20 10:44:02.804796,1089.9,123395.0,142166.0
2025-06-20 10:44:04.776434,1089.6,123395.0,142166.0
2025-06-20 10:44:06.764042,1090.1,123395.0,142166.0
2025-06-20 10:44:07.206122,1090.1,123709.0,141292.0
2025-06-20 10:44:08.747587,1089.6,123709.0,141292.0
2025-06-20 10:44:12.608737,1089.6,123862.0,141453.0
2025-06-20 10:44:14.757861,1089.8,123862.0,141453.0
2025-06-20 10:44:18.725204,1089.9,123778.0,141660.0
2025-06-20 10:44:18.759727,1089.9,123778.0,141660.0
2025-06-20 10:44:20.788304,1090.0,123778.0,141660.0
2025-06-20 10:44:24.261950,1090.0,123924.0,141683.0
2025-06-20 10:44:29.623961,1090.0,124099.0,141389.0
2025-06-20 10:44:32.763938,1089.9,124099.0,141389.0
2025-06-20 10:44:35.127297,1090.0,124771.0,141054.0
2025-06-20 10:44:36.771246,1090.0,124771.0,141054.0
2025-06-20 10:44:38.794415,1090.0,124771.0,141054.0
2025-06-20 10:44:40.632530,1090.0,124383.0,140974.0
2025-06-20 10:44:42.750511,1089.6,124383.0,140974.0
2025-06-20 10:44:46.047132,1089.6,124679.0,141621.0
2025-06-20 10:44:50.794469,1090.0,124679.0,141621.0
2025-06-20 10:44:51.338585,1090.0,124678.0,141528.0
2025-06-20 10:44:54.754362,1090.0,124678.0,141528.0
2025-06-20 10:44:56.459371,1090.0,124573.0,141521.0
2025-06-20 10:44:58.750886,1089.5,124573.0,141521.0
2025-06-20 10:45:00.750682,1090.0,124573.0,141521.0
2025-06-20 10:45:01.645494,1090.1,125770.0,140358.0
2025-06-20 10:45:03.759787,1089.7,125770.0,140358.0
2025-06-20 10:45:05.777754,1089.7,125770.0,140358.0
2025-06-20 10:45:07.346810,1089.7,124638.0,140982.0
2025-06-20 10:45:09.741357,1090.1,124638.0,140982.0
2025-06-20 10:45:12.649565,1090.1,124630.0,140944.0
2025-06-20 10:45:18.263348,1090.1,124682.0,140862.0
2025-06-20 10:45:21.764222,1090.1,124682.0,140862.0
2025-06-20 10:45:23.958410,1090.1,124604.0,140995.0
2025-06-20 10:45:24.762420,1090.1,124604.0,140995.0
2025-06-20 10:45:26.764961,1090.0,124604.0,140995.0
2025-06-20 10:45:29.269413,1090.0,124514.0,141374.0
2025-06-20 10:45:30.768560,1090.2,124514.0,141374.0
2025-06-20 10:45:32.798224,1090.0,124514.0,141374.0
2025-06-20 10:45:34.270597,1090.0,124551.0,141170.0
2025-06-20 10:45:34.760740,1090.0,124551.0,141170.0
2025-06-20 10:45:36.760642,1090.2,124551.0,141170.0
2025-06-20 10:45:39.671545,1090.2,124528.0,141047.0
2025-06-20 10:45:42.761181,1090.3,124528.0,141047.0
2025-06-20 10:45:45.281149,1090.3,124456.0,140746.0
2025-06-20 10:45:45.437146,1090.3,124456.0,140746.0
2025-06-20 10:45:46.165318,1090.3,124456.0,140746.0
2025-06-20 10:45:47.175859,1090.3,124456.0,140746.0
2025-06-20 10:45:48.236846,1090.3,124456.0,140746.0
2025-06-20 10:45:49.298193,1090.3,124456.0,140746.0
2025-06-20 10:45:50.596207,1090.3,122054.0,141195.0
2025-06-20 10:45:50.677037,1090.3,122054.0,141195.0
2025-06-20 10:45:50.754600,1090.3,122054.0,141195.0
2025-06-20 10:45:52.143487,1090.3,122054.0,141195.0
2025-06-20 10:45:52.751816,1090.1,122054.0,141195.0
2025-06-20 10:45:53.067300,1090.1,122054.0,141195.0
2025-06-20 10:45:54.632609,1090.1,122054.0,141195.0
2025-06-20 10:45:55.872643,1090.1,122054.0,141195.0
2025-06-20 10:45:56.288974,1090.0,124003.0,141367.0
2025-06-20 10:45:56.753932,1090.0,124003.0,141367.0
2025-06-20 10:45:57.165194,1090.0,124003.0,141367.0
2025-06-20 10:45:58.783999,1090.0,124003.0,141367.0
2025-06-20 10:46:01.690612,1090.0,124173.0,141110.0
2025-06-20 10:46:02.809664,1089.9,124173.0,141110.0
2025-06-20 10:46:06.782474,1090.0,124173.0,141110.0
2025-06-20 10:46:06.893103,1090.0,124152.0,141198.0
2025-06-20 10:46:08.761571,1090.0,124152.0,141198.0
2025-06-20 10:46:12.503882,1090.0,124285.0,140968.0
2025-06-20 10:46:17.800656,1090.0,124521.0,140976.0
2025-06-20 10:46:20.758570,1090.3,124521.0,140976.0
2025-06-20 10:46:23.410905,1089.8,123440.0,143032.0
2025-06-20 10:46:23.748476,1089.8,123440.0,143032.0
2025-06-20 10:46:28.763921,1089.5,123440.0,143032.0
2025-06-20 10:46:29.768640,1089.5,123555.0,142620.0
2025-06-20 10:46:32.755173,1089.8,123555.0,142620.0
2025-06-20 10:46:34.950202,1089.8,125224.0,142486.0
2025-06-20 10:46:35.760711,1089.8,125224.0,142486.0
2025-06-20 10:46:40.115552,1089.8,125228.0,142709.0
2025-06-20 10:46:41.755461,1089.5,125228.0,142709.0
2025-06-20 10:46:49.766924,1089.8,125228.0,142709.0
2025-06-20 10:46:50.935558,1089.8,125365.0,142877.0
2025-06-20 10:46:51.764481,1089.8,125365.0,142877.0
2025-06-20 10:46:56.226641,1089.8,125401.0,143024.0
2025-06-20 10:46:57.776633,1089.6,125401.0,143024.0
2025-06-20 10:47:01.466321,1089.8,125470.0,141941.0
2025-06-20 10:47:01.763752,1089.8,125470.0,141941.0
2025-06-20 10:47:05.771461,1089.6,125470.0,141941.0
2025-06-20 10:47:06.732100,1089.6,125331.0,142160.0
2025-06-20 10:47:12.076904,1089.6,125415.0,142156.0
2025-06-20 10:47:17.451566,1089.6,125521.0,142367.0
2025-06-20 10:47:19.787853,1089.5,125521.0,142367.0
2025-06-20 10:47:22.766522,1089.4,125521.0,142367.0
2025-06-20 10:47:23.577218,1089.4,124620.0,144879.0
2025-06-20 10:47:28.772195,1089.0,124620.0,144879.0
2025-06-20 10:47:29.584805,1089.0,124609.0,144421.0
2025-06-20 10:47:34.755544,1088.8,124609.0,144421.0
2025-06-20 10:47:35.149876,1088.8,123915.0,143496.0
2025-06-20 10:47:40.468539,1088.8,124024.0,144029.0
2025-06-20 10:47:43.758973,1088.8,124024.0,144029.0
2025-06-20 10:47:45.862141,1088.8,124060.0,143951.0
2025-06-20 10:47:51.267913,1089.0,124050.0,143350.0
2025-06-20 10:47:51.774368,1089.0,124050.0,143350.0
2025-06-20 10:47:53.770153,1088.9,124050.0,143350.0
2025-06-20 10:47:55.762068,1089.8,124050.0,143350.0
2025-06-20 10:48:01.765652,1089.2,124050.0,143350.0
2025-06-20 10:48:02.868903,1089.2,124366.0,143027.0
2025-06-20 10:48:03.772726,1089.0,124366.0,143027.0
2025-06-20 10:48:05.816911,1089.0,124366.0,143027.0
2025-06-20 10:48:08.519268,1089.0,124713.0,143342.0
2025-06-20 10:48:09.770096,1089.0,124713.0,143342.0
2025-06-20 10:48:11.765894,1089.0,124713.0,143342.0
2025-06-20 10:48:13.979184,1089.0,124731.0,143391.0
2025-06-20 10:48:15.783185,1089.0,124731.0,143391.0
2025-06-20 10:48:19.298158,1089.0,124876.0,144535.0
2025-06-20 10:48:19.770871,1089.0,124876.0,144535.0
2025-06-20 10:48:21.792064,1089.0,124876.0,144535.0
2025-06-20 10:48:23.782373,1089.0,124876.0,144535.0
2025-06-20 10:48:24.800509,1089.0,124728.0,143765.0
2025-06-20 10:48:29.771248,1089.0,124728.0,143765.0
2025-06-20 10:48:30.525954,1089.0,125614.0,143845.0
2025-06-20 10:48:33.766493,1089.3,125614.0,143845.0
2025-06-20 10:48:35.787953,1089.3,125614.0,143845.0
2025-06-20 10:48:35.990674,1089.3,125878.0,143666.0
2025-06-20 10:48:41.395532,1089.3,125828.0,143692.0
2025-06-20 10:48:43.781988,1089.2,125828.0,143692.0
2025-06-20 10:48:45.967064,1089.2,125828.0,143692.0
2025-06-20 10:48:46.350833,1089.2,125828.0,143692.0
2025-06-20 10:48:46.996069,1089.2,126184.0,143676.0
2025-06-20 10:48:47.084372,1089.2,126184.0,143676.0
2025-06-20 10:48:48.100338,1089.2,126184.0,143676.0
2025-06-20 10:48:49.315016,1089.2,126184.0,143676.0
2025-06-20 10:48:49.766636,1089.3,126184.0,143676.0
2025-06-20 10:48:49.879066,1089.3,126184.0,143676.0
2025-06-20 10:48:50.305479,1089.3,126184.0,143676.0
2025-06-20 10:48:51.266068,1089.3,126184.0,143676.0
2025-06-20 10:48:51.770634,1089.2,126184.0,143676.0
2025-06-20 10:48:52.408569,1089.2,125608.0,144325.0
2025-06-20 10:48:52.688925,1089.2,125608.0,144325.0
2025-06-20 10:48:53.606420,1089.2,125608.0,144325.0
2025-06-20 10:48:54.762022,1089.3,125608.0,144325.0
2025-06-20 10:48:55.167933,1089.3,125608.0,144325.0
2025-06-20 10:48:56.458272,1089.3,125608.0,144325.0
2025-06-20 10:48:57.706318,1089.3,125608.0,144325.0
2025-06-20 10:48:57.909238,1089.3,125552.0,144225.0
2025-06-20 10:48:59.319951,1089.3,125552.0,144225.0
2025-06-20 10:48:59.775495,1089.3,125552.0,144225.0
2025-06-20 10:49:03.435232,1089.3,125644.0,144103.0
2025-06-20 10:49:06.764165,1089.3,125644.0,144103.0
2025-06-20 10:49:09.213322,1089.2,125597.0,144127.0
2025-06-20 10:49:09.762184,1089.2,125597.0,144127.0
2025-06-20 10:49:14.817354,1089.2,125631.0,144093.0
2025-06-20 10:49:15.763137,1089.3,125631.0,144093.0
2025-06-20 10:49:18.765174,1089.3,125631.0,144093.0
2025-06-20 10:49:20.223736,1089.3,125728.0,143970.0
2025-06-20 10:49:20.770009,1089.3,125728.0,143970.0
2025-06-20 10:49:24.770935,1089.3,125728.0,143970.0
2025-06-20 10:49:25.725184,1089.3,126280.0,144413.0
2025-06-20 10:49:30.783479,1089.2,126280.0,144413.0
2025-06-20 10:49:31.560966,1089.2,126263.0,144119.0
2025-06-20 10:49:32.797410,1089.2,126263.0,144119.0
2025-06-20 10:49:34.775216,1089.3,126263.0,144119.0
2025-06-20 10:49:37.131807,1089.3,126471.0,144605.0
2025-06-20 10:49:38.779370,1089.3,126471.0,144605.0
2025-06-20 10:49:42.447166,1089.3,125891.0,144692.0
2025-06-20 10:49:47.742084,1089.3,126587.0,144583.0
2025-06-20 10:49:50.800373,1089.3,126587.0,144583.0
2025-06-20 10:49:52.769879,1089.3,126587.0,144583.0
2025-06-20 10:49:53.141822,1089.3,126551.0,144464.0
2025-06-20 10:49:56.843841,1089.3,126551.0,144464.0
2025-06-20 10:49:58.369546,1089.3,125953.0,144064.0
2025-06-20 10:49:58.815514,1089.5,125953.0,144064.0
2025-06-20 10:50:00.828604,1089.4,125953.0,144064.0
2025-06-20 10:50:02.804239,1089.6,125953.0,144064.0
2025-06-20 10:50:03.653973,1089.6,126976.0,141757.0
2025-06-20 10:50:04.832274,1089.7,126976.0,141757.0
2025-06-20 10:50:12.802401,1090.0,126976.0,141757.0
2025-06-20 10:50:14.166264,1090.0,126546.0,141553.0
2025-06-20 10:50:16.981444,1089.6,126546.0,141553.0
2025-06-20 10:50:18.812095,1089.7,126546.0,141553.0
2025-06-20 10:50:19.975516,1090.0,127087.0,141826.0
2025-06-20 10:50:20.839084,1090.0,127087.0,141826.0
2025-06-20 10:50:22.821353,1090.0,127087.0,141826.0
2025-06-20 10:50:25.010864,1090.0,127087.0,141826.0
2025-06-20 10:50:25.268022,1090.0,127615.0,140148.0
2025-06-20 10:50:26.881924,1090.1,127615.0,140148.0
2025-06-20 10:50:29.014106,1090.4,127615.0,140148.0
2025-06-20 10:50:30.595961,1090.5,127266.0,139796.0
2025-06-20 10:50:30.833865,1090.5,127266.0,139796.0
2025-06-20 10:50:32.824896,1089.6,127266.0,139796.0
2025-06-20 10:50:34.836734,1089.0,127266.0,139796.0
2025-06-20 10:50:36.095801,1089.0,124592.0,145325.0
2025-06-20 10:50:41.002314,1088.9,124592.0,145325.0
2025-06-20 10:50:41.683877,1088.9,123119.0,148171.0
2025-06-20 10:50:43.826226,1089.0,123119.0,148171.0
2025-06-20 10:50:47.011168,1089.0,123119.0,148171.0
2025-06-20 10:50:47.384555,1089.0,123834.0,147125.0
2025-06-20 10:50:50.788557,1088.9,123834.0,147125.0
2025-06-20 10:50:52.837287,1089.0,123834.0,147125.0
2025-06-20 10:50:52.837915,1089.0,123947.0,147118.0
2025-06-20 10:50:58.195534,1089.0,124049.0,147046.0
2025-06-20 10:51:03.500946,1089.0,123997.0,147018.0
2025-06-20 10:51:04.791796,1089.0,123997.0,147018.0
2025-06-20 10:51:06.789722,1088.9,123997.0,147018.0
2025-06-20 10:51:08.776263,1089.0,123997.0,147018.0
2025-06-20 10:51:09.107107,1089.0,124034.0,147067.0
2025-06-20 10:51:12.830285,1088.9,124034.0,147067.0
2025-06-20 10:51:14.508558,1089.0,124189.0,146939.0
2025-06-20 10:51:14.839417,1089.0,124189.0,146939.0
2025-06-20 10:51:16.793319,1089.1,124189.0,146939.0
2025-06-20 10:51:18.818324,1088.9,124189.0,146939.0
2025-06-20 10:51:19.824832,1089.1,124623.0,145578.0
2025-06-20 10:51:20.809584,1089.1,124623.0,145578.0
2025-06-20 10:51:24.797263,1089.1,124623.0,145578.0
2025-06-20 10:51:25.448571,1089.1,124358.0,145442.0
2025-06-20 10:51:28.835104,1089.1,124358.0,145442.0
2025-06-20 10:51:30.835256,1089.1,124753.0,145164.0
2025-06-20 10:51:32.793424,1089.0,124753.0,145164.0
2025-06-20 10:51:34.796572,1089.1,124753.0,145164.0
2025-06-20 10:51:36.517937,1089.0,124856.0,145478.0
2025-06-20 10:51:36.788716,1089.0,124856.0,145478.0
2025-06-20 10:51:41.956193,1089.0,124685.0,145070.0
2025-06-20 10:51:44.819365,1089.2,124685.0,145070.0
2025-06-20 10:51:46.460660,1089.2,124685.0,145070.0
2025-06-20 10:51:46.798363,1089.4,124685.0,145070.0
2025-06-20 10:51:46.847294,1089.4,124685.0,145070.0
2025-06-20 10:51:47.181358,1089.4,124685.0,145070.0
2025-06-20 10:51:47.633531,1089.4,125002.0,143493.0
2025-06-20 10:51:47.913189,1089.4,125002.0,143493.0
2025-06-20 10:51:48.201243,1089.4,125002.0,143493.0
2025-06-20 10:51:49.275506,1089.4,125002.0,143493.0
2025-06-20 10:51:50.324704,1089.4,125002.0,143493.0
2025-06-20 10:51:50.783137,1089.7,125002.0,143493.0
2025-06-20 10:51:51.764760,1089.7,125002.0,143493.0
2025-06-20 10:51:53.273512,1089.7,125002.0,143493.0
2025-06-20 10:51:53.446189,1089.7,124289.0,144439.0
2025-06-20 10:51:54.026909,1089.7,124289.0,144439.0
2025-06-20 10:51:55.617085,1089.7,124289.0,144439.0
2025-06-20 10:51:56.804798,1089.5,124289.0,144439.0
2025-06-20 10:51:56.838336,1089.5,124289.0,144439.0
2025-06-20 10:51:58.101264,1089.5,124289.0,144439.0
2025-06-20 10:51:58.797668,1089.5,124289.0,144439.0
2025-06-20 10:51:59.238829,1089.5,124772.0,144394.0
2025-06-20 10:51:59.718066,1089.5,124772.0,144394.0
2025-06-20 10:52:02.812617,1089.5,124772.0,144394.0
2025-06-20 10:52:05.062697,1089.5,125559.0,142114.0
2025-06-20 10:52:06.803387,1089.4,125559.0,142114.0
2025-06-20 10:52:08.811214,1089.5,125559.0,142114.0
2025-06-20 10:52:10.641908,1089.4,125588.0,141876.0
2025-06-20 10:52:10.805986,1089.4,125588.0,141876.0
2025-06-20 10:52:14.800563,1089.8,125588.0,141876.0
2025-06-20 10:52:16.243591,1089.8,125672.0,142037.0
2025-06-20 10:52:18.827559,1089.4,125672.0,142037.0
2025-06-20 10:52:21.851884,1089.4,125632.0,141946.0
2025-06-20 10:52:22.787780,1089.4,125632.0,141946.0
2025-06-20 10:52:27.251721,1089.4,125680.0,142327.0
2025-06-20 10:52:32.472704,1089.4,125690.0,142058.0
2025-06-20 10:52:34.837268,1090.0,125690.0,142058.0
2025-06-20 10:52:36.799889,1090.0,125690.0,142058.0
2025-06-20 10:52:38.095525,1090.0,125794.0,138871.0
2025-06-20 10:52:38.791818,1089.9,125794.0,138871.0
2025-06-20 10:52:42.837533,1090.0,125794.0,138871.0
2025-06-20 10:52:43.657491,1090.0,126267.0,139382.0
2025-06-20 10:52:46.800623,1090.0,126267.0,139382.0
2025-06-20 10:52:48.868807,1090.0,126393.0,139189.0
2025-06-20 10:52:50.786379,1090.1,126393.0,139189.0
2025-06-20 10:52:54.377596,1090.1,126844.0,137841.0
2025-06-20 10:52:54.895011,1090.1,126844.0,137841.0
2025-06-20 10:52:56.800750,1089.9,126844.0,137841.0
2025-06-20 10:52:58.800138,1091.0,126844.0,137841.0
2025-06-20 10:52:59.678310,1090.5,127668.0,134523.0
2025-06-20 10:53:00.792304,1091.1,127668.0,134523.0
2025-06-20 10:53:02.796615,1090.5,127668.0,134523.0
2025-06-20 10:53:05.483228,1090.5,127720.0,135174.0
2025-06-20 10:53:06.787494,1091.1,127720.0,135174.0
2025-06-20 10:53:10.792731,1090.8,127720.0,135174.0
2025-06-20 10:53:11.594941,1091.1,127697.0,135123.0
2025-06-20 10:53:12.807689,1091.1,127697.0,135123.0
2025-06-20 10:53:20.807378,1090.8,127697.0,135123.0
2025-06-20 10:53:22.812294,1090.8,127697.0,135123.0
2025-06-20 10:53:22.988242,1090.8,127712.0,135213.0
2025-06-20 10:53:24.788138,1091.0,127712.0,135213.0
2025-06-20 10:53:28.490876,1091.0,127921.0,134750.0
2025-06-20 10:53:28.790526,1091.0,127921.0,134750.0
2025-06-20 10:53:30.789736,1091.0,127921.0,134750.0
2025-06-20 10:53:32.790463,1091.0,127921.0,134750.0
2025-06-20 10:53:34.000885,1091.0,128286.0,134347.0
2025-06-20 10:53:34.790532,1091.1,128286.0,134347.0
2025-06-20 10:53:36.796803,1091.1,128286.0,134347.0
2025-06-20 10:53:38.791788,1091.4,128286.0,134347.0
2025-06-20 10:53:39.503060,1091.4,128563.0,133499.0
2025-06-20 10:53:42.870774,1091.5,128563.0,133499.0
2025-06-20 10:53:44.792903,1091.0,128563.0,133499.0
2025-06-20 10:53:44.914754,1091.0,128566.0,134664.0
2025-06-20 10:53:46.794854,1091.5,128566.0,134664.0
2025-06-20 10:53:50.308516,1091.5,127949.0,134172.0
2025-06-20 10:53:50.840328,1091.5,127949.0,134172.0
2025-06-20 10:53:52.805107,1091.5,127949.0,134172.0
2025-06-20 10:53:54.810206,1091.2,127949.0,134172.0
2025-06-20 10:53:55.940274,1091.2,128105.0,135752.0
2025-06-20 10:53:56.806945,1091.2,128105.0,135752.0
2025-06-20 10:53:58.802071,1091.2,128105.0,135752.0
2025-06-20 10:54:00.807779,1091.2,128105.0,135752.0
2025-06-20 10:54:01.519083,1091.2,127893.0,136306.0
2025-06-20 10:54:07.231318,1091.2,127990.0,136161.0
2025-06-20 10:54:08.811971,1091.2,127990.0,136161.0
2025-06-20 10:54:10.794986,1091.5,127990.0,136161.0
2025-06-20 10:54:12.737267,1091.2,128295.0,135687.0
2025-06-20 10:54:12.800085,1091.2,128295.0,135687.0
2025-06-20 10:54:14.793334,1091.1,128295.0,135687.0
2025-06-20 10:54:17.932024,1091.1,127831.0,135915.0
2025-06-20 10:54:18.811258,1091.2,127831.0,135915.0
2025-06-20 10:54:20.792527,1091.2,127831.0,135915.0
2025-06-20 10:54:22.808428,1091.1,127831.0,135915.0
2025-06-20 10:54:23.226592,1091.1,127943.0,135247.0
2025-06-20 10:54:26.801819,1091.1,127943.0,135247.0
2025-06-20 10:54:28.539063,1091.1,127908.0,135314.0
2025-06-20 10:54:28.813456,1091.1,127908.0,135314.0
2025-06-20 10:54:30.802165,1091.1,127908.0,135314.0
2025-06-20 10:54:33.944567,1091.1,127769.0,135692.0
2025-06-20 10:54:34.809926,1091.1,127769.0,135692.0
2025-06-20 10:54:38.792409,1091.2,127769.0,135692.0
2025-06-20 10:54:39.338853,1091.2,129202.0,135518.0
2025-06-20 10:54:42.803995,1091.3,129202.0,135518.0
2025-06-20 10:54:44.809118,1091.3,129202.0,135518.0
2025-06-20 10:54:44.841158,1091.3,129359.0,135148.0
2025-06-20 10:54:46.827884,1091.5,129359.0,135148.0
2025-06-20 10:54:47.340528,1091.5,129359.0,135148.0
2025-06-20 10:54:48.248038,1091.5,129359.0,135148.0
2025-06-20 10:54:48.836407,1091.5,129359.0,135148.0
2025-06-20 10:54:48.855061,1091.5,129359.0,135148.0
2025-06-20 10:54:49.276625,1091.5,129359.0,135148.0
2025-06-20 10:54:50.358657,1091.9,129286.0,134783.0
2025-06-20 10:54:50.613688,1091.9,129286.0,134783.0
2025-06-20 10:54:50.813362,1091.9,129286.0,134783.0
2025-06-20 10:54:51.155271,1091.9,129286.0,134783.0
2025-06-20 10:54:52.516407,1091.9,129286.0,134783.0
2025-06-20 10:54:52.804604,1091.3,129286.0,134783.0
2025-06-20 10:54:53.882579,1091.3,129286.0,134783.0
2025-06-20 10:54:54.852894,1091.3,129286.0,134783.0
2025-06-20 10:54:55.652762,1091.3,128440.0,137279.0
2025-06-20 10:54:56.414509,1091.3,128440.0,137279.0
2025-06-20 10:54:57.684845,1091.3,128440.0,137279.0
2025-06-20 10:54:58.809843,1091.0,128440.0,137279.0
2025-06-20 10:54:58.989492,1091.0,128440.0,137279.0
2025-06-20 10:55:00.600094,1091.0,128440.0,137279.0
2025-06-20 10:55:00.854932,1091.0,128491.0,136953.0
2025-06-20 10:55:04.799959,1091.3,128491.0,136953.0
2025-06-20 10:55:06.596476,1091.4,128483.0,137010.0
2025-06-20 10:55:06.850837,1091.4,128483.0,137010.0
2025-06-20 10:55:08.811883,1091.1,128483.0,137010.0
2025-06-20 10:55:12.161666,1091.1,128298.0,138393.0
2025-06-20 10:55:14.819332,1091.1,128298.0,138393.0
2025-06-20 10:55:16.820631,1091.1,128298.0,138393.0
2025-06-20 10:55:17.968251,1091.1,128296.0,138658.0
2025-06-20 10:55:18.822825,1091.1,128296.0,138658.0
2025-06-20 10:55:23.376686,1091.1,128226.0,138725.0
2025-06-20 10:55:26.799522,1091.0,128226.0,138725.0
2025-06-20 10:55:28.801064,1091.2,128226.0,138725.0
2025-06-20 10:55:29.188694,1091.2,128337.0,138706.0
2025-06-20 10:55:34.807648,1091.2,128337.0,138706.0
2025-06-20 10:55:34.979251,1091.2,128367.0,138544.0
2025-06-20 10:55:40.288462,1091.2,128488.0,138480.0
2025-06-20 10:55:40.808990,1091.2,128488.0,138480.0
2025-06-20 10:55:45.489963,1091.2,128489.0,138260.0
2025-06-20 10:55:50.801167,1091.2,127935.0,138019.0
2025-06-20 10:55:50.802098,1091.2,127935.0,138019.0
2025-06-20 10:55:53.314868,1091.1,127935.0,138019.0
2025-06-20 10:55:55.837081,1091.1,128002.0,138047.0
2025-06-20 10:56:00.697278,1091.1,127828.0,138332.0
2025-06-20 10:56:04.804641,1091.2,127828.0,138332.0
2025-06-20 10:56:05.902990,1091.2,127893.0,138407.0
2025-06-20 10:56:11.122414,1091.2,127794.0,138056.0
2025-06-20 10:56:12.809000,1091.2,127794.0,138056.0
2025-06-20 10:56:16.304785,1091.2,127963.0,138191.0
2025-06-20 10:56:20.801924,1091.2,127963.0,138191.0
2025-06-20 10:56:21.511200,1091.2,128056.0,138094.0
2025-06-20 11:07:08.574830,1089.9,120143.0,140935.0
2025-06-20 11:07:08.861473,1089.9,120143.0,140935.0
2025-06-20 11:07:09.158581,1089.9,120098.0,140924.0
2025-06-20 12:03:29.513606,1091.5,120189.0,139823.0
2025-06-20 12:03:30.083081,1091.5,120074.0,139790.0
2025-06-20 12:03:31.095080,1091.5,120093.0,139724.0
2025-06-20 12:03:32.072295,1091.6,120093.0,139724.0
2025-06-20 12:03:32.108816,1091.6,121009.0,140922.0
2025-06-20 12:03:33.169919,1091.6,120972.0,140962.0
2025-06-20 12:03:34.213951,1091.5,120972.0,140962.0
2025-06-20 12:03:34.222545,1091.5,120949.0,140912.0
2025-06-20 12:03:35.120786,1091.6,120949.0,140912.0
2025-06-20 12:03:35.171026,1091.6,121443.0,139487.0
2025-06-20 12:03:36.175541,1091.6,121401.0,139649.0
2025-06-20 12:03:37.078284,1091.7,121401.0,139649.0
2025-06-20 12:03:37.677124,1091.7,121542.0,139681.0
2025-06-20 12:03:38.087858,1091.7,121542.0,139681.0
2025-06-20 12:03:38.773871,1091.6,120855.0,139723.0
2025-06-20 12:03:39.072940,1091.6,120855.0,139723.0
2025-06-20 12:03:39.879700,1091.6,120908.0,139723.0
2025-06-20 12:03:41.193819,1091.6,120922.0,139851.0
2025-06-20 12:03:42.012008,1091.7,120017.0,139889.0
2025-06-20 12:03:42.083183,1091.7,120017.0,139889.0
2025-06-20 12:03:43.119802,1091.7,119999.0,139901.0
2025-06-20 12:03:43.991398,1091.6,119973.0,139944.0
2025-06-20 12:03:44.072608,1091.6,119973.0,139944.0
2025-06-20 12:03:45.089012,1091.6,119974.0,140017.0
2025-06-20 12:03:46.083184,1091.6,119974.0,140017.0
2025-06-20 12:03:47.020241,1091.6,119880.0,140033.0
2025-06-20 12:03:47.074446,1091.6,119880.0,140033.0
2025-06-20 12:03:48.126759,1091.6,120957.0,139790.0
2025-06-20 12:03:49.076795,1091.8,120100.0,139557.0
2025-06-20 12:03:49.078553,1091.8,120100.0,139557.0
2025-06-20 12:03:49.992769,1091.8,120141.0,139182.0
2025-06-20 12:03:51.079762,1091.6,120141.0,139182.0
2025-06-20 12:03:51.108139,1091.6,120121.0,139180.0
2025-06-20 12:03:52.004342,1091.7,120337.0,139202.0
2025-06-20 12:03:52.082001,1091.7,120337.0,139202.0
2025-06-20 12:03:53.016594,1091.7,120299.0,140116.0
2025-06-20 12:03:54.029916,1091.4,121011.0,141027.0
2025-06-20 12:03:54.082750,1091.4,121011.0,141027.0
2025-06-20 12:03:55.012302,1091.4,119418.0,140747.0
2025-06-20 12:03:56.091661,1091.4,119352.0,140977.0
2025-06-20 12:03:57.071298,1091.7,119352.0,140977.0
2025-06-20 12:03:57.185996,1091.7,119531.0,141242.0
2025-06-20 12:03:58.068316,1091.7,119531.0,141242.0
2025-06-20 12:03:58.379811,1091.7,119531.0,141242.0
2025-06-20 12:03:58.686571,1091.4,119555.0,141249.0
2025-06-20 12:03:59.061431,1091.4,119555.0,141249.0
2025-06-20 12:03:59.078287,1091.4,119555.0,141249.0
2025-06-20 12:03:59.387975,1091.4,119555.0,141249.0
2025-06-20 12:03:59.786930,1091.4,119565.0,141249.0
2025-06-20 12:03:59.897822,1091.4,119565.0,141249.0
2025-06-20 12:04:00.302789,1091.4,119565.0,141249.0
2025-06-20 12:04:01.118746,1091.4,119565.0,141249.0
2025-06-20 12:04:01.392693,1091.7,119531.0,141248.0
2025-06-20 12:04:01.831118,1091.7,119531.0,141248.0
2025-06-20 12:04:02.083878,1091.7,119531.0,141248.0
2025-06-20 12:04:02.304507,1091.7,119531.0,141248.0
2025-06-20 12:04:03.338256,1091.7,119531.0,141248.0
2025-06-20 12:04:04.330996,1091.7,119531.0,141248.0
2025-06-20 12:04:05.654346,1091.7,119531.0,141248.0
2025-06-20 12:04:06.597840,1091.4,119566.0,140848.0
2025-06-20 12:04:06.684260,1091.4,119566.0,140848.0
2025-06-20 12:04:08.135336,1091.4,119566.0,140848.0
2025-06-20 12:04:08.298728,1091.4,119566.0,140848.0
2025-06-20 12:04:09.639140,1091.4,119566.0,140848.0
2025-06-20 12:04:10.090296,1091.8,119566.0,140848.0
2025-06-20 12:04:10.958361,1091.8,119566.0,140848.0
2025-06-20 12:04:12.087964,1091.8,119566.0,140848.0
2025-06-20 12:04:12.104230,1091.8,119993.0,140340.0
2025-06-20 12:04:12.739327,1091.8,119993.0,140340.0
2025-06-20 12:04:14.083619,1091.4,119993.0,140340.0
2025-06-20 12:04:17.026435,1091.8,120399.0,139809.0
2025-06-20 12:04:18.079529,1091.8,120399.0,139809.0
2025-06-20 12:04:22.092524,1091.8,120399.0,139809.0
2025-06-20 12:04:22.102237,1091.8,120485.0,140300.0
