timestamp,ltp,bid_qty,ask_qty
2025-06-20 10:10:48.216806,151.03,1685187.0,2364979.0
2025-06-20 10:10:48.590701,151.02,1685187.0,2364979.0
2025-06-20 10:10:50.586482,151.03,1685187.0,2364979.0
2025-06-20 10:10:52.364650,151.02,1685893.0,2365195.0
2025-06-20 10:10:52.589593,151.02,1685893.0,2365195.0
2025-06-20 10:10:54.591831,151.03,1685893.0,2365195.0
2025-06-20 10:10:56.592352,151.02,1685893.0,2365195.0
2025-06-20 10:10:57.967333,151.02,1690697.0,2371503.0
2025-06-20 10:10:58.608789,151.02,1690697.0,2371503.0
2025-06-20 10:11:00.613381,151.02,1690697.0,2371503.0
2025-06-20 10:11:02.597157,151.03,1690697.0,2371503.0
2025-06-20 10:11:03.370568,151.02,1682262.0,2377053.0
2025-06-20 10:11:04.596857,151.03,1682262.0,2377053.0
2025-06-20 10:11:06.604844,151.03,1682262.0,2377053.0
2025-06-20 10:11:08.601265,151.03,1682262.0,2377053.0
2025-06-20 10:11:09.477725,151.02,1688635.0,2354999.0
2025-06-20 10:11:10.643806,151.07,1688635.0,2354999.0
2025-06-20 10:11:12.870213,151.06,1688635.0,2354999.0
2025-06-20 10:11:14.679989,151.05,1688635.0,2354999.0
2025-06-20 10:11:15.279516,151.05,1698124.0,2355851.0
2025-06-20 10:11:16.652155,151.05,1698124.0,2355851.0
2025-06-20 10:11:19.261428,151.05,1698124.0,2355851.0
2025-06-20 10:11:20.581169,151.0,1681419.0,2379954.0
2025-06-20 10:11:20.597879,151.0,1681419.0,2379954.0
2025-06-20 10:11:22.663921,150.94,1681419.0,2379954.0
2025-06-20 10:11:24.643321,151.02,1681419.0,2379954.0
2025-06-20 10:11:26.283865,151.04,1687249.0,2353002.0
2025-06-20 10:11:26.874833,150.98,1687249.0,2353002.0
2025-06-20 10:11:28.872316,151.04,1687249.0,2353002.0
2025-06-20 10:11:30.613251,151.04,1687249.0,2353002.0
2025-06-20 10:11:31.401530,151.04,1682863.0,2361355.0
2025-06-20 10:11:32.602820,151.04,1682863.0,2361355.0
2025-06-20 10:11:36.601457,150.96,1682863.0,2361355.0
2025-06-20 10:11:36.906760,150.96,1685989.0,2374445.0
2025-06-20 10:11:38.592340,151.02,1685989.0,2374445.0
2025-06-20 10:11:40.594830,151.03,1685989.0,2374445.0
2025-06-20 10:11:42.594052,151.02,1685989.0,2374445.0
2025-06-20 10:11:42.998966,150.99,1686169.0,2382606.0
2025-06-20 10:11:44.595086,150.99,1686169.0,2382606.0
2025-06-20 10:11:46.589499,151.01,1686169.0,2382606.0
2025-06-20 10:11:48.594619,151.01,1686169.0,2382606.0
2025-06-20 10:11:48.931737,151.01,1695110.0,2371425.0
2025-06-20 10:11:50.597913,151.02,1695110.0,2371425.0
2025-06-20 10:11:52.601765,151.02,1695110.0,2371425.0
2025-06-20 10:11:54.594636,151.03,1695110.0,2371425.0
2025-06-20 10:11:54.710129,151.03,1689720.0,2364293.0
2025-06-20 10:11:56.591333,151.03,1689720.0,2364293.0
2025-06-20 10:12:00.715673,151.12,1760842.0,2248651.0
2025-06-20 10:12:01.612118,151.11,1760842.0,2248651.0
2025-06-20 10:12:05.603966,151.13,1760842.0,2248651.0
2025-06-20 10:12:07.424287,151.15,1765106.0,2263399.0
2025-06-20 10:12:08.600549,151.2,1765106.0,2263399.0
2025-06-20 10:12:11.607644,151.2,1765106.0,2263399.0
2025-06-20 10:12:14.014512,151.19,1786830.0,2258486.0
2025-06-20 10:12:14.642077,151.2,1786830.0,2258486.0
2025-06-20 10:12:17.608315,151.2,1786830.0,2258486.0
2025-06-20 10:12:20.219435,151.24,1786847.0,2263491.0
2025-06-20 10:12:20.628455,151.2,1786847.0,2263491.0
2025-06-20 10:12:23.599045,151.21,1786847.0,2263491.0
2025-06-20 10:12:26.455917,151.21,1811245.0,2249071.0
2025-06-20 10:12:26.618512,151.21,1811245.0,2249071.0
2025-06-20 10:12:28.598153,151.21,1811245.0,2249071.0
2025-06-20 10:12:30.600600,151.25,1811245.0,2249071.0
2025-06-20 10:12:32.614659,151.21,1811245.0,2249071.0
2025-06-20 10:12:32.644084,151.21,1807631.0,2254906.0
2025-06-20 10:12:34.602686,151.26,1807631.0,2254906.0
2025-06-20 10:12:36.610116,151.25,1807631.0,2254906.0
2025-06-20 10:12:38.531109,151.29,1850385.0,2274926.0
2025-06-20 10:12:38.606306,151.29,1850385.0,2274926.0
2025-06-20 10:12:40.510004,151.29,1850385.0,2274926.0
2025-06-20 10:12:40.601092,151.29,1850385.0,2274926.0
2025-06-20 10:12:40.887050,151.29,1850385.0,2274926.0
2025-06-20 10:12:41.129832,151.29,1850385.0,2274926.0
2025-06-20 10:12:42.283039,151.29,1850385.0,2274926.0
2025-06-20 10:12:42.598191,151.25,1850385.0,2274926.0
2025-06-20 10:12:42.946705,151.25,1850385.0,2274926.0
2025-06-20 10:12:43.412397,151.25,1850385.0,2274926.0
2025-06-20 10:12:44.622991,151.25,1850385.0,2274926.0
2025-06-20 10:12:44.664773,151.29,1850953.0,2277164.0
2025-06-20 10:12:44.677177,151.29,1850953.0,2277164.0
2025-06-20 10:12:45.309097,151.29,1850953.0,2277164.0
2025-06-20 10:12:46.610809,151.29,1850953.0,2277164.0
2025-06-20 10:12:46.647293,151.29,1850953.0,2277164.0
2025-06-20 10:12:47.654256,151.29,1850953.0,2277164.0
2025-06-20 10:12:48.603667,151.29,1850953.0,2277164.0
2025-06-20 10:12:49.145584,151.29,1850953.0,2277164.0
2025-06-20 10:12:50.240776,151.25,1843416.0,2275318.0
2025-06-20 10:12:50.469977,151.25,1843416.0,2275318.0
2025-06-20 10:12:50.600268,151.29,1843416.0,2275318.0
2025-06-20 10:12:51.665703,151.29,1843416.0,2275318.0
2025-06-20 10:12:52.610596,151.25,1843416.0,2275318.0
2025-06-20 10:12:53.251254,151.25,1843416.0,2275318.0
2025-06-20 10:12:54.610754,151.25,1843416.0,2275318.0
2025-06-20 10:12:56.144250,151.25,1833753.0,2270913.0
2025-06-20 10:12:56.608709,151.25,1833753.0,2270913.0
2025-06-20 10:12:58.603624,151.29,1833753.0,2270913.0
2025-06-20 10:13:00.596009,151.29,1833753.0,2270913.0
2025-06-20 10:13:01.665288,151.29,1848410.0,2274927.0
2025-06-20 10:13:02.605103,151.29,1848410.0,2274927.0
2025-06-20 10:13:04.606475,151.29,1848410.0,2274927.0
2025-06-20 10:13:06.605742,151.29,1848410.0,2274927.0
2025-06-20 10:13:07.255220,151.29,1847218.0,2277034.0
2025-06-20 10:13:08.608895,151.29,1847218.0,2277034.0
2025-06-20 10:13:10.610779,151.29,1847218.0,2277034.0
2025-06-20 10:13:12.603754,151.29,1847218.0,2277034.0
2025-06-20 10:13:13.059249,151.26,1852089.0,2260296.0
2025-06-20 10:13:14.607610,151.29,1852089.0,2260296.0
2025-06-20 10:13:16.612038,151.29,1852089.0,2260296.0
2025-06-20 10:13:18.605034,151.29,1852089.0,2260296.0
2025-06-20 10:13:18.878140,151.29,1866486.0,2246910.0
2025-06-20 10:13:20.606611,151.29,1866486.0,2246910.0
2025-06-20 10:13:22.611964,151.29,1866486.0,2246910.0
2025-06-20 10:13:24.610265,151.29,1866486.0,2246910.0
2025-06-20 10:13:25.163966,151.29,1863989.0,2251699.0
2025-06-20 10:13:28.601036,151.25,1863989.0,2251699.0
2025-06-20 10:13:30.605238,151.28,1863989.0,2251699.0
2025-06-20 10:13:31.374865,151.28,1853851.0,2273931.0
2025-06-20 10:13:32.619759,151.25,1853851.0,2273931.0
2025-06-20 10:13:34.601676,151.25,1853851.0,2273931.0
2025-06-20 10:13:36.609761,151.28,1853851.0,2273931.0
2025-06-20 10:13:37.571494,151.25,1857812.0,2258696.0
2025-06-20 10:13:38.599319,151.28,1857812.0,2258696.0
2025-06-20 10:13:40.607099,151.28,1857812.0,2258696.0
2025-06-20 10:13:43.687179,151.28,1857519.0,2259933.0
2025-06-20 10:13:44.619549,151.25,1857519.0,2259933.0
2025-06-20 10:13:46.602719,151.28,1857519.0,2259933.0
2025-06-20 10:13:49.282294,151.28,1838835.0,2260188.0
2025-06-20 10:13:50.616581,151.28,1838835.0,2260188.0
2025-06-20 10:13:52.615197,151.28,1838835.0,2260188.0
2025-06-20 10:13:54.602101,151.28,1838835.0,2260188.0
2025-06-20 10:13:54.791249,151.28,1856221.0,2268084.0
2025-06-20 10:13:56.609707,151.25,1856221.0,2268084.0
2025-06-20 10:13:58.621850,151.27,1856221.0,2268084.0
2025-06-20 10:14:00.589672,151.25,1854374.0,2269068.0
2025-06-20 10:14:00.605270,151.25,1854374.0,2269068.0
2025-06-20 10:14:02.656435,151.25,1854374.0,2269068.0
2025-06-20 10:14:04.610655,151.25,1854374.0,2269068.0
2025-06-20 10:14:06.194367,151.27,1856167.0,2269807.0
2025-06-20 10:14:06.620462,151.25,1856167.0,2269807.0
2025-06-20 10:14:10.606012,151.27,1856167.0,2269807.0
2025-06-20 10:14:11.920174,151.24,1853889.0,2270596.0
2025-06-20 10:14:12.614263,151.25,1853889.0,2270596.0
2025-06-20 10:14:14.611809,151.25,1853889.0,2270596.0
2025-06-20 10:14:16.606434,151.29,1853889.0,2270596.0
2025-06-20 10:14:17.801669,151.27,1860733.0,2272738.0
2025-06-20 10:14:18.604831,151.27,1860733.0,2272738.0
2025-06-20 10:14:20.609545,151.29,1860733.0,2272738.0
2025-06-20 10:14:22.611872,151.27,1860733.0,2272738.0
2025-06-20 10:14:23.618060,151.27,1860313.0,2274312.0
2025-06-20 10:14:24.615958,151.28,1860313.0,2274312.0
2025-06-20 10:14:26.606371,151.25,1860313.0,2274312.0
2025-06-20 10:14:28.602074,151.29,1860313.0,2274312.0
2025-06-20 10:14:29.705288,151.29,1855852.0,2277721.0
2025-06-20 10:14:30.612003,151.21,1855852.0,2277721.0
2025-06-20 10:14:34.660355,151.21,1855852.0,2277721.0
2025-06-20 10:14:35.422331,151.27,1848716.0,2285955.0
2025-06-20 10:14:36.626564,151.27,1848716.0,2285955.0
2025-06-20 10:14:38.608738,151.22,1848716.0,2285955.0
2025-06-20 10:14:40.606201,151.27,1848716.0,2285955.0
2025-06-20 10:14:40.919304,151.27,1839097.0,2294803.0
2025-06-20 10:14:42.612816,151.27,1839097.0,2294803.0
2025-06-20 10:14:44.613639,151.26,1839097.0,2294803.0
2025-06-20 10:14:46.651057,151.26,1839135.0,2299676.0
2025-06-20 10:14:48.606835,151.22,1839135.0,2299676.0
2025-06-20 10:14:50.604815,151.26,1839135.0,2299676.0
2025-06-20 10:14:52.554702,151.26,1840061.0,2297523.0
2025-06-20 10:14:52.606647,151.26,1840061.0,2297523.0
2025-06-20 10:14:54.615619,151.25,1840061.0,2297523.0
2025-06-20 10:14:56.605145,151.26,1840061.0,2297523.0
2025-06-20 10:14:58.546625,151.23,1855047.0,2279862.0
2025-06-20 10:14:58.607834,151.23,1855047.0,2279862.0
2025-06-20 10:15:00.606762,151.26,1855047.0,2279862.0
2025-06-20 10:15:02.611381,151.26,1855047.0,2279862.0
2025-06-20 10:15:04.610192,151.27,1855047.0,2279862.0
2025-06-20 10:15:04.730241,151.27,1867523.0,2275905.0
2025-06-20 10:15:06.612841,151.3,1867523.0,2275905.0
2025-06-20 10:15:08.608593,151.3,1867523.0,2275905.0
2025-06-20 10:15:10.612383,151.27,1867523.0,2275905.0
2025-06-20 10:15:11.236055,151.3,1875520.0,2256950.0
2025-06-20 10:15:12.607890,151.3,1875520.0,2256950.0
2025-06-20 10:15:14.605843,151.27,1875520.0,2256950.0
2025-06-20 10:15:16.615173,151.35,1875520.0,2256950.0
2025-06-20 10:15:17.542305,151.35,1889343.0,2226858.0
2025-06-20 10:15:18.612032,151.32,1889343.0,2226858.0
2025-06-20 10:15:20.614902,151.35,1889343.0,2226858.0
2025-06-20 10:15:22.628447,151.35,1889343.0,2226858.0
2025-06-20 10:15:23.945838,151.32,1887951.0,2232553.0
2025-06-20 10:15:24.616283,151.32,1887951.0,2232553.0
2025-06-20 10:15:26.611745,151.35,1887951.0,2232553.0
2025-06-20 10:15:30.278657,151.35,1900766.0,2216361.0
2025-06-20 10:15:30.613480,151.35,1900766.0,2216361.0
2025-06-20 10:15:32.613700,151.48,1900766.0,2216361.0
2025-06-20 10:15:34.611766,151.48,1900766.0,2216361.0
2025-06-20 10:15:36.374522,151.48,1956304.0,2180151.0
2025-06-20 10:15:36.617380,151.48,1956304.0,2180151.0
2025-06-20 10:15:38.611758,151.48,1956304.0,2180151.0
2025-06-20 10:15:40.625649,151.49,1956304.0,2180151.0
2025-06-20 10:15:40.957750,151.49,1956304.0,2180151.0
2025-06-20 10:15:41.377406,151.49,1956304.0,2180151.0
2025-06-20 10:15:42.155995,151.49,1956304.0,2180151.0
2025-06-20 10:15:42.368722,151.5,1965916.0,2162942.0
2025-06-20 10:15:42.425375,151.5,1965916.0,2162942.0
2025-06-20 10:15:42.618921,151.5,1965916.0,2162942.0
2025-06-20 10:15:42.752466,151.5,1965916.0,2162942.0
2025-06-20 10:15:43.400809,151.5,1965916.0,2162942.0
2025-06-20 10:15:44.421992,151.5,1965916.0,2162942.0
2025-06-20 10:15:44.613172,151.5,1965916.0,2162942.0
2025-06-20 10:15:44.808520,151.5,1965916.0,2162942.0
2025-06-20 10:15:45.758188,151.5,1965916.0,2162942.0
2025-06-20 10:15:46.615309,151.46,1965916.0,2162942.0
2025-06-20 10:15:47.095457,151.46,1965916.0,2162942.0
2025-06-20 10:15:48.071366,151.46,1965916.0,2162942.0
2025-06-20 10:15:48.172245,151.48,1971678.0,2156654.0
2025-06-20 10:15:48.610811,151.48,1971678.0,2156654.0
2025-06-20 10:15:49.582416,151.48,1971678.0,2156654.0
2025-06-20 10:15:50.869779,151.48,1971678.0,2156654.0
2025-06-20 10:15:51.617615,151.5,1971678.0,2156654.0
2025-06-20 10:15:52.098240,151.5,1971678.0,2156654.0
2025-06-20 10:15:53.684048,151.5,1971678.0,2156654.0
2025-06-20 10:15:54.562051,151.51,1998078.0,2150924.0
2025-06-20 10:15:54.613181,151.51,1998078.0,2150924.0
2025-06-20 10:15:57.682841,151.5,1998078.0,2150924.0
2025-06-20 10:16:00.608491,151.6,1998078.0,2150924.0
2025-06-20 10:16:00.881620,151.6,2016565.0,2116853.0
2025-06-20 10:16:03.621430,151.59,2016565.0,2116853.0
2025-06-20 10:16:06.876656,151.55,1992596.0,2146733.0
2025-06-20 10:16:07.620470,151.55,1992596.0,2146733.0
2025-06-20 10:16:11.615418,151.55,1992596.0,2146733.0
2025-06-20 10:16:12.776205,151.53,1967558.0,2188312.0
2025-06-20 10:16:15.617968,151.47,1967558.0,2188312.0
2025-06-20 10:16:19.385856,151.43,1950938.0,2195394.0
2025-06-20 10:16:19.616607,151.43,1950938.0,2195394.0
2025-06-20 10:16:22.619421,151.49,1950938.0,2195394.0
2025-06-20 10:16:25.622500,151.33,1950938.0,2195394.0
2025-06-20 10:16:25.781344,151.33,1942926.0,2256710.0
2025-06-20 10:16:28.610911,151.42,1942926.0,2256710.0
2025-06-20 10:16:31.648312,151.41,1942926.0,2256710.0
2025-06-20 10:16:32.285510,151.39,1936675.0,2275698.0
2025-06-20 10:16:34.664908,151.39,1936675.0,2275698.0
2025-06-20 10:16:37.624056,151.35,1936675.0,2275698.0
2025-06-20 10:16:38.689199,151.4,1945926.0,2262970.0
2025-06-20 10:16:40.617671,151.4,1945926.0,2262970.0
2025-06-20 10:16:43.616399,151.4,1945926.0,2262970.0
2025-06-20 10:16:44.933355,151.34,1909940.0,2271213.0
2025-06-20 10:16:46.618477,151.39,1909940.0,2271213.0
2025-06-20 10:16:49.623165,151.34,1909940.0,2271213.0
2025-06-20 10:16:51.200157,151.4,1935250.0,2272520.0
2025-06-20 10:16:52.622431,151.4,1935250.0,2272520.0
2025-06-20 10:16:54.683519,151.4,1935250.0,2272520.0
2025-06-20 10:16:56.620425,151.34,1935250.0,2272520.0
2025-06-20 10:16:57.320601,151.4,1939080.0,2268964.0
2025-06-20 10:16:58.618381,151.34,1939080.0,2268964.0
2025-06-20 10:17:00.657638,151.4,1939080.0,2268964.0
2025-06-20 10:17:01.403536,151.4,1943624.0,2265899.0
2025-06-20 10:17:01.615556,151.4,1943624.0,2265899.0
2025-06-20 10:17:02.316019,151.4,1942798.0,2263266.0
2025-06-20 10:17:03.316299,151.4,1939197.0,2260850.0
2025-06-20 10:17:04.316016,151.4,1939553.0,2260628.0
2025-06-20 10:17:04.617742,151.36,1939553.0,2260628.0
2025-06-20 10:17:05.317143,151.4,1940049.0,2263115.0
2025-06-20 10:17:05.615607,151.4,1940049.0,2263115.0
2025-06-20 10:17:06.318723,151.43,1940691.0,2261458.0
2025-06-20 10:17:06.617790,151.43,1940691.0,2261458.0
2025-06-20 10:17:07.320786,151.43,1940128.0,2266374.0
2025-06-20 10:17:07.618246,151.35,1940128.0,2266374.0
2025-06-20 10:17:08.319029,151.35,1936684.0,2265815.0
2025-06-20 10:17:09.318992,151.42,1949125.0,2263495.0
2025-06-20 10:17:09.624646,151.42,1949125.0,2263495.0
2025-06-20 10:17:10.321116,151.44,1953452.0,2240144.0
2025-06-20 10:17:10.622256,151.44,1953452.0,2240144.0
2025-06-20 10:17:11.217780,151.47,1955359.0,2240435.0
2025-06-20 10:17:11.618133,151.42,1955359.0,2240435.0
2025-06-20 10:17:12.213844,151.42,1955735.0,2240089.0
2025-06-20 10:17:12.626739,151.42,1955735.0,2240089.0
2025-06-20 10:17:13.214246,151.42,1955567.0,2233017.0
2025-06-20 10:17:13.618991,151.42,1955567.0,2233017.0
2025-06-20 10:17:14.213995,151.42,1959276.0,2238137.0
2025-06-20 10:17:15.114375,151.42,1955602.0,2240301.0
2025-06-20 10:17:16.116083,151.42,1944428.0,2242931.0
2025-06-20 10:17:16.616402,151.42,1944428.0,2242931.0
2025-06-20 10:17:17.214597,151.41,1952940.0,2243123.0
2025-06-20 10:17:17.629892,151.41,1952940.0,2243123.0
2025-06-20 10:17:18.115301,151.41,1953188.0,2241529.0
2025-06-20 10:17:18.622074,151.42,1953188.0,2241529.0
2025-06-20 10:17:19.017690,151.42,1959398.0,2235727.0
2025-06-20 10:17:20.020393,151.42,1958930.0,2234966.0
2025-06-20 10:17:20.621112,151.44,1958930.0,2234966.0
2025-06-20 10:17:21.615692,151.41,1958930.0,2234966.0
2025-06-20 10:17:21.922917,151.41,1953620.0,2236335.0
2025-06-20 10:17:22.618469,151.47,1953620.0,2236335.0
2025-06-20 10:17:22.838832,151.47,1953872.0,2236577.0
2025-06-20 10:17:23.624070,151.47,1953872.0,2236577.0
2025-06-20 10:17:23.833767,151.47,1954132.0,2237798.0
2025-06-20 10:17:24.619514,151.47,1954132.0,2237798.0
2025-06-20 10:17:24.833900,151.47,1960475.0,2202516.0
2025-06-20 10:17:25.627537,151.47,1960475.0,2202516.0
2025-06-20 10:17:25.848753,151.47,1961412.0,2208844.0
2025-06-20 10:17:26.628209,151.44,1961412.0,2208844.0
2025-06-20 10:17:27.724695,151.44,1954272.0,2214003.0
2025-06-20 10:17:28.615609,151.47,1954272.0,2214003.0
2025-06-20 10:17:28.722652,151.47,1968421.0,2209493.0
2025-06-20 10:17:29.725798,151.47,1977416.0,2208742.0
2025-06-20 10:17:30.619296,151.47,1977416.0,2208742.0
2025-06-20 10:17:30.727425,151.47,1976511.0,2193391.0
2025-06-20 10:17:31.727304,151.47,1975950.0,2193413.0
2025-06-20 10:17:32.726350,151.47,1969726.0,2188011.0
2025-06-20 10:17:33.641099,151.46,1969726.0,2188011.0
2025-06-20 10:17:33.643214,151.46,1967388.0,2200679.0
2025-06-20 10:17:34.627536,151.47,1967388.0,2200679.0
2025-06-20 10:17:34.648115,151.47,1971406.0,2199097.0
2025-06-20 10:17:35.619034,151.5,1971406.0,2199097.0
2025-06-20 10:17:35.635062,151.5,1975778.0,2173226.0
2025-06-20 10:17:36.618895,151.53,1975778.0,2173226.0
2025-06-20 10:17:36.635676,151.53,1986756.0,2166699.0
2025-06-20 10:17:37.616847,151.48,1986756.0,2166699.0
2025-06-20 10:17:37.639452,151.48,1983587.0,2181750.0
2025-06-20 10:17:38.527751,151.49,1983299.0,2181204.0
2025-06-20 10:17:38.643427,151.49,1983299.0,2181204.0
2025-06-20 10:17:39.530303,151.53,1982409.0,2183368.0
2025-06-20 10:17:39.624199,151.53,1982409.0,2183368.0
2025-06-20 10:17:40.531349,151.53,1983690.0,2198332.0
2025-06-20 10:17:40.626250,151.53,1983690.0,2198332.0
2025-06-20 10:17:41.442875,151.55,1990745.0,2183239.0
2025-06-20 10:17:41.625681,151.55,1990745.0,2183239.0
2025-06-20 10:17:42.442402,151.55,1980482.0,2186717.0
2025-06-20 10:17:42.620978,151.5,1980482.0,2186717.0
2025-06-20 10:17:43.348301,151.55,1989653.0,2181042.0
2025-06-20 10:17:43.689109,151.55,1989653.0,2181042.0
2025-06-20 10:17:44.363330,151.53,1999152.0,2178394.0
2025-06-20 10:17:44.616692,151.55,1999152.0,2178394.0
2025-06-20 10:17:45.458910,151.55,2000812.0,2179514.0
2025-06-20 10:17:45.619794,151.55,2000812.0,2179514.0
2025-06-20 10:17:46.358649,151.53,1995109.0,2180398.0
2025-06-20 10:17:46.618592,151.53,1995109.0,2180398.0
2025-06-20 10:17:47.384642,151.53,1996933.0,2180833.0
2025-06-20 10:17:47.617043,151.53,1996933.0,2180833.0
2025-06-20 10:17:48.357091,151.53,1990485.0,2180682.0
2025-06-20 10:17:49.366743,151.53,1988240.0,2180922.0
2025-06-20 10:17:50.369713,151.5,1993133.0,2181622.0
2025-06-20 10:17:50.621650,151.55,1993133.0,2181622.0
2025-06-20 10:17:51.355658,151.55,1995307.0,2181374.0
2025-06-20 10:17:51.621692,151.55,1995307.0,2181374.0
2025-06-20 10:17:52.349702,151.55,1995413.0,2181933.0
2025-06-20 10:17:52.622680,151.53,1995413.0,2181933.0
2025-06-20 10:17:53.347507,151.53,1995491.0,2182300.0
2025-06-20 10:17:53.623298,151.53,1995491.0,2182300.0
2025-06-20 10:17:54.460641,151.53,1995361.0,2181029.0
2025-06-20 10:17:54.620938,151.53,1995361.0,2181029.0
2025-06-20 10:17:55.358393,151.55,1995576.0,2178154.0
2025-06-20 10:17:55.620519,151.53,1995576.0,2178154.0
2025-06-20 10:17:56.361336,151.55,2004719.0,2172333.0
2025-06-20 10:17:56.623826,151.55,2004719.0,2172333.0
2025-06-20 10:17:57.239244,151.53,2003267.0,2177455.0
2025-06-20 10:17:57.623286,151.53,2003267.0,2177455.0
2025-06-20 10:17:58.239349,151.53,2003359.0,2177460.0
2025-06-20 10:17:59.146305,151.5,2003757.0,2181092.0
2025-06-20 10:17:59.621350,151.53,2003757.0,2181092.0
2025-06-20 10:18:00.141454,151.53,2005671.0,2180493.0
2025-06-20 10:18:02.628825,151.59,2005671.0,2180493.0
2025-06-20 10:18:03.944172,151.6,2020989.0,2166608.0
2025-06-20 10:18:05.626103,151.58,2020989.0,2166608.0
2025-06-20 10:18:08.625654,151.63,2020989.0,2166608.0
2025-06-20 10:18:10.149786,151.58,2025294.0,2153866.0
2025-06-20 10:18:11.626425,151.59,2025294.0,2153866.0
2025-06-20 10:18:14.678425,151.63,2025294.0,2153866.0
2025-06-20 10:18:15.962961,151.63,2024614.0,2148442.0
2025-06-20 10:18:17.626749,151.59,2024614.0,2148442.0
2025-06-20 10:18:20.629749,151.59,2024614.0,2148442.0
2025-06-20 10:18:21.757580,151.58,2020442.0,2149561.0
2025-06-20 10:18:23.626002,151.58,2020442.0,2149561.0
2025-06-20 10:18:26.658081,151.59,2020442.0,2149561.0
2025-06-20 10:18:28.871651,151.6,2031354.0,2144190.0
2025-06-20 10:18:29.625557,151.58,2031354.0,2144190.0
2025-06-20 10:18:32.630733,151.63,2031354.0,2144190.0
2025-06-20 10:18:35.263996,151.63,2031996.0,2150425.0
2025-06-20 10:18:35.629286,151.63,2031996.0,2150425.0
2025-06-20 10:18:38.631845,151.6,2031996.0,2150425.0
2025-06-20 10:18:41.073778,151.6,2025461.0,2148803.0
2025-06-20 10:18:41.328855,151.6,2025461.0,2148803.0
2025-06-20 10:18:41.627336,151.57,2025461.0,2148803.0
2025-06-20 10:18:41.668636,151.57,2025461.0,2148803.0
2025-06-20 10:18:42.117564,151.57,2025461.0,2148803.0
2025-06-20 10:18:43.297700,151.57,2025461.0,2148803.0
2025-06-20 10:18:44.432434,151.57,2025461.0,2148803.0
2025-06-20 10:18:44.699019,151.63,2025461.0,2148803.0
2025-06-20 10:18:45.011804,151.63,2025461.0,2148803.0
2025-06-20 10:18:45.417087,151.63,2025461.0,2148803.0
2025-06-20 10:18:46.335301,151.63,2025461.0,2148803.0
2025-06-20 10:18:46.879789,151.58,2021335.0,2163286.0
2025-06-20 10:18:47.627699,151.58,2021335.0,2163286.0
2025-06-20 10:18:47.674448,151.58,2021335.0,2163286.0
2025-06-20 10:18:48.681527,151.58,2021335.0,2163286.0
2025-06-20 10:18:50.195025,151.58,2021335.0,2163286.0
2025-06-20 10:18:50.632762,151.61,2021335.0,2163286.0
2025-06-20 10:18:51.449563,151.61,2021335.0,2163286.0
2025-06-20 10:18:52.710714,151.61,2021335.0,2163286.0
2025-06-20 10:18:52.774766,151.61,2026100.0,2155194.0
2025-06-20 10:18:53.639842,151.58,2026100.0,2155194.0
2025-06-20 10:18:54.336306,151.58,2026100.0,2155194.0
2025-06-20 10:18:56.630366,151.61,2026100.0,2155194.0
2025-06-20 10:18:58.774487,151.61,2020371.0,2159446.0
2025-06-20 10:18:59.645036,151.6,2020371.0,2159446.0
2025-06-20 10:19:02.645704,151.61,2020371.0,2159446.0
2025-06-20 10:19:05.197175,151.61,2024994.0,2155219.0
2025-06-20 10:19:05.651699,151.61,2024994.0,2155219.0
2025-06-20 10:19:08.631831,151.6,2024994.0,2155219.0
2025-06-20 10:19:11.479686,151.6,2031055.0,2154788.0
2025-06-20 10:19:11.643109,151.59,2031055.0,2154788.0
2025-06-20 10:19:14.649157,151.6,2031055.0,2154788.0
2025-06-20 10:19:17.488771,151.59,2020117.0,2157586.0
2025-06-20 10:19:17.672232,151.59,2020117.0,2157586.0
2025-06-20 10:19:20.673954,151.59,2020117.0,2157586.0
2025-06-20 10:19:23.490129,151.58,2019768.0,2160816.0
2025-06-20 10:19:23.653686,151.58,2019768.0,2160816.0
2025-06-20 10:19:26.675772,151.58,2019768.0,2160816.0
2025-06-20 10:19:29.596127,151.59,2026941.0,2161299.0
2025-06-20 10:19:29.879033,151.59,2026941.0,2161299.0
2025-06-20 10:19:32.656466,151.56,2026941.0,2161299.0
2025-06-20 10:19:35.658498,151.55,2026941.0,2161299.0
2025-06-20 10:19:35.803963,151.55,2035220.0,2175185.0
2025-06-20 10:19:38.639442,151.57,2035220.0,2175185.0
2025-06-20 10:19:41.679807,151.6,2035220.0,2175185.0
2025-06-20 10:19:41.921305,151.59,2022881.0,2161622.0
2025-06-20 10:19:44.635677,151.57,2022881.0,2161622.0
2025-06-20 10:19:47.617358,151.59,2021770.0,2164149.0
2025-06-20 10:19:47.646616,151.55,2021770.0,2164149.0
2025-06-20 10:19:50.642927,151.59,2021770.0,2164149.0
2025-06-20 10:19:53.223539,151.58,2034483.0,2164762.0
2025-06-20 10:19:53.637406,151.58,2034483.0,2164762.0
2025-06-20 10:19:56.637320,151.59,2034483.0,2164762.0
2025-06-20 10:19:59.331221,151.56,2035565.0,2164200.0
2025-06-20 10:19:59.640744,151.56,2035565.0,2164200.0
2025-06-20 10:20:01.682659,151.65,2035565.0,2164200.0
2025-06-20 10:20:04.674526,151.69,2035565.0,2164200.0
2025-06-20 10:20:05.536137,151.7,2048613.0,2114386.0
2025-06-20 10:20:07.682484,151.7,2048613.0,2114386.0
2025-06-20 10:20:10.643044,151.7,2048613.0,2114386.0
2025-06-20 10:20:12.140019,151.69,2026153.0,2128419.0
2025-06-20 10:20:13.680995,151.73,2026153.0,2128419.0
2025-06-20 10:20:16.681396,151.74,2026153.0,2128419.0
2025-06-20 10:20:18.541412,151.74,2020757.0,2127236.0
2025-06-20 10:20:19.645843,151.72,2020757.0,2127236.0
2025-06-20 10:20:22.641229,151.69,2020757.0,2127236.0
2025-06-20 10:20:24.558796,151.7,2032135.0,2141367.0
2025-06-20 10:20:25.648664,151.69,2032135.0,2141367.0
2025-06-20 10:20:28.683270,151.69,2032135.0,2141367.0
2025-06-20 10:20:30.590288,151.7,2030804.0,2136296.0
2025-06-20 10:20:31.650294,151.69,2030804.0,2136296.0
2025-06-20 10:20:34.643517,151.72,2030804.0,2136296.0
2025-06-20 10:20:36.672966,151.75,2025668.0,2124377.0
2025-06-20 10:20:37.653550,151.74,2025668.0,2124377.0
2025-06-20 10:20:40.649790,151.71,2025668.0,2124377.0
2025-06-20 10:20:42.905478,151.71,2016839.0,2148574.0
2025-06-20 10:20:43.678282,151.75,2016839.0,2148574.0
2025-06-20 10:20:46.646920,151.74,2016839.0,2148574.0
2025-06-20 10:20:48.764895,151.74,2016587.0,2142614.0
2025-06-20 10:20:49.703577,151.74,2016587.0,2142614.0
2025-06-20 10:20:52.648875,151.74,2016587.0,2142614.0
2025-06-20 10:20:54.975184,151.74,2017462.0,2143777.0
2025-06-20 10:20:55.657411,151.74,2017462.0,2143777.0
2025-06-20 10:20:58.647098,151.7,2017462.0,2143777.0
2025-06-20 10:21:01.183119,151.74,2024197.0,2154350.0
2025-06-20 10:21:01.654824,151.75,2024197.0,2154350.0
2025-06-20 10:21:04.708106,151.7,2024197.0,2154350.0
2025-06-20 10:21:07.590022,151.69,2021536.0,2172664.0
2025-06-20 10:21:07.676415,151.69,2021536.0,2172664.0
2025-06-20 10:21:10.650747,151.74,2021536.0,2172664.0
2025-06-20 10:21:13.662403,151.69,2021536.0,2172664.0
2025-06-20 10:21:13.982076,151.69,2041302.0,2166912.0
2025-06-20 10:21:16.658989,151.73,2041302.0,2166912.0
2025-06-20 10:21:19.650970,151.74,2041302.0,2166912.0
2025-06-20 10:21:19.989756,151.73,2033438.0,2154848.0
2025-06-20 10:21:22.653040,151.7,2033438.0,2154848.0
2025-06-20 10:21:25.658917,151.75,2033438.0,2154848.0
2025-06-20 10:21:25.899621,151.75,2053607.0,2132652.0
2025-06-20 10:21:28.657504,151.73,2053607.0,2132652.0
2025-06-20 10:21:32.198938,151.9,2053607.0,2132652.0
2025-06-20 10:21:32.232143,151.86,2016718.0,2121234.0
2025-06-20 10:21:34.649875,151.86,2016718.0,2121234.0
2025-06-20 10:21:37.698845,151.84,2016718.0,2121234.0
2025-06-20 10:21:37.917750,151.84,2027890.0,2135545.0
2025-06-20 10:21:40.651254,151.77,2027890.0,2135545.0
2025-06-20 10:21:41.811193,151.77,2027890.0,2135545.0
2025-06-20 10:21:42.164477,151.77,2027890.0,2135545.0
2025-06-20 10:21:43.086282,151.77,2027890.0,2135545.0
2025-06-20 10:21:43.657419,151.76,2027890.0,2135545.0
2025-06-20 10:21:43.717850,151.76,2027890.0,2135545.0
2025-06-20 10:21:43.799353,151.76,2022948.0,2146603.0
2025-06-20 10:21:44.430204,151.76,2022948.0,2146603.0
2025-06-20 10:21:45.438041,151.76,2022948.0,2146603.0
2025-06-20 10:21:46.731804,151.83,2022948.0,2146603.0
2025-06-20 10:21:46.818309,151.83,2022948.0,2146603.0
2025-06-20 10:21:48.128232,151.83,2022948.0,2146603.0
2025-06-20 10:21:49.106017,151.83,2022948.0,2146603.0
2025-06-20 10:21:49.505993,151.83,2024465.0,2173018.0
2025-06-20 10:21:49.697809,151.83,2024465.0,2173018.0
2025-06-20 10:21:50.684264,151.83,2024465.0,2173018.0
2025-06-20 10:21:51.946142,151.83,2024465.0,2173018.0
2025-06-20 10:21:52.713987,151.78,2024465.0,2173018.0
2025-06-20 10:21:53.181416,151.78,2024465.0,2173018.0
2025-06-20 10:21:54.788181,151.78,2024465.0,2173018.0
2025-06-20 10:21:55.208827,151.85,2032645.0,2164985.0
2025-06-20 10:21:55.675364,151.85,2032645.0,2164985.0
2025-06-20 10:21:58.648534,151.84,2032645.0,2164985.0
2025-06-20 10:22:00.707738,151.84,2030905.0,2170732.0
2025-06-20 10:22:01.692566,151.79,2030905.0,2170732.0
2025-06-20 10:22:01.708026,151.79,2026967.0,2174859.0
2025-06-20 10:22:02.691044,151.79,2026967.0,2174859.0
2025-06-20 10:22:02.722916,151.79,2026957.0,2176234.0
2025-06-20 10:22:03.647373,151.79,2026957.0,2176234.0
2025-06-20 10:22:03.809057,151.79,2031267.0,2175249.0
2025-06-20 10:22:04.648866,151.85,2031267.0,2175249.0
2025-06-20 10:22:05.017191,151.85,2031716.0,2174290.0
2025-06-20 10:22:05.714645,151.85,2031716.0,2174290.0
2025-06-20 10:22:05.945910,151.85,2028451.0,2172930.0
2025-06-20 10:22:06.657301,151.85,2028451.0,2172930.0
2025-06-20 10:22:06.812444,151.85,2027728.0,2172742.0
2025-06-20 10:22:08.027516,151.85,2032738.0,2174669.0
2025-06-20 10:22:08.722470,151.84,2032738.0,2174669.0
2025-06-20 10:22:09.111189,151.84,1989794.0,2179363.0
2025-06-20 10:22:09.658568,151.79,1989794.0,2179363.0
2025-06-20 10:22:10.122387,151.79,2024597.0,2190269.0
2025-06-20 10:22:11.292810,151.82,2024597.0,2190269.0
2025-06-20 10:22:11.547990,151.76,1970207.0,2225593.0
2025-06-20 10:22:11.697775,151.76,1970207.0,2225593.0
2025-06-20 10:22:12.315886,151.73,2014517.0,2250737.0
2025-06-20 10:22:12.653128,151.73,2014517.0,2250737.0
2025-06-20 10:22:13.435209,151.73,2015895.0,2249870.0
2025-06-20 10:22:13.699861,151.73,2015895.0,2249870.0
2025-06-20 10:22:14.430903,151.74,2017001.0,2238741.0
2025-06-20 10:22:14.670955,151.74,2017001.0,2238741.0
2025-06-20 10:22:15.517705,151.7,2016240.0,2238829.0
2025-06-20 10:22:15.650098,151.7,2016240.0,2238829.0
2025-06-20 10:22:16.619394,151.73,2013909.0,2240561.0
2025-06-20 10:22:16.663822,151.73,2013909.0,2240561.0
2025-06-20 10:22:17.620568,151.7,2020507.0,2225192.0
2025-06-20 10:22:17.658699,151.7,2020507.0,2225192.0
2025-06-20 10:22:18.521419,151.7,2019872.0,2244405.0
2025-06-20 10:22:18.690455,151.73,2019872.0,2244405.0
2025-06-20 10:22:19.620373,151.73,2015146.0,2239832.0
2025-06-20 10:22:19.650851,151.73,2015146.0,2239832.0
2025-06-20 10:22:20.656641,151.7,2015146.0,2239832.0
2025-06-20 10:22:20.724546,151.7,2016466.0,2240000.0
2025-06-20 10:22:21.662375,151.73,2016466.0,2240000.0
2025-06-20 10:22:21.821867,151.73,2015179.0,2244011.0
2025-06-20 10:22:22.935649,151.73,2018276.0,2243909.0
2025-06-20 10:22:23.654463,151.7,2018276.0,2243909.0
2025-06-20 10:22:23.947059,151.7,2017864.0,2244412.0
2025-06-20 10:22:24.656044,151.69,2017864.0,2244412.0
2025-06-20 10:22:24.939338,151.73,1989632.0,2258840.0
2025-06-20 10:22:25.653172,151.73,1989632.0,2258840.0
2025-06-20 10:22:25.939441,151.73,1997988.0,2259862.0
2025-06-20 10:22:26.652927,151.65,1997988.0,2259862.0
2025-06-20 10:22:26.940312,151.7,1995154.0,2260232.0
2025-06-20 10:22:27.649671,151.65,1995154.0,2260232.0
2025-06-20 10:22:28.040209,151.65,1994563.0,2262342.0
2025-06-20 10:22:28.678343,151.7,1994563.0,2262342.0
2025-06-20 10:22:29.129042,151.7,1987150.0,2254191.0
2025-06-20 10:22:29.688181,151.7,1987150.0,2254191.0
2025-06-20 10:22:30.227781,151.7,1998879.0,2254842.0
2025-06-20 10:22:31.227154,151.71,1997640.0,2258226.0
2025-06-20 10:22:31.676305,151.71,1997640.0,2258226.0
2025-06-20 10:22:32.332120,151.71,1998641.0,2258361.0
2025-06-20 10:22:32.664416,151.7,1998641.0,2258361.0
2025-06-20 10:22:33.437545,151.7,2002543.0,2250746.0
2025-06-20 10:22:33.657704,151.7,2002543.0,2250746.0
2025-06-20 10:22:34.529954,151.72,2001939.0,2255927.0
2025-06-20 10:22:34.722144,151.72,2001939.0,2255927.0
2025-06-20 10:22:35.630559,151.72,2003054.0,2257077.0
2025-06-20 10:22:36.533285,151.72,2000365.0,2252060.0
2025-06-20 10:22:36.655197,151.72,2000365.0,2252060.0
2025-06-20 10:22:37.655576,151.7,2000365.0,2252060.0
2025-06-20 10:22:37.734887,151.65,1995250.0,2288387.0
2025-06-20 10:22:38.657829,151.7,1995250.0,2288387.0
2025-06-20 10:22:38.832426,151.66,2000831.0,2268749.0
2025-06-20 10:22:39.659043,151.66,2000831.0,2268749.0
2025-06-20 10:22:39.835589,151.66,2004734.0,2273985.0
2025-06-20 10:22:40.941412,151.66,2004645.0,2274671.0
2025-06-20 10:22:41.944965,151.66,2005271.0,2274956.0
2025-06-20 10:22:42.698066,151.66,2005271.0,2274956.0
2025-06-20 10:22:43.042398,151.66,2005789.0,2275113.0
2025-06-20 10:22:43.660670,151.66,2005789.0,2275113.0
2025-06-20 10:22:44.139289,151.7,2006099.0,2272626.0
2025-06-20 10:22:44.663748,151.7,2006099.0,2272626.0
2025-06-20 10:22:45.138950,151.7,2005871.0,2272784.0
2025-06-20 10:22:45.652431,151.7,2005871.0,2272784.0
2025-06-20 10:22:46.238265,151.7,2005605.0,2273782.0
2025-06-20 10:22:47.342001,151.71,2003939.0,2272290.0
2025-06-20 10:22:47.657884,151.72,2003939.0,2272290.0
2025-06-20 10:22:48.241267,151.72,2004380.0,2272308.0
2025-06-20 10:22:49.445754,151.67,2006533.0,2265806.0
2025-06-20 10:22:49.657242,151.67,2006533.0,2265806.0
2025-06-20 10:22:50.554557,151.72,2004319.0,2272386.0
2025-06-20 10:22:50.653336,151.72,2004319.0,2272386.0
2025-06-20 10:22:51.542303,151.72,2005641.0,2265049.0
2025-06-20 10:22:51.654332,151.78,2005641.0,2265049.0
2025-06-20 10:22:52.558775,151.72,2010969.0,2237602.0
2025-06-20 10:22:52.655636,151.72,2010969.0,2237602.0
2025-06-20 10:22:53.452290,151.72,2008456.0,2244062.0
2025-06-20 10:22:53.656860,151.72,2008456.0,2244062.0
2025-06-20 10:22:54.446478,151.72,2009237.0,2238167.0
2025-06-20 10:22:54.658338,151.79,2009237.0,2238167.0
2025-06-20 10:22:55.542978,151.79,1968970.0,2239092.0
2025-06-20 10:22:56.643868,151.72,2007069.0,2249837.0
2025-06-20 10:22:56.656119,151.72,2007069.0,2249837.0
2025-06-20 10:22:57.648293,151.72,2005319.0,2258997.0
2025-06-20 10:22:58.663478,151.72,2006444.0,2253906.0
2025-06-20 10:22:59.647621,151.72,2007046.0,2256634.0
2025-06-20 10:23:01.345999,151.8,2018882.0,2227702.0
2025-06-20 10:23:01.656016,151.8,2018882.0,2227702.0
2025-06-20 10:23:02.345462,151.8,2018741.0,2228776.0
2025-06-20 10:23:03.243968,151.73,2011337.0,2230024.0
2025-06-20 10:23:03.724270,151.73,2011337.0,2230024.0
2025-06-20 10:23:04.247449,151.73,2012453.0,2223919.0
2025-06-20 10:23:05.248066,151.72,2010475.0,2242395.0
2025-06-20 10:23:05.654834,151.72,2010475.0,2242395.0
2025-06-20 10:23:06.246191,151.72,2010316.0,2242565.0
2025-06-20 10:23:07.160724,151.72,2011033.0,2244118.0
2025-06-20 10:23:08.049857,151.72,2011853.0,2243269.0
2025-06-20 10:23:08.655194,151.78,2011853.0,2243269.0
2025-06-20 10:23:09.048508,151.78,2012613.0,2239989.0
2025-06-20 10:23:09.955262,151.72,2012390.0,2234847.0
2025-06-20 10:23:10.653817,151.72,2012390.0,2234847.0
2025-06-20 10:23:10.848888,151.72,2011937.0,2239586.0
2025-06-20 10:23:11.734612,151.78,2011937.0,2239586.0
2025-06-20 10:23:11.858585,151.78,2011738.0,2228983.0
2025-06-20 10:23:12.853944,151.78,2015128.0,2228214.0
2025-06-20 10:23:13.855808,151.78,2014382.0,2229482.0
2025-06-20 10:23:14.858499,151.78,2014062.0,2228859.0
2025-06-20 10:23:15.859086,151.78,2015966.0,2228506.0
2025-06-20 10:23:16.655413,151.78,2015966.0,2228506.0
2025-06-20 10:23:16.860086,151.78,2020450.0,2211659.0
2025-06-20 10:23:17.754943,151.78,2020293.0,2218686.0
2025-06-20 10:23:18.812718,151.78,2017032.0,2219198.0
2025-06-20 10:23:19.666832,151.77,2017032.0,2219198.0
2025-06-20 10:23:19.767575,151.77,2015186.0,2225039.0
2025-06-20 10:23:20.758036,151.77,2014817.0,2226407.0
2025-06-20 10:23:21.662108,151.81,2014817.0,2226407.0
2025-06-20 10:23:21.669398,151.81,2019035.0,2216240.0
2025-06-20 10:23:22.654279,151.77,2019035.0,2216240.0
2025-06-20 10:23:22.663694,151.77,2006900.0,2214373.0
2025-06-20 10:23:23.657231,151.77,2006900.0,2214373.0
2025-06-20 10:23:23.670137,151.77,2006433.0,2250254.0
2025-06-20 10:23:24.670356,151.77,2006430.0,2250273.0
2025-06-20 10:23:25.660611,151.78,2006430.0,2250273.0
2025-06-20 10:23:25.667629,151.78,2010712.0,2252209.0
2025-06-20 10:23:26.560721,151.78,2000712.0,2251847.0
2025-06-20 10:23:27.561277,151.74,2001431.0,2245802.0
2025-06-20 10:23:27.653981,151.74,2001431.0,2245802.0
2025-06-20 10:23:28.600020,151.73,2002112.0,2246002.0
2025-06-20 10:23:28.673495,151.73,2002112.0,2246002.0
2025-06-20 10:23:29.463636,151.73,2002920.0,2253785.0
2025-06-20 10:23:30.465873,151.77,2003413.0,2256756.0
2025-06-20 10:23:30.655080,151.77,2003413.0,2256756.0
2025-06-20 10:23:31.605958,151.78,2003921.0,2252506.0
2025-06-20 10:23:31.683095,151.72,2003921.0,2252506.0
2025-06-20 10:23:32.470516,151.78,2003162.0,2255114.0
2025-06-20 10:23:32.658771,151.78,2003162.0,2255114.0
2025-06-20 10:23:33.591884,151.73,2009137.0,2251599.0
2025-06-20 10:23:33.656309,151.73,2009137.0,2251599.0
2025-06-20 10:23:34.661676,151.73,2009137.0,2251599.0
2025-06-20 10:23:35.571168,151.73,2007036.0,2255472.0
2025-06-20 10:23:35.661966,151.73,2007036.0,2255472.0
2025-06-20 10:23:36.269336,151.72,2006070.0,2256361.0
2025-06-20 10:23:36.660913,151.72,2006070.0,2256361.0
2025-06-20 10:23:37.656173,151.72,2006070.0,2256361.0
2025-06-20 10:23:38.384653,151.72,1999039.0,2262936.0
2025-06-20 10:23:39.399744,151.72,2007897.0,2250921.0
2025-06-20 10:23:40.295116,151.72,2009372.0,2244986.0
2025-06-20 10:23:40.761441,151.77,2009372.0,2244986.0
2025-06-20 10:23:41.389077,151.77,2010046.0,2245952.0
2025-06-20 10:23:41.655868,151.77,2010046.0,2245952.0
2025-06-20 10:23:42.272186,151.77,2017112.0,2236388.0
2025-06-20 10:23:43.273377,151.77,2016956.0,2236277.0
2025-06-20 10:23:43.660623,151.77,2016956.0,2236277.0
2025-06-20 10:23:44.275228,151.77,2018248.0,2236414.0
2025-06-20 10:23:44.663262,151.77,2018248.0,2236414.0
2025-06-20 10:23:45.174429,151.77,2017408.0,2235342.0
2025-06-20 10:23:45.671750,151.8,2017408.0,2235342.0
2025-06-20 10:23:46.094743,151.8,1986876.0,2230808.0
2025-06-20 10:23:46.663563,151.8,1986876.0,2230808.0
2025-06-20 10:23:47.075692,151.8,1986664.0,2231121.0
2025-06-20 10:23:47.659596,151.77,1986664.0,2231121.0
2025-06-20 10:23:47.979444,151.77,2015778.0,2230853.0
2025-06-20 10:23:48.913364,151.77,2015614.0,2231283.0
2025-06-20 10:23:49.657660,151.77,2015614.0,2231283.0
2025-06-20 10:23:49.888964,151.77,2014712.0,2234173.0
2025-06-20 10:23:51.101013,151.77,2014711.0,2233933.0
2025-06-20 10:23:51.660706,151.8,2014711.0,2233933.0
2025-06-20 10:23:52.108064,151.8,2014614.0,2234859.0
2025-06-20 10:23:52.656093,151.75,2014614.0,2234859.0
2025-06-20 10:23:53.106321,151.75,2012732.0,2235870.0
2025-06-20 10:23:53.658078,151.77,2012732.0,2235870.0
2025-06-20 10:23:54.076811,151.77,2009695.0,2233259.0
2025-06-20 10:23:54.665383,151.8,2009695.0,2233259.0
2025-06-20 10:23:54.891097,151.8,2011848.0,2233700.0
2025-06-20 10:23:55.666390,151.77,2011848.0,2233700.0
2025-06-20 10:23:55.780648,151.77,2014486.0,2236645.0
2025-06-20 10:23:56.907283,151.77,2028573.0,2229693.0
2025-06-20 10:23:57.781084,151.77,2024776.0,2229946.0
2025-06-20 10:23:58.785424,151.77,2024418.0,2230156.0
2025-06-20 10:23:59.658374,151.8,2024418.0,2230156.0
2025-06-20 10:23:59.691809,151.8,2026834.0,2227905.0
2025-06-20 10:24:01.482845,151.83,2034510.0,2198151.0
2025-06-20 10:24:01.664058,151.83,2034510.0,2198151.0
2025-06-20 10:24:02.630316,151.83,2033568.0,2199054.0
2025-06-20 10:24:02.657900,151.83,2033568.0,2199054.0
2025-06-20 10:24:03.624473,151.85,2001903.0,2204431.0
2025-06-20 10:24:03.659497,151.85,2001903.0,2204431.0
2025-06-20 10:24:04.662715,151.83,2001903.0,2204431.0
2025-06-20 10:24:04.694752,151.83,2027717.0,2205306.0
2025-06-20 10:24:05.663806,151.81,2027717.0,2205306.0
2025-06-20 10:24:05.786123,151.81,2023380.0,2211854.0
2025-06-20 10:24:06.664846,151.83,2023380.0,2211854.0
2025-06-20 10:24:06.982102,151.81,2024901.0,2210751.0
2025-06-20 10:24:07.720691,151.81,2024901.0,2210751.0
2025-06-20 10:24:07.991213,151.81,2024999.0,2210625.0
2025-06-20 10:24:08.659993,151.8,2024999.0,2210625.0
2025-06-20 10:24:09.126016,151.8,2023526.0,2212389.0
2025-06-20 10:24:09.765921,151.83,2023526.0,2212389.0
2025-06-20 10:24:10.088187,151.85,2025778.0,2209783.0
2025-06-20 10:24:10.927395,151.85,2025778.0,2209783.0
2025-06-20 10:24:11.193834,151.85,2037766.0,2196560.0
2025-06-20 10:24:11.702877,151.86,2037766.0,2196560.0
2025-06-20 10:24:12.274475,151.84,2041033.0,2186939.0
2025-06-20 10:24:12.840886,151.9,2041033.0,2186939.0
2025-06-20 10:24:13.304136,151.9,2045195.0,2158143.0
2025-06-20 10:24:14.097525,151.9,2045195.0,2158143.0
2025-06-20 10:24:14.629618,151.9,2035006.0,2173495.0
2025-06-20 10:24:15.404299,151.9,2027901.0,2172237.0
2025-06-20 10:24:15.654754,151.9,2027901.0,2172237.0
2025-06-20 10:24:16.908162,151.9,2039781.0,2172541.0
2025-06-20 10:24:17.704176,151.9,2039781.0,2172541.0
2025-06-20 10:24:17.996723,151.9,2034416.0,2184618.0
2025-06-20 10:24:18.700274,151.87,2034416.0,2184618.0
2025-06-20 10:24:19.099718,151.87,2040925.0,2173682.0
2025-06-20 10:24:19.656337,151.9,2040925.0,2173682.0
2025-06-20 10:24:20.195994,151.9,2036324.0,2174949.0
2025-06-20 10:24:20.669904,151.91,2036324.0,2174949.0
2025-06-20 10:24:21.198288,151.91,2040338.0,2171030.0
2025-06-20 10:24:21.661665,151.91,2040338.0,2171030.0
2025-06-20 10:24:22.346504,151.92,2042854.0,2165235.0
2025-06-20 10:24:22.658742,151.92,2042854.0,2165235.0
2025-06-20 10:24:23.427299,151.92,2041768.0,2164806.0
2025-06-20 10:24:23.666019,151.91,2041768.0,2164806.0
2025-06-20 10:24:24.500527,151.91,2035958.0,2165593.0
2025-06-20 10:24:24.668025,151.91,2035958.0,2165593.0
2025-06-20 10:24:25.602185,151.84,2030049.0,2181912.0
2025-06-20 10:24:25.669122,151.84,2030049.0,2181912.0
2025-06-20 10:24:26.502746,151.84,2031738.0,2175557.0
2025-06-20 10:24:26.658300,151.84,2031738.0,2175557.0
2025-06-20 10:24:27.602625,151.9,2032790.0,2171745.0
2025-06-20 10:24:27.655780,151.9,2032790.0,2171745.0
2025-06-20 10:24:28.660180,151.91,2032790.0,2171745.0
2025-06-20 10:24:28.703339,151.91,2039657.0,2167484.0
2025-06-20 10:24:29.666225,151.9,2039657.0,2167484.0
2025-06-20 10:24:29.804368,151.9,2038475.0,2168437.0
2025-06-20 10:24:30.942341,151.9,2039914.0,2163198.0
2025-06-20 10:24:32.005568,151.9,2040943.0,2162589.0
2025-06-20 10:24:32.658569,151.86,2040943.0,2162589.0
2025-06-20 10:24:33.005351,151.87,2041313.0,2162701.0
2025-06-20 10:24:33.658639,151.9,2041313.0,2162701.0
2025-06-20 10:24:34.112205,151.9,2040132.0,2162588.0
2025-06-20 10:24:34.664655,151.9,2040132.0,2162588.0
2025-06-20 10:24:35.205401,151.9,2040618.0,2162648.0
2025-06-20 10:24:35.659145,151.92,2040618.0,2162648.0
2025-06-20 10:24:36.307183,151.9,2034515.0,2155563.0
2025-06-20 10:24:36.663429,151.9,2034515.0,2155563.0
2025-06-20 10:24:37.430168,151.9,2036123.0,2158109.0
2025-06-20 10:24:38.508012,151.9,2035837.0,2158148.0
2025-06-20 10:24:38.662125,151.92,2035837.0,2158148.0
2025-06-20 10:24:39.608154,151.92,2036038.0,2158317.0
2025-06-20 10:24:39.659126,151.92,2036038.0,2158317.0
2025-06-20 10:24:40.667271,151.9,2036038.0,2158317.0
2025-06-20 10:24:40.718885,151.9,2035963.0,2159547.0
2025-06-20 10:24:41.663262,151.9,2035963.0,2159547.0
2025-06-20 10:24:41.810025,151.9,2035379.0,2159469.0
2025-06-20 10:24:42.289255,151.9,2035379.0,2159469.0
2025-06-20 10:24:42.658768,151.9,2035379.0,2159469.0
2025-06-20 10:24:42.925651,151.93,2006806.0,2159276.0
2025-06-20 10:24:42.949970,151.93,2006806.0,2159276.0
2025-06-20 10:24:43.491948,151.93,2006806.0,2159276.0
2025-06-20 10:24:43.658172,151.93,2006806.0,2159276.0
2025-06-20 10:24:43.775159,151.93,2006806.0,2159276.0
2025-06-20 10:24:43.815735,151.91,2037630.0,2159860.0
2025-06-20 10:24:44.032263,151.91,2037630.0,2159860.0
2025-06-20 10:24:44.703212,151.9,2037630.0,2159860.0
2025-06-20 10:24:44.947898,151.94,2032263.0,2162541.0
2025-06-20 10:24:45.052128,151.94,2032263.0,2162541.0
2025-06-20 10:24:45.660479,151.9,2032263.0,2162541.0
2025-06-20 10:24:46.011928,151.9,2032837.0,2161475.0
2025-06-20 10:24:46.072666,151.9,2032837.0,2161475.0
2025-06-20 10:24:46.659422,151.91,2032837.0,2161475.0
2025-06-20 10:24:47.114519,151.91,2031469.0,2165815.0
2025-06-20 10:24:47.642857,151.91,2031469.0,2165815.0
2025-06-20 10:24:47.702984,151.91,2031469.0,2165815.0
2025-06-20 10:24:48.211233,151.9,2032199.0,2164676.0
2025-06-20 10:24:48.661187,151.9,2032199.0,2164676.0
2025-06-20 10:24:48.782702,151.9,2032199.0,2164676.0
2025-06-20 10:24:49.212567,151.92,2032318.0,2168259.0
2025-06-20 10:24:49.667010,151.92,2032318.0,2168259.0
2025-06-20 10:24:49.770142,151.92,2032318.0,2168259.0
2025-06-20 10:24:50.212460,151.92,2032646.0,2168397.0
2025-06-20 10:24:50.660219,151.92,2032646.0,2168397.0
2025-06-20 10:24:51.290702,151.92,2032646.0,2168397.0
2025-06-20 10:24:51.327225,151.92,2036731.0,2158859.0
2025-06-20 10:24:52.444996,151.92,2036837.0,2158334.0
2025-06-20 10:24:52.565034,151.92,2036837.0,2158334.0
2025-06-20 10:24:53.514933,151.92,2037428.0,2158452.0
2025-06-20 10:24:53.828722,151.92,2037428.0,2158452.0
2025-06-20 10:24:54.614820,151.92,2035946.0,2159373.0
2025-06-20 10:24:55.420736,151.92,2035946.0,2159373.0
2025-06-20 10:24:55.682135,151.92,2035946.0,2159373.0
2025-06-20 10:24:55.722717,151.94,2036308.0,2158581.0
2025-06-20 10:24:56.658668,151.94,2036308.0,2158581.0
2025-06-20 10:24:56.816726,151.94,2035651.0,2158041.0
2025-06-20 10:24:57.665087,151.92,2035651.0,2158041.0
2025-06-20 10:24:57.950835,151.94,2035871.0,2158019.0
2025-06-20 10:24:58.662894,151.92,2035871.0,2158019.0
2025-06-20 10:24:59.015554,151.92,2035403.0,2158618.0
2025-06-20 10:24:59.662005,151.94,2035403.0,2158618.0
2025-06-20 10:25:00.118752,151.86,2032060.0,2175766.0
2025-06-20 10:25:01.429606,151.87,2037957.0,2170360.0
2025-06-20 10:25:01.664658,151.87,2037957.0,2170360.0
2025-06-20 10:25:02.431643,151.92,2037099.0,2148902.0
2025-06-20 10:25:02.661353,151.92,2037099.0,2148902.0
2025-06-20 10:25:03.453753,151.92,2033166.0,2162381.0
2025-06-20 10:25:04.522984,151.86,2028001.0,2165398.0
2025-06-20 10:25:04.667491,151.87,2028001.0,2165398.0
2025-06-20 10:25:05.520325,151.87,2038290.0,2162185.0
2025-06-20 10:25:06.524292,151.94,2038734.0,2168003.0
2025-06-20 10:25:06.658741,151.94,2038734.0,2168003.0
2025-06-20 10:25:07.528841,151.94,2043288.0,2165004.0
2025-06-20 10:25:07.662051,151.94,2043288.0,2165004.0
2025-06-20 10:25:08.627081,151.92,2045739.0,2166487.0
2025-06-20 10:25:08.666498,151.94,2045739.0,2166487.0
2025-06-20 10:25:09.656393,151.94,2046689.0,2166513.0
2025-06-20 10:25:10.634499,151.9,2040387.0,2167496.0
2025-06-20 10:25:10.679017,151.9,2040387.0,2167496.0
2025-06-20 10:25:11.632073,151.94,2043990.0,2165105.0
2025-06-20 10:25:11.662774,151.94,2043990.0,2165105.0
2025-06-20 10:25:12.663778,151.94,2043990.0,2165105.0
2025-06-20 10:25:12.738867,151.94,2043721.0,2168562.0
2025-06-20 10:25:13.657801,151.92,2043721.0,2168562.0
2025-06-20 10:25:13.730277,151.92,2038581.0,2172759.0
2025-06-20 10:25:14.662641,151.92,2038581.0,2172759.0
2025-06-20 10:25:14.729935,151.92,2039182.0,2173342.0
2025-06-20 10:25:15.664370,151.9,2039182.0,2173342.0
2025-06-20 10:25:15.736974,151.9,2038112.0,2183926.0
2025-06-20 10:25:16.671303,151.89,2038112.0,2183926.0
2025-06-20 10:25:16.729512,151.89,2036944.0,2186916.0
2025-06-20 10:25:17.661300,151.89,2036944.0,2186916.0
2025-06-20 10:25:17.828909,151.89,2036382.0,2189994.0
2025-06-20 10:25:18.663391,151.92,2036382.0,2189994.0
2025-06-20 10:25:18.957109,151.92,2040174.0,2184683.0
2025-06-20 10:25:20.351199,151.92,2040174.0,2184683.0
2025-06-20 10:25:20.360583,151.89,2040227.0,2185134.0
2025-06-20 10:25:20.703638,151.89,2040227.0,2185134.0
2025-06-20 10:25:21.134510,151.89,2039433.0,2184734.0
2025-06-20 10:25:21.657003,151.92,2039433.0,2184734.0
2025-06-20 10:25:22.230633,151.94,2053441.0,2174026.0
2025-06-20 10:25:22.660062,151.91,2053441.0,2174026.0
2025-06-20 10:25:23.343628,151.94,2053570.0,2172729.0
2025-06-20 10:25:23.665107,151.94,2053570.0,2172729.0
2025-06-20 10:25:24.469586,151.94,2053322.0,2173150.0
2025-06-20 10:25:25.446559,151.94,2053646.0,2173254.0
2025-06-20 10:25:25.668980,151.9,2053646.0,2173254.0
2025-06-20 10:25:26.459805,151.9,2053002.0,2174690.0
2025-06-20 10:25:26.785021,151.94,2053002.0,2174690.0
2025-06-20 10:25:27.555127,151.96,2057029.0,2133016.0
2025-06-20 10:25:27.710101,151.96,2057029.0,2133016.0
2025-06-20 10:25:28.641855,151.95,2055624.0,2133942.0
2025-06-20 10:25:28.660168,151.95,2055624.0,2133942.0
2025-06-20 10:25:29.659292,151.97,2055624.0,2133942.0
2025-06-20 10:25:29.736199,151.97,2054776.0,2134448.0
2025-06-20 10:25:30.665034,152.01,2054776.0,2134448.0
2025-06-20 10:25:30.835496,152.01,2058656.0,2054676.0
2025-06-20 10:25:31.670118,151.99,2058656.0,2054676.0
2025-06-20 10:25:31.836696,151.99,2054816.0,2068115.0
2025-06-20 10:25:32.663262,151.99,2054816.0,2068115.0
2025-06-20 10:25:32.951683,151.99,2053582.0,2064951.0
2025-06-20 10:25:33.663904,151.99,2053582.0,2064951.0
2025-06-20 10:25:33.947941,151.99,2057548.0,2070776.0
2025-06-20 10:25:34.661450,152.04,2057548.0,2070776.0
2025-06-20 10:25:35.041077,152.04,2057218.0,2050622.0
2025-06-20 10:25:36.046425,152.04,2057675.0,2056102.0
2025-06-20 10:25:36.664247,152.09,2057675.0,2056102.0
2025-06-20 10:25:37.170492,152.04,2042869.0,2093648.0
2025-06-20 10:25:37.660619,152.04,2042869.0,2093648.0
2025-06-20 10:25:38.144085,152.08,2040319.0,2087877.0
2025-06-20 10:25:38.661148,152.05,2040319.0,2087877.0
2025-06-20 10:25:39.248251,152.05,2047604.0,2079484.0
2025-06-20 10:25:40.351240,152.09,2043796.0,2083258.0
2025-06-20 10:25:40.670615,152.09,2043796.0,2083258.0
2025-06-20 10:25:41.453524,152.04,2044861.0,2083940.0
2025-06-20 10:25:41.660582,152.09,2044861.0,2083940.0
2025-06-20 10:25:42.682798,152.04,2040764.0,2084567.0
2025-06-20 10:25:42.690697,152.04,2040764.0,2084567.0
2025-06-20 10:25:43.717787,152.09,2039642.0,2091563.0
2025-06-20 10:25:43.739230,152.09,2039642.0,2091563.0
2025-06-20 10:25:44.647947,152.05,2039037.0,2091565.0
2025-06-20 10:25:44.669378,152.05,2039037.0,2091565.0
2025-06-20 10:25:45.662631,152.05,2039037.0,2091565.0
2025-06-20 10:25:45.750015,152.05,2040191.0,2092372.0
2025-06-20 10:25:46.665087,152.08,2040191.0,2092372.0
2025-06-20 10:25:46.848519,152.05,2040208.0,2092670.0
2025-06-20 10:25:47.665659,152.05,2040208.0,2092670.0
2025-06-20 10:25:47.953046,152.05,2040688.0,2092673.0
2025-06-20 10:25:48.667656,152.08,2040688.0,2092673.0
2025-06-20 10:25:49.050159,152.08,2040269.0,2097635.0
2025-06-20 10:25:49.664650,152.08,2040269.0,2097635.0
2025-06-20 10:25:50.054266,152.04,2034337.0,2118386.0
2025-06-20 10:25:50.667678,152.04,2034337.0,2118386.0
2025-06-20 10:25:51.157005,152.04,2037140.0,2112976.0
2025-06-20 10:25:52.157818,152.04,2042816.0,2107770.0
2025-06-20 10:25:52.665284,152.08,2042816.0,2107770.0
2025-06-20 10:25:53.253283,152.04,2042631.0,2100392.0
2025-06-20 10:25:53.663002,152.04,2042631.0,2100392.0
2025-06-20 10:25:54.352514,152.04,2043346.0,2107754.0
2025-06-20 10:25:54.670071,152.08,2043346.0,2107754.0
2025-06-20 10:25:55.511238,152.04,2040341.0,2101059.0
2025-06-20 10:25:55.666921,152.04,2040341.0,2101059.0
2025-06-20 10:25:56.466857,152.04,2040652.0,2101315.0
2025-06-20 10:25:56.663876,152.08,2040652.0,2101315.0
2025-06-20 10:25:57.558862,151.99,2029890.0,2112357.0
2025-06-20 10:25:57.672504,151.99,2029890.0,2112357.0
2025-06-20 10:25:58.667428,152.07,2029890.0,2112357.0
2025-06-20 10:25:58.673140,152.07,2038783.0,2105954.0
2025-06-20 10:25:59.760089,152.07,2041188.0,2103835.0
2025-06-20 10:26:00.659234,152.05,2041188.0,2103835.0
2025-06-20 10:26:01.259955,152.07,2037137.0,2110933.0
2025-06-20 10:26:01.661554,152.05,2037137.0,2110933.0
2025-06-20 10:26:02.262870,152.01,2036270.0,2105383.0
2025-06-20 10:26:02.670381,152.01,2036270.0,2105383.0
2025-06-20 10:26:03.261979,152.01,2037197.0,2106046.0
2025-06-20 10:26:03.669616,152.01,2037197.0,2106046.0
2025-06-20 10:26:04.268157,152.01,2041334.0,2115310.0
2025-06-20 10:26:05.366184,152.01,2042642.0,2115909.0
2025-06-20 10:26:05.661763,152.07,2042642.0,2115909.0
2025-06-20 10:26:06.505726,152.05,2040875.0,2121529.0
2025-06-20 10:26:06.664437,152.05,2040875.0,2121529.0
2025-06-20 10:26:07.564210,152.05,2038450.0,2119014.0
2025-06-20 10:26:07.667117,152.02,2038450.0,2119014.0
2025-06-20 10:26:08.570447,152.05,2044242.0,2115136.0
2025-06-20 10:26:08.663082,152.05,2044242.0,2115136.0
2025-06-20 10:26:09.667283,152.05,2044242.0,2115136.0
2025-06-20 10:26:09.691719,152.05,2044324.0,2116594.0
2025-06-20 10:26:10.765788,152.05,2043372.0,2113549.0
2025-06-20 10:26:11.768777,152.05,2045940.0,2114415.0
2025-06-20 10:26:12.662188,152.04,2045940.0,2114415.0
2025-06-20 10:26:12.867704,152.04,2042355.0,2114412.0
2025-06-20 10:26:13.662985,152.06,2042355.0,2114412.0
2025-06-20 10:26:13.986459,152.07,2052991.0,2097944.0
2025-06-20 10:26:14.667063,152.07,2052991.0,2097944.0
2025-06-20 10:26:14.869714,152.07,2057658.0,2075159.0
2025-06-20 10:26:15.665284,152.07,2057658.0,2075159.0
2025-06-20 10:26:15.968528,152.07,2057501.0,2086064.0
2025-06-20 10:26:16.662319,152.08,2057501.0,2086064.0
2025-06-20 10:26:17.069210,152.09,2050949.0,2089549.0
2025-06-20 10:26:17.671609,152.1,2050949.0,2089549.0
2025-06-20 10:26:18.174689,152.09,2052704.0,2089391.0
2025-06-20 10:26:18.667277,152.14,2052704.0,2089391.0
2025-06-20 10:26:19.273634,152.11,2055480.0,2077279.0
2025-06-20 10:26:19.664943,152.11,2055480.0,2077279.0
2025-06-20 10:26:20.373770,152.14,2054957.0,2078081.0
2025-06-20 10:26:20.696334,152.14,2054957.0,2078081.0
2025-06-20 10:26:21.375007,152.14,2055491.0,2079992.0
2025-06-20 10:26:21.663853,152.14,2055491.0,2079992.0
2025-06-20 10:26:22.484238,152.14,2054321.0,2081388.0
2025-06-20 10:26:22.663432,152.14,2054321.0,2081388.0
2025-06-20 10:26:23.590295,152.14,2056714.0,2082533.0
2025-06-20 10:26:23.681161,152.14,2056714.0,2082533.0
2025-06-20 10:26:24.589999,152.14,2050484.0,2085502.0
2025-06-20 10:26:25.584220,152.14,2049108.0,2085756.0
2025-06-20 10:26:26.602008,152.14,2048842.0,2085946.0
2025-06-20 10:26:26.665227,152.15,2048842.0,2085946.0
2025-06-20 10:26:27.615083,152.14,2049712.0,2085354.0
2025-06-20 10:26:27.681149,152.14,2049712.0,2085354.0
2025-06-20 10:26:28.581484,152.14,2047327.0,2086519.0
2025-06-20 10:26:28.669193,152.14,2047327.0,2086519.0
2025-06-20 10:26:29.592610,152.15,2048315.0,2080541.0
2025-06-20 10:26:29.665240,152.15,2048315.0,2080541.0
2025-06-20 10:26:30.589253,152.14,2044640.0,2082250.0
2025-06-20 10:26:30.671827,152.14,2044640.0,2082250.0
2025-06-20 10:26:31.596614,152.14,2046097.0,2085264.0
2025-06-20 10:26:32.669907,152.14,2046097.0,2085264.0
2025-06-20 10:26:32.695723,152.11,2043890.0,2089156.0
2025-06-20 10:26:33.664325,152.11,2043890.0,2089156.0
2025-06-20 10:26:33.694170,152.11,2043303.0,2091265.0
2025-06-20 10:26:34.670244,152.15,2043303.0,2091265.0
2025-06-20 10:26:34.784492,152.12,2044367.0,2087643.0
2025-06-20 10:26:35.679412,152.11,2044367.0,2087643.0
2025-06-20 10:26:35.784311,152.11,2042012.0,2086498.0
2025-06-20 10:26:36.783916,152.11,2044285.0,2090594.0
2025-06-20 10:26:37.677985,152.14,2044285.0,2090594.0
2025-06-20 10:26:37.785937,152.14,2041764.0,2087782.0
2025-06-20 10:26:38.717188,152.11,2041764.0,2087782.0
2025-06-20 10:26:38.784410,152.11,2029513.0,2096473.0
2025-06-20 10:26:39.675541,152.11,2029513.0,2096473.0
2025-06-20 10:26:39.697727,152.11,2039757.0,2098866.0
2025-06-20 10:26:40.664020,152.15,2039757.0,2098866.0
2025-06-20 10:26:40.689892,152.15,2040368.0,2098744.0
2025-06-20 10:26:41.634396,152.11,2040979.0,2098822.0
2025-06-20 10:26:41.661205,152.15,2040979.0,2098822.0
2025-06-20 10:26:42.706213,152.11,2040979.0,2098822.0
2025-06-20 10:26:42.722047,152.11,2040666.0,2098459.0
2025-06-20 10:26:43.703445,152.16,2040666.0,2098459.0
2025-06-20 10:26:43.789468,152.16,2039713.0,2094060.0
2025-06-20 10:26:44.930042,152.16,2043185.0,2095007.0
2025-06-20 10:26:45.668852,152.11,2043185.0,2095007.0
2025-06-20 10:26:45.797184,152.11,2035943.0,2104285.0
2025-06-20 10:26:47.133219,152.11,2035808.0,2108965.0
2025-06-20 10:26:48.005414,152.14,2036375.0,2110150.0
2025-06-20 10:26:48.665319,152.08,2036375.0,2110150.0
2025-06-20 10:26:49.101348,152.08,2034109.0,2126182.0
2025-06-20 10:26:50.202952,152.08,2034447.0,2125257.0
2025-06-20 10:26:50.700419,152.11,2034447.0,2125257.0
2025-06-20 10:26:51.311988,152.08,2035667.0,2117646.0
2025-06-20 10:26:51.705351,152.08,2035667.0,2117646.0
2025-06-20 10:26:52.301166,152.08,2035697.0,2122197.0
2025-06-20 10:26:52.911312,152.12,2035697.0,2122197.0
2025-06-20 10:26:53.415107,152.12,2040367.0,2097487.0
2025-06-20 10:26:54.525212,152.12,2042596.0,2107900.0
2025-06-20 10:26:54.700717,152.15,2042596.0,2107900.0
2025-06-20 10:26:56.068103,152.12,2043457.0,2108300.0
2025-06-20 10:26:56.076410,152.12,2043457.0,2108300.0
2025-06-20 10:26:57.013947,152.16,2043457.0,2108300.0
2025-06-20 10:26:57.016739,152.16,2009095.0,2096241.0
2025-06-20 10:26:57.696981,152.18,2009095.0,2096241.0
2025-06-20 10:26:57.808436,152.18,2008487.0,2097873.0
2025-06-20 10:26:58.808775,152.18,2001830.0,2100017.0
2025-06-20 10:26:59.712488,152.18,2001830.0,2100017.0
2025-06-20 10:26:59.951980,152.19,2002892.0,2101740.0
2025-06-20 10:27:00.668226,152.15,2002892.0,2101740.0
2025-06-20 10:27:03.693799,152.15,2002892.0,2101740.0
2025-06-20 10:27:04.731793,152.15,2005440.0,2099632.0
2025-06-20 10:27:06.701906,152.18,2005440.0,2099632.0
2025-06-20 10:27:09.695314,152.15,2005440.0,2099632.0
2025-06-20 10:27:11.312800,152.18,2015489.0,2090129.0
2025-06-20 10:27:12.672587,152.18,2015489.0,2090129.0
2025-06-20 10:27:15.669318,152.21,2015489.0,2090129.0
2025-06-20 10:27:18.018994,152.25,2013820.0,2078414.0
2025-06-20 10:27:18.676832,152.19,2013820.0,2078414.0
2025-06-20 10:27:21.667049,152.25,2013820.0,2078414.0
2025-06-20 10:27:24.524884,152.2,2018210.0,2078647.0
2025-06-20 10:27:25.348958,152.2,2018210.0,2078647.0
2025-06-20 10:27:27.679220,152.25,2018210.0,2078647.0
2025-06-20 10:27:31.355329,152.25,2024646.0,2055570.0
2025-06-20 10:27:31.681982,152.28,2024646.0,2055570.0
2025-06-20 10:27:34.693140,152.22,2024646.0,2055570.0
2025-06-20 10:27:37.687335,152.22,2024646.0,2055570.0
2025-06-20 10:27:37.843403,152.22,2013077.0,2062291.0
2025-06-20 10:27:40.693131,152.22,2013077.0,2062291.0
2025-06-20 10:27:42.658286,152.22,2013077.0,2062291.0
2025-06-20 10:27:43.017690,152.22,2013077.0,2062291.0
2025-06-20 10:27:44.233959,152.22,2013077.0,2062291.0
2025-06-20 10:27:44.477258,152.2,1996520.0,2103137.0
2025-06-20 10:27:44.619630,152.2,1996520.0,2103137.0
2025-06-20 10:27:44.671101,152.2,1996520.0,2103137.0
2025-06-20 10:27:45.264447,152.2,1996520.0,2103137.0
2025-06-20 10:27:46.277651,152.2,1996520.0,2103137.0
2025-06-20 10:27:47.677274,152.2,1996520.0,2103137.0
2025-06-20 10:27:48.679191,152.18,1996520.0,2103137.0
2025-06-20 10:27:49.003313,152.18,1996520.0,2103137.0
2025-06-20 10:27:50.650098,152.17,1993715.0,2155006.0
2025-06-20 10:27:51.496033,152.17,1993715.0,2155006.0
2025-06-20 10:27:51.681503,152.18,1993715.0,2155006.0
2025-06-20 10:27:52.832231,152.18,1993715.0,2155006.0
2025-06-20 10:27:54.020371,152.18,1993715.0,2155006.0
2025-06-20 10:27:54.683184,152.17,1993715.0,2155006.0
2025-06-20 10:27:55.608506,152.17,1993715.0,2155006.0
2025-06-20 10:27:57.055240,152.2,2017682.0,2130912.0
2025-06-20 10:27:57.682696,152.21,2017682.0,2130912.0
2025-06-20 10:28:00.663435,152.18,2017682.0,2130912.0
2025-06-20 10:28:02.675360,152.18,2017682.0,2130912.0
2025-06-20 10:28:03.357901,152.18,2018228.0,2128751.0
2025-06-20 10:28:04.675924,152.21,2018228.0,2128751.0
2025-06-20 10:28:06.676675,152.2,2018228.0,2128751.0
2025-06-20 10:28:08.674504,152.22,2018228.0,2128751.0
2025-06-20 10:28:09.361776,152.22,2015374.0,2127078.0
2025-06-20 10:28:10.676645,152.22,2015374.0,2127078.0
2025-06-20 10:28:12.678032,152.25,2015374.0,2127078.0
2025-06-20 10:28:14.674771,152.24,2015374.0,2127078.0
2025-06-20 10:28:15.471010,152.21,2000694.0,2137049.0
2025-06-20 10:28:17.675381,152.18,2000694.0,2137049.0
2025-06-20 10:28:20.678164,152.2,2000694.0,2137049.0
2025-06-20 10:28:21.569497,152.19,1999857.0,2173393.0
2025-06-20 10:28:23.696378,152.2,1999857.0,2173393.0
2025-06-20 10:28:26.676872,152.15,1999857.0,2173393.0
2025-06-20 10:28:27.375274,152.15,2010063.0,2170960.0
2025-06-20 10:28:29.672140,152.15,2010063.0,2170960.0
2025-06-20 10:28:32.677410,152.19,2010063.0,2170960.0
2025-06-20 10:28:33.700744,152.17,2011883.0,2174680.0
2025-06-20 10:28:35.680747,152.19,2011883.0,2174680.0
2025-06-20 10:28:38.680732,152.2,2011883.0,2174680.0
2025-06-20 10:28:39.706983,152.2,2012194.0,2174411.0
2025-06-20 10:28:41.679270,152.17,2012194.0,2174411.0
2025-06-20 10:28:44.678047,152.1,2012194.0,2174411.0
2025-06-20 10:28:45.785810,152.14,2005351.0,2201402.0
2025-06-20 10:28:47.679280,152.09,2005351.0,2201402.0
2025-06-20 10:28:50.739996,152.1,2005351.0,2201402.0
2025-06-20 10:28:52.216534,152.04,1995962.0,2226635.0
2025-06-20 10:28:53.675685,152.13,1995962.0,2226635.0
2025-06-20 10:28:56.679041,152.02,1995962.0,2226635.0
2025-06-20 10:28:58.197449,152.04,1991869.0,2234560.0
2025-06-20 10:28:59.677249,152.09,1991869.0,2234560.0
2025-06-20 10:29:01.195167,152.03,1993492.0,2232851.0
2025-06-20 10:29:01.675426,152.03,1993492.0,2232851.0
2025-06-20 10:29:02.195407,152.03,1995707.0,2227112.0
2025-06-20 10:29:03.295784,152.1,2001450.0,2221858.0
2025-06-20 10:29:03.670428,152.1,2001450.0,2221858.0
2025-06-20 10:29:04.405984,152.09,1997165.0,2231769.0
2025-06-20 10:29:04.715479,152.09,1997165.0,2231769.0
2025-06-20 10:29:05.402772,152.07,1971960.0,2245710.0
2025-06-20 10:29:05.676330,152.07,1971960.0,2245710.0
2025-06-20 10:29:06.413092,152.07,1972984.0,2243216.0
2025-06-20 10:29:06.676064,152.07,1972984.0,2243216.0
2025-06-20 10:29:07.408039,152.07,1975861.0,2247672.0
2025-06-20 10:29:08.412400,152.0,1976208.0,2243648.0
2025-06-20 10:29:08.672893,152.0,1976208.0,2243648.0
2025-06-20 10:29:09.413055,152.04,1972504.0,2255538.0
2025-06-20 10:29:09.679554,152.04,1972504.0,2255538.0
2025-06-20 10:29:10.301431,151.99,1973498.0,2253309.0
2025-06-20 10:29:10.680308,151.99,1973498.0,2253309.0
2025-06-20 10:29:11.302835,151.99,1978007.0,2243696.0
2025-06-20 10:29:11.688452,151.99,1978007.0,2243696.0
2025-06-20 10:29:12.305517,152.02,1977474.0,2243649.0
2025-06-20 10:29:12.715552,152.02,1977474.0,2243649.0
2025-06-20 10:29:13.304190,152.02,1978592.0,2244927.0
2025-06-20 10:29:13.675645,152.02,1978592.0,2244927.0
2025-06-20 10:29:14.303917,152.0,1976880.0,2246088.0
2025-06-20 10:29:14.679736,152.0,1976880.0,2246088.0
2025-06-20 10:29:15.305565,152.0,1976052.0,2246290.0
2025-06-20 10:29:15.680994,152.05,1976052.0,2246290.0
2025-06-20 10:29:16.308613,152.05,1978645.0,2247559.0
2025-06-20 10:29:16.682508,152.05,1978645.0,2247559.0
2025-06-20 10:29:17.307051,152.05,1978642.0,2252558.0
2025-06-20 10:29:17.686105,152.05,1978642.0,2252558.0
2025-06-20 10:29:18.498619,152.05,1978939.0,2250835.0
2025-06-20 10:29:19.645184,152.0,1979592.0,2251816.0
2025-06-20 10:29:19.696781,152.0,1979592.0,2251816.0
2025-06-20 10:29:20.432136,152.04,1981803.0,2246965.0
2025-06-20 10:29:20.679305,152.04,1981803.0,2246965.0
2025-06-20 10:29:21.444169,152.01,1981437.0,2248084.0
2025-06-20 10:29:21.677533,152.01,1981437.0,2248084.0
2025-06-20 10:29:22.423054,152.05,1986767.0,2244802.0
2025-06-20 10:29:22.691712,152.01,1986767.0,2244802.0
2025-06-20 10:29:23.431762,152.0,1949110.0,2257829.0
2025-06-20 10:29:23.681022,152.0,1949110.0,2257829.0
2025-06-20 10:29:24.644591,152.0,1949235.0,2263719.0
2025-06-20 10:29:24.690371,152.0,1949235.0,2263719.0
2025-06-20 10:29:25.513425,152.04,1957702.0,2235933.0
2025-06-20 10:29:25.678615,152.04,1957702.0,2235933.0
2025-06-20 10:29:26.614682,152.04,1955695.0,2242476.0
2025-06-20 10:29:26.679811,152.04,1955695.0,2242476.0
2025-06-20 10:29:27.683706,152.0,1955695.0,2242476.0
2025-06-20 10:29:27.733537,152.0,1955682.0,2244267.0
2025-06-20 10:29:28.677914,151.98,1955682.0,2244267.0
2025-06-20 10:29:28.726151,151.98,1954564.0,2251106.0
2025-06-20 10:29:29.675924,152.04,1954564.0,2251106.0
2025-06-20 10:29:29.728458,152.04,1938350.0,2251205.0
2025-06-20 10:29:30.724138,152.04,1938350.0,2251205.0
2025-06-20 10:29:30.833771,152.04,1946291.0,2252904.0
2025-06-20 10:29:31.815445,152.04,1945967.0,2253026.0
2025-06-20 10:29:32.680813,152.01,1945967.0,2253026.0
2025-06-20 10:29:33.033509,152.01,1943291.0,2251455.0
2025-06-20 10:29:33.680696,152.01,1943291.0,2251455.0
2025-06-20 10:29:34.043989,152.01,1942399.0,2257170.0
2025-06-20 10:29:34.676926,152.04,1942399.0,2257170.0
2025-06-20 10:29:35.120271,152.01,1943513.0,2255108.0
2025-06-20 10:29:35.679262,152.01,1943513.0,2255108.0
2025-06-20 10:29:36.219826,152.03,1943489.0,2254158.0
2025-06-20 10:29:36.676184,152.03,1943489.0,2254158.0
2025-06-20 10:29:37.320867,152.04,1944826.0,2257405.0
2025-06-20 10:29:37.677629,152.04,1944826.0,2257405.0
2025-06-20 10:29:38.453620,152.04,1945522.0,2257221.0
2025-06-20 10:29:38.673830,152.04,1945522.0,2257221.0
2025-06-20 10:29:39.438165,152.07,1960771.0,2208208.0
2025-06-20 10:29:39.682837,152.07,1960771.0,2208208.0
2025-06-20 10:29:40.521801,152.07,1958297.0,2216271.0
2025-06-20 10:29:40.680436,152.07,1958297.0,2216271.0
2025-06-20 10:29:41.665180,152.07,1951553.0,2218714.0
2025-06-20 10:29:41.712547,152.07,1951553.0,2218714.0
2025-06-20 10:29:42.681386,152.01,1951553.0,2218714.0
2025-06-20 10:29:42.734260,152.01,1946844.0,2232903.0
2025-06-20 10:29:43.677878,152.03,1946844.0,2232903.0
2025-06-20 10:29:43.823396,152.03,1952890.0,2219625.0
2025-06-20 10:29:44.755069,152.09,1952890.0,2219625.0
2025-06-20 10:29:44.837569,152.03,1952747.0,2224387.0
2025-06-20 10:29:45.698684,152.03,1952747.0,2224387.0
2025-06-20 10:29:45.745944,152.03,1952139.0,2224403.0
2025-06-20 10:29:46.712375,152.03,1952139.0,2224403.0
2025-06-20 10:29:46.825728,152.03,1948727.0,2234094.0
2025-06-20 10:29:47.682603,152.03,1948727.0,2234094.0
2025-06-20 10:29:48.049108,152.03,1950296.0,2238273.0
2025-06-20 10:29:48.679977,152.04,1950296.0,2238273.0
2025-06-20 10:29:49.038456,152.04,1950623.0,2238500.0
2025-06-20 10:29:50.130994,152.04,1951009.0,2238857.0
2025-06-20 10:29:51.069014,152.04,1950303.0,2239409.0
2025-06-20 10:29:51.711552,152.04,1950303.0,2239409.0
2025-06-20 10:29:52.054742,152.03,1950505.0,2238426.0
2025-06-20 10:29:52.681511,152.03,1950505.0,2238426.0
2025-06-20 10:29:53.035583,152.03,1950724.0,2238935.0
2025-06-20 10:29:54.048797,152.04,1950724.0,2238918.0
2025-06-20 10:29:54.678017,152.0,1950724.0,2238918.0
2025-06-20 10:29:55.175734,152.0,1957131.0,2239988.0
2025-06-20 10:29:56.231778,152.0,1956355.0,2244248.0
2025-06-20 10:29:56.685070,152.03,1956355.0,2244248.0
2025-06-20 10:29:57.133877,152.03,1962461.0,2243158.0
2025-06-20 10:29:58.232732,152.0,1960335.0,2243186.0
2025-06-20 10:29:58.683254,152.0,1960335.0,2243186.0
2025-06-20 10:29:59.334126,152.0,1960847.0,2243926.0
2025-06-20 10:29:59.686340,152.0,1960847.0,2243926.0
2025-06-20 10:30:01.516175,152.03,1955089.0,2250915.0
2025-06-20 10:30:01.680063,152.03,1955089.0,2250915.0
2025-06-20 10:30:02.341560,152.0,1958967.0,2244112.0
2025-06-20 10:30:02.682887,152.0,1958967.0,2244112.0
2025-06-20 10:30:03.352031,152.03,1960124.0,2244192.0
2025-06-20 10:30:03.682140,152.03,1960124.0,2244192.0
2025-06-20 10:30:04.343376,152.03,1962544.0,2237245.0
2025-06-20 10:30:04.675845,152.07,1962544.0,2237245.0
2025-06-20 10:30:05.473269,152.14,2009001.0,2135568.0
2025-06-20 10:30:05.700931,152.14,2009001.0,2135568.0
2025-06-20 10:30:06.540846,152.15,2011259.0,2145114.0
2025-06-20 10:30:06.680439,152.15,2011259.0,2145114.0
2025-06-20 10:30:07.645014,152.15,2011909.0,2142922.0
2025-06-20 10:30:08.644775,152.18,2015506.0,2121745.0
2025-06-20 10:30:08.674668,152.18,2015506.0,2121745.0
2025-06-20 10:30:09.628110,152.15,2014125.0,2122229.0
2025-06-20 10:30:09.744943,152.15,2014125.0,2122229.0
2025-06-20 10:30:10.651373,152.15,2013510.0,2127062.0
2025-06-20 10:30:10.704087,152.15,2013510.0,2127062.0
2025-06-20 10:30:11.666011,152.18,2007759.0,2128012.0
2025-06-20 10:30:11.702238,152.18,2007759.0,2128012.0
2025-06-20 10:30:12.647802,152.22,2008892.0,2098078.0
2025-06-20 10:30:12.719019,152.22,2008892.0,2098078.0
2025-06-20 10:30:13.648766,152.23,2014494.0,2108564.0
2025-06-20 10:30:13.724289,152.23,2014494.0,2108564.0
2025-06-20 10:30:14.549455,152.19,2013767.0,2108720.0
2025-06-20 10:30:14.693045,152.19,2013767.0,2108720.0
2025-06-20 10:30:15.649305,152.18,2000179.0,2121505.0
2025-06-20 10:30:15.700038,152.18,2000179.0,2121505.0
2025-06-20 10:30:16.734221,152.21,1995834.0,2126735.0
2025-06-20 10:30:16.959096,152.21,1995834.0,2126735.0
2025-06-20 10:30:17.691831,152.13,1995834.0,2126735.0
2025-06-20 10:30:17.848861,152.13,1994718.0,2150102.0
2025-06-20 10:30:18.790353,152.15,1994718.0,2150102.0
2025-06-20 10:30:18.851463,152.15,1995681.0,2139931.0
2025-06-20 10:30:19.697936,152.15,1995681.0,2139931.0
2025-06-20 10:30:19.756033,152.15,1997014.0,2140977.0
2025-06-20 10:30:20.857303,152.15,2006024.0,2128366.0
2025-06-20 10:30:21.704340,152.15,2006024.0,2128366.0
2025-06-20 10:30:21.968629,152.15,1996713.0,2145736.0
2025-06-20 10:30:22.680129,152.12,1996713.0,2145736.0
2025-06-20 10:30:23.055786,152.15,1992640.0,2146003.0
2025-06-20 10:30:23.721784,152.15,1992640.0,2146003.0
2025-06-20 10:30:24.153608,152.15,1994041.0,2145549.0
2025-06-20 10:30:24.700928,152.11,1994041.0,2145549.0
2025-06-20 10:30:25.256026,152.15,1993563.0,2146525.0
2025-06-20 10:30:25.712097,152.15,1993563.0,2146525.0
2025-06-20 10:30:26.257771,152.15,1994708.0,2150080.0
2025-06-20 10:30:26.718499,152.15,1994708.0,2150080.0
2025-06-20 10:30:27.357793,152.15,1995534.0,2146262.0
2025-06-20 10:30:27.702652,152.15,1995534.0,2146262.0
2025-06-20 10:30:28.471723,152.15,1994634.0,2165000.0
2025-06-20 10:30:28.697636,152.15,1994634.0,2165000.0
2025-06-20 10:30:29.558962,152.11,1995521.0,2167222.0
2025-06-20 10:30:29.718228,152.11,1995521.0,2167222.0
2025-06-20 10:30:30.558001,152.11,1995753.0,2167847.0
2025-06-20 10:30:31.566914,152.11,1997346.0,2168088.0
2025-06-20 10:30:31.682799,152.11,1997346.0,2168088.0
2025-06-20 10:30:32.710742,152.11,1997346.0,2168088.0
2025-06-20 10:30:32.765967,152.11,1996237.0,2163787.0
2025-06-20 10:30:33.682645,152.13,1996237.0,2163787.0
2025-06-20 10:30:33.863222,152.13,2000323.0,2154538.0
2025-06-20 10:30:34.976128,152.13,2000664.0,2154698.0
2025-06-20 10:30:36.063858,152.13,2001744.0,2154182.0
2025-06-20 10:30:36.680076,152.18,2001744.0,2154182.0
2025-06-20 10:30:37.063800,152.18,2002530.0,2149103.0
2025-06-20 10:30:37.681986,152.13,2002530.0,2149103.0
2025-06-20 10:30:38.069945,152.13,1999317.0,2143597.0
2025-06-20 10:30:38.683044,152.13,1999317.0,2143597.0
2025-06-20 10:30:39.178054,152.13,2000774.0,2141559.0
2025-06-20 10:30:39.691712,152.15,2000774.0,2141559.0
2025-06-20 10:30:40.270946,152.15,1999341.0,2148471.0
2025-06-20 10:30:40.690364,152.15,1999341.0,2148471.0
2025-06-20 10:30:41.371789,152.15,1999217.0,2148878.0
2025-06-20 10:30:41.682545,152.15,1999217.0,2148878.0
2025-06-20 10:30:42.481955,152.19,2004628.0,2146842.0
2025-06-20 10:30:42.679196,152.19,2004628.0,2146842.0
2025-06-20 10:30:43.169819,152.19,2004628.0,2146842.0
2025-06-20 10:30:43.483264,152.19,2005960.0,2143884.0
2025-06-20 10:30:43.529097,152.19,2005960.0,2143884.0
2025-06-20 10:30:44.201147,152.19,2005960.0,2143884.0
2025-06-20 10:30:44.574157,152.18,2006224.0,2143850.0
2025-06-20 10:30:44.628127,152.18,2006224.0,2143850.0
2025-06-20 10:30:44.681173,152.18,2006224.0,2143850.0
2025-06-20 10:30:44.915244,152.18,2006224.0,2143850.0
2025-06-20 10:30:45.301513,152.18,2006224.0,2143850.0
2025-06-20 10:30:45.689845,152.15,2006224.0,2143850.0
2025-06-20 10:30:45.696470,152.15,2005236.0,2144687.0
2025-06-20 10:30:45.974521,152.15,2005236.0,2144687.0
2025-06-20 10:30:46.458316,152.15,2005236.0,2144687.0
2025-06-20 10:30:46.677362,152.19,2005236.0,2144687.0
2025-06-20 10:30:46.782619,152.19,2006940.0,2142998.0
2025-06-20 10:30:47.016179,152.19,2006940.0,2142998.0
2025-06-20 10:30:47.653029,152.19,2006940.0,2142998.0
2025-06-20 10:30:47.703009,152.18,2006940.0,2142998.0
2025-06-20 10:30:47.872788,152.18,2007098.0,2143143.0
2025-06-20 10:30:48.377121,152.18,2007098.0,2143143.0
2025-06-20 10:30:48.981061,152.18,2007006.0,2143180.0
2025-06-20 10:30:49.683025,152.19,2007006.0,2143180.0
2025-06-20 10:30:49.723274,152.19,2007006.0,2143180.0
2025-06-20 10:30:50.076779,152.19,2008755.0,2142344.0
2025-06-20 10:30:50.686949,152.18,2008755.0,2142344.0
2025-06-20 10:30:50.736654,152.18,2008755.0,2142344.0
2025-06-20 10:30:51.189990,152.22,2015020.0,2108858.0
2025-06-20 10:30:51.684287,152.22,2015020.0,2108858.0
2025-06-20 10:30:52.246573,152.22,2015020.0,2108858.0
2025-06-20 10:30:52.284431,152.22,2021480.0,2106857.0
2025-06-20 10:30:52.695256,152.26,2021480.0,2106857.0
2025-06-20 10:30:53.377660,152.23,2029836.0,2079622.0
2025-06-20 10:30:53.524369,152.23,2029836.0,2079622.0
2025-06-20 10:30:53.732659,152.25,2029836.0,2079622.0
2025-06-20 10:30:54.485092,152.25,2028078.0,2070051.0
2025-06-20 10:30:54.682538,152.25,2028078.0,2070051.0
2025-06-20 10:30:54.798974,152.25,2028078.0,2070051.0
2025-06-20 10:30:55.578285,152.25,2029190.0,2072888.0
2025-06-20 10:30:56.451379,152.25,2029190.0,2072888.0
2025-06-20 10:30:56.692166,152.28,2029190.0,2072888.0
2025-06-20 10:30:56.707089,152.28,2029072.0,2073994.0
2025-06-20 10:30:57.716933,152.28,2029072.0,2073994.0
2025-06-20 10:30:57.779189,152.29,2029200.0,2069475.0
2025-06-20 10:30:58.687692,152.29,2029200.0,2069475.0
2025-06-20 10:30:58.885180,152.29,2028475.0,2069274.0
2025-06-20 10:30:59.687784,152.29,2028475.0,2069274.0
2025-06-20 10:31:00.079442,152.29,2022073.0,2071184.0
2025-06-20 10:31:00.679994,152.29,2022073.0,2071184.0
2025-06-20 10:31:03.692270,152.32,2022073.0,2071184.0
2025-06-20 10:31:06.721110,152.35,2022073.0,2071184.0
2025-06-20 10:31:06.991464,152.35,2022129.0,2039372.0
2025-06-20 10:31:09.949549,152.32,2022129.0,2039372.0
2025-06-20 10:31:12.708060,152.33,2022129.0,2039372.0
2025-06-20 10:31:13.194190,152.35,2026407.0,2051328.0
2025-06-20 10:31:15.696875,152.37,2026407.0,2051328.0
2025-06-20 10:31:18.740112,152.4,2026407.0,2051328.0
2025-06-20 10:31:19.198577,152.4,2030721.0,2028263.0
2025-06-20 10:31:21.707926,152.35,2030721.0,2028263.0
2025-06-20 10:31:24.739539,152.35,2030721.0,2028263.0
2025-06-20 10:31:25.096224,152.35,2017602.0,2034454.0
2025-06-20 10:31:27.734857,152.35,2017602.0,2034454.0
2025-06-20 10:31:30.723621,152.4,2017602.0,2034454.0
2025-06-20 10:31:30.800157,152.4,2031064.0,2031849.0
2025-06-20 10:31:33.737857,152.4,2031064.0,2031849.0
2025-06-20 10:31:36.716149,152.4,2031064.0,2031849.0
2025-06-20 10:31:37.150965,152.4,2038534.0,2042168.0
2025-06-20 10:31:39.757698,152.37,2038534.0,2042168.0
2025-06-20 10:31:42.737204,152.4,2038534.0,2042168.0
2025-06-20 10:31:42.931277,152.4,2039608.0,2042535.0
2025-06-20 10:31:45.764397,152.44,2039608.0,2042535.0
2025-06-20 10:31:48.708770,152.43,2039608.0,2042535.0
2025-06-20 10:31:48.822639,152.43,1979544.0,2051085.0
2025-06-20 10:31:51.700717,152.37,1979544.0,2051085.0
2025-06-20 10:31:54.727394,152.39,1979544.0,2051085.0
2025-06-20 10:31:54.739044,152.39,2002902.0,2076370.0
2025-06-20 10:31:57.735563,152.39,2002902.0,2076370.0
2025-06-20 10:32:00.524698,152.38,2009283.0,2089724.0
2025-06-20 10:32:00.688592,152.38,2009283.0,2089724.0
2025-06-20 10:32:03.710793,152.35,2009283.0,2089724.0
2025-06-20 10:32:06.559490,152.28,1947324.0,2141990.0
2025-06-20 10:32:07.729870,152.29,1947324.0,2141990.0
2025-06-20 10:32:11.708548,152.29,1947324.0,2141990.0
2025-06-20 10:32:13.152479,152.26,1974833.0,2122335.0
2025-06-20 10:32:15.735892,152.3,1974833.0,2122335.0
2025-06-20 10:32:19.237389,152.35,1985602.0,2116405.0
2025-06-20 10:32:19.695759,152.35,1985602.0,2116405.0
2025-06-20 10:32:23.697982,152.36,1985602.0,2116405.0
2025-06-20 10:32:25.540402,152.36,1986696.0,2114265.0
2025-06-20 10:32:27.692296,152.32,1986696.0,2114265.0
2025-06-20 10:32:30.740625,152.31,1986696.0,2114265.0
2025-06-20 10:32:31.644657,152.34,1993083.0,2094809.0
2025-06-20 10:32:33.689420,152.34,1993083.0,2094809.0
2025-06-20 10:32:36.731608,152.34,1993083.0,2094809.0
2025-06-20 10:32:37.977409,152.34,1987548.0,2118789.0
2025-06-20 10:32:39.734143,152.35,1987548.0,2118789.0
2025-06-20 10:32:42.689372,152.38,1987548.0,2118789.0
2025-06-20 10:32:43.851528,152.39,2008511.0,2110925.0
2025-06-20 10:32:45.726778,152.39,2008511.0,2110925.0
2025-06-20 10:32:48.712547,152.43,2008511.0,2110925.0
2025-06-20 10:32:49.756188,152.41,2021794.0,2074018.0
2025-06-20 10:32:51.873076,152.41,2021794.0,2074018.0
2025-06-20 10:32:54.699693,152.46,2021794.0,2074018.0
2025-06-20 10:32:56.162147,152.45,2007670.0,2060546.0
2025-06-20 10:32:57.692604,152.49,2007670.0,2060546.0
2025-06-20 10:33:00.699095,152.49,2007670.0,2060546.0
2025-06-20 10:33:01.160179,152.49,2008325.0,2059537.0
2025-06-20 10:33:01.701171,152.5,2008325.0,2059537.0
2025-06-20 10:33:02.162587,152.47,2021460.0,2045219.0
2025-06-20 10:33:02.694901,152.5,2021460.0,2045219.0
2025-06-20 10:33:03.261345,152.5,2021461.0,2046574.0
2025-06-20 10:33:03.778850,152.47,2021461.0,2046574.0
2025-06-20 10:33:04.360685,152.5,2019353.0,2018461.0
2025-06-20 10:33:04.697690,152.5,2019353.0,2018461.0
2025-06-20 10:33:05.496997,152.55,1993942.0,2027423.0
2025-06-20 10:33:05.698970,152.52,1993942.0,2027423.0
2025-06-20 10:33:06.562577,152.52,1989262.0,2023990.0
2025-06-20 10:33:06.704932,152.52,1989262.0,2023990.0
2025-06-20 10:33:07.687824,152.52,1987294.0,2026929.0
2025-06-20 10:33:07.714118,152.52,1987294.0,2026929.0
2025-06-20 10:33:09.112990,152.52,1984763.0,2033628.0
2025-06-20 10:33:09.147829,152.52,1984763.0,2033628.0
2025-06-20 10:33:09.712193,152.52,1984763.0,2033628.0
2025-06-20 10:33:09.762682,152.54,1983788.0,2050507.0
2025-06-20 10:33:10.775064,152.54,1983788.0,2050507.0
2025-06-20 10:33:10.940777,152.54,1985246.0,2044486.0
2025-06-20 10:33:11.704246,152.52,1985246.0,2044486.0
2025-06-20 10:33:11.871431,152.52,2004183.0,2033184.0
2025-06-20 10:33:12.692390,152.54,2004183.0,2033184.0
2025-06-20 10:33:12.997609,152.54,2003515.0,2034254.0
2025-06-20 10:33:13.747722,152.54,2003515.0,2034254.0
2025-06-20 10:33:14.565996,152.55,2004028.0,2033576.0
2025-06-20 10:33:14.690628,152.54,2004028.0,2033576.0
2025-06-20 10:33:15.668069,152.56,1993905.0,2028213.0
2025-06-20 10:33:15.691906,152.56,1993905.0,2028213.0
2025-06-20 10:33:16.669382,152.56,1989979.0,2027809.0
2025-06-20 10:33:16.690532,152.56,1989979.0,2027809.0
2025-06-20 10:33:17.697979,152.58,1989979.0,2027809.0
2025-06-20 10:33:17.772010,152.58,1987638.0,2027413.0
2025-06-20 10:33:18.697644,152.56,1987638.0,2027413.0
2025-06-20 10:33:18.768022,152.56,1988841.0,2027777.0
2025-06-20 10:33:19.725910,152.58,1988841.0,2027777.0
2025-06-20 10:33:19.768043,152.58,1988901.0,2036728.0
2025-06-20 10:33:20.690358,152.58,1988901.0,2036728.0
2025-06-20 10:33:20.772318,152.58,1988935.0,2036914.0
2025-06-20 10:33:21.690031,152.58,1988935.0,2036914.0
2025-06-20 10:33:21.778403,152.58,1988598.0,2034815.0
2025-06-20 10:33:22.742091,152.58,1988598.0,2034815.0
2025-06-20 10:33:22.874490,152.58,1988451.0,2042518.0
2025-06-20 10:33:23.749901,152.57,1988451.0,2042518.0
2025-06-20 10:33:23.879914,152.57,1988812.0,2041553.0
2025-06-20 10:33:24.688057,152.59,1988812.0,2041553.0
2025-06-20 10:33:24.874952,152.54,1989195.0,2039581.0
2025-06-20 10:33:25.698782,152.58,1989195.0,2039581.0
2025-06-20 10:33:25.780172,152.58,1993379.0,2039761.0
2025-06-20 10:33:26.694342,152.56,1993379.0,2039761.0
2025-06-20 10:33:26.776826,152.56,1987941.0,2055130.0
2025-06-20 10:33:27.689929,152.56,1987941.0,2055130.0
2025-06-20 10:33:27.882425,152.56,1988164.0,2050111.0
2025-06-20 10:33:28.755410,152.56,1988164.0,2050111.0
2025-06-20 10:33:28.988320,152.56,1988962.0,2051481.0
2025-06-20 10:33:29.704182,152.56,1988962.0,2051481.0
2025-06-20 10:33:30.082240,152.57,1988531.0,2057972.0
2025-06-20 10:33:30.694120,152.52,1988531.0,2057972.0
2025-06-20 10:33:31.581174,152.52,1981522.0,2060192.0
2025-06-20 10:33:31.696889,152.52,1981522.0,2060192.0
2025-06-20 10:33:32.797274,152.56,1981188.0,2059415.0
2025-06-20 10:33:32.827302,152.56,1981188.0,2059415.0
2025-06-20 10:33:33.582041,152.56,1981013.0,2057218.0
2025-06-20 10:33:34.582110,152.52,2009092.0,2042028.0
2025-06-20 10:33:34.704650,152.52,2009092.0,2042028.0
2025-06-20 10:33:35.659609,152.59,2014571.0,2039857.0
2025-06-20 10:33:35.774768,152.59,2014571.0,2039857.0
2025-06-20 10:33:36.688300,152.59,2005031.0,2040358.0
2025-06-20 10:33:36.699683,152.59,2005031.0,2040358.0
2025-06-20 10:33:37.681871,152.52,1996433.0,2046629.0
2025-06-20 10:33:37.693441,152.52,1996433.0,2046629.0
2025-06-20 10:33:38.689530,152.52,1996433.0,2046629.0
2025-06-20 10:33:38.779762,152.52,1986120.0,2043810.0
2025-06-20 10:33:39.700647,152.58,1986120.0,2043810.0
2025-06-20 10:33:39.884764,152.56,1991336.0,2041834.0
2025-06-20 10:33:40.687320,152.6,1991336.0,2041834.0
2025-06-20 10:33:41.009471,152.6,1998505.0,2034161.0
2025-06-20 10:33:41.689641,152.57,1998505.0,2034161.0
2025-06-20 10:33:42.081027,152.57,2000595.0,2035086.0
2025-06-20 10:33:42.686459,152.57,2000595.0,2035086.0
2025-06-20 10:33:43.002567,152.57,2000317.0,2032747.0
2025-06-20 10:33:43.640823,152.57,2000317.0,2032747.0
2025-06-20 10:33:43.710623,152.59,2000317.0,2032747.0
2025-06-20 10:33:44.030343,152.59,2000317.0,2032747.0
2025-06-20 10:33:44.081955,152.59,2001107.0,2033560.0
2025-06-20 10:33:44.343037,152.59,2001107.0,2033560.0
2025-06-20 10:33:44.689162,152.59,2001107.0,2033560.0
2025-06-20 10:33:44.725835,152.59,2001107.0,2033560.0
2025-06-20 10:33:45.020622,152.59,2001107.0,2033560.0
2025-06-20 10:33:45.181708,152.59,2000899.0,2033949.0
2025-06-20 10:33:45.301371,152.59,2000899.0,2033949.0
2025-06-20 10:33:46.187594,152.59,2000654.0,2033949.0
2025-06-20 10:33:46.372757,152.59,2000654.0,2033949.0
2025-06-20 10:33:46.694000,152.59,2000654.0,2033949.0
2025-06-20 10:33:46.836641,152.59,2000654.0,2033949.0
2025-06-20 10:33:47.389217,152.59,1999093.0,2030597.0
2025-06-20 10:33:47.409297,152.59,1999093.0,2030597.0
2025-06-20 10:33:47.687098,152.59,1999093.0,2030597.0
2025-06-20 10:33:47.822236,152.59,1999093.0,2030597.0
2025-06-20 10:33:48.387115,152.59,2005872.0,2034032.0
2025-06-20 10:33:48.700211,152.59,2005872.0,2034032.0
2025-06-20 10:33:48.823470,152.59,2005872.0,2034032.0
2025-06-20 10:33:49.287453,152.59,2003043.0,2031741.0
2025-06-20 10:33:49.689496,152.59,2003043.0,2031741.0
2025-06-20 10:33:50.128011,152.59,2003043.0,2031741.0
2025-06-20 10:33:50.395472,152.6,2006639.0,2035883.0
2025-06-20 10:33:50.765794,152.6,2006639.0,2035883.0
2025-06-20 10:33:51.342974,152.6,2006639.0,2035883.0
2025-06-20 10:33:51.502710,152.6,2010351.0,2035288.0
2025-06-20 10:33:51.687879,152.6,2010351.0,2035288.0
2025-06-20 10:33:52.660792,152.6,2010351.0,2035288.0
2025-06-20 10:33:52.712729,152.6,2010351.0,2035288.0
2025-06-20 10:33:52.715300,152.6,2014166.0,2035271.0
2025-06-20 10:33:53.690075,152.59,2014166.0,2035271.0
2025-06-20 10:33:53.706228,152.59,2013888.0,2037582.0
2025-06-20 10:33:53.947692,152.59,2013888.0,2037582.0
2025-06-20 10:33:54.619261,152.59,2015413.0,2036424.0
2025-06-20 10:33:54.737820,152.59,2015413.0,2036424.0
2025-06-20 10:33:55.226021,152.59,2015413.0,2036424.0
2025-06-20 10:33:55.687084,152.63,2015413.0,2036424.0
2025-06-20 10:33:56.197511,152.63,2012336.0,2030005.0
2025-06-20 10:33:56.685951,152.6,2012336.0,2030005.0
2025-06-20 10:33:56.826515,152.6,2012336.0,2030005.0
2025-06-20 10:33:57.295680,152.6,2015025.0,2038851.0
2025-06-20 10:33:57.690933,152.6,2015025.0,2038851.0
2025-06-20 10:33:58.405143,152.58,2015074.0,2041243.0
2025-06-20 10:33:58.690791,152.58,2015074.0,2041243.0
2025-06-20 10:33:59.503366,152.6,2011737.0,2038506.0
2025-06-20 10:33:59.685853,152.58,2011737.0,2038506.0
2025-06-20 10:34:00.689073,152.58,2011737.0,2038506.0
2025-06-20 10:34:01.406490,152.58,2010732.0,2039537.0
2025-06-20 10:34:01.692472,152.6,2010732.0,2039537.0
2025-06-20 10:34:02.497239,152.6,2012127.0,2038739.0
2025-06-20 10:34:02.693716,152.6,2012127.0,2038739.0
2025-06-20 10:34:03.605602,152.6,1998862.0,2036012.0
2025-06-20 10:34:03.691452,152.59,1998862.0,2036012.0
2025-06-20 10:34:04.606367,152.59,2003121.0,2047865.0
2025-06-20 10:34:04.692425,152.58,2003121.0,2047865.0
2025-06-20 10:34:05.601422,152.6,2003428.0,2043719.0
2025-06-20 10:34:05.691898,152.6,2003428.0,2043719.0
2025-06-20 10:34:06.612322,152.6,2008179.0,2039145.0
2025-06-20 10:34:06.694791,152.6,2008179.0,2039145.0
2025-06-20 10:34:07.605032,152.63,2016826.0,2031052.0
2025-06-20 10:34:07.691698,152.63,2016826.0,2031052.0
2025-06-20 10:34:08.607620,152.62,2007093.0,2033984.0
2025-06-20 10:34:08.690308,152.62,2007093.0,2033984.0
2025-06-20 10:34:09.688763,152.62,2007093.0,2033984.0
2025-06-20 10:34:09.717193,152.62,2007950.0,2034772.0
2025-06-20 10:34:10.705914,152.61,2007950.0,2034772.0
2025-06-20 10:34:10.804116,152.61,2007882.0,2034309.0
2025-06-20 10:34:11.713728,152.64,2007882.0,2034309.0
2025-06-20 10:34:11.917940,152.64,2007596.0,2034917.0
2025-06-20 10:34:12.692180,152.65,2007596.0,2034917.0
2025-06-20 10:34:12.907783,152.65,2009097.0,2031073.0
2025-06-20 10:34:14.003529,152.65,2009094.0,2031085.0
2025-06-20 10:34:14.699996,152.65,2009094.0,2031085.0
2025-06-20 10:34:15.145635,152.65,2013973.0,2028559.0
2025-06-20 10:34:16.203896,152.66,2013524.0,2016239.0
2025-06-20 10:34:16.742923,152.69,2013524.0,2016239.0
2025-06-20 10:34:17.304065,152.65,2007434.0,2030699.0
2025-06-20 10:34:17.692943,152.65,2007434.0,2030699.0
2025-06-20 10:34:18.306144,152.69,2006564.0,2034229.0
2025-06-20 10:34:18.690200,152.69,2006564.0,2034229.0
2025-06-20 10:34:19.304390,152.69,2007509.0,2032189.0
2025-06-20 10:34:19.689714,152.7,2007509.0,2032189.0
2025-06-20 10:34:20.418716,152.7,2013333.0,2030986.0
2025-06-20 10:34:20.700674,152.65,2013333.0,2030986.0
2025-06-20 10:34:21.416496,152.65,2000745.0,2039259.0
2025-06-20 10:34:21.697786,152.65,2000745.0,2039259.0
2025-06-20 10:34:22.422009,152.65,1994851.0,2044035.0
2025-06-20 10:34:22.709080,152.65,1994851.0,2044035.0
2025-06-20 10:34:23.653773,152.65,1991716.0,2046607.0
2025-06-20 10:34:23.739683,152.67,1991716.0,2046607.0
2025-06-20 10:34:24.610385,152.65,1990106.0,2051050.0
2025-06-20 10:34:24.702761,152.65,1990106.0,2051050.0
2025-06-20 10:34:25.543797,152.68,1991249.0,2046690.0
2025-06-20 10:34:25.718291,152.68,1991249.0,2046690.0
2025-06-20 10:34:26.611682,152.66,1982686.0,2063016.0
2025-06-20 10:34:26.698586,152.66,1982686.0,2063016.0
2025-06-20 10:34:27.738848,152.6,1982686.0,2063016.0
2025-06-20 10:34:27.750998,152.6,1982190.0,2075618.0
2025-06-20 10:34:28.708841,152.6,1982190.0,2075618.0
2025-06-20 10:34:28.813255,152.6,1984552.0,2075498.0
2025-06-20 10:34:29.693102,152.6,1984552.0,2075498.0
2025-06-20 10:34:29.813014,152.6,1987495.0,2076852.0
2025-06-20 10:34:30.701263,152.6,1987495.0,2076852.0
2025-06-20 10:34:30.926306,152.6,1988190.0,2079777.0
2025-06-20 10:34:31.994499,152.6,1988784.0,2085803.0
2025-06-20 10:34:32.691168,152.6,1988784.0,2085803.0
2025-06-20 10:34:33.021114,152.6,1989327.0,2086232.0
2025-06-20 10:34:33.710842,152.64,1989327.0,2086232.0
2025-06-20 10:34:33.923404,152.64,1989358.0,2086780.0
2025-06-20 10:34:34.696263,152.6,1989358.0,2086780.0
2025-06-20 10:34:34.826174,152.6,1987400.0,2089259.0
2025-06-20 10:34:35.703347,152.59,1987400.0,2089259.0
2025-06-20 10:34:36.160394,152.59,1978838.0,2095075.0
2025-06-20 10:34:36.732893,152.62,1978838.0,2095075.0
2025-06-20 10:34:37.117710,152.59,1983133.0,2091003.0
2025-06-20 10:34:37.691654,152.59,1983133.0,2091003.0
2025-06-20 10:34:38.220165,152.63,1981437.0,2093819.0
2025-06-20 10:34:38.707523,152.59,1981437.0,2093819.0
2025-06-20 10:34:39.318814,152.59,1981365.0,2093288.0
2025-06-20 10:34:39.703447,152.59,1981365.0,2093288.0
2025-06-20 10:34:40.519571,152.62,1976906.0,2097620.0
2025-06-20 10:34:40.712517,152.59,1976906.0,2097620.0
2025-06-20 10:34:41.525361,152.59,1977194.0,2096022.0
2025-06-20 10:34:41.749512,152.62,1977194.0,2096022.0
2025-06-20 10:34:42.620050,152.59,1983773.0,2098114.0
2025-06-20 10:34:42.734645,152.59,1983773.0,2098114.0
2025-06-20 10:34:44.074244,152.59,1983773.0,2098114.0
2025-06-20 10:34:44.082801,152.59,1987529.0,2104351.0
2025-06-20 10:34:45.378837,152.57,1987529.0,2104351.0
2025-06-20 10:34:45.383141,152.59,1976342.0,2112543.0
2025-06-20 10:34:45.743250,152.59,1976342.0,2112543.0
2025-06-20 10:34:45.936605,152.59,1974727.0,2107559.0
2025-06-20 10:34:46.714325,152.59,1974727.0,2107559.0
2025-06-20 10:34:46.825281,152.59,1974052.0,2109351.0
2025-06-20 10:34:47.733872,152.59,1974052.0,2109351.0
2025-06-20 10:34:47.939103,152.59,1974425.0,2111013.0
2025-06-20 10:34:48.696082,152.59,1974425.0,2111013.0
2025-06-20 10:34:49.028569,152.59,1975148.0,2104912.0
2025-06-20 10:34:49.716736,152.59,1975148.0,2104912.0
2025-06-20 10:34:50.135861,152.56,1973079.0,2108042.0
2025-06-20 10:34:50.760228,152.59,1973079.0,2108042.0
2025-06-20 10:34:51.229369,152.59,1973451.0,2111340.0
2025-06-20 10:34:52.408281,152.59,1973451.0,2111340.0
2025-06-20 10:34:52.493706,152.56,1973480.0,2110838.0
2025-06-20 10:34:52.756285,152.52,1973480.0,2110838.0
2025-06-20 10:34:53.329795,152.59,1978164.0,2111352.0
2025-06-20 10:34:53.717358,152.59,1978164.0,2111352.0
2025-06-20 10:34:54.443158,152.54,1986073.0,2110804.0
2025-06-20 10:34:54.719848,152.54,1986073.0,2110804.0
2025-06-20 10:34:55.531291,152.54,1974449.0,2110365.0
2025-06-20 10:34:56.633903,152.58,1971618.0,2121682.0
2025-06-20 10:34:56.757066,152.58,1971618.0,2121682.0
2025-06-20 10:34:57.733675,152.58,1971618.0,2121682.0
2025-06-20 10:34:57.745597,152.58,1972514.0,2122896.0
2025-06-20 10:34:58.696942,152.58,1972514.0,2122896.0
2025-06-20 10:34:58.834984,152.58,1971277.0,2130273.0
2025-06-20 10:34:59.703725,152.58,1971277.0,2130273.0
2025-06-20 10:34:59.970960,152.58,1969396.0,2133215.0
2025-06-20 10:35:00.764139,152.59,1969396.0,2133215.0
2025-06-20 10:35:01.339386,152.59,1983358.0,2112526.0
2025-06-20 10:35:02.452999,152.56,1996973.0,2102218.0
2025-06-20 10:35:02.704113,152.59,1996973.0,2102218.0
2025-06-20 10:35:03.450182,152.56,1991140.0,2119763.0
2025-06-20 10:35:03.696659,152.56,1991140.0,2119763.0
2025-06-20 10:35:04.554313,152.58,1986959.0,2122043.0
2025-06-20 10:35:04.693284,152.58,1986959.0,2122043.0
2025-06-20 10:35:05.637164,152.59,1987964.0,2124731.0
2025-06-20 10:35:05.696261,152.59,1987964.0,2124731.0
2025-06-20 10:35:06.639169,152.59,1987287.0,2124162.0
2025-06-20 10:35:06.696045,152.59,1987287.0,2124162.0
2025-06-20 10:35:07.696575,152.59,1987287.0,2124162.0
2025-06-20 10:35:07.838817,152.59,1977729.0,2116242.0
2025-06-20 10:35:08.641085,152.59,1981367.0,2127218.0
2025-06-20 10:35:08.695528,152.59,1981367.0,2127218.0
2025-06-20 10:35:09.692524,152.59,1981367.0,2127218.0
2025-06-20 10:35:09.767327,152.59,1967797.0,2125393.0
2025-06-20 10:35:10.695263,152.59,1967797.0,2125393.0
2025-06-20 10:35:10.742993,152.59,1967893.0,2152513.0
2025-06-20 10:35:11.695051,152.58,1967893.0,2152513.0
2025-06-20 10:35:11.757248,152.58,1988750.0,2143281.0
2025-06-20 10:35:12.640954,152.6,1993578.0,2120665.0
2025-06-20 10:35:12.694329,152.6,1993578.0,2120665.0
2025-06-20 10:35:13.642131,152.61,1987778.0,2118017.0
2025-06-20 10:35:13.693579,152.61,1987778.0,2118017.0
2025-06-20 10:35:14.642525,152.66,1989206.0,2127722.0
2025-06-20 10:35:14.695756,152.66,1989206.0,2127722.0
2025-06-20 10:35:15.644507,152.61,1989912.0,2136872.0
2025-06-20 10:35:15.695553,152.61,1989912.0,2136872.0
2025-06-20 10:35:16.644320,152.66,1991232.0,2137092.0
2025-06-20 10:35:16.980525,152.66,1991232.0,2137092.0
2025-06-20 10:35:17.644325,152.61,1968732.0,2149377.0
2025-06-20 10:35:17.694943,152.61,1968732.0,2149377.0
2025-06-20 10:35:18.646446,152.58,1964634.0,2158008.0
2025-06-20 10:35:18.694843,152.58,1964634.0,2158008.0
2025-06-20 10:35:19.547331,152.58,1966551.0,2151134.0
2025-06-20 10:35:19.692215,152.58,1966551.0,2151134.0
2025-06-20 10:35:20.462518,152.63,1966729.0,2150390.0
2025-06-20 10:35:20.694950,152.63,1966729.0,2150390.0
2025-06-20 10:35:21.350666,152.63,1982106.0,2152789.0
2025-06-20 10:35:21.693256,152.6,1982106.0,2152789.0
2025-06-20 10:35:22.350236,152.66,1980986.0,2142046.0
2025-06-20 10:35:22.805012,152.63,1980986.0,2142046.0
2025-06-20 10:35:23.350373,152.66,1975230.0,2142589.0
2025-06-20 10:35:23.721597,152.65,1975230.0,2142589.0
2025-06-20 10:35:24.350323,152.65,1974719.0,2143170.0
2025-06-20 10:35:24.694028,152.65,1974719.0,2143170.0
2025-06-20 10:35:25.352290,152.67,1979618.0,2122507.0
2025-06-20 10:35:25.691731,152.66,1979618.0,2122507.0
2025-06-20 10:35:26.351673,152.68,1981292.0,2126059.0
2025-06-20 10:35:26.695629,152.68,1981292.0,2126059.0
2025-06-20 10:35:27.352452,152.68,1979972.0,2129242.0
2025-06-20 10:35:27.697913,152.66,1979972.0,2129242.0
2025-06-20 10:35:28.353649,152.69,1976389.0,2127015.0
2025-06-20 10:35:28.701705,152.66,1976389.0,2127015.0
2025-06-20 10:35:29.695985,152.69,1976389.0,2127015.0
2025-06-20 10:35:30.256482,152.69,1978374.0,2128328.0
2025-06-20 10:35:30.706339,152.69,1978374.0,2128328.0
2025-06-20 10:35:31.253255,152.69,1992897.0,2117387.0
2025-06-20 10:35:31.694685,152.65,1992897.0,2117387.0
2025-06-20 10:35:32.697858,152.66,1992897.0,2117387.0
2025-06-20 10:35:33.155965,152.65,1995893.0,2119298.0
2025-06-20 10:35:33.698036,152.66,1995893.0,2119298.0
2025-06-20 10:35:34.722234,152.65,1995893.0,2119298.0
2025-06-20 10:35:35.059314,152.7,1984212.0,2122075.0
2025-06-20 10:35:35.696172,152.7,1984212.0,2122075.0
2025-06-20 10:35:36.057432,152.7,1991429.0,2128735.0
2025-06-20 10:35:36.697837,152.68,1991429.0,2128735.0
2025-06-20 10:35:37.559641,152.66,1963583.0,2140000.0
2025-06-20 10:35:37.695186,152.62,1963583.0,2140000.0
2025-06-20 10:35:38.658844,152.69,1990842.0,2119524.0
2025-06-20 10:35:38.703957,152.69,1990842.0,2119524.0
2025-06-20 10:35:39.664281,152.68,1968594.0,2137591.0
2025-06-20 10:35:39.710467,152.68,1968594.0,2137591.0
2025-06-20 10:35:40.663979,152.68,1979608.0,2134468.0
2025-06-20 10:35:40.698083,152.68,1979608.0,2134468.0
2025-06-20 10:35:41.663266,152.68,1978416.0,2134333.0
2025-06-20 10:35:42.664488,152.68,1979220.0,2131462.0
2025-06-20 10:35:42.694580,152.68,1979220.0,2131462.0
2025-06-20 10:35:43.661418,152.6,1979166.0,2141653.0
2025-06-20 10:35:43.707718,152.6,1979166.0,2141653.0
2025-06-20 10:35:44.661652,152.6,1977502.0,2155173.0
2025-06-20 10:35:45.663477,152.57,1985490.0,2151001.0
2025-06-20 10:35:45.696737,152.57,1985490.0,2151001.0
2025-06-20 10:35:46.664797,152.66,1991843.0,2152802.0
2025-06-20 10:35:46.691776,152.66,1991843.0,2152802.0
2025-06-20 10:35:47.664843,152.65,1990109.0,2151882.0
2025-06-20 10:35:47.695145,152.65,1990109.0,2151882.0
2025-06-20 10:35:48.664510,152.65,1967562.0,2175457.0
2025-06-20 10:35:49.684486,152.55,1962164.0,2181199.0
2025-06-20 10:35:49.753132,152.55,1962164.0,2181199.0
2025-06-20 10:35:50.662931,152.6,1974028.0,2180473.0
2025-06-20 10:35:50.698658,152.6,1974028.0,2180473.0
2025-06-20 10:35:51.665127,152.55,1935930.0,2185154.0
2025-06-20 10:35:51.695026,152.55,1935930.0,2185154.0
2025-06-20 10:35:52.764177,152.55,1967150.0,2185116.0
2025-06-20 10:35:53.707380,152.55,1967150.0,2185116.0
2025-06-20 10:35:53.772765,152.55,1973851.0,2173054.0
2025-06-20 10:35:54.768446,152.61,1975914.0,2170502.0
2025-06-20 10:35:55.667580,152.6,1970315.0,2170009.0
2025-06-20 10:35:55.715418,152.6,1970315.0,2170009.0
2025-06-20 10:35:56.670007,152.6,1976126.0,2170334.0
2025-06-20 10:35:57.696557,152.62,1976126.0,2170334.0
2025-06-20 10:35:57.768280,152.55,1972871.0,2170171.0
2025-06-20 10:35:58.694706,152.62,1972871.0,2170171.0
2025-06-20 10:35:58.877204,152.62,1977946.0,2170831.0
2025-06-20 10:35:59.702764,152.55,1977946.0,2170831.0
2025-06-20 10:35:59.882138,152.55,1968403.0,2183981.0
2025-06-20 10:36:01.173933,152.55,1961700.0,2195383.0
2025-06-20 10:36:01.711325,152.55,1961700.0,2195383.0
2025-06-20 10:36:02.284193,152.6,1971664.0,2181728.0
2025-06-20 10:36:02.700679,152.6,1971664.0,2181728.0
2025-06-20 10:36:03.272858,152.6,1980690.0,2179399.0
2025-06-20 10:36:03.702759,152.6,1980690.0,2179399.0
2025-06-20 10:36:04.273064,152.6,1991920.0,2176765.0
2025-06-20 10:36:04.701451,152.6,1991920.0,2176765.0
2025-06-20 10:36:05.371324,152.6,1998793.0,2160657.0
2025-06-20 10:36:06.374820,152.61,1973033.0,2177977.0
2025-06-20 10:36:06.704809,152.6,1973033.0,2177977.0
2025-06-20 10:36:07.537487,152.6,1972771.0,2173344.0
2025-06-20 10:36:07.720572,152.59,1972771.0,2173344.0
2025-06-20 10:36:08.574776,152.55,1972184.0,2177921.0
2025-06-20 10:36:08.730282,152.59,1972184.0,2177921.0
2025-06-20 10:36:09.485811,152.55,1937085.0,2183328.0
2025-06-20 10:36:09.751579,152.55,1937085.0,2183328.0
2025-06-20 10:36:10.486844,152.55,1966999.0,2195196.0
2025-06-20 10:36:10.698344,152.55,1966999.0,2195196.0
2025-06-20 10:36:11.507656,152.58,1967573.0,2193844.0
2025-06-20 10:36:11.702923,152.55,1967573.0,2193844.0
2025-06-20 10:36:12.579744,152.52,1975608.0,2199331.0
2025-06-20 10:36:12.694238,152.52,1975608.0,2199331.0
2025-06-20 10:36:13.579489,152.51,1976135.0,2194110.0
2025-06-20 10:36:13.709443,152.51,1976135.0,2194110.0
2025-06-20 10:36:14.678256,152.59,1985522.0,2178952.0
2025-06-20 10:36:14.713424,152.59,1985522.0,2178952.0
2025-06-20 10:36:15.696662,152.57,1985522.0,2178952.0
2025-06-20 10:36:15.777606,152.59,1985702.0,2182501.0
2025-06-20 10:36:16.701051,152.6,1985702.0,2182501.0
2025-06-20 10:36:16.887876,152.6,1974831.0,2180170.0
2025-06-20 10:36:17.708753,152.6,1974831.0,2180170.0
2025-06-20 10:36:17.989260,152.6,1976288.0,2181485.0
2025-06-20 10:36:18.707029,152.53,1976288.0,2181485.0
2025-06-20 10:36:18.990663,152.53,1972721.0,2184522.0
2025-06-20 10:36:19.698460,152.54,1972721.0,2184522.0
2025-06-20 10:36:20.079784,152.52,1976489.0,2189320.0
2025-06-20 10:36:20.704474,152.53,1976489.0,2189320.0
2025-06-20 10:36:21.181793,152.53,1978484.0,2187344.0
2025-06-20 10:36:22.282304,152.57,2001391.0,2180469.0
2025-06-20 10:36:22.707858,152.57,2001391.0,2180469.0
2025-06-20 10:36:23.381789,152.58,2002022.0,2173214.0
2025-06-20 10:36:23.708116,152.58,2002022.0,2173214.0
2025-06-20 10:36:24.384473,152.6,1999659.0,2177497.0
2025-06-20 10:36:24.716069,152.6,1999659.0,2177497.0
2025-06-20 10:36:25.383069,152.6,1996412.0,2179351.0
2025-06-20 10:36:25.704605,152.6,1996412.0,2179351.0
2025-06-20 10:36:26.494346,152.6,1995046.0,2179686.0
2025-06-20 10:36:26.696657,152.63,1995046.0,2179686.0
2025-06-20 10:36:27.583715,152.63,1995653.0,2173839.0
2025-06-20 10:36:27.700022,152.63,1995653.0,2173839.0
2025-06-20 10:36:28.595689,152.6,1996182.0,2174040.0
2025-06-20 10:36:28.697879,152.6,1996182.0,2174040.0
2025-06-20 10:36:29.689040,152.6,1975273.0,2186844.0
2025-06-20 10:36:29.696086,152.6,1975273.0,2186844.0
2025-06-20 10:36:30.691796,152.6,1974533.0,2198738.0
2025-06-20 10:36:30.705768,152.6,1974533.0,2198738.0
2025-06-20 10:36:31.719605,152.6,1982221.0,2195937.0
2025-06-20 10:36:32.689685,152.6,1983427.0,2193343.0
2025-06-20 10:36:33.704515,152.55,1983427.0,2193343.0
2025-06-20 10:36:33.787774,152.55,1978145.0,2192816.0
2025-06-20 10:36:34.705847,152.55,1978145.0,2192816.0
2025-06-20 10:36:34.787593,152.55,1984059.0,2196413.0
2025-06-20 10:36:35.707967,152.56,1984059.0,2196413.0
2025-06-20 10:36:35.787380,152.59,1982965.0,2193945.0
2025-06-20 10:36:36.689327,152.61,1986305.0,2182098.0
2025-06-20 10:36:36.700799,152.61,1986305.0,2182098.0
2025-06-20 10:36:37.594046,152.59,1977301.0,2183868.0
2025-06-20 10:36:37.715228,152.59,1977301.0,2183868.0
2025-06-20 10:36:38.592993,152.56,1978857.0,2193965.0
2025-06-20 10:36:38.698954,152.56,1978857.0,2193965.0
2025-06-20 10:36:39.691118,152.57,1990525.0,2192758.0
2025-06-20 10:36:39.703554,152.57,1990525.0,2192758.0
2025-06-20 10:36:40.691537,152.6,1996783.0,2185851.0
2025-06-20 10:36:40.706239,152.6,1996783.0,2185851.0
2025-06-20 10:36:41.710654,152.6,1996291.0,2183884.0
2025-06-20 10:36:41.713767,152.6,1996291.0,2183884.0
