timestamp,ltp,bid_qty,ask_qty
2025-06-20 10:10:48.251371,3416.0,89247.0,119290.0
2025-06-20 10:10:49.593074,3417.0,89247.0,119290.0
2025-06-20 10:10:50.968244,3417.0,89388.0,119127.0
2025-06-20 10:10:51.599400,3417.0,89388.0,119127.0
2025-06-20 10:10:53.587720,3417.0,89388.0,119127.0
2025-06-20 10:10:56.765573,3417.0,89883.0,118296.0
2025-06-20 10:10:57.598283,3417.5,89883.0,118296.0
2025-06-20 10:10:59.603743,3416.4,89883.0,118296.0
2025-06-20 10:11:01.662243,3417.5,89883.0,118296.0
2025-06-20 10:11:02.072954,3416.7,89636.0,118505.0
2025-06-20 10:11:03.604801,3417.3,89636.0,118505.0
2025-06-20 10:11:07.621303,3417.0,89636.0,118505.0
2025-06-20 10:11:08.078002,3417.0,89693.0,118682.0
2025-06-20 10:11:09.629508,3416.8,89693.0,118682.0
2025-06-20 10:11:11.844186,3417.0,89693.0,118682.0
2025-06-20 10:11:13.643300,3417.3,89693.0,118682.0
2025-06-20 10:11:13.976592,3417.3,89772.0,118415.0
2025-06-20 10:11:15.640196,3416.8,89772.0,118415.0
2025-06-20 10:11:17.620502,3417.3,89772.0,118415.0
2025-06-20 10:11:19.488955,3417.5,90099.0,117967.0
2025-06-20 10:11:19.637447,3416.8,90099.0,117967.0
2025-06-20 10:11:21.661990,3417.2,90099.0,117967.0
2025-06-20 10:11:24.507060,3417.7,90986.0,116135.0
2025-06-20 10:11:26.259215,3417.4,90986.0,116135.0
2025-06-20 10:11:30.185896,3417.4,91199.0,116034.0
2025-06-20 10:11:31.604388,3417.7,91199.0,116034.0
2025-06-20 10:11:33.602415,3417.7,91199.0,116034.0
2025-06-20 10:11:35.609491,3417.2,91199.0,116034.0
2025-06-20 10:11:35.693636,3417.2,91708.0,115649.0
2025-06-20 10:11:37.611368,3417.5,91708.0,115649.0
2025-06-20 10:11:39.598674,3417.5,91708.0,115649.0
2025-06-20 10:11:41.598271,3417.6,91708.0,115649.0
2025-06-20 10:11:41.610405,3417.6,90451.0,117458.0
2025-06-20 10:11:43.604307,3417.2,90451.0,117458.0
2025-06-20 10:11:45.600313,3417.5,90451.0,117458.0
2025-06-20 10:11:47.597975,3417.9,90451.0,117458.0
2025-06-20 10:11:47.610823,3417.9,90630.0,117189.0
2025-06-20 10:11:49.604820,3417.1,90630.0,117189.0
2025-06-20 10:11:53.532734,3417.1,90713.0,117059.0
2025-06-20 10:11:55.615288,3417.8,90713.0,117059.0
2025-06-20 10:11:57.602968,3418.4,90713.0,117059.0
2025-06-20 10:11:59.429342,3418.4,93012.0,112801.0
2025-06-20 10:11:59.603232,3418.9,93012.0,112801.0
2025-06-20 10:12:03.606050,3419.8,93012.0,112801.0
2025-06-20 10:12:05.821129,3419.8,93869.0,113206.0
2025-06-20 10:12:07.599905,3420.0,93869.0,113206.0
2025-06-20 10:12:09.602911,3419.6,93869.0,113206.0
2025-06-20 10:12:12.515716,3419.6,94246.0,113527.0
2025-06-20 10:12:13.601526,3419.6,94246.0,113527.0
2025-06-20 10:12:18.615472,3420.0,94246.0,113527.0
2025-06-20 10:12:18.834244,3420.0,93375.0,115035.0
2025-06-20 10:12:22.600832,3419.6,93375.0,115035.0
2025-06-20 10:12:24.931182,3419.6,93321.0,115092.0
2025-06-20 10:12:25.614703,3419.4,93321.0,115092.0
2025-06-20 10:12:27.636180,3419.3,93321.0,115092.0
2025-06-20 10:12:29.594305,3419.4,93321.0,115092.0
2025-06-20 10:12:31.229606,3419.4,92547.0,115439.0
2025-06-20 10:12:31.604874,3419.2,92547.0,115439.0
2025-06-20 10:12:35.644957,3419.0,92547.0,115439.0
2025-06-20 10:12:37.228765,3419.0,91642.0,116387.0
2025-06-20 10:12:37.611551,3419.3,91642.0,116387.0
2025-06-20 10:12:39.604379,3419.6,91642.0,116387.0
2025-06-20 10:12:40.512236,3419.6,91642.0,116387.0
2025-06-20 10:12:41.132734,3419.6,91642.0,116387.0
2025-06-20 10:12:42.285300,3419.6,91642.0,116387.0
2025-06-20 10:12:43.039424,3419.6,91917.0,114878.0
2025-06-20 10:12:43.427266,3419.6,91917.0,114878.0
2025-06-20 10:12:43.600769,3419.5,91917.0,114878.0
2025-06-20 10:12:43.934003,3419.5,91917.0,114878.0
2025-06-20 10:12:44.649206,3419.5,91917.0,114878.0
2025-06-20 10:12:45.345549,3419.5,91917.0,114878.0
2025-06-20 10:12:46.649230,3419.5,91917.0,114878.0
2025-06-20 10:12:47.610147,3419.6,91917.0,114878.0
2025-06-20 10:12:47.655344,3419.6,91917.0,114878.0
2025-06-20 10:12:48.940543,3419.6,92250.0,114886.0
2025-06-20 10:12:49.148108,3419.6,92250.0,114886.0
2025-06-20 10:12:49.604822,3419.5,92250.0,114886.0
2025-06-20 10:12:50.471745,3419.5,92250.0,114886.0
2025-06-20 10:12:51.619589,3419.5,92250.0,114886.0
2025-06-20 10:12:51.700189,3419.5,92250.0,114886.0
2025-06-20 10:12:53.254151,3419.5,92250.0,114886.0
2025-06-20 10:12:54.742800,3419.5,92855.0,115975.0
2025-06-20 10:12:55.606243,3419.3,92855.0,115975.0
2025-06-20 10:12:57.643370,3419.5,92855.0,115975.0
2025-06-20 10:12:59.607541,3419.5,92855.0,115975.0
2025-06-20 10:13:00.445506,3419.5,92692.0,117201.0
2025-06-20 10:13:01.603022,3419.3,92692.0,117201.0
2025-06-20 10:13:03.606253,3419.3,92692.0,117201.0
2025-06-20 10:13:05.613828,3419.5,92692.0,117201.0
2025-06-20 10:13:05.958239,3419.5,92913.0,116544.0
2025-06-20 10:13:07.605218,3419.5,92913.0,116544.0
2025-06-20 10:13:09.647898,3419.3,92913.0,116544.0
2025-06-20 10:13:11.757007,3419.3,92920.0,116626.0
2025-06-20 10:13:13.618728,3419.3,92920.0,116626.0
2025-06-20 10:13:15.612703,3419.3,92920.0,116626.0
2025-06-20 10:13:17.561010,3419.3,93554.0,116352.0
2025-06-20 10:13:17.620523,3419.3,93554.0,116352.0
2025-06-20 10:13:21.607973,3419.3,93554.0,116352.0
2025-06-20 10:13:23.617083,3419.4,93554.0,116352.0
2025-06-20 10:13:23.765167,3419.4,93136.0,116899.0
2025-06-20 10:13:25.604863,3419.5,93136.0,116899.0
2025-06-20 10:13:27.610443,3419.5,93136.0,116899.0
2025-06-20 10:13:29.609222,3419.5,93136.0,116899.0
2025-06-20 10:13:29.970710,3419.5,92409.0,117775.0
2025-06-20 10:13:31.615337,3419.5,92409.0,117775.0
2025-06-20 10:13:35.610653,3419.5,92409.0,117775.0
2025-06-20 10:13:36.177050,3420.0,92427.0,117243.0
2025-06-20 10:13:37.627332,3419.5,92427.0,117243.0
2025-06-20 10:13:39.602974,3420.1,92427.0,117243.0
2025-06-20 10:13:41.620657,3419.6,92427.0,117243.0
2025-06-20 10:13:42.275926,3419.6,92694.0,116755.0
2025-06-20 10:13:43.609584,3419.6,92694.0,116755.0
2025-06-20 10:13:45.633600,3420.0,92694.0,116755.0
2025-06-20 10:13:47.639133,3419.6,92694.0,116755.0
2025-06-20 10:13:48.079847,3419.6,92718.0,117171.0
2025-06-20 10:13:49.651861,3420.1,92718.0,117171.0
2025-06-20 10:13:51.608302,3420.0,92718.0,117171.0
2025-06-20 10:13:53.486378,3419.8,92456.0,117402.0
2025-06-20 10:13:53.610337,3419.5,92456.0,117402.0
2025-06-20 10:13:55.606212,3419.0,92456.0,117402.0
2025-06-20 10:13:57.612693,3418.9,92456.0,117402.0
2025-06-20 10:13:59.188668,3418.6,90733.0,119363.0
2025-06-20 10:13:59.606522,3418.0,90733.0,119363.0
2025-06-20 10:14:01.612037,3417.5,90733.0,119363.0
2025-06-20 10:14:03.610033,3418.5,90733.0,119363.0
2025-06-20 10:14:04.791416,3418.5,89977.0,119154.0
2025-06-20 10:14:05.654764,3418.0,89977.0,119154.0
2025-06-20 10:14:09.624223,3418.0,89977.0,119154.0
2025-06-20 10:14:10.494627,3418.0,90158.0,120302.0
2025-06-20 10:14:11.623644,3418.1,90158.0,120302.0
2025-06-20 10:14:15.619251,3418.1,90158.0,120302.0
2025-06-20 10:14:16.429894,3418.1,90129.0,119671.0
2025-06-20 10:14:17.602536,3417.2,90129.0,119671.0
2025-06-20 10:14:19.654468,3419.0,90129.0,119671.0
2025-06-20 10:14:22.204461,3419.0,89866.0,119142.0
2025-06-20 10:14:23.617460,3418.0,89866.0,119142.0
2025-06-20 10:14:25.610855,3417.5,89866.0,119142.0
2025-06-20 10:14:27.613863,3419.0,89866.0,119142.0
2025-06-20 10:14:28.310591,3419.0,90242.0,119744.0
2025-06-20 10:14:29.606170,3418.6,90242.0,119744.0
2025-06-20 10:14:33.613349,3418.5,90242.0,119744.0
2025-06-20 10:14:34.107891,3418.5,90124.0,119799.0
2025-06-20 10:14:35.623348,3418.1,90124.0,119799.0
2025-06-20 10:14:37.607142,3418.7,90124.0,119799.0
2025-06-20 10:14:39.510802,3418.7,90137.0,119957.0
2025-06-20 10:14:39.610136,3418.2,90137.0,119957.0
2025-06-20 10:14:41.612052,3418.5,90137.0,119957.0
2025-06-20 10:14:43.619042,3419.0,90137.0,119957.0
2025-06-20 10:14:45.515764,3419.0,90770.0,119581.0
2025-06-20 10:14:45.665284,3418.3,90770.0,119581.0
2025-06-20 10:14:47.661788,3418.9,90770.0,119581.0
2025-06-20 10:14:49.611846,3419.0,90770.0,119581.0
2025-06-20 10:14:50.926410,3419.0,90698.0,119784.0
2025-06-20 10:14:51.615856,3418.5,90698.0,119784.0
2025-06-20 10:14:53.601874,3419.0,90698.0,119784.0
2025-06-20 10:14:55.638521,3419.0,90698.0,119784.0
2025-06-20 10:14:57.025330,3419.6,92101.0,116494.0
2025-06-20 10:14:57.633830,3420.0,92101.0,116494.0
2025-06-20 10:15:03.350506,3420.0,91816.0,116896.0
2025-06-20 10:15:03.664523,3419.2,91816.0,116896.0
2025-06-20 10:15:05.620242,3420.2,91816.0,116896.0
2025-06-20 10:15:09.614984,3420.5,91816.0,116896.0
2025-06-20 10:15:09.844643,3420.5,92761.0,116500.0
2025-06-20 10:15:11.615769,3420.0,92761.0,116500.0
2025-06-20 10:15:13.612273,3420.0,92761.0,116500.0
2025-06-20 10:15:15.618779,3420.9,92761.0,116500.0
2025-06-20 10:15:16.152744,3420.9,92703.0,115716.0
2025-06-20 10:15:17.615394,3420.2,92703.0,115716.0
2025-06-20 10:15:19.613927,3420.9,92703.0,115716.0
2025-06-20 10:15:21.624703,3419.4,92703.0,115716.0
2025-06-20 10:15:22.540057,3419.5,91935.0,117830.0
2025-06-20 10:15:23.612634,3418.2,91935.0,117830.0
2025-06-20 10:15:25.617433,3420.0,91935.0,117830.0
2025-06-20 10:15:28.943054,3420.0,91919.0,117252.0
2025-06-20 10:15:29.622975,3419.0,91919.0,117252.0
2025-06-20 10:15:31.622691,3419.9,91919.0,117252.0
2025-06-20 10:15:33.610238,3420.8,91919.0,117252.0
2025-06-20 10:15:34.955061,3420.0,91772.0,116358.0
2025-06-20 10:15:35.620865,3420.0,91772.0,116358.0
2025-06-20 10:15:37.621742,3420.8,91772.0,116358.0
2025-06-20 10:15:39.639903,3420.1,91772.0,116358.0
2025-06-20 10:15:40.958999,3420.1,91772.0,116358.0
2025-06-20 10:15:40.962032,3420.5,96808.0,116408.0
2025-06-20 10:15:41.389399,3420.5,96808.0,116408.0
2025-06-20 10:15:41.617312,3420.1,96808.0,116408.0
2025-06-20 10:15:41.910256,3420.1,96808.0,116408.0
2025-06-20 10:15:42.159673,3420.1,96808.0,116408.0
2025-06-20 10:15:43.430313,3420.1,96808.0,116408.0
2025-06-20 10:15:44.449326,3420.1,96808.0,116408.0
2025-06-20 10:15:45.618069,3418.0,96808.0,116408.0
2025-06-20 10:15:45.762824,3418.0,96808.0,116408.0
2025-06-20 10:15:46.759360,3418.0,92652.0,117341.0
2025-06-20 10:15:47.098470,3418.0,92652.0,117341.0
2025-06-20 10:15:47.616982,3418.7,92652.0,117341.0
2025-06-20 10:15:48.072771,3418.7,92652.0,117341.0
2025-06-20 10:15:49.583568,3418.7,92652.0,117341.0
2025-06-20 10:15:50.616217,3419.7,92652.0,117341.0
2025-06-20 10:15:50.871476,3419.7,92652.0,117341.0
2025-06-20 10:15:52.100907,3419.7,92652.0,117341.0
2025-06-20 10:15:52.963787,3418.6,93057.0,116992.0
2025-06-20 10:15:53.612325,3420.1,93057.0,116992.0
2025-06-20 10:15:53.684816,3420.1,93057.0,116992.0
2025-06-20 10:15:55.848173,3420.0,93057.0,116992.0
2025-06-20 10:15:59.569882,3420.1,93449.0,116898.0
2025-06-20 10:15:59.617190,3419.2,93449.0,116898.0
2025-06-20 10:16:01.072053,3419.2,94236.0,115773.0
2025-06-20 10:16:01.616430,3419.5,94236.0,115773.0
2025-06-20 10:16:02.236497,3419.5,93809.0,116500.0
2025-06-20 10:16:02.617148,3420.1,93809.0,116500.0
2025-06-20 10:16:03.271880,3420.0,94306.0,116357.0
2025-06-20 10:16:03.617358,3419.3,94306.0,116357.0
2025-06-20 10:16:04.375168,3420.1,94335.0,116505.0
2025-06-20 10:16:04.620909,3419.3,94335.0,116505.0
2025-06-20 10:16:05.474619,3420.2,94400.0,116105.0
2025-06-20 10:16:05.665128,3419.3,94400.0,116105.0
2025-06-20 10:16:06.380679,3420.4,94427.0,116061.0
2025-06-20 10:16:06.616794,3419.3,94427.0,116061.0
2025-06-20 10:16:07.499562,3419.3,94315.0,115946.0
2025-06-20 10:16:07.616618,3420.5,94315.0,115946.0
2025-06-20 10:16:08.472454,3420.5,94654.0,115986.0
2025-06-20 10:16:09.573964,3420.0,94658.0,116387.0
2025-06-20 10:16:09.615601,3419.6,94658.0,116387.0
2025-06-20 10:16:10.575660,3419.6,94658.0,116428.0
2025-06-20 10:16:11.610543,3420.5,94658.0,116428.0
2025-06-20 10:16:11.678582,3420.5,94801.0,116391.0
2025-06-20 10:16:12.616305,3419.7,94801.0,116391.0
2025-06-20 10:16:12.775643,3419.7,94436.0,116265.0
2025-06-20 10:16:13.613017,3419.4,94436.0,116265.0
2025-06-20 10:16:13.883306,3419.4,94103.0,117680.0
2025-06-20 10:16:14.615281,3419.3,94103.0,117680.0
2025-06-20 10:16:14.890473,3419.6,94236.0,117999.0
2025-06-20 10:16:15.616004,3419.3,94236.0,117999.0
2025-06-20 10:16:15.887681,3419.3,94163.0,118011.0
2025-06-20 10:16:16.879925,3419.6,94307.0,118256.0
2025-06-20 10:16:17.619975,3419.6,94307.0,118256.0
2025-06-20 10:16:17.980325,3419.3,94410.0,118206.0
2025-06-20 10:16:18.622434,3419.3,94410.0,118206.0
2025-06-20 10:16:19.130133,3419.3,94746.0,117288.0
2025-06-20 10:16:20.180606,3419.3,94703.0,116978.0
2025-06-20 10:16:21.277340,3419.3,94483.0,117560.0
2025-06-20 10:16:22.389765,3419.3,94542.0,117336.0
2025-06-20 10:16:23.496245,3419.3,94529.0,117212.0
2025-06-20 10:16:24.580770,3419.8,94504.0,117350.0
2025-06-20 10:16:24.627378,3419.3,94504.0,117350.0
2025-06-20 10:16:25.583940,3419.9,94601.0,117440.0
2025-06-20 10:16:25.616588,3419.3,94601.0,117440.0
2025-06-20 10:16:26.706179,3419.3,94557.0,117527.0
2025-06-20 10:16:27.624486,3419.3,94557.0,117527.0
2025-06-20 10:16:27.780393,3419.3,94739.0,117199.0
2025-06-20 10:16:28.780293,3419.3,94616.0,117238.0
2025-06-20 10:16:29.888283,3419.3,94712.0,116988.0
2025-06-20 10:16:30.894853,3419.3,94765.0,117674.0
2025-06-20 10:16:31.782611,3419.3,94656.0,117680.0
2025-06-20 10:16:32.614192,3420.0,94656.0,117680.0
2025-06-20 10:16:32.783408,3420.0,94811.0,116661.0
2025-06-20 10:16:33.614887,3419.5,94811.0,116661.0
2025-06-20 10:16:33.784347,3419.5,95714.0,116586.0
2025-06-20 10:16:34.889948,3419.5,95664.0,116637.0
2025-06-20 10:16:35.614737,3420.2,95664.0,116637.0
2025-06-20 10:16:36.004017,3420.2,95752.0,117503.0
2025-06-20 10:16:37.088027,3420.2,95840.0,117338.0
2025-06-20 10:16:38.091029,3420.2,95773.0,117368.0
2025-06-20 10:16:39.189455,3419.6,95694.0,117077.0
2025-06-20 10:16:39.651595,3419.6,95694.0,117077.0
2025-06-20 10:16:40.302646,3420.1,95849.0,117380.0
2025-06-20 10:16:40.615616,3419.6,95849.0,117380.0
2025-06-20 10:16:41.297165,3419.6,95826.0,117394.0
2025-06-20 10:16:41.618822,3419.6,95826.0,117394.0
2025-06-20 10:16:42.291327,3419.6,95835.0,117405.0
2025-06-20 10:16:42.619351,3420.1,95835.0,117405.0
2025-06-20 10:16:43.299528,3419.6,96759.0,117139.0
2025-06-20 10:16:43.615790,3419.6,96759.0,117139.0
2025-06-20 10:16:44.195678,3420.2,96719.0,117664.0
2025-06-20 10:16:44.666503,3420.2,96719.0,117664.0
2025-06-20 10:16:45.302106,3420.2,96671.0,117675.0
2025-06-20 10:16:45.620879,3420.2,96671.0,117675.0
2025-06-20 10:16:46.512664,3420.2,96609.0,117783.0
2025-06-20 10:16:47.305775,3420.0,96402.0,117936.0
2025-06-20 10:16:47.619754,3419.5,96402.0,117936.0
2025-06-20 10:16:48.299749,3419.5,96510.0,117826.0
2025-06-20 10:16:48.618395,3419.5,96510.0,117826.0
2025-06-20 10:16:49.302160,3419.5,96502.0,117836.0
2025-06-20 10:16:50.306746,3419.5,96476.0,117930.0
2025-06-20 10:16:51.410873,3419.5,96533.0,117782.0
2025-06-20 10:16:52.409624,3419.5,96576.0,117787.0
2025-06-20 10:16:53.409205,3420.1,96661.0,118413.0
2025-06-20 10:16:53.613824,3420.0,96661.0,118413.0
2025-06-20 10:16:54.314742,3420.0,96637.0,118639.0
2025-06-20 10:16:54.674156,3419.6,96637.0,118639.0
2025-06-20 10:16:55.428107,3419.6,96684.0,117875.0
2025-06-20 10:16:55.617907,3419.5,96684.0,117875.0
2025-06-20 10:16:56.501849,3419.5,96670.0,117936.0
2025-06-20 10:16:57.654451,3419.5,97596.0,117913.0
2025-06-20 10:16:57.661642,3419.5,97596.0,117913.0
2025-06-20 10:16:58.604555,3419.5,97688.0,118364.0
2025-06-20 10:16:59.623023,3420.5,97688.0,118364.0
2025-06-20 10:16:59.703874,3420.5,97394.0,116172.0
2025-06-20 10:17:01.619955,3420.6,97394.0,116172.0
2025-06-20 10:17:01.810601,3420.6,97011.0,116418.0
2025-06-20 10:17:03.617881,3419.6,97011.0,116418.0
2025-06-20 10:17:05.622880,3420.5,97011.0,116418.0
2025-06-20 10:17:07.623361,3420.5,97011.0,116418.0
2025-06-20 10:17:07.922398,3420.5,97274.0,116095.0
2025-06-20 10:17:09.632371,3420.0,97274.0,116095.0
2025-06-20 10:17:11.631618,3420.5,97274.0,116095.0
2025-06-20 10:17:13.925664,3419.9,97708.0,115896.0
2025-06-20 10:17:15.623309,3420.5,97708.0,115896.0
2025-06-20 10:17:20.021963,3420.5,97636.0,115983.0
2025-06-20 10:17:21.625424,3420.5,97636.0,115983.0
2025-06-20 10:17:25.641623,3420.5,97636.0,115983.0
2025-06-20 10:17:25.724205,3420.5,97411.0,115781.0
2025-06-20 10:17:27.629081,3420.5,97411.0,115781.0
2025-06-20 10:17:31.628842,3420.5,97411.0,115781.0
2025-06-20 10:17:32.030485,3420.5,97888.0,116105.0
2025-06-20 10:17:33.642784,3420.5,97888.0,116105.0
2025-06-20 10:17:37.619527,3422.5,97888.0,116105.0
2025-06-20 10:17:38.029898,3422.5,98056.0,114149.0
2025-06-20 10:17:39.634050,3423.0,98056.0,114149.0
2025-06-20 10:17:42.629686,3423.2,98056.0,114149.0
2025-06-20 10:17:43.948811,3423.2,98118.0,114771.0
2025-06-20 10:17:45.635764,3423.3,98118.0,114771.0
2025-06-20 10:17:49.626694,3423.0,98118.0,114771.0
2025-06-20 10:17:49.847966,3423.0,97714.0,115131.0
2025-06-20 10:17:51.633967,3423.0,97714.0,115131.0
2025-06-20 10:17:54.626532,3423.0,97714.0,115131.0
2025-06-20 10:17:56.040909,3423.0,96518.0,114923.0
2025-06-20 10:17:58.627960,3423.0,96518.0,114923.0
2025-06-20 10:18:00.632281,3422.4,96518.0,114923.0
2025-06-20 10:18:02.542854,3422.8,96870.0,115273.0
2025-06-20 10:18:04.625253,3422.8,96870.0,115273.0
2025-06-20 10:18:07.622345,3422.8,96870.0,115273.0
2025-06-20 10:18:08.748434,3422.8,97476.0,114303.0
2025-06-20 10:18:09.634294,3422.9,97476.0,114303.0
2025-06-20 10:18:13.628216,3423.1,97476.0,114303.0
2025-06-20 10:18:14.553997,3423.2,97377.0,113957.0
2025-06-20 10:18:16.624872,3423.7,97377.0,113957.0
2025-06-20 10:18:18.644781,3423.8,97377.0,113957.0
2025-06-20 10:18:20.365495,3423.5,97881.0,114387.0
2025-06-20 10:18:22.626912,3423.8,97881.0,114387.0
2025-06-20 10:18:25.635167,3423.8,97881.0,114387.0
2025-06-20 10:18:27.160312,3423.6,98323.0,114513.0
2025-06-20 10:18:28.628633,3423.7,98323.0,114513.0
2025-06-20 10:18:30.665316,3423.8,98323.0,114513.0
2025-06-20 10:18:33.873512,3423.7,97919.0,114112.0
2025-06-20 10:18:34.639654,3423.7,97919.0,114112.0
2025-06-20 10:18:37.627883,3423.7,97919.0,114112.0
2025-06-20 10:18:39.636919,3423.6,97919.0,114112.0
2025-06-20 10:18:39.666984,3423.6,98008.0,115096.0
2025-06-20 10:18:41.573523,3423.6,98008.0,115096.0
2025-06-20 10:18:42.118916,3423.6,98008.0,115096.0
2025-06-20 10:18:42.684997,3423.8,98008.0,115096.0
2025-06-20 10:18:42.725536,3423.8,98008.0,115096.0
2025-06-20 10:18:43.299627,3423.8,98008.0,115096.0
2025-06-20 10:18:44.434041,3423.8,98008.0,115096.0
2025-06-20 10:18:45.419778,3423.8,98008.0,115096.0
2025-06-20 10:18:45.575414,3424.0,97154.0,115972.0
2025-06-20 10:18:45.653225,3423.7,97154.0,115972.0
2025-06-20 10:18:46.345111,3423.7,97154.0,115972.0
2025-06-20 10:18:47.677725,3423.7,97154.0,115972.0
2025-06-20 10:18:48.681964,3423.7,97154.0,115972.0
2025-06-20 10:18:49.657221,3424.0,97154.0,115972.0
2025-06-20 10:18:50.198282,3424.0,97154.0,115972.0
2025-06-20 10:18:51.381836,3424.0,97201.0,115543.0
2025-06-20 10:18:51.457573,3424.0,97201.0,115543.0
2025-06-20 10:18:52.626448,3424.0,97201.0,115543.0
2025-06-20 10:18:52.712404,3424.0,97201.0,115543.0
2025-06-20 10:18:54.340508,3424.0,97201.0,115543.0
2025-06-20 10:18:57.386762,3424.4,97549.0,114315.0
2025-06-20 10:18:57.643226,3424.0,97549.0,114315.0
2025-06-20 10:19:00.646883,3424.0,97549.0,114315.0
2025-06-20 10:19:03.680855,3424.4,96904.0,115624.0
2025-06-20 10:19:04.642537,3424.3,96904.0,115624.0
2025-06-20 10:19:07.665022,3424.4,96904.0,115624.0
2025-06-20 10:19:09.636111,3424.4,96904.0,115624.0
2025-06-20 10:19:10.082430,3424.4,97051.0,115253.0
2025-06-20 10:19:13.651538,3424.4,97051.0,115253.0
2025-06-20 10:19:15.984083,3424.0,96220.0,116638.0
2025-06-20 10:19:16.652640,3423.6,96220.0,116638.0
2025-06-20 10:19:19.635496,3423.6,96220.0,116638.0
2025-06-20 10:19:22.092578,3423.5,95406.0,118160.0
2025-06-20 10:19:22.685658,3423.0,95406.0,118160.0
2025-06-20 10:19:24.911659,3423.0,95406.0,118160.0
2025-06-20 10:19:28.095390,3423.6,94486.0,117992.0
2025-06-20 10:19:28.689134,3422.3,94486.0,117992.0
2025-06-20 10:19:31.672446,3422.3,94486.0,117992.0
2025-06-20 10:19:34.301700,3422.1,92072.0,121199.0
2025-06-20 10:19:34.645303,3421.5,92072.0,121199.0
2025-06-20 10:19:37.705226,3421.0,92072.0,121199.0
2025-06-20 10:19:39.642482,3421.5,92072.0,121199.0
2025-06-20 10:19:40.482296,3421.8,91287.0,122250.0
2025-06-20 10:19:43.633441,3421.5,91287.0,122250.0
2025-06-20 10:19:45.641848,3421.5,91287.0,122250.0
2025-06-20 10:19:46.314981,3421.5,91035.0,122431.0
2025-06-20 10:19:48.647690,3421.0,91035.0,122431.0
2025-06-20 10:19:51.821910,3421.5,90915.0,122649.0
2025-06-20 10:19:52.704030,3421.1,90915.0,122649.0
2025-06-20 10:19:54.683956,3421.5,90915.0,122649.0
2025-06-20 10:19:57.669181,3421.1,90915.0,122649.0
2025-06-20 10:19:57.829531,3421.1,90912.0,122811.0
2025-06-20 10:20:00.671988,3421.1,90912.0,122811.0
2025-06-20 10:20:01.163443,3422.0,91739.0,119829.0
2025-06-20 10:20:01.639041,3422.4,91739.0,119829.0
2025-06-20 10:20:02.029772,3422.5,93645.0,116803.0
2025-06-20 10:20:02.636871,3422.5,93645.0,116803.0
2025-06-20 10:20:03.030390,3422.5,93800.0,117913.0
2025-06-20 10:20:03.636774,3422.5,93800.0,117913.0
2025-06-20 10:20:04.035956,3422.5,93874.0,118080.0
2025-06-20 10:20:05.032021,3423.4,94471.0,116979.0
2025-06-20 10:20:05.638174,3422.8,94471.0,116979.0
2025-06-20 10:20:05.935716,3422.8,93676.0,117923.0
2025-06-20 10:20:06.841734,3422.8,94262.0,117734.0
2025-06-20 10:20:07.635081,3423.4,94262.0,117734.0
2025-06-20 10:20:07.844107,3423.4,94182.0,117381.0
2025-06-20 10:20:08.638957,3422.7,94182.0,117381.0
2025-06-20 10:20:08.748380,3423.4,94531.0,117781.0
2025-06-20 10:20:09.636018,3422.5,94531.0,117781.0
2025-06-20 10:20:09.642755,3422.5,94451.0,118054.0
2025-06-20 10:20:10.636414,3423.4,94451.0,118054.0
2025-06-20 10:20:10.678589,3423.4,94451.0,118063.0
2025-06-20 10:20:11.584960,3422.5,94482.0,118233.0
2025-06-20 10:20:11.635739,3422.5,94482.0,118233.0
2025-06-20 10:20:12.540008,3422.5,94645.0,117972.0
2025-06-20 10:20:13.685335,3422.5,94759.0,117232.0
2025-06-20 10:20:14.540645,3422.5,94807.0,117486.0
2025-06-20 10:20:15.539503,3423.4,94801.0,117081.0
2025-06-20 10:20:15.636629,3422.7,94801.0,117081.0
2025-06-20 10:20:16.449094,3422.7,94574.0,118238.0
2025-06-20 10:20:17.441936,3422.6,94426.0,118266.0
2025-06-20 10:20:17.646741,3422.6,94426.0,118266.0
2025-06-20 10:20:18.347614,3422.6,94682.0,118293.0
2025-06-20 10:20:19.243069,3422.6,94664.0,117791.0
2025-06-20 10:20:20.244903,3423.4,95592.0,116642.0
2025-06-20 10:20:20.635833,3422.9,95592.0,116642.0
2025-06-20 10:20:21.244226,3422.9,95505.0,116751.0
2025-06-20 10:20:22.145267,3422.9,95515.0,116898.0
2025-06-20 10:20:23.145542,3422.9,95837.0,117138.0
2025-06-20 10:20:23.639998,3423.0,95837.0,117138.0
2025-06-20 10:20:24.145335,3423.0,95692.0,117173.0
2025-06-20 10:20:24.640938,3423.0,95692.0,117173.0
2025-06-20 10:20:25.145001,3423.0,95713.0,117318.0
2025-06-20 10:20:26.148832,3423.0,95742.0,117209.0
2025-06-20 10:20:27.149581,3423.0,96908.0,117069.0
2025-06-20 10:20:28.417348,3423.0,97008.0,116377.0
2025-06-20 10:20:29.151002,3423.4,97084.0,116275.0
2025-06-20 10:20:29.637429,3423.4,97084.0,116275.0
2025-06-20 10:20:30.051401,3423.4,97169.0,116361.0
2025-06-20 10:20:31.054294,3423.1,97088.0,116196.0
2025-06-20 10:20:31.642165,3423.2,97088.0,116196.0
2025-06-20 10:20:32.053328,3424.4,98004.0,115399.0
2025-06-20 10:20:32.702889,3423.9,98004.0,115399.0
2025-06-20 10:20:33.054941,3424.1,98677.0,114483.0
2025-06-20 10:20:33.639459,3423.9,98677.0,114483.0
2025-06-20 10:20:34.055616,3423.9,98836.0,114806.0
2025-06-20 10:20:34.637404,3424.0,98836.0,114806.0
2025-06-20 10:20:35.056685,3424.0,98889.0,114785.0
2025-06-20 10:20:35.638789,3424.0,98889.0,114785.0
2025-06-20 10:20:36.057230,3424.0,98771.0,114690.0
2025-06-20 10:20:36.663333,3424.0,98771.0,114690.0
2025-06-20 10:20:37.056111,3424.0,98447.0,114822.0
2025-06-20 10:20:37.644452,3423.9,98447.0,114822.0
2025-06-20 10:20:38.058130,3423.2,98250.0,114622.0
2025-06-20 10:20:38.640019,3423.3,98250.0,114622.0
2025-06-20 10:20:39.059026,3423.3,98253.0,114973.0
2025-06-20 10:20:39.642100,3423.9,98253.0,114973.0
2025-06-20 10:20:40.059705,3423.6,97875.0,116472.0
2025-06-20 10:20:40.642484,3424.2,97875.0,116472.0
2025-06-20 10:20:41.059699,3424.2,98316.0,116198.0
2025-06-20 10:20:41.638975,3423.4,98316.0,116198.0
2025-06-20 10:20:42.065637,3423.4,98257.0,116198.0
2025-06-20 10:20:43.063233,3423.4,98271.0,116149.0
2025-06-20 10:20:44.063885,3423.4,98410.0,115546.0
2025-06-20 10:20:45.063035,3423.4,98444.0,115306.0
2025-06-20 10:20:46.064881,3423.4,98441.0,115361.0
2025-06-20 10:20:47.070372,3424.4,98406.0,115356.0
2025-06-20 10:20:47.641919,3424.4,98406.0,115356.0
2025-06-20 10:20:48.167405,3424.4,98219.0,115521.0
2025-06-20 10:20:49.068694,3424.4,98338.0,115519.0
2025-06-20 10:20:49.694862,3424.0,98338.0,115519.0
2025-06-20 10:20:50.068894,3424.0,97773.0,117317.0
2025-06-20 10:20:50.675037,3423.4,97773.0,117317.0
2025-06-20 10:20:51.070284,3423.9,97909.0,116480.0
2025-06-20 10:20:51.640212,3423.7,97909.0,116480.0
2025-06-20 10:20:52.171124,3423.7,98071.0,116490.0
2025-06-20 10:20:52.641572,3423.7,98071.0,116490.0
2025-06-20 10:20:53.170906,3423.7,97979.0,116107.0
2025-06-20 10:20:54.170725,3423.7,98066.0,116771.0
2025-06-20 10:20:55.277408,3423.7,98037.0,116880.0
2025-06-20 10:20:55.643389,3424.2,98037.0,116880.0
2025-06-20 10:20:56.277162,3423.4,96882.0,118057.0
2025-06-20 10:20:56.639578,3423.4,96882.0,118057.0
2025-06-20 10:20:57.397825,3423.4,97107.0,118005.0
2025-06-20 10:20:57.643510,3423.0,97107.0,118005.0
2025-06-20 10:20:58.474213,3423.7,97343.0,117629.0
2025-06-20 10:20:58.640329,3423.7,97343.0,117629.0
2025-06-20 10:20:59.576439,3423.5,97078.0,118044.0
2025-06-20 10:20:59.647845,3423.5,97078.0,118044.0
2025-06-20 10:21:01.274188,3423.5,97697.0,116695.0
2025-06-20 10:21:01.648540,3423.0,97697.0,116695.0
2025-06-20 10:21:02.178166,3423.0,97720.0,116858.0
2025-06-20 10:21:03.173893,3423.0,97907.0,116471.0
2025-06-20 10:21:05.170147,3423.0,97576.0,116839.0
2025-06-20 10:21:05.645859,3423.7,97576.0,116839.0
2025-06-20 10:21:06.176994,3423.0,97454.0,117287.0
2025-06-20 10:21:06.641508,3423.7,97454.0,117287.0
2025-06-20 10:21:07.072190,3424.1,97803.0,116399.0
2025-06-20 10:21:07.671758,3423.1,97803.0,116399.0
2025-06-20 10:21:08.174758,3423.1,97624.0,116815.0
2025-06-20 10:21:08.644124,3420.7,97624.0,116815.0
2025-06-20 10:21:09.077306,3420.7,94811.0,118402.0
2025-06-20 10:21:09.643531,3421.6,94811.0,118402.0
2025-06-20 10:21:10.113745,3421.6,94960.0,119107.0
2025-06-20 10:21:10.644876,3422.6,94960.0,119107.0
2025-06-20 10:21:10.983334,3422.6,94785.0,118872.0
2025-06-20 10:21:11.642858,3419.3,94785.0,118872.0
2025-06-20 10:21:11.991485,3420.1,72493.0,122001.0
2025-06-20 10:21:12.644908,3417.6,72493.0,122001.0
2025-06-20 10:21:12.978681,3418.6,75944.0,124592.0
2025-06-20 10:21:13.658618,3418.4,75944.0,124592.0
2025-06-20 10:21:13.780286,3418.4,75994.0,125198.0
2025-06-20 10:21:14.651521,3417.1,75994.0,125198.0
2025-06-20 10:21:14.793724,3417.1,76422.0,125271.0
2025-06-20 10:21:15.701800,3417.1,76422.0,125271.0
2025-06-20 10:21:15.707655,3417.1,76858.0,124704.0
2025-06-20 10:21:16.655242,3417.3,76858.0,124704.0
2025-06-20 10:21:16.686955,3417.3,76669.0,125151.0
2025-06-20 10:21:17.585672,3417.2,76636.0,125417.0
2025-06-20 10:21:17.645301,3417.0,76636.0,125417.0
2025-06-20 10:21:18.583952,3418.2,76535.0,125959.0
2025-06-20 10:21:18.644484,3418.2,76535.0,125959.0
2025-06-20 10:21:19.585024,3418.2,78676.0,125930.0
2025-06-20 10:21:20.486412,3416.8,78573.0,126956.0
2025-06-20 10:21:20.657442,3415.8,78573.0,126956.0
2025-06-20 10:21:21.646704,3417.5,78573.0,126956.0
2025-06-20 10:21:22.488812,3416.5,87876.0,126603.0
2025-06-20 10:21:22.648138,3416.1,87876.0,126603.0
2025-06-20 10:21:23.623965,3417.0,87689.0,128149.0
2025-06-20 10:21:23.658254,3415.8,87689.0,128149.0
2025-06-20 10:21:24.412245,3415.9,88118.0,127573.0
2025-06-20 10:21:24.646994,3415.9,88118.0,127573.0
2025-06-20 10:21:25.295628,3417.0,90345.0,125932.0
2025-06-20 10:21:25.654545,3416.5,90345.0,125932.0
2025-06-20 10:21:26.293539,3416.5,93429.0,125499.0
2025-06-20 10:21:27.643408,3416.3,93429.0,125499.0
2025-06-20 10:21:28.293839,3416.4,95162.0,128255.0
2025-06-20 10:21:28.653718,3415.0,95162.0,128255.0
2025-06-20 10:21:29.295552,3415.0,97633.0,128848.0
2025-06-20 10:21:29.652070,3415.0,97633.0,128848.0
2025-06-20 10:21:30.194412,3416.5,95959.0,126504.0
2025-06-20 10:21:30.650991,3415.6,95959.0,126504.0
2025-06-20 10:21:31.302877,3417.0,96085.0,124738.0
2025-06-20 10:21:32.194244,3417.6,96085.0,124738.0
2025-06-20 10:21:32.323286,3417.6,98902.0,124190.0
2025-06-20 10:21:32.669620,3417.6,98902.0,124190.0
2025-06-20 10:21:33.652091,3416.7,98902.0,124190.0
2025-06-20 10:21:34.198170,3416.5,101181.0,124384.0
2025-06-20 10:21:34.641478,3416.7,101181.0,124384.0
2025-06-20 10:21:35.642285,3417.3,101181.0,124384.0
2025-06-20 10:21:36.094467,3417.6,100437.0,124844.0
2025-06-20 10:21:36.643986,3417.6,100437.0,124844.0
2025-06-20 10:21:37.116703,3417.6,100295.0,124764.0
2025-06-20 10:21:37.692617,3417.6,100295.0,124764.0
2025-06-20 10:21:37.916911,3417.6,100932.0,124390.0
2025-06-20 10:21:38.642683,3417.6,100932.0,124390.0
2025-06-20 10:21:38.793457,3417.6,101594.0,124017.0
2025-06-20 10:21:39.644045,3417.5,101594.0,124017.0
2025-06-20 10:21:39.695445,3417.5,101607.0,123837.0
2025-06-20 10:21:40.644924,3418.0,101607.0,123837.0
2025-06-20 10:21:40.695223,3418.0,102796.0,123934.0
2025-06-20 10:21:41.599784,3417.2,104123.0,123881.0
2025-06-20 10:21:41.643055,3417.2,104123.0,123881.0
2025-06-20 10:21:41.813909,3417.2,104123.0,123881.0
2025-06-20 10:21:42.167655,3417.2,104123.0,123881.0
2025-06-20 10:21:42.600216,3417.2,105474.0,123618.0
2025-06-20 10:21:42.792206,3417.2,105474.0,123618.0
2025-06-20 10:21:43.089591,3417.2,105474.0,123618.0
2025-06-20 10:21:43.597027,3418.0,105667.0,123988.0
2025-06-20 10:21:43.651352,3417.2,105667.0,123988.0
2025-06-20 10:21:43.720816,3417.2,105667.0,123988.0
2025-06-20 10:21:44.432658,3417.2,105667.0,123988.0
2025-06-20 10:21:44.500285,3418.0,105584.0,123944.0
2025-06-20 10:21:44.646013,3417.3,105584.0,123944.0
2025-06-20 10:21:44.835415,3417.3,105584.0,123944.0
2025-06-20 10:21:45.454442,3417.3,105584.0,123944.0
2025-06-20 10:21:45.504755,3417.0,104777.0,124243.0
2025-06-20 10:21:45.705968,3417.0,104777.0,124243.0
2025-06-20 10:21:45.822366,3417.0,104777.0,124243.0
2025-06-20 10:21:46.653847,3417.0,104565.0,124262.0
2025-06-20 10:21:46.688580,3417.2,104565.0,124262.0
2025-06-20 10:21:46.819955,3417.2,104565.0,124262.0
2025-06-20 10:21:47.701407,3417.2,104923.0,124264.0
2025-06-20 10:21:48.131236,3417.2,104923.0,124264.0
2025-06-20 10:21:48.651306,3417.4,104923.0,124264.0
2025-06-20 10:21:48.807080,3417.4,103738.0,123532.0
2025-06-20 10:21:49.107982,3417.4,103738.0,123532.0
2025-06-20 10:21:49.692704,3417.9,103738.0,123532.0
2025-06-20 10:21:49.703514,3417.9,107034.0,123524.0
2025-06-20 10:21:50.669335,3417.9,107034.0,123524.0
2025-06-20 10:21:50.695810,3417.9,107034.0,123524.0
2025-06-20 10:21:50.721334,3417.9,106910.0,123535.0
2025-06-20 10:21:51.694697,3417.9,106910.0,123535.0
2025-06-20 10:21:51.706942,3417.9,106667.0,123322.0
2025-06-20 10:21:51.948575,3417.9,106667.0,123322.0
2025-06-20 10:21:52.708132,3417.9,106667.0,123322.0
2025-06-20 10:21:52.806797,3417.9,106613.0,123834.0
2025-06-20 10:21:53.184356,3417.9,106613.0,123834.0
2025-06-20 10:21:53.643625,3417.9,106613.0,123834.0
2025-06-20 10:21:53.938522,3417.9,106361.0,123908.0
2025-06-20 10:21:54.789569,3417.9,106361.0,123908.0
2025-06-20 10:21:54.942298,3418.5,106393.0,123936.0
2025-06-20 10:21:55.662913,3417.9,106393.0,123936.0
2025-06-20 10:21:56.012219,3417.9,106426.0,123944.0
2025-06-20 10:21:56.658061,3418.9,106426.0,123944.0
2025-06-20 10:21:57.110310,3420.0,107074.0,121449.0
2025-06-20 10:21:57.651343,3418.9,107074.0,121449.0
2025-06-20 10:21:58.110888,3418.9,107566.0,122271.0
2025-06-20 10:21:58.646060,3419.4,107566.0,122271.0
2025-06-20 10:21:59.212512,3419.4,107854.0,122341.0
2025-06-20 10:21:59.701273,3420.0,107854.0,122341.0
2025-06-20 10:22:00.211316,3418.9,107562.0,121709.0
2025-06-20 10:22:01.608128,3419.4,107040.0,122279.0
2025-06-20 10:22:01.657869,3418.7,107040.0,122279.0
2025-06-20 10:22:02.609933,3419.7,107304.0,122590.0
2025-06-20 10:22:02.668230,3418.7,107304.0,122590.0
2025-06-20 10:22:03.643021,3419.0,107304.0,122590.0
2025-06-20 10:22:03.709962,3419.0,107122.0,122371.0
2025-06-20 10:22:04.640167,3419.0,107122.0,122371.0
2025-06-20 10:22:04.809537,3419.0,107638.0,122324.0
2025-06-20 10:22:05.709566,3419.0,107638.0,122324.0
2025-06-20 10:22:05.821705,3419.0,106870.0,122253.0
2025-06-20 10:22:06.645835,3419.8,106870.0,122253.0
2025-06-20 10:22:06.711063,3419.8,106576.0,122345.0
2025-06-20 10:22:07.987386,3418.8,106576.0,122345.0
2025-06-20 10:22:08.025344,3418.8,105874.0,124002.0
2025-06-20 10:22:08.686014,3418.8,105874.0,124002.0
2025-06-20 10:22:08.936580,3418.8,106136.0,123602.0
2025-06-20 10:22:09.647103,3418.8,106136.0,123602.0
2025-06-20 10:22:10.014889,3418.9,107257.0,124183.0
2025-06-20 10:22:10.737928,3418.9,107257.0,124183.0
2025-06-20 10:22:11.512381,3419.0,107197.0,124639.0
2025-06-20 10:22:11.691887,3419.0,107197.0,124639.0
2025-06-20 10:22:12.111915,3419.0,106502.0,125482.0
2025-06-20 10:22:13.114591,3419.0,106652.0,125190.0
2025-06-20 10:22:13.693433,3418.6,106652.0,125190.0
2025-06-20 10:22:14.217199,3418.6,107102.0,126016.0
2025-06-20 10:22:14.653842,3417.8,107102.0,126016.0
2025-06-20 10:22:15.317809,3417.8,107030.0,126162.0
2025-06-20 10:22:15.645119,3417.8,107030.0,126162.0
2025-06-20 10:22:16.447123,3417.8,107048.0,126012.0
2025-06-20 10:22:16.648533,3417.8,107048.0,126012.0
2025-06-20 10:22:17.430049,3418.7,107112.0,126398.0
2025-06-20 10:22:17.647769,3418.7,107112.0,126398.0
2025-06-20 10:22:18.323373,3418.7,106692.0,126607.0
2025-06-20 10:22:19.428243,3418.7,107095.0,126653.0
2025-06-20 10:22:20.518029,3418.7,107226.0,126428.0
2025-06-20 10:22:21.619605,3418.7,106756.0,126230.0
2025-06-20 10:22:21.649025,3418.7,106756.0,126230.0
2025-06-20 10:22:22.721311,3418.7,106770.0,126424.0
2025-06-20 10:22:23.647874,3419.0,106770.0,126424.0
2025-06-20 10:22:23.726132,3419.0,107320.0,125362.0
2025-06-20 10:22:24.650610,3418.7,107320.0,125362.0
2025-06-20 10:22:24.724581,3418.7,106690.0,125733.0
2025-06-20 10:22:25.647533,3418.7,106690.0,125733.0
2025-06-20 10:22:25.736324,3418.7,107082.0,125697.0
2025-06-20 10:22:26.646262,3419.3,107082.0,125697.0
2025-06-20 10:22:26.726293,3419.3,106797.0,125917.0
2025-06-20 10:22:27.644239,3418.1,106797.0,125917.0
2025-06-20 10:22:27.825336,3418.1,106890.0,125766.0
2025-06-20 10:22:28.651190,3418.7,106890.0,125766.0
2025-06-20 10:22:28.950339,3418.7,106897.0,125845.0
2025-06-20 10:22:29.680958,3418.7,106897.0,125845.0
2025-06-20 10:22:30.038028,3418.7,106343.0,126166.0
2025-06-20 10:22:31.045356,3418.1,106343.0,126166.0
2025-06-20 10:22:31.180799,3418.1,107734.0,126709.0
2025-06-20 10:22:32.128210,3418.0,109387.0,126452.0
2025-06-20 10:22:32.657518,3417.8,109387.0,126452.0
2025-06-20 10:22:33.127380,3417.8,109085.0,126361.0
2025-06-20 10:22:33.653556,3418.0,109085.0,126361.0
2025-06-20 10:22:34.228913,3418.0,107277.0,126039.0
2025-06-20 10:22:34.712964,3417.9,107277.0,126039.0
2025-06-20 10:22:35.330877,3418.0,107326.0,126054.0
2025-06-20 10:22:35.646980,3418.0,107326.0,126054.0
2025-06-20 10:22:36.442776,3417.8,107131.0,126546.0
2025-06-20 10:22:36.646028,3418.0,107131.0,126546.0
2025-06-20 10:22:37.438335,3418.0,107534.0,126333.0
2025-06-20 10:22:37.650493,3418.0,107534.0,126333.0
2025-06-20 10:22:38.530244,3418.0,107310.0,126505.0
2025-06-20 10:22:38.652702,3417.9,107310.0,126505.0
2025-06-20 10:22:39.582488,3418.0,107800.0,126210.0
2025-06-20 10:22:39.652917,3417.9,107800.0,126210.0
2025-06-20 10:22:40.626591,3417.9,107820.0,126210.0
2025-06-20 10:22:40.712764,3417.9,107820.0,126210.0
2025-06-20 10:22:41.635264,3418.0,108096.0,126248.0
2025-06-20 10:22:41.653485,3418.0,108096.0,126248.0
2025-06-20 10:22:42.692454,3418.3,108096.0,126248.0
2025-06-20 10:22:42.743188,3418.3,107733.0,124998.0
2025-06-20 10:22:43.655754,3418.2,107733.0,124998.0
2025-06-20 10:22:43.840277,3418.2,107886.0,124968.0
2025-06-20 10:22:44.656387,3418.1,107886.0,124968.0
2025-06-20 10:22:44.836655,3418.1,107718.0,125570.0
2025-06-20 10:22:45.944969,3418.7,107826.0,126315.0
2025-06-20 10:22:46.650300,3418.9,107826.0,126315.0
2025-06-20 10:22:47.036899,3418.9,107961.0,126228.0
2025-06-20 10:22:47.652456,3418.0,107961.0,126228.0
2025-06-20 10:22:47.948263,3418.9,107810.0,126310.0
2025-06-20 10:22:48.652130,3418.0,107810.0,126310.0
2025-06-20 10:22:49.139218,3418.0,107913.0,124730.0
2025-06-20 10:22:50.243903,3418.0,106262.0,124513.0
2025-06-20 10:22:50.646401,3418.0,106262.0,124513.0
2025-06-20 10:22:51.239260,3418.0,105404.0,125908.0
2025-06-20 10:22:51.646292,3418.0,105404.0,125908.0
2025-06-20 10:22:52.239374,3418.0,105662.0,126036.0
2025-06-20 10:22:52.648560,3417.8,105662.0,126036.0
2025-06-20 10:22:53.240373,3417.8,103740.0,126225.0
2025-06-20 10:22:53.651581,3417.6,103740.0,126225.0
2025-06-20 10:22:54.141191,3417.6,99647.0,125137.0
2025-06-20 10:22:54.648873,3418.1,99647.0,125137.0
2025-06-20 10:22:55.240661,3419.0,99464.0,125358.0
2025-06-20 10:22:55.649587,3418.1,99464.0,125358.0
2025-06-20 10:22:56.340304,3418.1,99095.0,125376.0
2025-06-20 10:22:57.345374,3418.0,99354.0,125160.0
2025-06-20 10:22:57.650556,3417.7,99354.0,125160.0
2025-06-20 10:22:58.343473,3418.0,99184.0,125904.0
2025-06-20 10:22:58.671247,3417.7,99184.0,125904.0
2025-06-20 10:22:59.345697,3417.7,99201.0,126027.0
2025-06-20 10:22:59.648713,3417.7,99201.0,126027.0
2025-06-20 10:23:01.152980,3417.7,99004.0,125998.0
2025-06-20 10:23:02.046191,3417.7,98974.0,125998.0
2025-06-20 10:23:02.649515,3418.0,98974.0,125998.0
2025-06-20 10:23:02.983704,3418.0,99160.0,126354.0
2025-06-20 10:23:03.704467,3417.7,99160.0,126354.0
2025-06-20 10:23:03.952147,3417.7,99151.0,126352.0
2025-06-20 10:23:04.655548,3417.8,99151.0,126352.0
2025-06-20 10:23:04.953383,3417.8,99259.0,127391.0
2025-06-20 10:23:05.653035,3417.0,99259.0,127391.0
2025-06-20 10:23:05.958600,3417.0,98641.0,127643.0
2025-06-20 10:23:06.657503,3417.0,98641.0,127643.0
2025-06-20 10:23:06.862891,3417.0,98824.0,128019.0
2025-06-20 10:23:07.651321,3417.0,98824.0,128019.0
2025-06-20 10:23:07.751574,3417.0,97630.0,127956.0
2025-06-20 10:23:08.652845,3417.3,97630.0,127956.0
2025-06-20 10:23:08.755972,3417.3,97688.0,128289.0
2025-06-20 10:23:09.702039,3417.2,97688.0,128289.0
2025-06-20 10:23:09.710332,3417.2,98019.0,127939.0
2025-06-20 10:23:10.552328,3417.5,98304.0,127929.0
2025-06-20 10:23:10.651176,3417.5,98304.0,127929.0
2025-06-20 10:23:11.458017,3417.5,98387.0,127654.0
2025-06-20 10:23:11.733053,3417.5,98387.0,127654.0
2025-06-20 10:23:12.554406,3417.5,97977.0,127630.0
2025-06-20 10:23:12.657019,3417.5,97977.0,127630.0
2025-06-20 10:23:13.554426,3417.5,96616.0,128218.0
2025-06-20 10:23:13.651290,3417.0,96616.0,128218.0
2025-06-20 10:23:14.554040,3417.0,96155.0,128205.0
2025-06-20 10:23:14.653395,3416.3,96155.0,128205.0
2025-06-20 10:23:15.553901,3417.3,96538.0,128702.0
2025-06-20 10:23:15.661444,3417.3,96538.0,128702.0
2025-06-20 10:23:16.555907,3417.3,97248.0,128754.0
2025-06-20 10:23:16.651851,3417.3,97248.0,128754.0
2025-06-20 10:23:17.461039,3416.0,96413.0,128632.0
2025-06-20 10:23:17.651515,3416.0,96413.0,128632.0
2025-06-20 10:23:18.457756,3416.0,96436.0,128638.0
2025-06-20 10:23:18.708734,3417.2,96436.0,128638.0
2025-06-20 10:23:19.489824,3417.2,96512.0,128808.0
2025-06-20 10:23:19.666182,3416.1,96512.0,128808.0
2025-06-20 10:23:20.457933,3416.1,95509.0,128895.0
2025-06-20 10:23:20.653680,3417.2,95509.0,128895.0
2025-06-20 10:23:21.361647,3417.2,96221.0,129139.0
2025-06-20 10:23:21.656230,3417.2,96221.0,129139.0
2025-06-20 10:23:22.363544,3417.2,96248.0,129085.0
2025-06-20 10:23:22.652098,3417.7,96248.0,129085.0
2025-06-20 10:23:23.365779,3417.7,94752.0,128145.0
2025-06-20 10:23:23.652506,3417.2,94752.0,128145.0
2025-06-20 10:23:24.368212,3417.7,94885.0,128177.0
2025-06-20 10:23:24.653316,3417.2,94885.0,128177.0
2025-06-20 10:23:25.370779,3417.2,95895.0,128176.0
2025-06-20 10:23:26.262826,3417.2,95908.0,128060.0
2025-06-20 10:23:26.653718,3417.7,95908.0,128060.0
2025-06-20 10:23:27.261853,3417.0,96255.0,128008.0
2025-06-20 10:23:27.651711,3417.0,96255.0,128008.0
2025-06-20 10:23:28.302302,3417.0,95709.0,128287.0
2025-06-20 10:23:29.172910,3418.0,96451.0,127255.0
2025-06-20 10:23:29.653724,3417.1,96451.0,127255.0
2025-06-20 10:23:30.174786,3418.0,96578.0,127449.0
2025-06-20 10:23:30.653373,3417.1,96578.0,127449.0
2025-06-20 10:23:31.174355,3417.1,96630.0,127576.0
2025-06-20 10:23:31.661772,3417.1,96630.0,127576.0
2025-06-20 10:23:32.179570,3417.1,95909.0,127716.0
2025-06-20 10:23:32.655231,3417.9,95909.0,127716.0
2025-06-20 10:23:33.171206,3417.9,96127.0,128075.0
2025-06-20 10:23:33.653687,3417.9,96127.0,128075.0
2025-06-20 10:23:34.169743,3417.9,96606.0,127520.0
2025-06-20 10:23:35.068656,3417.9,96551.0,127420.0
2025-06-20 10:23:36.068469,3417.9,96419.0,128208.0
2025-06-20 10:23:36.656384,3417.9,96419.0,128208.0
2025-06-20 10:23:37.168141,3417.9,96560.0,128374.0
2025-06-20 10:23:37.653536,3417.1,96560.0,128374.0
2025-06-20 10:23:38.074173,3417.1,96187.0,128901.0
2025-06-20 10:23:38.655767,3416.8,96187.0,128901.0
2025-06-20 10:23:39.073435,3416.8,95171.0,129031.0
2025-06-20 10:23:39.651690,3416.8,95171.0,129031.0
2025-06-20 10:23:40.075514,3416.8,95721.0,128704.0
2025-06-20 10:23:40.725867,3416.9,95721.0,128704.0
2025-06-20 10:23:41.075008,3417.1,95376.0,128407.0
2025-06-20 10:23:41.653583,3417.1,95376.0,128407.0
2025-06-20 10:23:41.989608,3417.1,94376.0,128161.0
2025-06-20 10:23:42.656226,3417.0,94376.0,128161.0
2025-06-20 10:23:43.130637,3417.0,93411.0,128238.0
2025-06-20 10:23:43.656785,3416.9,93411.0,128238.0
2025-06-20 10:23:43.999535,3416.9,93362.0,128720.0
2025-06-20 10:23:44.660247,3416.9,93362.0,128720.0
2025-06-20 10:23:44.894635,3416.9,93736.0,128378.0
2025-06-20 10:23:45.777435,3416.9,93522.0,128225.0
2025-06-20 10:23:46.776611,3417.9,93464.0,128227.0
2025-06-20 10:23:47.654505,3417.9,93464.0,128227.0
2025-06-20 10:23:47.691349,3417.9,93585.0,128168.0
2025-06-20 10:23:48.578264,3417.9,93597.0,128127.0
2025-06-20 10:23:48.664722,3417.5,93597.0,128127.0
2025-06-20 10:23:49.579117,3417.9,93786.0,127794.0
2025-06-20 10:23:49.654453,3417.5,93786.0,127794.0
2025-06-20 10:23:50.578222,3417.5,93885.0,127918.0
2025-06-20 10:23:50.657865,3417.5,93885.0,127918.0
2025-06-20 10:23:51.578878,3417.5,93718.0,127974.0
2025-06-20 10:23:51.656436,3417.5,93718.0,127974.0
2025-06-20 10:23:52.579485,3417.5,92718.0,127740.0
2025-06-20 10:23:53.579707,3417.5,93284.0,127651.0
2025-06-20 10:23:54.580790,3417.5,93100.0,127662.0
2025-06-20 10:23:55.492997,3417.5,92752.0,127859.0
2025-06-20 10:23:56.580860,3417.5,92685.0,127821.0
2025-06-20 10:23:56.657504,3418.0,92685.0,127821.0
2025-06-20 10:23:57.483551,3418.0,92790.0,126700.0
2025-06-20 10:23:57.655934,3417.9,92790.0,126700.0
2025-06-20 10:23:58.483188,3417.9,92707.0,127039.0
2025-06-20 10:23:58.656094,3417.5,92707.0,127039.0
2025-06-20 10:23:59.621225,3417.9,92969.0,127233.0
2025-06-20 10:23:59.655926,3417.9,92969.0,127233.0
2025-06-20 10:24:00.298887,3418.0,92879.0,127464.0
2025-06-20 10:24:00.683055,3417.5,92879.0,127464.0
2025-06-20 10:24:02.672668,3417.9,92879.0,127464.0
2025-06-20 10:24:02.783662,3417.9,93515.0,127288.0
2025-06-20 10:24:04.667049,3417.6,93515.0,127288.0
2025-06-20 10:24:06.669115,3417.6,93515.0,127288.0
2025-06-20 10:24:08.191608,3417.6,92989.0,128399.0
2025-06-20 10:24:08.666961,3418.0,92989.0,128399.0
2025-06-20 10:24:10.933990,3418.0,92989.0,128399.0
2025-06-20 10:24:12.845387,3418.0,92989.0,128399.0
2025-06-20 10:24:14.168131,3418.2,93515.0,126607.0
2025-06-20 10:24:14.714981,3417.7,93515.0,126607.0
2025-06-20 10:24:16.774072,3418.6,93515.0,126607.0
2025-06-20 10:24:19.705098,3418.6,93527.0,125578.0
2025-06-20 10:24:20.703517,3418.1,93527.0,125578.0
2025-06-20 10:24:24.673428,3418.6,93527.0,125578.0
2025-06-20 10:24:25.105097,3418.6,93351.0,125620.0
2025-06-20 10:24:26.662872,3418.8,93351.0,125620.0
2025-06-20 10:24:28.671341,3419.0,93351.0,125620.0
2025-06-20 10:24:30.698407,3419.0,93351.0,125620.0
2025-06-20 10:24:30.943541,3419.0,94039.0,124634.0
2025-06-20 10:24:32.669591,3419.0,94039.0,124634.0
2025-06-20 10:24:34.669125,3418.7,94039.0,124634.0
2025-06-20 10:24:36.697698,3418.9,94039.0,124634.0
2025-06-20 10:24:36.717223,3418.9,93017.0,125143.0
2025-06-20 10:24:38.665479,3418.7,93017.0,125143.0
2025-06-20 10:24:40.674841,3418.5,93017.0,125143.0
2025-06-20 10:24:42.290366,3418.5,93017.0,125143.0
2025-06-20 10:24:42.613687,3418.5,93415.0,125587.0
2025-06-20 10:24:42.655719,3418.5,93415.0,125587.0
2025-06-20 10:24:42.698135,3418.2,93415.0,125587.0
2025-06-20 10:24:42.958106,3418.2,93415.0,125587.0
2025-06-20 10:24:43.495781,3418.2,93415.0,125587.0
2025-06-20 10:24:44.033401,3418.2,93415.0,125587.0
2025-06-20 10:24:44.708440,3418.3,93415.0,125587.0
2025-06-20 10:24:45.055346,3418.3,93415.0,125587.0
2025-06-20 10:24:46.074969,3418.3,93415.0,125587.0
2025-06-20 10:24:46.659932,3419.0,93415.0,125587.0
2025-06-20 10:24:47.645207,3419.0,93415.0,125587.0
2025-06-20 10:24:48.512410,3419.0,93609.0,126460.0
2025-06-20 10:24:48.667719,3418.3,93609.0,126460.0
2025-06-20 10:24:48.783609,3418.3,93609.0,126460.0
2025-06-20 10:24:49.783189,3418.3,93609.0,126460.0
2025-06-20 10:24:51.291929,3418.3,93609.0,126460.0
2025-06-20 10:24:52.567210,3418.3,93609.0,126460.0
2025-06-20 10:24:52.696769,3419.0,93609.0,126460.0
2025-06-20 10:24:53.831989,3419.0,93609.0,126460.0
2025-06-20 10:24:54.113930,3419.0,93541.0,126196.0
2025-06-20 10:24:54.666698,3418.4,93541.0,126196.0
2025-06-20 10:24:55.422503,3418.4,93541.0,126196.0
2025-06-20 10:24:56.660705,3419.0,93541.0,126196.0
2025-06-20 10:24:58.665561,3418.4,93541.0,126196.0
2025-06-20 10:24:59.951968,3419.0,93716.0,126214.0
2025-06-20 10:25:00.661802,3419.0,93716.0,126214.0
2025-06-20 10:25:02.663012,3419.0,93716.0,126214.0
2025-06-20 10:25:04.672476,3419.0,93716.0,126214.0
2025-06-20 10:25:05.939583,3419.0,93559.0,125872.0
2025-06-20 10:25:06.663871,3419.0,93559.0,125872.0
2025-06-20 10:25:08.670917,3419.0,93559.0,125872.0
2025-06-20 10:25:10.720474,3419.0,93559.0,125872.0
2025-06-20 10:25:12.130849,3418.6,93518.0,126394.0
2025-06-20 10:25:14.665391,3419.0,93518.0,126394.0
2025-06-20 10:25:17.662001,3419.0,93518.0,126394.0
2025-06-20 10:25:18.230364,3419.0,94135.0,126258.0
2025-06-20 10:25:20.355849,3418.8,94135.0,126258.0
2025-06-20 10:25:23.666982,3418.8,94135.0,126258.0
2025-06-20 10:25:24.341591,3418.8,91424.0,126862.0
2025-06-20 10:25:26.785184,3419.0,91424.0,126862.0
2025-06-20 10:25:29.660410,3418.7,91424.0,126862.0
2025-06-20 10:25:30.340692,3418.7,91646.0,125336.0
2025-06-20 10:25:32.666744,3419.5,91646.0,125336.0
2025-06-20 10:25:36.640429,3419.5,92404.0,123796.0
2025-06-20 10:25:38.661644,3419.5,92404.0,123796.0
2025-06-20 10:25:41.661758,3419.7,92404.0,123796.0
2025-06-20 10:25:42.956457,3420.0,93138.0,123740.0
2025-06-20 10:25:44.671790,3420.0,93138.0,123740.0
2025-06-20 10:25:47.667129,3420.0,93138.0,123740.0
2025-06-20 10:25:49.154754,3420.0,93448.0,123088.0
2025-06-20 10:25:50.671792,3419.8,93448.0,123088.0
2025-06-20 10:25:53.665869,3420.0,93448.0,123088.0
2025-06-20 10:25:55.214041,3420.0,92884.0,122623.0
2025-06-20 10:25:56.666303,3421.3,92884.0,122623.0
2025-06-20 10:25:59.669090,3421.6,92884.0,122623.0
2025-06-20 10:26:00.759665,3421.4,91432.0,122313.0
2025-06-20 10:26:02.671445,3421.4,91432.0,122313.0
2025-06-20 10:26:05.663802,3421.4,91432.0,122313.0
2025-06-20 10:26:06.963424,3421.2,92168.0,122610.0
2025-06-20 10:26:08.667922,3420.5,92168.0,122610.0
2025-06-20 10:26:13.271943,3420.5,92315.0,121408.0
2025-06-20 10:26:13.668678,3421.2,92315.0,121408.0
2025-06-20 10:26:19.590382,3421.7,92541.0,120494.0
2025-06-20 10:26:19.671526,3421.7,92541.0,120494.0
2025-06-20 10:26:22.671173,3421.7,92541.0,120494.0
2025-06-20 10:26:25.884693,3422.0,93014.0,120679.0
2025-06-20 10:26:26.670706,3422.0,93014.0,120679.0
2025-06-20 10:26:28.675313,3421.3,93014.0,120679.0
2025-06-20 10:26:31.891752,3422.0,92828.0,120648.0
2025-06-20 10:26:32.672763,3422.0,92828.0,120648.0
2025-06-20 10:26:35.682848,3422.7,92828.0,120648.0
2025-06-20 10:26:38.188534,3422.7,92769.0,120137.0
2025-06-20 10:26:38.720075,3422.0,92769.0,120137.0
2025-06-20 10:26:41.662020,3422.0,92769.0,120137.0
2025-06-20 10:26:43.713656,3422.6,92769.0,120137.0
2025-06-20 10:26:44.928822,3422.6,92763.0,120357.0
2025-06-20 10:26:47.691451,3422.0,92763.0,120357.0
2025-06-20 10:26:50.800609,3422.0,92096.0,120727.0
2025-06-20 10:26:52.919415,3422.0,92096.0,120727.0
2025-06-20 10:26:56.103851,3422.6,92096.0,120727.0
2025-06-20 10:26:57.020979,3422.0,92555.0,120199.0
2025-06-20 10:26:58.710408,3422.0,92555.0,120199.0
2025-06-20 10:27:01.702141,3422.7,92555.0,120199.0
2025-06-20 10:27:03.107410,3422.8,93546.0,117385.0
2025-06-20 10:27:05.698752,3422.7,93546.0,117385.0
2025-06-20 10:27:08.714402,3423.0,93546.0,117385.0
2025-06-20 10:27:09.838532,3423.0,93961.0,116164.0
2025-06-20 10:27:11.675965,3424.0,93961.0,116164.0
2025-06-20 10:27:16.439558,3424.6,94493.0,113983.0
2025-06-20 10:27:17.670188,3425.0,94493.0,113983.0
2025-06-20 10:27:20.675677,3426.0,94493.0,113983.0
2025-06-20 10:27:22.956225,3426.6,94333.0,112976.0
2025-06-20 10:27:24.169299,3426.1,94333.0,112976.0
2025-06-20 10:27:26.672748,3426.6,94333.0,112976.0
2025-06-20 10:27:29.601578,3426.8,93789.0,114608.0
2025-06-20 10:27:29.809165,3426.0,93789.0,114608.0
2025-06-20 10:27:33.669015,3426.5,93789.0,114608.0
2025-06-20 10:27:36.235769,3426.6,91724.0,115739.0
2025-06-20 10:27:36.696428,3425.9,91724.0,115739.0
2025-06-20 10:27:39.698139,3426.0,91724.0,115739.0
2025-06-20 10:27:42.661830,3426.0,91724.0,115739.0
2025-06-20 10:27:42.740325,3426.3,91724.0,115739.0
2025-06-20 10:27:42.845893,3426.3,91820.0,116469.0
2025-06-20 10:27:43.019903,3426.3,91820.0,116469.0
2025-06-20 10:27:44.236792,3426.3,91820.0,116469.0
2025-06-20 10:27:45.267358,3426.3,91820.0,116469.0
2025-06-20 10:27:46.283514,3426.3,91820.0,116469.0
2025-06-20 10:27:46.734580,3426.6,91820.0,116469.0
2025-06-20 10:27:46.735757,3426.6,91820.0,116469.0
2025-06-20 10:27:47.679802,3426.6,91820.0,116469.0
2025-06-20 10:27:49.004218,3426.6,91820.0,116469.0
2025-06-20 10:27:49.165594,3426.0,91784.0,115932.0
2025-06-20 10:27:50.018190,3426.0,91784.0,115932.0
2025-06-20 10:27:50.688127,3426.0,91784.0,115932.0
2025-06-20 10:27:51.501008,3426.0,91784.0,115932.0
2025-06-20 10:27:52.683529,3426.0,91784.0,115932.0
2025-06-20 10:27:52.834005,3426.0,91784.0,115932.0
2025-06-20 10:27:54.021377,3426.0,91784.0,115932.0
2025-06-20 10:27:55.552973,3425.9,91140.0,116548.0
2025-06-20 10:27:55.611839,3425.9,91140.0,116548.0
2025-06-20 10:27:56.679791,3425.4,91140.0,116548.0
2025-06-20 10:27:58.676810,3425.9,91140.0,116548.0
2025-06-20 10:28:01.155815,3426.5,91181.0,116977.0
2025-06-20 10:28:01.717189,3426.1,91181.0,116977.0
2025-06-20 10:28:02.160421,3425.5,90517.0,118523.0
2025-06-20 10:28:02.670148,3425.0,90517.0,118523.0
2025-06-20 10:28:03.059855,3425.0,90420.0,118961.0
2025-06-20 10:28:03.685017,3425.5,90420.0,118961.0
2025-06-20 10:28:04.160792,3425.5,90529.0,117902.0
2025-06-20 10:28:04.671272,3425.3,90529.0,117902.0
2025-06-20 10:28:05.269465,3425.5,90627.0,117863.0
2025-06-20 10:28:05.672574,3425.5,90627.0,117863.0
2025-06-20 10:28:06.362600,3425.5,90594.0,118046.0
2025-06-20 10:28:06.672941,3425.5,90594.0,118046.0
2025-06-20 10:28:07.471893,3425.5,90611.0,117702.0
2025-06-20 10:28:07.675533,3425.6,90611.0,117702.0
2025-06-20 10:28:08.562192,3425.5,90669.0,116856.0
2025-06-20 10:28:08.671979,3426.0,90669.0,116856.0
2025-06-20 10:28:09.663394,3426.0,90630.0,117294.0
2025-06-20 10:28:10.673328,3425.0,90630.0,117294.0
2025-06-20 10:28:10.762968,3425.0,90635.0,117448.0
2025-06-20 10:28:11.669208,3425.6,90635.0,117448.0
2025-06-20 10:28:11.863287,3425.6,90662.0,117550.0
2025-06-20 10:28:12.673506,3425.6,90662.0,117550.0
2025-06-20 10:28:12.971692,3425.6,90564.0,117984.0
2025-06-20 10:28:13.674698,3425.6,90564.0,117984.0
2025-06-20 10:28:14.074924,3425.6,90582.0,117969.0
2025-06-20 10:28:15.166244,3425.8,90560.0,117997.0
2025-06-20 10:28:15.673597,3425.6,90560.0,117997.0
2025-06-20 10:28:16.268382,3425.8,90628.0,118024.0
2025-06-20 10:28:16.669946,3425.6,90628.0,118024.0
2025-06-20 10:28:17.370299,3425.5,90337.0,118705.0
2025-06-20 10:28:17.672010,3425.0,90337.0,118705.0
2025-06-20 10:28:18.469504,3423.6,90350.0,119589.0
2025-06-20 10:28:18.673628,3423.6,90350.0,119589.0
2025-06-20 10:28:19.570940,3423.8,90489.0,119686.0
2025-06-20 10:28:19.738185,3423.6,90489.0,119686.0
2025-06-20 10:28:20.673667,3423.6,90489.0,119686.0
2025-06-20 10:28:20.682204,3423.6,90682.0,119696.0
2025-06-20 10:28:21.671821,3423.8,90682.0,119696.0
2025-06-20 10:28:21.710685,3423.8,90804.0,119809.0
2025-06-20 10:28:22.716551,3423.6,90804.0,119809.0
2025-06-20 10:28:22.770488,3423.6,90900.0,119526.0
2025-06-20 10:28:23.691275,3424.7,90900.0,119526.0
2025-06-20 10:28:23.883710,3424.7,90539.0,119557.0
2025-06-20 10:28:24.675605,3424.0,90539.0,119557.0
2025-06-20 10:28:24.982099,3424.0,90347.0,119522.0
2025-06-20 10:28:25.672198,3423.6,90347.0,119522.0
2025-06-20 10:28:26.074003,3423.6,90113.0,119866.0
2025-06-20 10:28:26.672227,3423.6,90113.0,119866.0
2025-06-20 10:28:27.181598,3423.6,90214.0,118859.0
2025-06-20 10:28:27.670410,3424.8,90214.0,118859.0
2025-06-20 10:28:28.278403,3424.8,90356.0,118747.0
2025-06-20 10:28:28.706903,3424.8,90356.0,118747.0
2025-06-20 10:28:29.377995,3424.8,90339.0,118938.0
2025-06-20 10:28:29.670139,3424.5,90339.0,118938.0
2025-06-20 10:28:30.483155,3424.8,90373.0,119125.0
2025-06-20 10:28:30.672839,3424.5,90373.0,119125.0
2025-06-20 10:28:31.579924,3424.8,90339.0,119125.0
2025-06-20 10:28:31.673737,3424.8,90339.0,119125.0
2025-06-20 10:28:32.673657,3425.0,90339.0,119125.0
2025-06-20 10:28:32.706713,3425.0,90357.0,119064.0
2025-06-20 10:28:33.698442,3424.8,90391.0,118725.0
2025-06-20 10:28:33.750399,3424.8,90391.0,118725.0
2025-06-20 10:28:34.694763,3424.8,90346.0,119062.0
2025-06-20 10:28:35.692857,3424.8,90379.0,118906.0
2025-06-20 10:28:36.684228,3425.0,90379.0,118906.0
2025-06-20 10:28:36.783429,3425.0,90467.0,118709.0
2025-06-20 10:28:37.672400,3424.8,90467.0,118709.0
2025-06-20 10:28:38.132425,3424.8,90486.0,118711.0
2025-06-20 10:28:39.126948,3424.8,90402.0,118779.0
2025-06-20 10:28:39.985165,3424.8,90458.0,118849.0
2025-06-20 10:28:40.674392,3425.0,90458.0,118849.0
2025-06-20 10:28:41.086056,3425.0,90502.0,118930.0
2025-06-20 10:28:41.674970,3425.0,90502.0,118930.0
2025-06-20 10:28:42.089690,3425.0,90434.0,118726.0
2025-06-20 10:28:42.674365,3424.3,90434.0,118726.0
2025-06-20 10:28:43.184670,3425.0,90637.0,118638.0
2025-06-20 10:28:43.674138,3425.0,90637.0,118638.0
2025-06-20 10:28:44.185644,3425.0,90721.0,118446.0
2025-06-20 10:28:44.673209,3425.0,90721.0,118446.0
2025-06-20 10:28:45.188763,3425.5,90731.0,118223.0
2025-06-20 10:28:45.680586,3425.5,90731.0,118223.0
2025-06-20 10:28:46.187559,3425.5,90601.0,119007.0
2025-06-20 10:28:47.298906,3425.2,90385.0,118442.0
2025-06-20 10:28:47.673916,3425.1,90385.0,118442.0
2025-06-20 10:28:48.391246,3426.3,90973.0,118040.0
2025-06-20 10:28:48.674883,3425.5,90973.0,118040.0
2025-06-20 10:28:49.492432,3425.5,90607.0,118460.0
2025-06-20 10:28:49.685475,3425.5,90607.0,118460.0
2025-06-20 10:28:50.704916,3425.5,90728.0,118347.0
2025-06-20 10:28:51.709892,3425.5,90535.0,118115.0
2025-06-20 10:28:52.672347,3426.3,90535.0,118115.0
2025-06-20 10:28:52.695853,3426.3,90533.0,118342.0
2025-06-20 10:28:53.673204,3425.5,90533.0,118342.0
2025-06-20 10:28:53.789767,3425.5,90536.0,118701.0
2025-06-20 10:28:54.893491,3425.5,90664.0,118742.0
2025-06-20 10:28:55.992475,3425.5,90549.0,118997.0
2025-06-20 10:28:56.675856,3426.0,90549.0,118997.0
2025-06-20 10:28:57.094172,3426.3,90770.0,118305.0
2025-06-20 10:28:57.686409,3426.3,90770.0,118305.0
2025-06-20 10:28:58.194867,3426.6,91013.0,118136.0
2025-06-20 10:28:58.678092,3426.6,91013.0,118136.0
2025-06-20 10:28:59.294853,3426.6,91023.0,118187.0
2025-06-20 10:28:59.673554,3426.3,91023.0,118187.0
2025-06-20 10:29:00.399379,3426.3,91148.0,117935.0
2025-06-20 10:29:00.684809,3426.6,91148.0,117935.0
2025-06-20 10:29:01.674470,3426.3,91148.0,117935.0
2025-06-20 10:29:01.703956,3426.3,90986.0,118236.0
2025-06-20 10:29:02.679431,3426.3,90986.0,118236.0
2025-06-20 10:29:02.727434,3426.3,90955.0,118254.0
2025-06-20 10:29:03.669417,3426.3,90955.0,118254.0
2025-06-20 10:29:03.794945,3426.3,91097.0,118123.0
2025-06-20 10:29:04.714373,3426.9,91097.0,118123.0
2025-06-20 10:29:04.796834,3426.9,91084.0,117641.0
2025-06-20 10:29:05.675149,3426.6,91084.0,117641.0
2025-06-20 10:29:05.797636,3426.6,91038.0,117762.0
2025-06-20 10:29:06.675286,3426.9,91038.0,117762.0
2025-06-20 10:29:06.797291,3426.9,91099.0,117663.0
2025-06-20 10:29:07.674729,3426.6,91099.0,117663.0
2025-06-20 10:29:07.798116,3426.6,91144.0,117566.0
2025-06-20 10:29:08.672368,3426.6,91144.0,117566.0
2025-06-20 10:29:08.799086,3426.6,91140.0,117968.0
2025-06-20 10:29:09.678721,3426.5,91140.0,117968.0
2025-06-20 10:29:09.715102,3426.5,91110.0,117900.0
2025-06-20 10:29:10.679339,3426.5,91110.0,117900.0
2025-06-20 10:29:10.710048,3426.5,91101.0,117770.0
2025-06-20 10:29:11.685318,3426.5,91101.0,117770.0
2025-06-20 10:29:11.716236,3426.5,91135.0,117391.0
2025-06-20 10:29:12.714469,3426.6,91135.0,117391.0
2025-06-20 10:29:12.723431,3426.6,91190.0,117568.0
2025-06-20 10:29:13.713460,3426.6,91192.0,116516.0
2025-06-20 10:29:14.678872,3427.0,91192.0,116516.0
2025-06-20 10:29:14.718367,3427.0,91033.0,116902.0
2025-06-20 10:29:15.679416,3427.0,91033.0,116902.0
2025-06-20 10:29:15.718182,3427.0,91069.0,117142.0
2025-06-20 10:29:16.681821,3426.6,91069.0,117142.0
2025-06-20 10:29:16.717718,3426.6,91020.0,117170.0
2025-06-20 10:29:17.685696,3427.0,91020.0,117170.0
2025-06-20 10:29:17.739135,3427.0,91089.0,116595.0
2025-06-20 10:29:18.983134,3426.6,91089.0,116595.0
2025-06-20 10:29:18.990802,3426.6,91224.0,116229.0
2025-06-20 10:29:19.696302,3427.0,91224.0,116229.0
2025-06-20 10:29:19.808111,3427.0,91161.0,116582.0
2025-06-20 10:29:20.678693,3426.6,91161.0,116582.0
2025-06-20 10:29:20.810396,3426.6,91189.0,116604.0
2025-06-20 10:29:21.676375,3427.7,91189.0,116604.0
2025-06-20 10:29:21.719168,3427.7,91517.0,115275.0
2025-06-20 10:29:22.690423,3427.9,91517.0,115275.0
2025-06-20 10:29:22.807597,3427.9,91619.0,114881.0
2025-06-20 10:29:23.680353,3427.3,91619.0,114881.0
2025-06-20 10:29:23.809579,3427.3,91578.0,115576.0
2025-06-20 10:29:24.688787,3428.1,91578.0,115576.0
2025-06-20 10:29:25.021581,3428.1,91785.0,114884.0
2025-06-20 10:29:25.677458,3427.3,91785.0,114884.0
2025-06-20 10:29:26.012628,3427.3,91545.0,114711.0
2025-06-20 10:29:26.677782,3428.6,91545.0,114711.0
2025-06-20 10:29:27.113037,3428.6,91100.0,115181.0
2025-06-20 10:29:27.682818,3428.1,91100.0,115181.0
2025-06-20 10:29:28.159737,3428.1,91250.0,115458.0
2025-06-20 10:29:28.677266,3428.8,91250.0,115458.0
2025-06-20 10:29:29.115307,3428.8,91062.0,115024.0
2025-06-20 10:29:29.674358,3428.1,91062.0,115024.0
2025-06-20 10:29:30.114797,3428.6,91222.0,114698.0
2025-06-20 10:29:30.722843,3428.1,91222.0,114698.0
2025-06-20 10:29:31.215730,3428.1,91287.0,114673.0
2025-06-20 10:29:31.679827,3428.2,91287.0,114673.0
2025-06-20 10:29:32.218250,3428.2,91345.0,114806.0
2025-06-20 10:29:33.318101,3428.2,91366.0,114886.0
2025-06-20 10:29:34.431308,3428.2,91324.0,115086.0
2025-06-20 10:29:34.675832,3428.5,91324.0,115086.0
2025-06-20 10:29:35.518907,3428.2,91329.0,114943.0
2025-06-20 10:29:35.678734,3428.2,91329.0,114943.0
2025-06-20 10:29:36.620360,3428.2,91390.0,114890.0
2025-06-20 10:29:36.674791,3428.2,91390.0,114890.0
2025-06-20 10:29:37.676685,3428.5,91390.0,114890.0
2025-06-20 10:29:37.725671,3428.5,91473.0,114899.0
2025-06-20 10:29:38.673442,3428.5,91473.0,114899.0
2025-06-20 10:29:38.822611,3428.5,91461.0,114936.0
2025-06-20 10:29:39.681806,3428.5,91461.0,114936.0
2025-06-20 10:29:39.822314,3428.5,91636.0,114126.0
2025-06-20 10:29:40.679233,3428.5,91636.0,114126.0
2025-06-20 10:29:40.934247,3428.5,91540.0,114430.0
2025-06-20 10:29:41.711316,3428.5,91540.0,114430.0
2025-06-20 10:29:42.034946,3428.5,91501.0,115091.0
2025-06-20 10:29:42.679612,3428.6,91501.0,115091.0
2025-06-20 10:29:43.123566,3428.6,90641.0,115175.0
2025-06-20 10:29:44.226240,3428.6,91598.0,114982.0
2025-06-20 10:29:44.753564,3428.6,91598.0,114982.0
2025-06-20 10:29:45.159457,3428.6,91608.0,115055.0
2025-06-20 10:29:45.698122,3428.5,91608.0,115055.0
2025-06-20 10:29:46.177884,3428.5,91639.0,115074.0
2025-06-20 10:29:46.711231,3428.6,91639.0,115074.0
2025-06-20 10:29:47.226762,3428.6,91549.0,114973.0
2025-06-20 10:29:47.681533,3428.6,91549.0,114973.0
2025-06-20 10:29:48.329068,3429.4,91690.0,114344.0
2025-06-20 10:29:48.678624,3428.6,91690.0,114344.0
2025-06-20 10:29:49.438017,3428.6,91635.0,114255.0
2025-06-20 10:29:49.695862,3428.6,91635.0,114255.0
2025-06-20 10:29:50.461836,3429.7,91740.0,113818.0
2025-06-20 10:29:50.677027,3428.7,91740.0,113818.0
2025-06-20 10:29:51.442534,3428.7,91863.0,114192.0
2025-06-20 10:29:51.711005,3429.6,91863.0,114192.0
2025-06-20 10:29:52.454865,3429.6,91760.0,114300.0
2025-06-20 10:29:52.680718,3428.7,91760.0,114300.0
2025-06-20 10:29:53.441719,3428.7,91706.0,114503.0
2025-06-20 10:29:54.447111,3429.4,91717.0,114430.0
2025-06-20 10:29:54.676841,3428.7,91717.0,114430.0
2025-06-20 10:29:55.659385,3428.7,91784.0,114452.0
2025-06-20 10:29:56.535195,3428.7,91932.0,114522.0
2025-06-20 10:29:56.683479,3428.7,91932.0,114522.0
2025-06-20 10:29:57.536630,3428.7,91713.0,114864.0
2025-06-20 10:29:57.680556,3428.7,91713.0,114864.0
2025-06-20 10:29:58.639508,3428.7,91715.0,114844.0
2025-06-20 10:29:58.682326,3428.7,91715.0,114844.0
2025-06-20 10:29:59.684375,3429.6,91715.0,114844.0
2025-06-20 10:29:59.740996,3429.6,91700.0,114549.0
2025-06-20 10:30:00.705266,3428.7,91700.0,114549.0
2025-06-20 10:30:01.519500,3428.6,91519.0,115259.0
2025-06-20 10:30:01.700441,3428.6,91519.0,115259.0
2025-06-20 10:30:02.538610,3428.5,91469.0,115977.0
2025-06-20 10:30:02.684304,3428.5,91469.0,115977.0
2025-06-20 10:30:03.469037,3428.6,91509.0,115969.0
2025-06-20 10:30:03.684546,3428.5,91509.0,115969.0
2025-06-20 10:30:04.542301,3428.6,91367.0,115958.0
2025-06-20 10:30:04.677245,3428.5,91367.0,115958.0
2025-06-20 10:30:05.540575,3428.6,91365.0,115932.0
2025-06-20 10:30:05.702752,3428.6,91365.0,115932.0
2025-06-20 10:30:06.544427,3428.6,91405.0,115329.0
2025-06-20 10:30:06.681231,3428.5,91405.0,115329.0
2025-06-20 10:30:07.648651,3428.6,91345.0,115421.0
2025-06-20 10:30:07.688982,3428.5,91345.0,115421.0
2025-06-20 10:30:08.651613,3428.1,91292.0,114724.0
2025-06-20 10:30:08.676215,3428.2,91292.0,114724.0
2025-06-20 10:30:09.715051,3428.2,91320.0,114951.0
2025-06-20 10:30:09.774822,3428.2,91320.0,114951.0
2025-06-20 10:30:10.654806,3428.2,90235.0,115055.0
2025-06-20 10:30:10.705763,3428.1,90235.0,115055.0
2025-06-20 10:30:11.668806,3427.4,90551.0,114792.0
2025-06-20 10:30:11.704991,3427.4,90551.0,114792.0
2025-06-20 10:30:12.651866,3428.7,90768.0,114757.0
2025-06-20 10:30:12.720871,3428.7,90768.0,114757.0
2025-06-20 10:30:13.653179,3428.5,90624.0,115121.0
2025-06-20 10:30:13.725762,3427.6,90624.0,115121.0
2025-06-20 10:30:14.553344,3428.5,90677.0,115242.0
2025-06-20 10:30:14.698670,3427.6,90677.0,115242.0
2025-06-20 10:30:15.654560,3427.6,90586.0,115259.0
2025-06-20 10:30:16.966212,3427.6,90155.0,116361.0
2025-06-20 10:30:17.693542,3428.5,90155.0,116361.0
2025-06-20 10:30:17.850710,3428.5,90306.0,116299.0
2025-06-20 10:30:18.791217,3427.4,90306.0,116299.0
2025-06-20 10:30:19.050599,3427.4,90414.0,116296.0
2025-06-20 10:30:19.719957,3427.6,90414.0,116296.0
2025-06-20 10:30:19.851616,3427.6,90461.0,116413.0
2025-06-20 10:30:20.684702,3428.5,90461.0,116413.0
2025-06-20 10:30:21.353671,3428.5,90211.0,116460.0
2025-06-20 10:30:21.706030,3428.5,90211.0,116460.0
2025-06-20 10:30:22.481897,3428.5,90283.0,116271.0
2025-06-20 10:30:22.685185,3428.0,90283.0,116271.0
2025-06-20 10:30:23.555389,3428.5,90215.0,116420.0
2025-06-20 10:30:23.722993,3428.5,90215.0,116420.0
2025-06-20 10:30:24.655436,3428.5,90243.0,116161.0
2025-06-20 10:30:24.702106,3428.0,90243.0,116161.0
2025-06-20 10:30:25.656974,3428.0,90168.0,116183.0
2025-06-20 10:30:26.724846,3428.5,90168.0,116183.0
2025-06-20 10:30:26.756361,3428.5,90175.0,116070.0
2025-06-20 10:30:27.707452,3428.0,90175.0,116070.0
2025-06-20 10:30:27.857272,3428.0,90219.0,115979.0
2025-06-20 10:30:28.699371,3428.5,90219.0,115979.0
2025-06-20 10:30:28.996174,3428.5,90351.0,116003.0
2025-06-20 10:30:29.719803,3428.0,90351.0,116003.0
2025-06-20 10:30:29.979512,3428.0,90350.0,116042.0
2025-06-20 10:30:31.365538,3428.0,90400.0,116038.0
2025-06-20 10:30:32.065782,3428.0,90846.0,115902.0
2025-06-20 10:30:32.712313,3428.5,90846.0,115902.0
2025-06-20 10:30:33.177729,3429.0,91193.0,112896.0
2025-06-20 10:30:33.683939,3429.1,91193.0,112896.0
2025-06-20 10:30:34.265299,3429.2,91224.0,114472.0
2025-06-20 10:30:34.694078,3428.9,91224.0,114472.0
2025-06-20 10:30:35.367386,3428.9,90942.0,114757.0
2025-06-20 10:30:36.489269,3428.9,90975.0,114667.0
2025-06-20 10:30:37.487907,3428.9,91074.0,114800.0
2025-06-20 10:30:37.688097,3428.9,91074.0,114800.0
2025-06-20 10:30:38.568719,3429.0,90383.0,115110.0
2025-06-20 10:30:38.684681,3429.0,90383.0,115110.0
2025-06-20 10:30:39.674952,3429.0,90467.0,115137.0
2025-06-20 10:30:40.692025,3429.2,90467.0,115137.0
2025-06-20 10:30:40.774453,3429.2,90469.0,115398.0
2025-06-20 10:30:41.684804,3429.0,90469.0,115398.0
2025-06-20 10:30:41.981987,3429.0,90754.0,115257.0
2025-06-20 10:30:42.978749,3429.0,90606.0,115549.0
2025-06-20 10:30:43.172254,3429.0,90606.0,115549.0
2025-06-20 10:30:44.070602,3429.0,90565.0,115640.0
2025-06-20 10:30:44.211426,3429.0,90565.0,115640.0
2025-06-20 10:30:44.683322,3429.2,90565.0,115640.0
2025-06-20 10:30:44.916215,3429.2,90565.0,115640.0
2025-06-20 10:30:45.185119,3429.2,90580.0,115688.0
2025-06-20 10:30:45.303556,3429.2,90580.0,115688.0
2025-06-20 10:30:45.692057,3429.0,90580.0,115688.0
2025-06-20 10:30:45.993664,3429.0,90580.0,115688.0
2025-06-20 10:30:46.270619,3429.0,90599.0,115850.0
2025-06-20 10:30:46.461500,3429.0,90599.0,115850.0
2025-06-20 10:30:47.373682,3429.0,90774.0,115676.0
2025-06-20 10:30:47.657358,3429.0,90774.0,115676.0
2025-06-20 10:30:47.703436,3429.0,90774.0,115676.0
2025-06-20 10:30:48.380137,3429.0,90774.0,115676.0
2025-06-20 10:30:48.479684,3429.0,90756.0,115929.0
2025-06-20 10:30:48.679366,3428.3,90756.0,115929.0
2025-06-20 10:30:49.571301,3428.3,90776.0,115793.0
2025-06-20 10:30:49.724335,3428.3,90776.0,115793.0
2025-06-20 10:30:50.745103,3428.3,90776.0,115793.0
2025-06-20 10:30:51.272232,3429.0,90801.0,115811.0
2025-06-20 10:30:51.686220,3429.0,90801.0,115811.0
2025-06-20 10:30:52.249521,3429.0,90801.0,115811.0
2025-06-20 10:30:52.373075,3428.4,91114.0,115321.0
2025-06-20 10:30:52.698131,3428.5,91114.0,115321.0
2025-06-20 10:30:53.487710,3429.0,91295.0,113682.0
2025-06-20 10:30:53.527662,3429.0,91295.0,113682.0
2025-06-20 10:30:53.734393,3428.6,91295.0,113682.0
2025-06-20 10:30:54.487052,3428.7,91024.0,114559.0
2025-06-20 10:30:54.685389,3428.5,91024.0,114559.0
2025-06-20 10:30:54.799584,3428.5,91024.0,114559.0
2025-06-20 10:30:55.580336,3428.5,90906.0,114731.0
2025-06-20 10:30:55.692130,3428.4,90906.0,114731.0
2025-06-20 10:30:56.487355,3428.4,90906.0,114731.0
2025-06-20 10:30:56.702794,3429.0,90906.0,114731.0
2025-06-20 10:30:56.707998,3429.0,91080.0,114617.0
2025-06-20 10:30:57.717691,3429.8,91080.0,114617.0
2025-06-20 10:30:57.874470,3429.8,91287.0,113330.0
2025-06-20 10:30:58.689171,3429.1,91287.0,113330.0
2025-06-20 10:30:58.987659,3429.1,90919.0,112884.0
2025-06-20 10:30:59.690462,3429.1,90919.0,112884.0
2025-06-20 10:31:00.081569,3430.0,90929.0,113080.0
2025-06-20 10:31:01.693746,3430.0,90929.0,113080.0
2025-06-20 10:31:01.779481,3430.0,91253.0,112871.0
2025-06-20 10:31:02.697416,3430.1,91253.0,112871.0
2025-06-20 10:31:02.956190,3430.1,91349.0,112504.0
2025-06-20 10:31:03.689351,3430.3,91349.0,112504.0
2025-06-20 10:31:03.990674,3430.3,91421.0,112527.0
2025-06-20 10:31:04.694349,3430.2,91421.0,112527.0
2025-06-20 10:31:05.080746,3431.9,91516.0,111255.0
2025-06-20 10:31:05.695808,3430.6,91516.0,111255.0
2025-06-20 10:31:06.181656,3431.3,90971.0,113021.0
2025-06-20 10:31:06.698557,3431.9,90971.0,113021.0
2025-06-20 10:31:07.080946,3431.3,91143.0,113027.0
2025-06-20 10:31:07.694924,3431.9,91143.0,113027.0
2025-06-20 10:31:08.088725,3431.9,91186.0,112577.0
2025-06-20 10:31:08.696819,3431.3,91186.0,112577.0
2025-06-20 10:31:09.185613,3431.3,90962.0,112943.0
2025-06-20 10:31:09.948850,3431.3,90962.0,112943.0
2025-06-20 10:31:10.288159,3430.6,90705.0,112813.0
2025-06-20 10:31:10.707795,3430.6,90705.0,112813.0
2025-06-20 10:31:11.288897,3431.3,90670.0,113869.0
2025-06-20 10:31:11.729780,3430.6,90670.0,113869.0
2025-06-20 10:31:12.290053,3430.6,90635.0,113483.0
2025-06-20 10:31:13.288444,3431.3,90950.0,112962.0
2025-06-20 10:31:13.764205,3430.6,90950.0,112962.0
2025-06-20 10:31:14.311569,3430.6,90813.0,112641.0
2025-06-20 10:31:15.498560,3431.3,91789.0,111427.0
2025-06-20 10:31:15.695676,3431.3,91789.0,111427.0
2025-06-20 10:31:16.591466,3431.8,90787.0,112546.0
2025-06-20 10:31:16.706038,3430.8,90787.0,112546.0
2025-06-20 10:31:17.695053,3431.3,90787.0,112546.0
2025-06-20 10:31:17.701191,3431.3,91069.0,112640.0
2025-06-20 10:31:18.598727,3431.3,90986.0,112811.0
2025-06-20 10:31:18.736321,3431.3,90986.0,112811.0
2025-06-20 10:31:19.607665,3432.1,91005.0,112274.0
2025-06-20 10:31:19.697738,3432.1,91005.0,112274.0
2025-06-20 10:31:20.696856,3431.8,91005.0,112274.0
2025-06-20 10:31:20.808898,3431.8,90850.0,113641.0
2025-06-20 10:31:21.705834,3432.1,90850.0,113641.0
2025-06-20 10:31:21.898925,3432.1,90936.0,113603.0
2025-06-20 10:31:22.734531,3431.8,90936.0,113603.0
2025-06-20 10:31:23.001537,3431.8,90867.0,113607.0
2025-06-20 10:31:23.701215,3431.8,90867.0,113607.0
2025-06-20 10:31:24.096996,3431.8,90930.0,113906.0
2025-06-20 10:31:24.737063,3432.6,90930.0,113906.0
2025-06-20 10:31:25.094967,3432.1,90863.0,113724.0
2025-06-20 10:31:25.686849,3431.0,90863.0,113724.0
2025-06-20 10:31:26.194803,3432.5,91132.0,113748.0
2025-06-20 10:31:26.691947,3431.0,91132.0,113748.0
2025-06-20 10:31:27.294984,3431.0,91081.0,113682.0
2025-06-20 10:31:27.732562,3431.5,91081.0,113682.0
2025-06-20 10:31:28.404884,3431.5,91063.0,113799.0
2025-06-20 10:31:28.740501,3431.2,91063.0,113799.0
2025-06-20 10:31:29.521176,3431.1,90969.0,113143.0
2025-06-20 10:31:29.746734,3431.2,90969.0,113143.0
2025-06-20 10:31:31.099918,3431.2,90750.0,114956.0
2025-06-20 10:31:31.761463,3430.9,90750.0,114956.0
2025-06-20 10:31:32.200173,3430.9,90302.0,116164.0
2025-06-20 10:31:32.720258,3430.9,90302.0,116164.0
2025-06-20 10:31:33.316057,3430.7,90038.0,116684.0
2025-06-20 10:31:33.736489,3430.3,90038.0,116684.0
2025-06-20 10:31:34.417095,3430.3,90304.0,116873.0
2025-06-20 10:31:34.740142,3430.9,90304.0,116873.0
2025-06-20 10:31:35.509250,3430.9,89957.0,117068.0
2025-06-20 10:31:35.717937,3430.3,89957.0,117068.0
2025-06-20 10:31:36.504437,3430.3,90309.0,116527.0
2025-06-20 10:31:37.604863,3430.3,90292.0,116179.0
2025-06-20 10:31:38.655084,3430.3,90293.0,116374.0
2025-06-20 10:31:39.749845,3430.3,90293.0,116374.0
2025-06-20 10:31:40.205112,3430.3,90277.0,116524.0
2025-06-20 10:31:41.043189,3430.4,90277.0,116524.0
2025-06-20 10:31:41.050493,3430.4,90282.0,116666.0
2025-06-20 10:31:41.735186,3430.6,90282.0,116666.0
2025-06-20 10:31:42.015202,3430.6,90408.0,117006.0
2025-06-20 10:31:42.731905,3430.9,90408.0,117006.0
2025-06-20 10:31:43.010670,3430.7,90429.0,116792.0
2025-06-20 10:31:43.733621,3430.7,90429.0,116792.0
2025-06-20 10:31:44.180286,3430.7,90179.0,116038.0
2025-06-20 10:31:44.702742,3430.7,90179.0,116038.0
2025-06-20 10:31:45.209629,3430.7,90292.0,116172.0
2025-06-20 10:31:45.755946,3430.7,90292.0,116172.0
2025-06-20 10:31:46.321015,3430.7,90329.0,116370.0
2025-06-20 10:31:46.701817,3430.9,90329.0,116370.0
2025-06-20 10:31:47.445213,3430.9,90351.0,116253.0
2025-06-20 10:31:47.718885,3430.7,90351.0,116253.0
2025-06-20 10:31:48.440249,3430.7,90452.0,116041.0
2025-06-20 10:31:48.707240,3430.7,90452.0,116041.0
2025-06-20 10:31:49.517156,3430.9,90473.0,116182.0
2025-06-20 10:31:49.701877,3430.7,90473.0,116182.0
2025-06-20 10:31:50.634317,3430.9,90475.0,116202.0
2025-06-20 10:31:50.709178,3430.7,90475.0,116202.0
2025-06-20 10:31:51.699104,3430.9,90475.0,116202.0
2025-06-20 10:31:51.724118,3430.9,90690.0,116795.0
2025-06-20 10:31:52.712494,3430.9,90690.0,116795.0
2025-06-20 10:31:52.735920,3430.9,90642.0,116891.0
2025-06-20 10:31:53.691651,3430.7,90642.0,116891.0
2025-06-20 10:31:53.927806,3430.1,89124.0,117750.0
2025-06-20 10:31:54.715314,3429.9,89124.0,117750.0
2025-06-20 10:31:54.927365,3429.7,89395.0,118851.0
2025-06-20 10:31:55.712206,3429.0,89395.0,118851.0
2025-06-20 10:31:56.020780,3429.9,89540.0,118729.0
2025-06-20 10:31:56.693322,3429.5,89540.0,118729.0
2025-06-20 10:31:57.116755,3428.7,89646.0,118557.0
2025-06-20 10:31:57.719295,3428.6,89646.0,118557.0
2025-06-20 10:31:58.218180,3428.5,89714.0,118764.0
2025-06-20 10:31:58.700792,3428.5,89714.0,118764.0
2025-06-20 10:31:59.346955,3429.3,89305.0,119186.0
2025-06-20 10:31:59.690628,3428.4,89305.0,119186.0
2025-06-20 10:32:00.223055,3429.3,89395.0,119257.0
2025-06-20 10:32:01.700645,3429.3,89395.0,119257.0
2025-06-20 10:32:02.030262,3429.3,89144.0,119329.0
2025-06-20 10:32:02.697174,3428.1,89144.0,119329.0
2025-06-20 10:32:03.033680,3428.1,88996.0,119709.0
2025-06-20 10:32:03.697965,3429.3,88996.0,119709.0
2025-06-20 10:32:04.040797,3429.3,88413.0,120781.0
2025-06-20 10:32:04.696587,3428.4,88413.0,120781.0
2025-06-20 10:32:05.025845,3428.4,88314.0,121235.0
2025-06-20 10:32:05.691612,3428.0,88314.0,121235.0
2025-06-20 10:32:06.124540,3428.0,93460.0,121236.0
2025-06-20 10:32:06.912921,3428.1,93460.0,121236.0
2025-06-20 10:32:07.026650,3428.1,93202.0,121782.0
2025-06-20 10:32:07.697453,3428.0,93202.0,121782.0
2025-06-20 10:32:08.027139,3428.0,93401.0,121888.0
2025-06-20 10:32:08.684509,3428.0,93401.0,121888.0
2025-06-20 10:32:09.029541,3428.0,93391.0,121840.0
2025-06-20 10:32:09.684197,3428.0,93391.0,121840.0
2025-06-20 10:32:10.165017,3428.0,93109.0,121822.0
2025-06-20 10:32:10.692853,3428.1,93109.0,121822.0
2025-06-20 10:32:11.028209,3428.1,93059.0,121890.0
2025-06-20 10:32:11.698557,3428.1,93059.0,121890.0
2025-06-20 10:32:12.041721,3427.6,86302.0,122519.0
2025-06-20 10:32:12.682910,3427.0,86302.0,122519.0
2025-06-20 10:32:13.150211,3427.3,87466.0,123699.0
2025-06-20 10:32:13.683932,3427.3,87466.0,123699.0
2025-06-20 10:32:13.833512,3427.3,87800.0,123230.0
2025-06-20 10:32:14.683314,3427.3,87800.0,123230.0
2025-06-20 10:32:14.839428,3427.0,87823.0,123212.0
2025-06-20 10:32:15.697586,3427.0,87823.0,123212.0
2025-06-20 10:32:15.837931,3427.0,87021.0,123915.0
2025-06-20 10:32:16.682748,3426.5,87021.0,123915.0
2025-06-20 10:32:16.838024,3426.5,87700.0,124079.0
2025-06-20 10:32:17.686502,3426.5,87700.0,124079.0
2025-06-20 10:32:17.840016,3426.5,87640.0,124291.0
2025-06-20 10:32:18.683716,3426.6,87640.0,124291.0
2025-06-20 10:32:18.838544,3426.6,87780.0,124370.0
2025-06-20 10:32:19.682157,3426.5,87780.0,124370.0
2025-06-20 10:32:19.744141,3426.5,88381.0,123989.0
2025-06-20 10:32:20.700710,3426.5,88381.0,123989.0
2025-06-20 10:32:20.749306,3426.5,88132.0,123948.0
2025-06-20 10:32:21.683500,3426.5,88132.0,123948.0
2025-06-20 10:32:21.748787,3426.5,88228.0,124272.0
2025-06-20 10:32:22.748037,3426.5,88245.0,124242.0
2025-06-20 10:32:23.682938,3426.9,88245.0,124242.0
2025-06-20 10:32:23.747319,3426.9,88155.0,124283.0
2025-06-20 10:32:24.688422,3426.5,88155.0,124283.0
2025-06-20 10:32:24.746280,3426.5,88130.0,124836.0
2025-06-20 10:32:25.640760,3426.9,88113.0,125095.0
2025-06-20 10:32:25.726261,3426.5,88113.0,125095.0
2025-06-20 10:32:26.640447,3426.9,87950.0,124599.0
2025-06-20 10:32:26.683580,3426.5,87950.0,124599.0
2025-06-20 10:32:27.640483,3426.5,88489.0,124421.0
2025-06-20 10:32:27.685739,3426.5,88489.0,124421.0
2025-06-20 10:32:28.642709,3426.9,88382.0,124834.0
2025-06-20 10:32:28.689936,3426.5,88382.0,124834.0
2025-06-20 10:32:29.889249,3426.5,88340.0,124845.0
2025-06-20 10:32:29.896672,3426.6,88340.0,124845.0
2025-06-20 10:32:30.654673,3426.6,88424.0,125011.0
2025-06-20 10:32:30.703188,3426.6,88424.0,125011.0
2025-06-20 10:32:31.544564,3426.6,88444.0,124587.0
2025-06-20 10:32:31.688403,3426.6,88444.0,124587.0
2025-06-20 10:32:32.553936,3426.6,88443.0,124622.0
2025-06-20 10:32:33.543828,3426.6,88550.0,124895.0
2025-06-20 10:32:34.478703,3426.6,88549.0,124895.0
2025-06-20 10:32:35.346850,3426.6,88499.0,125124.0
2025-06-20 10:32:36.272885,3427.0,88541.0,124596.0
2025-06-20 10:32:36.686281,3427.0,88541.0,124596.0
2025-06-20 10:32:37.246163,3426.6,88350.0,124891.0
2025-06-20 10:32:37.687021,3427.0,88350.0,124891.0
2025-06-20 10:32:38.150136,3427.0,88136.0,125235.0
2025-06-20 10:32:38.909134,3426.6,88136.0,125235.0
2025-06-20 10:32:39.206015,3426.6,88352.0,124954.0
2025-06-20 10:32:40.147474,3426.6,88332.0,124784.0
2025-06-20 10:32:41.147902,3427.3,88409.0,123953.0
2025-06-20 10:32:41.683135,3426.6,88409.0,123953.0
2025-06-20 10:32:42.052369,3426.6,88125.0,124692.0
2025-06-20 10:32:42.683387,3426.6,88125.0,124692.0
2025-06-20 10:32:43.050629,3426.6,88438.0,123712.0
2025-06-20 10:32:43.688150,3426.6,88438.0,123712.0
2025-06-20 10:32:44.050870,3426.6,88311.0,124134.0
2025-06-20 10:32:44.852581,3426.6,88316.0,124130.0
2025-06-20 10:32:45.756202,3426.6,88489.0,124068.0
2025-06-20 10:32:46.652335,3426.6,88575.0,123954.0
2025-06-20 10:32:46.696813,3426.6,88575.0,123954.0
2025-06-20 10:32:47.653743,3426.6,88912.0,123428.0
2025-06-20 10:32:47.723229,3426.6,88912.0,123428.0
2025-06-20 10:32:48.653504,3427.9,89527.0,119929.0
2025-06-20 10:32:48.696412,3427.9,89527.0,119929.0
2025-06-20 10:32:49.551353,3429.1,89292.0,120972.0
2025-06-20 10:32:49.684743,3427.8,89292.0,120972.0
2025-06-20 10:32:50.552458,3427.8,89428.0,121019.0
2025-06-20 10:32:51.813154,3429.2,89892.0,118963.0
2025-06-20 10:32:51.814526,3428.6,89892.0,118963.0
2025-06-20 10:32:52.481506,3428.6,89459.0,120285.0
2025-06-20 10:32:52.686230,3428.4,89459.0,120285.0
2025-06-20 10:32:53.352909,3429.1,89310.0,121040.0
2025-06-20 10:32:53.737500,3429.1,89310.0,121040.0
2025-06-20 10:32:54.253695,3429.1,89464.0,121314.0
2025-06-20 10:32:55.172694,3429.1,89413.0,121548.0
2025-06-20 10:32:56.158246,3429.1,89481.0,121962.0
2025-06-20 10:32:56.745474,3428.9,89481.0,121962.0
2025-06-20 10:32:57.166683,3428.9,89240.0,122262.0
2025-06-20 10:32:57.685730,3427.9,89240.0,122262.0
2025-06-20 10:32:58.160922,3427.9,89386.0,122612.0
2025-06-20 10:32:58.689052,3428.3,89386.0,122612.0
2025-06-20 10:32:59.161510,3428.3,89395.0,122577.0
2025-06-20 10:32:59.690794,3427.3,89395.0,122577.0
2025-06-20 10:33:00.061489,3427.3,89592.0,122414.0
2025-06-20 10:33:00.991530,3427.3,89520.0,122632.0
2025-06-20 10:33:01.982387,3427.3,89515.0,122641.0
2025-06-20 10:33:02.688671,3427.4,89515.0,122641.0
2025-06-20 10:33:03.059142,3427.4,89586.0,122577.0
2025-06-20 10:33:04.231295,3427.4,89447.0,122455.0
2025-06-20 10:33:04.696283,3427.4,89447.0,122455.0
2025-06-20 10:33:05.261554,3427.4,89581.0,122091.0
2025-06-20 10:33:06.361390,3427.4,89580.0,122101.0
2025-06-20 10:33:07.264891,3427.4,89595.0,122050.0
2025-06-20 10:33:09.109531,3427.4,89621.0,122172.0
2025-06-20 10:33:09.569348,3427.4,89892.0,122474.0
2025-06-20 10:33:10.734114,3427.4,89868.0,122562.0
2025-06-20 10:33:11.697878,3427.7,89868.0,122562.0
2025-06-20 10:33:11.772652,3427.7,89793.0,122306.0
2025-06-20 10:33:12.688180,3427.7,89793.0,122306.0
2025-06-20 10:33:12.867064,3427.7,89814.0,122196.0
2025-06-20 10:33:13.705267,3427.9,89814.0,122196.0
2025-06-20 10:33:13.869386,3427.9,89829.0,122196.0
2025-06-20 10:33:14.687777,3428.5,89829.0,122196.0
2025-06-20 10:33:14.979579,3428.5,89817.0,122072.0
2025-06-20 10:33:15.689452,3427.9,89817.0,122072.0
2025-06-20 10:33:16.068402,3427.9,89813.0,122307.0
2025-06-20 10:33:16.688300,3428.4,89813.0,122307.0
2025-06-20 10:33:17.069269,3428.4,89668.0,122194.0
2025-06-20 10:33:17.695486,3427.9,89668.0,122194.0
2025-06-20 10:33:18.170140,3428.5,89928.0,122362.0
2025-06-20 10:33:18.694041,3427.7,89928.0,122362.0
2025-06-20 10:33:19.170381,3427.7,89967.0,122366.0
2025-06-20 10:33:19.723481,3427.7,89967.0,122366.0
2025-06-20 10:33:20.171907,3427.8,89544.0,123637.0
2025-06-20 10:33:20.685243,3427.4,89544.0,123637.0
2025-06-20 10:33:21.174684,3427.4,89577.0,123894.0
2025-06-20 10:33:21.688142,3428.3,89577.0,123894.0
2025-06-20 10:33:22.273701,3428.3,89849.0,122986.0
2025-06-20 10:33:22.740021,3427.4,89849.0,122986.0
2025-06-20 10:33:23.283179,3427.4,89691.0,123490.0
2025-06-20 10:33:23.746560,3427.9,89691.0,123490.0
2025-06-20 10:33:24.274668,3427.9,89869.0,123307.0
2025-06-20 10:33:24.684029,3427.4,89869.0,123307.0
2025-06-20 10:33:25.177978,3427.4,90028.0,123014.0
2025-06-20 10:33:25.695685,3427.4,90028.0,123014.0
2025-06-20 10:33:26.176171,3427.4,89754.0,124008.0
2025-06-20 10:33:26.689391,3427.4,89754.0,124008.0
2025-06-20 10:33:27.280772,3427.4,89127.0,125036.0
2025-06-20 10:33:27.686020,3427.0,89127.0,125036.0
2025-06-20 10:33:28.279328,3427.0,89357.0,124670.0
2025-06-20 10:33:28.753224,3427.0,89357.0,124670.0
2025-06-20 10:33:29.379127,3427.0,89312.0,124837.0
2025-06-20 10:33:29.701034,3427.0,89312.0,124837.0
2025-06-20 10:33:30.493238,3427.0,89311.0,124913.0
2025-06-20 10:33:31.490600,3427.0,88719.0,125176.0
2025-06-20 10:33:31.694010,3426.5,88719.0,125176.0
2025-06-20 10:33:32.713522,3426.5,89071.0,125356.0
2025-06-20 10:33:32.825286,3426.5,89071.0,125356.0
2025-06-20 10:33:33.491892,3426.5,89126.0,125405.0
2025-06-20 10:33:34.513952,3426.5,89186.0,124235.0
2025-06-20 10:33:34.703358,3426.5,89186.0,124235.0
2025-06-20 10:33:35.573953,3427.0,89308.0,124445.0
2025-06-20 10:33:35.758945,3427.0,89308.0,124445.0
2025-06-20 10:33:36.582024,3427.1,88945.0,124923.0
2025-06-20 10:33:36.695378,3427.0,88945.0,124923.0
2025-06-20 10:33:37.494803,3427.0,89195.0,124955.0
2025-06-20 10:33:37.691054,3427.0,89195.0,124955.0
2025-06-20 10:33:38.590409,3427.0,89216.0,125034.0
2025-06-20 10:33:39.687601,3427.2,88996.0,124729.0
2025-06-20 10:33:39.700045,3427.2,88996.0,124729.0
2025-06-20 10:33:40.685578,3427.0,88996.0,124729.0
2025-06-20 10:33:40.792870,3427.0,89309.0,124462.0
2025-06-20 10:33:41.688094,3427.0,89309.0,124462.0
2025-06-20 10:33:41.885497,3427.0,89363.0,124499.0
2025-06-20 10:33:42.684954,3427.2,89363.0,124499.0
2025-06-20 10:33:43.001294,3427.2,89337.0,124034.0
2025-06-20 10:33:43.644454,3427.2,89337.0,124034.0
2025-06-20 10:33:43.708351,3427.6,89337.0,124034.0
2025-06-20 10:33:43.888662,3427.6,89359.0,124322.0
2025-06-20 10:33:44.032922,3427.6,89359.0,124322.0
2025-06-20 10:33:44.992288,3427.6,89450.0,123687.0
2025-06-20 10:33:45.024008,3427.6,89450.0,123687.0
2025-06-20 10:33:45.688507,3426.9,89450.0,123687.0
2025-06-20 10:33:45.738968,3426.9,89450.0,123687.0
2025-06-20 10:33:46.085567,3426.9,89352.0,123398.0
2025-06-20 10:33:46.376724,3426.9,89352.0,123398.0
2025-06-20 10:33:46.689540,3426.9,89352.0,123398.0
2025-06-20 10:33:46.838719,3426.9,89352.0,123398.0
2025-06-20 10:33:47.187818,3427.9,89486.0,123628.0
2025-06-20 10:33:47.411868,3427.9,89486.0,123628.0
2025-06-20 10:33:47.683162,3426.8,89486.0,123628.0
2025-06-20 10:33:47.823230,3426.8,89486.0,123628.0
2025-06-20 10:33:48.286280,3428.0,89257.0,124160.0
2025-06-20 10:33:48.697388,3426.7,89257.0,124160.0
2025-06-20 10:33:48.824594,3426.7,89257.0,124160.0
2025-06-20 10:33:49.191018,3426.7,89393.0,124523.0
2025-06-20 10:33:49.687407,3426.5,89393.0,124523.0
2025-06-20 10:33:50.131456,3426.5,89393.0,124523.0
2025-06-20 10:33:50.287583,3426.5,89406.0,124852.0
2025-06-20 10:33:51.346184,3426.5,89406.0,124852.0
2025-06-20 10:33:51.396082,3426.5,89406.0,125193.0
2025-06-20 10:33:52.501932,3426.5,89398.0,124980.0
2025-06-20 10:33:52.662806,3426.5,89398.0,124980.0
2025-06-20 10:33:53.622067,3426.5,89394.0,124998.0
2025-06-20 10:33:53.949391,3426.5,89394.0,124998.0
2025-06-20 10:33:54.616956,3426.5,89411.0,124902.0
2025-06-20 10:33:55.226794,3426.5,89411.0,124902.0
2025-06-20 10:33:55.501051,3426.5,89377.0,124316.0
2025-06-20 10:33:55.683129,3426.5,89377.0,124316.0
2025-06-20 10:33:56.605789,3426.5,89464.0,124689.0
2025-06-20 10:33:56.684030,3426.9,89464.0,124689.0
2025-06-20 10:33:56.827770,3426.9,89464.0,124689.0
2025-06-20 10:33:57.701208,3426.9,89651.0,124007.0
2025-06-20 10:33:58.686539,3427.0,89651.0,124007.0
2025-06-20 10:33:58.796750,3427.6,89639.0,123834.0
2025-06-20 10:33:59.684052,3427.6,89639.0,123834.0
2025-06-20 10:33:59.908076,3427.6,89825.0,124214.0
2025-06-20 10:34:01.411232,3427.6,91970.0,123724.0
2025-06-20 10:34:01.693791,3427.7,91970.0,123724.0
2025-06-20 10:34:02.499736,3427.7,91983.0,123740.0
2025-06-20 10:34:02.694371,3427.6,91983.0,123740.0
2025-06-20 10:34:03.609461,3427.7,91900.0,123826.0
2025-06-20 10:34:03.693169,3427.6,91900.0,123826.0
2025-06-20 10:34:04.716606,3427.6,91902.0,124005.0
2025-06-20 10:34:05.694130,3427.6,91902.0,124005.0
2025-06-20 10:34:05.707636,3427.6,91872.0,124091.0
2025-06-20 10:34:06.709819,3427.6,91861.0,124128.0
2025-06-20 10:34:07.708495,3427.6,91004.0,123286.0
2025-06-20 10:34:08.610406,3427.6,91882.0,123321.0
2025-06-20 10:34:10.200070,3427.8,92107.0,121766.0
2025-06-20 10:34:10.739156,3428.0,92107.0,121766.0
2025-06-20 10:34:11.303527,3428.2,92387.0,120678.0
2025-06-20 10:34:11.715596,3429.0,92387.0,120678.0
2025-06-20 10:34:12.202612,3429.0,92190.0,121011.0
2025-06-20 10:34:12.694247,3429.0,92190.0,121011.0
2025-06-20 10:34:13.419308,3429.0,92438.0,121059.0
2025-06-20 10:34:13.692586,3429.3,92438.0,121059.0
2025-06-20 10:34:14.511012,3429.3,92526.0,121313.0
2025-06-20 10:34:15.614884,3429.3,92622.0,120943.0
2025-06-20 10:34:16.744022,3430.0,92622.0,120943.0
2025-06-20 10:34:16.749794,3430.0,92030.0,120721.0
2025-06-20 10:34:17.694377,3429.7,92030.0,120721.0
2025-06-20 10:34:17.805598,3429.7,92016.0,120860.0
2025-06-20 10:34:18.691624,3429.7,92016.0,120860.0
2025-06-20 10:34:18.805814,3429.7,92039.0,120856.0
2025-06-20 10:34:19.690112,3429.7,92039.0,120856.0
2025-06-20 10:34:19.806797,3429.7,91974.0,120915.0
2025-06-20 10:34:20.701899,3429.7,91974.0,120915.0
2025-06-20 10:34:20.947718,3429.7,92026.0,120813.0
2025-06-20 10:34:21.699453,3429.7,92026.0,120813.0
2025-06-20 10:34:21.923291,3429.7,92289.0,120554.0
2025-06-20 10:34:22.709706,3430.0,92289.0,120554.0
2025-06-20 10:34:22.920865,3430.0,92082.0,120826.0
2025-06-20 10:34:23.739784,3430.0,92082.0,120826.0
2025-06-20 10:34:23.921398,3430.0,92077.0,120665.0
2025-06-20 10:34:24.728714,3429.9,92077.0,120665.0
2025-06-20 10:34:25.012673,3429.9,92428.0,119329.0
2025-06-20 10:34:25.719331,3430.0,92428.0,119329.0
2025-06-20 10:34:26.013170,3430.0,92482.0,119630.0
2025-06-20 10:34:26.698814,3430.0,92482.0,119630.0
2025-06-20 10:34:27.113244,3430.0,92452.0,119375.0
2025-06-20 10:34:27.739399,3429.9,92452.0,119375.0
2025-06-20 10:34:28.212966,3429.9,92458.0,119197.0
2025-06-20 10:34:28.709328,3429.9,92458.0,119197.0
2025-06-20 10:34:29.212579,3429.9,92447.0,119220.0
2025-06-20 10:34:29.693864,3430.0,92447.0,119220.0
2025-06-20 10:34:30.349113,3430.0,92494.0,119259.0
2025-06-20 10:34:30.701747,3429.7,92494.0,119259.0
2025-06-20 10:34:31.426514,3429.7,92500.0,119185.0
2025-06-20 10:34:31.700974,3430.0,92500.0,119185.0
2025-06-20 10:34:32.422291,3430.0,92244.0,120277.0
2025-06-20 10:34:32.692834,3429.7,92244.0,120277.0
2025-06-20 10:34:33.415606,3429.7,92294.0,120367.0
2025-06-20 10:34:34.423323,3429.7,92267.0,120409.0
2025-06-20 10:34:35.328072,3429.7,92229.0,120301.0
2025-06-20 10:34:35.705055,3429.9,92229.0,120301.0
2025-06-20 10:34:36.523108,3429.9,92089.0,119877.0
2025-06-20 10:34:36.733922,3429.9,92089.0,119877.0
2025-06-20 10:34:37.622266,3430.0,92028.0,120077.0
2025-06-20 10:34:37.694220,3429.9,92028.0,120077.0
2025-06-20 10:34:38.747916,3429.9,92137.0,119986.0
2025-06-20 10:34:39.827930,3429.9,92195.0,119870.0
2025-06-20 10:34:40.714680,3430.0,92195.0,119870.0
2025-06-20 10:34:40.934795,3430.0,92205.0,119679.0
2025-06-20 10:34:41.750751,3430.0,92205.0,119679.0
2025-06-20 10:34:42.024604,3430.0,92121.0,119550.0
2025-06-20 10:34:42.735431,3430.0,92121.0,119550.0
2025-06-20 10:34:43.220494,3430.0,92493.0,119442.0
2025-06-20 10:34:44.076227,3429.9,92493.0,119442.0
2025-06-20 10:34:44.321694,3429.9,92109.0,119091.0
2025-06-20 10:34:45.380035,3429.7,92109.0,119091.0
2025-06-20 10:34:45.433249,3430.1,92330.0,119246.0
2025-06-20 10:34:45.743636,3429.7,92330.0,119246.0
2025-06-20 10:34:46.325670,3429.7,92276.0,119173.0
2025-06-20 10:34:46.723406,3429.7,92276.0,119173.0
2025-06-20 10:34:47.438436,3429.7,92323.0,119179.0
2025-06-20 10:34:47.735471,3430.1,92323.0,119179.0
2025-06-20 10:34:48.529835,3430.5,92329.0,118990.0
2025-06-20 10:34:48.697096,3430.5,92329.0,118990.0
2025-06-20 10:34:49.630867,3429.7,92483.0,118534.0
2025-06-20 10:34:49.749566,3429.6,92483.0,118534.0
2025-06-20 10:34:52.409726,3429.6,92483.0,118534.0
2025-06-20 10:34:52.426905,3429.6,92694.0,118694.0
2025-06-20 10:34:52.757933,3430.4,92694.0,118694.0
2025-06-20 10:34:52.769276,3430.4,92255.0,119089.0
2025-06-20 10:34:53.720146,3430.0,92255.0,119089.0
2025-06-20 10:34:53.830035,3430.0,92252.0,118518.0
2025-06-20 10:34:54.721219,3430.0,92252.0,118518.0
2025-06-20 10:34:54.943475,3430.0,92221.0,118531.0
2025-06-20 10:34:55.716278,3430.0,92221.0,118531.0
2025-06-20 10:34:56.035430,3430.0,92423.0,118697.0
2025-06-20 10:34:56.759626,3430.5,92423.0,118697.0
2025-06-20 10:34:57.137607,3430.5,92306.0,117742.0
2025-06-20 10:34:57.734915,3430.5,92306.0,117742.0
2025-06-20 10:34:58.236467,3430.5,92353.0,118449.0
2025-06-20 10:34:58.697481,3430.5,92353.0,118449.0
2025-06-20 10:34:59.339946,3430.5,92334.0,117910.0
2025-06-20 10:34:59.705179,3430.0,92334.0,117910.0
2025-06-20 10:35:01.619367,3430.6,92323.0,118715.0
2025-06-20 10:35:01.691408,3430.0,92323.0,118715.0
2025-06-20 10:35:02.472464,3430.5,92302.0,118649.0
2025-06-20 10:35:02.705422,3430.0,92302.0,118649.0
2025-06-20 10:35:03.451704,3430.0,92282.0,118747.0
2025-06-20 10:35:04.555195,3430.0,92282.0,118799.0
2025-06-20 10:35:05.638504,3430.0,92339.0,118748.0
2025-06-20 10:35:06.696750,3430.6,92339.0,118748.0
2025-06-20 10:35:06.752043,3430.6,92414.0,118365.0
2025-06-20 10:35:07.697685,3430.6,92414.0,118365.0
2025-06-20 10:35:07.840048,3430.6,92477.0,118344.0
2025-06-20 10:35:08.696113,3430.0,92477.0,118344.0
2025-06-20 10:35:08.739876,3430.0,91567.0,118663.0
2025-06-20 10:35:09.693310,3430.0,91567.0,118663.0
2025-06-20 10:35:09.768782,3430.0,92448.0,118786.0
2025-06-20 10:35:10.697072,3430.6,92448.0,118786.0
2025-06-20 10:35:10.745458,3430.6,92485.0,118824.0
2025-06-20 10:35:11.696118,3430.6,92485.0,118824.0
2025-06-20 10:35:11.759152,3430.6,92501.0,118888.0
2025-06-20 10:35:12.643382,3430.6,92547.0,118626.0
2025-06-20 10:35:12.695508,3430.2,92547.0,118626.0
2025-06-20 10:35:13.644619,3430.6,92609.0,118868.0
2025-06-20 10:35:13.694299,3430.2,92609.0,118868.0
2025-06-20 10:35:14.644940,3430.2,92553.0,119003.0
2025-06-20 10:35:14.696460,3430.2,92553.0,119003.0
2025-06-20 10:35:15.646905,3430.6,92684.0,118990.0
2025-06-20 10:35:15.697377,3430.2,92684.0,118990.0
2025-06-20 10:35:16.646567,3430.2,92639.0,118990.0
2025-06-20 10:35:16.999229,3430.2,92639.0,118990.0
2025-06-20 10:35:17.647114,3430.2,91906.0,119877.0
2025-06-20 10:35:17.695852,3430.2,91906.0,119877.0
2025-06-20 10:35:18.648586,3430.5,92156.0,120072.0
2025-06-20 10:35:18.696168,3430.5,92156.0,120072.0
2025-06-20 10:35:19.657898,3430.5,92384.0,119770.0
2025-06-20 10:35:20.549889,3430.5,92189.0,119803.0
2025-06-20 10:35:21.488230,3430.5,92231.0,119589.0
2025-06-20 10:35:21.693761,3430.5,92231.0,119589.0
2025-06-20 10:35:22.352850,3430.6,92234.0,119339.0
2025-06-20 10:35:22.805094,3430.5,92234.0,119339.0
2025-06-20 10:35:23.352806,3430.5,92188.0,119515.0
2025-06-20 10:35:24.351527,3430.5,92220.0,119794.0
2025-06-20 10:35:25.354730,3430.6,92390.0,119423.0
2025-06-20 10:35:25.692281,3430.5,92390.0,119423.0
2025-06-20 10:35:26.354268,3430.5,92423.0,119149.0
2025-06-20 10:35:26.696254,3430.6,92423.0,119149.0
2025-06-20 10:35:27.354464,3430.7,92429.0,119264.0
2025-06-20 10:35:27.698488,3431.0,92429.0,119264.0
2025-06-20 10:35:28.355857,3430.7,92386.0,119110.0
2025-06-20 10:35:28.702644,3430.6,92386.0,119110.0
2025-06-20 10:35:29.353761,3431.0,92474.0,119032.0
2025-06-20 10:35:29.696536,3430.6,92474.0,119032.0
2025-06-20 10:35:30.258763,3430.6,92495.0,119048.0
2025-06-20 10:35:30.706504,3430.6,92495.0,119048.0
2025-06-20 10:35:31.255571,3430.6,92441.0,119043.0
2025-06-20 10:35:31.695911,3431.0,92441.0,119043.0
2025-06-20 10:35:32.256512,3431.0,92574.0,118958.0
2025-06-20 10:35:32.698290,3431.0,92574.0,118958.0
2025-06-20 10:35:33.158257,3431.0,92836.0,118843.0
2025-06-20 10:35:33.698633,3431.0,92836.0,118843.0
2025-06-20 10:35:34.157809,3431.0,92642.0,118819.0
2025-06-20 10:35:34.722956,3431.0,92642.0,118819.0
2025-06-20 10:35:35.060939,3431.0,92742.0,118828.0
2025-06-20 10:35:35.696867,3430.7,92742.0,118828.0
2025-06-20 10:35:36.061102,3430.7,92725.0,118852.0
2025-06-20 10:35:37.058507,3430.7,92689.0,119295.0
2025-06-20 10:35:38.659886,3430.7,92702.0,119239.0
2025-06-20 10:35:38.704708,3430.7,92702.0,119239.0
2025-06-20 10:35:39.666377,3430.9,92474.0,119255.0
2025-06-20 10:35:39.711250,3430.7,92474.0,119255.0
2025-06-20 10:35:40.664749,3430.9,92731.0,119096.0
2025-06-20 10:35:40.701679,3430.7,92731.0,119096.0
2025-06-20 10:35:41.663927,3430.9,92702.0,119055.0
2025-06-20 10:35:41.694230,3430.9,92702.0,119055.0
2025-06-20 10:35:42.665340,3430.9,92725.0,118678.0
2025-06-20 10:35:43.663111,3431.0,92678.0,118971.0
2025-06-20 10:35:43.708529,3430.9,92678.0,118971.0
2025-06-20 10:35:44.663103,3430.9,92710.0,118707.0
2025-06-20 10:35:45.665052,3431.0,92671.0,118992.0
2025-06-20 10:35:45.697168,3431.0,92671.0,118992.0
2025-06-20 10:35:46.666376,3431.0,92646.0,118954.0
2025-06-20 10:35:46.692625,3430.9,92646.0,118954.0
2025-06-20 10:35:47.666131,3430.9,92622.0,119168.0
2025-06-20 10:35:48.666746,3429.3,89714.0,121437.0
2025-06-20 10:35:48.696011,3429.4,89714.0,121437.0
2025-06-20 10:35:49.685731,3429.4,90456.0,120466.0
2025-06-20 10:35:49.753729,3429.0,90456.0,120466.0
2025-06-20 10:35:50.664549,3428.7,90216.0,120949.0
2025-06-20 10:35:50.699323,3429.0,90216.0,120949.0
2025-06-20 10:35:51.665779,3428.6,90047.0,120730.0
2025-06-20 10:35:51.695728,3429.0,90047.0,120730.0
2025-06-20 10:35:52.764783,3429.0,90205.0,120871.0
2025-06-20 10:35:53.708719,3429.0,90205.0,120871.0
2025-06-20 10:35:53.773228,3429.0,90055.0,121098.0
2025-06-20 10:35:54.769561,3429.1,90135.0,121129.0
2025-06-20 10:35:55.671532,3430.1,90199.0,121157.0
2025-06-20 10:35:55.716069,3429.1,90199.0,121157.0
2025-06-20 10:35:56.670996,3429.1,90016.0,120810.0
2025-06-20 10:35:56.695947,3429.1,90016.0,120810.0
2025-06-20 10:35:57.769286,3429.1,90053.0,120837.0
2025-06-20 10:35:58.695532,3430.2,90053.0,120837.0
2025-06-20 10:35:58.878262,3430.2,89980.0,120855.0
2025-06-20 10:35:59.707183,3429.1,89980.0,120855.0
2025-06-20 10:35:59.882979,3429.1,90013.0,120564.0
2025-06-20 10:36:00.698261,3429.1,90013.0,120564.0
2025-06-20 10:36:01.374849,3429.1,90143.0,121231.0
2025-06-20 10:36:02.506790,3429.8,90304.0,120926.0
2025-06-20 10:36:02.704423,3429.0,90304.0,120926.0
2025-06-20 10:36:03.484594,3429.2,90139.0,120987.0
2025-06-20 10:36:03.708820,3429.0,90139.0,120987.0
2025-06-20 10:36:04.373974,3429.0,89914.0,121330.0
2025-06-20 10:36:04.703083,3429.0,89914.0,121330.0
2025-06-20 10:36:05.504119,3429.9,89694.0,120920.0
2025-06-20 10:36:05.699106,3429.7,89694.0,120920.0
2025-06-20 10:36:06.574566,3429.7,89765.0,121309.0
2025-06-20 10:36:06.705719,3429.1,89765.0,121309.0
2025-06-20 10:36:07.673683,3429.1,89806.0,121398.0
2025-06-20 10:36:07.721923,3429.1,89806.0,121398.0
2025-06-20 10:36:08.723114,3429.1,89783.0,121784.0
2025-06-20 10:36:09.675975,3429.5,89482.0,121838.0
2025-06-20 10:36:09.753866,3429.1,89482.0,121838.0
2025-06-20 10:36:10.682873,3429.5,89362.0,121915.0
2025-06-20 10:36:10.699653,3429.1,89362.0,121915.0
2025-06-20 10:36:11.705820,3429.5,89362.0,121915.0
2025-06-20 10:36:12.104720,3429.5,89425.0,122027.0
2025-06-20 10:36:12.695612,3429.1,89425.0,122027.0
2025-06-20 10:36:13.076399,3429.1,89439.0,122257.0
2025-06-20 10:36:13.712820,3429.4,89439.0,122257.0
2025-06-20 10:36:14.276984,3429.4,89570.0,122341.0
2025-06-20 10:36:14.714309,3429.2,89570.0,122341.0
2025-06-20 10:36:15.374918,3429.4,89566.0,122164.0
2025-06-20 10:36:15.698635,3426.0,89566.0,122164.0
2025-06-20 10:36:16.488237,3426.0,88854.0,123003.0
2025-06-20 10:36:16.704120,3427.8,88854.0,123003.0
2025-06-20 10:36:17.575805,3427.8,88606.0,123620.0
2025-06-20 10:36:17.712128,3427.3,88606.0,123620.0
2025-06-20 10:36:18.577576,3427.8,89204.0,123242.0
2025-06-20 10:36:18.710327,3427.8,89204.0,123242.0
2025-06-20 10:36:19.675963,3427.8,89035.0,123400.0
2025-06-20 10:36:19.699955,3427.6,89035.0,123400.0
2025-06-20 10:36:20.706553,3427.6,89035.0,123400.0
2025-06-20 10:36:20.777359,3427.6,89284.0,123331.0
2025-06-20 10:36:21.702442,3427.6,89284.0,123331.0
2025-06-20 10:36:21.882073,3427.6,89326.0,123340.0
2025-06-20 10:36:22.996209,3429.1,89554.0,121107.0
2025-06-20 10:36:23.711380,3428.9,89554.0,121107.0
2025-06-20 10:36:24.080274,3428.9,89330.0,121820.0
2025-06-20 10:36:24.718047,3428.7,89330.0,121820.0
2025-06-20 10:36:25.019343,3428.7,89101.0,122116.0
2025-06-20 10:36:25.705528,3429.6,89101.0,122116.0
2025-06-20 10:36:26.014706,3429.6,89201.0,122285.0
2025-06-20 10:36:26.700786,3428.7,89201.0,122285.0
2025-06-20 10:36:27.089784,3428.7,89027.0,122512.0
2025-06-20 10:36:28.187316,3428.7,89264.0,122245.0
2025-06-20 10:36:29.287391,3428.7,88891.0,122842.0
2025-06-20 10:36:30.525909,3429.3,88829.0,122878.0
2025-06-20 10:36:30.708431,3428.7,88829.0,122878.0
2025-06-20 10:36:31.389521,3428.7,88873.0,123588.0
2025-06-20 10:36:31.743644,3428.7,88873.0,123588.0
2025-06-20 10:36:32.391042,3428.7,88927.0,122795.0
2025-06-20 10:36:32.702697,3428.7,88927.0,122795.0
2025-06-20 10:36:33.389771,3429.1,88719.0,122736.0
2025-06-20 10:36:33.706530,3428.7,88719.0,122736.0
2025-06-20 10:36:34.390708,3428.7,88790.0,122805.0
2025-06-20 10:36:34.707406,3429.0,88790.0,122805.0
2025-06-20 10:36:35.394499,3429.0,88865.0,122798.0
2025-06-20 10:36:35.709686,3428.7,88865.0,122798.0
2025-06-20 10:36:36.395557,3428.7,88889.0,122581.0
2025-06-20 10:36:36.702541,3428.7,88889.0,122581.0
2025-06-20 10:36:37.291998,3428.7,88761.0,122903.0
2025-06-20 10:36:37.717415,3428.5,88761.0,122903.0
2025-06-20 10:36:38.291963,3428.5,88884.0,122960.0
2025-06-20 10:36:39.291596,3428.5,88935.0,122969.0
2025-06-20 10:36:40.290393,3428.5,88875.0,122951.0
2025-06-20 10:36:40.706744,3428.7,88875.0,122951.0
