timestamp,ltp,bid_qty,ask_qty
2025-06-20 10:10:48.251736,1670.0,115364.0,134939.0
2025-06-20 10:10:49.591675,1670.0,115364.0,134939.0
2025-06-20 10:10:50.066621,1670.0,115444.0,135281.0
2025-06-20 10:10:51.596503,1670.2,115444.0,135281.0
2025-06-20 10:10:53.585564,1670.4,115444.0,135281.0
2025-06-20 10:10:55.770486,1670.4,116526.0,133788.0
2025-06-20 10:10:57.595044,1670.4,116526.0,133788.0
2025-06-20 10:11:01.168923,1670.4,117216.0,134156.0
2025-06-20 10:11:01.659742,1670.4,117216.0,134156.0
2025-06-20 10:11:07.073790,1670.4,117391.0,134038.0
2025-06-20 10:11:07.606499,1670.4,117391.0,134038.0
2025-06-20 10:11:09.621600,1670.4,117391.0,134038.0
2025-06-20 10:11:13.078302,1670.4,117092.0,134205.0
2025-06-20 10:11:14.683614,1670.5,117092.0,134205.0
2025-06-20 10:11:17.617977,1670.5,117092.0,134205.0
2025-06-20 10:11:18.597988,1670.5,117181.0,134355.0
2025-06-20 10:11:21.656981,1670.4,117181.0,134355.0
2025-06-20 10:11:23.710440,1670.4,117201.0,134603.0
2025-06-20 10:11:26.255507,1670.9,117201.0,134603.0
2025-06-20 10:11:29.303145,1670.6,117821.0,132404.0
2025-06-20 10:11:29.612475,1670.6,117821.0,132404.0
2025-06-20 10:11:33.593192,1670.6,117821.0,132404.0
2025-06-20 10:11:34.801319,1670.6,117837.0,132464.0
2025-06-20 10:11:35.593977,1670.6,117837.0,132464.0
2025-06-20 10:11:39.597813,1670.6,117837.0,132464.0
2025-06-20 10:11:40.609747,1670.6,117816.0,132855.0
2025-06-20 10:11:41.592373,1670.6,117816.0,132855.0
2025-06-20 10:11:43.602501,1670.7,117816.0,132855.0
2025-06-20 10:11:45.596807,1670.6,117816.0,132855.0
2025-06-20 10:11:46.637664,1670.6,117233.0,133606.0
2025-06-20 10:11:47.595617,1670.7,117233.0,133606.0
2025-06-20 10:11:49.603080,1670.6,117233.0,133606.0
2025-06-20 10:11:51.601587,1670.7,117233.0,133606.0
2025-06-20 10:11:52.435843,1670.7,117216.0,133105.0
2025-06-20 10:11:53.620380,1670.7,117216.0,133105.0
2025-06-20 10:11:57.600885,1671.0,117216.0,133105.0
2025-06-20 10:11:58.321157,1671.4,118945.0,128861.0
2025-06-20 10:11:59.600213,1671.9,118945.0,128861.0
2025-06-20 10:12:03.602362,1672.6,118945.0,128861.0
2025-06-20 10:12:04.867738,1672.8,120140.0,129602.0
2025-06-20 10:12:07.597179,1672.8,120140.0,129602.0
2025-06-20 10:12:09.601072,1672.5,120140.0,129602.0
2025-06-20 10:12:11.524886,1672.5,121612.0,128407.0
2025-06-20 10:12:12.607976,1672.5,121612.0,128407.0
2025-06-20 10:12:17.847719,1673.2,121663.0,128305.0
2025-06-20 10:12:18.613919,1673.0,121663.0,128305.0
2025-06-20 10:12:21.602369,1673.0,121663.0,128305.0
2025-06-20 10:12:24.026182,1672.8,121203.0,128309.0
2025-06-20 10:12:24.604207,1672.8,121203.0,128309.0
2025-06-20 10:12:30.235092,1672.8,120603.0,128620.0
2025-06-20 10:12:31.601458,1672.5,120603.0,128620.0
2025-06-20 10:12:33.601595,1672.5,120603.0,128620.0
2025-06-20 10:12:35.642172,1673.1,120603.0,128620.0
2025-06-20 10:12:36.361077,1673.1,120173.0,129073.0
2025-06-20 10:12:37.609444,1672.5,120173.0,129073.0
2025-06-20 10:12:40.513093,1672.5,120173.0,129073.0
2025-06-20 10:12:41.134185,1672.5,120173.0,129073.0
2025-06-20 10:12:41.604048,1672.8,120173.0,129073.0
2025-06-20 10:12:41.692952,1672.8,120173.0,129073.0
2025-06-20 10:12:42.133624,1672.8,120874.0,129303.0
2025-06-20 10:12:42.286161,1672.8,120874.0,129303.0
2025-06-20 10:12:43.427619,1672.8,120874.0,129303.0
2025-06-20 10:12:43.598893,1672.5,120874.0,129303.0
2025-06-20 10:12:43.934549,1672.5,120874.0,129303.0
2025-06-20 10:12:44.650488,1672.5,120874.0,129303.0
2025-06-20 10:12:45.360449,1672.5,120874.0,129303.0
2025-06-20 10:12:45.640046,1672.5,120874.0,129303.0
2025-06-20 10:12:46.662613,1672.5,120874.0,129303.0
2025-06-20 10:12:47.608241,1672.5,120874.0,129303.0
2025-06-20 10:12:47.655828,1672.5,120874.0,129303.0
2025-06-20 10:12:48.036111,1672.5,120886.0,129655.0
2025-06-20 10:12:49.148749,1672.5,120886.0,129655.0
2025-06-20 10:12:49.602862,1672.5,120886.0,129655.0
2025-06-20 10:12:50.472272,1672.5,120886.0,129655.0
2025-06-20 10:12:51.701487,1672.5,120886.0,129655.0
2025-06-20 10:12:53.255280,1672.5,120886.0,129655.0
2025-06-20 10:12:53.941240,1672.5,120859.0,129468.0
2025-06-20 10:12:55.602996,1672.5,120859.0,129468.0
2025-06-20 10:12:59.605035,1672.6,120859.0,129468.0
2025-06-20 10:12:59.651509,1672.6,120811.0,129414.0
2025-06-20 10:13:01.601711,1672.6,120811.0,129414.0
2025-06-20 10:13:05.055349,1672.6,120902.0,129358.0
2025-06-20 10:13:05.611482,1672.6,120902.0,129358.0
2025-06-20 10:13:07.604113,1672.6,120902.0,129358.0
2025-06-20 10:13:09.645621,1673.1,120902.0,129358.0
2025-06-20 10:13:10.758517,1673.1,120976.0,128676.0
2025-06-20 10:13:11.602124,1672.9,120976.0,128676.0
2025-06-20 10:13:13.605962,1672.9,120976.0,128676.0
2025-06-20 10:13:16.565878,1672.9,120830.0,128430.0
2025-06-20 10:13:17.609571,1673.1,120830.0,128430.0
2025-06-20 10:13:18.607988,1673.5,120830.0,128430.0
2025-06-20 10:13:21.606207,1673.2,120830.0,128430.0
2025-06-20 10:13:22.763650,1673.6,121276.0,126955.0
2025-06-20 10:13:23.616582,1673.6,121276.0,126955.0
2025-06-20 10:13:27.608918,1673.9,121276.0,126955.0
2025-06-20 10:13:28.971331,1673.9,121837.0,126719.0
2025-06-20 10:13:29.605879,1673.6,121837.0,126719.0
2025-06-20 10:13:35.174694,1673.6,122109.0,126857.0
2025-06-20 10:13:35.606208,1673.5,122109.0,126857.0
2025-06-20 10:13:39.601327,1673.6,122109.0,126857.0
2025-06-20 10:13:41.281589,1674.0,123609.0,124967.0
2025-06-20 10:13:41.618559,1674.0,123609.0,124967.0
2025-06-20 10:13:43.602524,1674.0,123609.0,124967.0
2025-06-20 10:13:45.611270,1674.3,123609.0,124967.0
2025-06-20 10:13:47.282069,1674.9,124147.0,123127.0
2025-06-20 10:13:47.637667,1674.2,124147.0,123127.0
2025-06-20 10:13:49.650927,1674.2,124147.0,123127.0
2025-06-20 10:13:51.606470,1674.2,124147.0,123127.0
2025-06-20 10:13:52.585930,1674.2,123531.0,124791.0
2025-06-20 10:13:52.626145,1673.9,123531.0,124791.0
2025-06-20 10:13:55.599955,1673.9,123531.0,124791.0
2025-06-20 10:13:57.611719,1673.7,123531.0,124791.0
2025-06-20 10:13:58.287864,1673.7,121826.0,127708.0
2025-06-20 10:13:58.635105,1673.2,121826.0,127708.0
2025-06-20 10:14:03.609338,1673.2,121826.0,127708.0
2025-06-20 10:14:03.924940,1673.2,121823.0,128089.0
2025-06-20 10:14:05.652998,1672.9,121823.0,128089.0
2025-06-20 10:14:07.630156,1672.8,121823.0,128089.0
2025-06-20 10:14:09.601949,1672.8,121476.0,128936.0
2025-06-20 10:14:09.613888,1672.8,121476.0,128936.0
2025-06-20 10:14:11.618499,1672.8,121476.0,128936.0
2025-06-20 10:14:13.622460,1672.8,121476.0,128936.0
2025-06-20 10:14:15.501054,1672.8,121544.0,128871.0
2025-06-20 10:14:15.610348,1672.6,121544.0,128871.0
2025-06-20 10:14:19.652355,1672.7,121544.0,128871.0
2025-06-20 10:14:21.312288,1672.7,121285.0,129096.0
2025-06-20 10:14:21.617922,1672.6,121285.0,129096.0
2025-06-20 10:14:25.607519,1673.3,121285.0,129096.0
2025-06-20 10:14:27.312337,1672.6,121515.0,128999.0
2025-06-20 10:14:27.611601,1672.6,121515.0,128999.0
2025-06-20 10:14:29.605045,1672.7,121515.0,128999.0
2025-06-20 10:14:31.665849,1672.8,121515.0,128999.0
2025-06-20 10:14:33.118925,1672.8,119820.0,130092.0
2025-06-20 10:14:33.612729,1672.5,119820.0,130092.0
2025-06-20 10:14:38.624198,1672.5,119886.0,130052.0
2025-06-20 10:14:39.606366,1672.5,119886.0,130052.0
2025-06-20 10:14:44.513538,1672.5,119728.0,130074.0
2025-06-20 10:14:45.657938,1672.7,119728.0,130074.0
2025-06-20 10:14:47.660234,1672.8,119728.0,130074.0
2025-06-20 10:14:49.605359,1673.0,119728.0,130074.0
2025-06-20 10:14:50.025855,1673.0,120871.0,129445.0
2025-06-20 10:14:51.610234,1672.5,120871.0,129445.0
2025-06-20 10:14:55.636763,1673.0,120871.0,129445.0
2025-06-20 10:14:56.023586,1673.0,120589.0,129418.0
2025-06-20 10:14:57.620394,1673.4,120589.0,129418.0
2025-06-20 10:15:01.679411,1674.2,120589.0,129418.0
2025-06-20 10:15:02.350661,1674.2,123058.0,125655.0
2025-06-20 10:15:03.663542,1673.6,123058.0,125655.0
2025-06-20 10:15:05.618771,1674.4,123058.0,125655.0
2025-06-20 10:15:08.870088,1674.4,124432.0,124002.0
2025-06-20 10:15:09.611666,1673.8,124432.0,124002.0
2025-06-20 10:15:11.612789,1674.4,124432.0,124002.0
2025-06-20 10:15:13.611655,1674.1,124432.0,124002.0
2025-06-20 10:15:15.137924,1674.1,125514.0,124064.0
2025-06-20 10:15:15.616202,1674.2,125514.0,124064.0
2025-06-20 10:15:19.610521,1674.8,125514.0,124064.0
2025-06-20 10:15:21.453605,1673.7,123998.0,126062.0
2025-06-20 10:15:21.620317,1673.5,123998.0,126062.0
2025-06-20 10:15:23.609279,1674.6,123998.0,126062.0
2025-06-20 10:15:25.612768,1674.5,123998.0,126062.0
2025-06-20 10:15:27.615203,1674.0,123998.0,126062.0
2025-06-20 10:15:27.875442,1674.0,124835.0,124698.0
2025-06-20 10:15:29.620002,1674.5,124835.0,124698.0
2025-06-20 10:15:33.608424,1674.5,124835.0,124698.0
2025-06-20 10:15:34.050341,1674.5,125006.0,123470.0
2025-06-20 10:15:35.617815,1674.5,125006.0,123470.0
2025-06-20 10:15:40.055683,1674.5,125282.0,123512.0
2025-06-20 10:15:40.959665,1674.5,125282.0,123512.0
2025-06-20 10:15:41.389883,1674.5,125282.0,123512.0
2025-06-20 10:15:41.615758,1674.5,125282.0,123512.0
2025-06-20 10:15:41.910958,1674.5,125282.0,123512.0
2025-06-20 10:15:42.160868,1674.5,125282.0,123512.0
2025-06-20 10:15:43.431432,1674.5,125282.0,123512.0
2025-06-20 10:15:44.450364,1674.5,125282.0,123512.0
2025-06-20 10:15:45.764733,1674.5,125282.0,123512.0
2025-06-20 10:15:45.869335,1674.5,126468.0,123899.0
2025-06-20 10:15:47.099904,1674.5,126468.0,123899.0
2025-06-20 10:15:47.615667,1674.1,126468.0,123899.0
2025-06-20 10:15:48.073278,1674.1,126468.0,123899.0
2025-06-20 10:15:49.583973,1674.1,126468.0,123899.0
2025-06-20 10:15:49.663069,1674.6,126468.0,123899.0
2025-06-20 10:15:50.871940,1674.6,126468.0,123899.0
2025-06-20 10:15:51.967492,1674.6,127606.0,122305.0
2025-06-20 10:15:52.101849,1674.6,127606.0,122305.0
2025-06-20 10:15:52.621962,1674.3,127606.0,122305.0
2025-06-20 10:15:53.685109,1674.3,127606.0,122305.0
2025-06-20 10:15:55.846519,1674.5,127606.0,122305.0
2025-06-20 10:15:58.566696,1674.5,127424.0,117324.0
2025-06-20 10:15:58.614728,1674.4,127424.0,117324.0
2025-06-20 10:16:01.618860,1675.3,127424.0,117324.0
2025-06-20 10:16:04.572785,1675.9,128158.0,117676.0
2025-06-20 10:16:05.669151,1675.3,128158.0,117676.0
2025-06-20 10:16:09.619255,1676.1,128158.0,117676.0
2025-06-20 10:16:10.578783,1676.1,129120.0,117694.0
2025-06-20 10:16:13.613644,1676.0,129120.0,117694.0
2025-06-20 10:16:16.779103,1675.8,128228.0,119979.0
2025-06-20 10:16:17.624087,1675.9,128228.0,119979.0
2025-06-20 10:16:20.623048,1675.2,128228.0,119979.0
2025-06-20 10:16:23.307935,1675.7,128968.0,119520.0
2025-06-20 10:16:23.616264,1675.2,128968.0,119520.0
2025-06-20 10:16:26.651783,1675.0,128968.0,119520.0
2025-06-20 10:16:29.628549,1675.2,128968.0,119520.0
2025-06-20 10:16:29.691578,1675.2,128998.0,119721.0
2025-06-20 10:16:32.618042,1675.2,128998.0,119721.0
2025-06-20 10:16:35.640746,1675.1,128998.0,119721.0
2025-06-20 10:16:36.187946,1675.1,128215.0,121452.0
2025-06-20 10:16:38.636962,1675.1,128215.0,121452.0
2025-06-20 10:16:42.494895,1675.1,131076.0,121412.0
2025-06-20 10:16:44.670491,1675.1,131076.0,121412.0
2025-06-20 10:16:47.623708,1675.1,131076.0,121412.0
2025-06-20 10:16:48.698864,1675.1,131066.0,121863.0
2025-06-20 10:16:50.616878,1675.1,131066.0,121863.0
2025-06-20 10:16:55.000459,1675.1,131028.0,121505.0
2025-06-20 10:16:55.623241,1675.1,131028.0,121505.0
2025-06-20 10:17:00.909590,1675.1,130807.0,121469.0
2025-06-20 10:17:01.618730,1675.1,130807.0,121469.0
2025-06-20 10:17:05.618434,1675.2,130807.0,121469.0
2025-06-20 10:17:06.921640,1675.2,130991.0,121617.0
2025-06-20 10:17:07.620557,1675.2,130991.0,121617.0
2025-06-20 10:17:13.022534,1675.2,130955.0,121248.0
2025-06-20 10:17:13.619604,1675.3,130955.0,121248.0
2025-06-20 10:17:19.118539,1675.3,131036.0,121275.0
2025-06-20 10:17:19.627044,1675.3,131036.0,121275.0
2025-06-20 10:17:21.618440,1675.0,131036.0,121275.0
2025-06-20 10:17:24.934483,1675.0,130302.0,121706.0
2025-06-20 10:17:25.640262,1674.6,130302.0,121706.0
2025-06-20 10:17:30.622476,1674.6,130302.0,121706.0
2025-06-20 10:17:31.029305,1674.6,130471.0,122654.0
2025-06-20 10:17:33.642084,1674.4,130471.0,122654.0
2025-06-20 10:17:36.622808,1675.1,130471.0,122654.0
2025-06-20 10:17:37.055550,1675.1,131585.0,120973.0
2025-06-20 10:17:39.628839,1675.1,131585.0,120973.0
2025-06-20 10:17:42.626271,1675.1,131585.0,120973.0
2025-06-20 10:17:42.934751,1675.1,130869.0,120626.0
2025-06-20 10:17:45.633291,1675.1,130869.0,120626.0
2025-06-20 10:17:48.626803,1675.1,130869.0,120626.0
2025-06-20 10:17:48.848587,1675.1,130845.0,120883.0
2025-06-20 10:17:51.631125,1675.1,130845.0,120883.0
2025-06-20 10:17:54.624500,1674.7,130845.0,120883.0
2025-06-20 10:17:55.039212,1674.7,129829.0,122036.0
2025-06-20 10:17:57.628283,1674.7,129829.0,122036.0
2025-06-20 10:18:01.373783,1674.6,130026.0,121898.0
2025-06-20 10:18:03.631490,1674.6,130026.0,121898.0
2025-06-20 10:18:07.747418,1674.6,130522.0,121908.0
2025-06-20 10:18:09.627328,1675.2,130522.0,121908.0
2025-06-20 10:18:12.625260,1675.5,130522.0,121908.0
2025-06-20 10:18:13.662536,1675.5,131054.0,119416.0
2025-06-20 10:18:15.624395,1675.5,131054.0,119416.0
2025-06-20 10:18:19.367368,1675.5,132102.0,119234.0
2025-06-20 10:18:21.626949,1675.9,132102.0,119234.0
2025-06-20 10:18:24.631667,1676.3,132102.0,119234.0
2025-06-20 10:18:26.058581,1676.3,132712.0,117706.0
2025-06-20 10:18:27.631545,1676.0,132712.0,117706.0
2025-06-20 10:18:30.627448,1676.5,132712.0,117706.0
2025-06-20 10:18:32.888080,1676.5,132377.0,118741.0
2025-06-20 10:18:33.632287,1676.0,132377.0,118741.0
2025-06-20 10:18:36.631629,1676.0,132377.0,118741.0
2025-06-20 10:18:38.764436,1676.0,131917.0,118756.0
2025-06-20 10:18:39.636051,1676.0,131917.0,118756.0
2025-06-20 10:18:41.575060,1676.0,131917.0,118756.0
2025-06-20 10:18:42.119360,1676.0,131917.0,118756.0
2025-06-20 10:18:42.683220,1676.0,131917.0,118756.0
2025-06-20 10:18:42.726729,1676.0,131917.0,118756.0
2025-06-20 10:18:43.300218,1676.0,131917.0,118756.0
2025-06-20 10:18:44.434525,1676.0,131917.0,118756.0
2025-06-20 10:18:44.643510,1676.0,132254.0,118886.0
2025-06-20 10:18:45.013514,1676.0,132254.0,118886.0
2025-06-20 10:18:45.420436,1676.0,132254.0,118886.0
2025-06-20 10:18:45.646305,1676.0,132254.0,118886.0
2025-06-20 10:18:46.346083,1676.0,132254.0,118886.0
2025-06-20 10:18:47.678454,1676.0,132254.0,118886.0
2025-06-20 10:18:48.682146,1676.0,132254.0,118886.0
2025-06-20 10:18:50.198999,1676.0,132254.0,118886.0
2025-06-20 10:18:50.473408,1676.0,131850.0,118849.0
2025-06-20 10:18:51.458223,1676.0,131850.0,118849.0
2025-06-20 10:18:51.637529,1676.6,131850.0,118849.0
2025-06-20 10:18:52.713000,1676.6,131850.0,118849.0
2025-06-20 10:18:54.379775,1676.6,131850.0,118849.0
2025-06-20 10:18:56.274752,1676.8,132445.0,117310.0
2025-06-20 10:18:57.642166,1676.4,132445.0,117310.0
2025-06-20 10:19:00.640854,1676.6,132445.0,117310.0
2025-06-20 10:19:02.677707,1676.6,132031.0,117401.0
2025-06-20 10:19:03.651624,1676.4,132031.0,117401.0
2025-06-20 10:19:06.635939,1676.5,132031.0,117401.0
2025-06-20 10:19:09.091164,1677.0,132027.0,116682.0
2025-06-20 10:19:09.633275,1676.5,132027.0,116682.0
2025-06-20 10:19:12.633446,1676.5,132027.0,116682.0
2025-06-20 10:19:15.084624,1676.5,132504.0,116209.0
2025-06-20 10:19:15.675197,1676.5,132504.0,116209.0
2025-06-20 10:19:21.190504,1676.5,133422.0,116904.0
2025-06-20 10:19:21.690274,1676.5,133422.0,116904.0
2025-06-20 10:19:24.899360,1676.2,133422.0,116904.0
2025-06-20 10:19:27.195368,1676.5,133228.0,117145.0
2025-06-20 10:19:27.697203,1676.5,133228.0,117145.0
2025-06-20 10:19:33.302763,1676.5,133192.0,118048.0
2025-06-20 10:19:33.703299,1676.2,133192.0,118048.0
2025-06-20 10:19:39.506011,1676.5,133098.0,118767.0
2025-06-20 10:19:39.640770,1676.2,133098.0,118767.0
2025-06-20 10:19:42.703269,1676.8,133098.0,118767.0
2025-06-20 10:19:45.421849,1676.8,132188.0,117991.0
2025-06-20 10:19:45.639739,1676.2,132188.0,117991.0
2025-06-20 10:19:48.644702,1676.7,132188.0,117991.0
2025-06-20 10:19:51.019823,1676.7,132827.0,117996.0
2025-06-20 10:19:51.647557,1676.2,132827.0,117996.0
2025-06-20 10:19:54.680563,1676.9,132827.0,117996.0
2025-06-20 10:19:56.933189,1677.0,132959.0,117486.0
2025-06-20 10:19:57.667375,1676.3,132959.0,117486.0
2025-06-20 10:20:02.682349,1677.0,132959.0,117486.0
2025-06-20 10:20:02.941500,1677.0,134034.0,115414.0
2025-06-20 10:20:05.676116,1677.2,134034.0,115414.0
2025-06-20 10:20:08.679626,1677.5,134034.0,115414.0
2025-06-20 10:20:09.672204,1677.8,133024.0,115909.0
2025-06-20 10:20:11.688165,1677.9,133024.0,115909.0
2025-06-20 10:20:14.686055,1678.0,133024.0,115909.0
2025-06-20 10:20:16.043206,1678.0,132662.0,116162.0
2025-06-20 10:20:17.682967,1677.9,132662.0,116162.0
2025-06-20 10:20:20.644379,1678.0,132662.0,116162.0
2025-06-20 10:20:22.355766,1678.0,132497.0,115765.0
2025-06-20 10:20:23.649763,1677.5,132497.0,115765.0
2025-06-20 10:20:26.648385,1677.9,132497.0,115765.0
2025-06-20 10:20:28.419809,1678.0,133293.0,115851.0
2025-06-20 10:20:29.680073,1678.2,133293.0,115851.0
2025-06-20 10:20:32.714160,1678.2,133293.0,115851.0
2025-06-20 10:20:34.583910,1677.9,134047.0,113979.0
2025-06-20 10:20:35.648152,1678.1,134047.0,113979.0
2025-06-20 10:20:38.671742,1678.1,134047.0,113979.0
2025-06-20 10:20:40.475750,1678.3,133925.0,113945.0
2025-06-20 10:20:41.646428,1678.3,133925.0,113945.0
2025-06-20 10:20:44.651037,1678.0,133925.0,113945.0
2025-06-20 10:20:46.465979,1678.5,136424.0,115969.0
2025-06-20 10:20:47.652294,1678.0,136424.0,115969.0
2025-06-20 10:20:50.694463,1677.9,136424.0,115969.0
2025-06-20 10:20:52.571195,1677.5,137566.0,119327.0
2025-06-20 10:20:53.659604,1677.0,137566.0,119327.0
2025-06-20 10:20:56.657880,1677.0,137566.0,119327.0
2025-06-20 10:20:58.774240,1677.0,137263.0,119358.0
2025-06-20 10:20:59.661608,1676.9,137263.0,119358.0
2025-06-20 10:21:03.651816,1677.0,137263.0,119358.0
2025-06-20 10:21:05.074248,1677.2,136817.0,117952.0
2025-06-20 10:21:05.651905,1677.2,136817.0,117952.0
2025-06-20 10:21:11.504400,1677.6,136718.0,119949.0
2025-06-20 10:21:11.654545,1677.3,136718.0,119949.0
2025-06-20 10:21:17.654016,1677.3,136718.0,119949.0
2025-06-20 10:21:17.685827,1677.3,136286.0,120770.0
2025-06-20 10:21:20.661827,1677.0,136286.0,120770.0
2025-06-20 10:21:23.625285,1677.0,136273.0,121077.0
2025-06-20 10:21:23.663564,1676.6,136273.0,121077.0
2025-06-20 10:21:29.594558,1677.0,136639.0,119627.0
2025-06-20 10:21:29.659756,1676.9,136639.0,119627.0
2025-06-20 10:21:32.673238,1676.9,136639.0,119627.0
2025-06-20 10:21:35.594839,1676.9,135888.0,120487.0
2025-06-20 10:21:35.655862,1676.9,135888.0,120487.0
2025-06-20 10:21:41.500337,1676.9,135858.0,120329.0
2025-06-20 10:21:41.652536,1676.9,135858.0,120329.0
2025-06-20 10:21:41.815058,1676.9,135858.0,120329.0
2025-06-20 10:21:42.168785,1676.9,135858.0,120329.0
2025-06-20 10:21:43.090969,1676.9,135858.0,120329.0
2025-06-20 10:21:44.433710,1676.9,135858.0,120329.0
2025-06-20 10:21:44.650450,1676.9,135858.0,120329.0
2025-06-20 10:21:44.835876,1676.9,135858.0,120329.0
2025-06-20 10:21:45.455684,1676.9,135858.0,120329.0
2025-06-20 10:21:46.820563,1676.9,135858.0,120329.0
2025-06-20 10:21:47.418318,1676.8,135085.0,120325.0
2025-06-20 10:21:47.670430,1676.8,135085.0,120325.0
2025-06-20 10:21:48.132258,1676.8,135085.0,120325.0
2025-06-20 10:21:49.108774,1676.8,135085.0,120325.0
2025-06-20 10:21:50.696125,1676.8,135085.0,120325.0
2025-06-20 10:21:51.949438,1676.8,135085.0,120325.0
2025-06-20 10:21:53.011629,1676.8,136379.0,120956.0
2025-06-20 10:21:53.185558,1676.8,136379.0,120956.0
2025-06-20 10:21:53.648114,1676.7,136379.0,120956.0
2025-06-20 10:21:54.790138,1676.7,136379.0,120956.0
2025-06-20 10:21:58.612428,1676.7,136134.0,121431.0
2025-06-20 10:21:59.710960,1676.6,136134.0,121431.0
2025-06-20 10:22:02.695935,1676.8,136134.0,121431.0
2025-06-20 10:22:04.445633,1676.8,136229.0,119627.0
2025-06-20 10:22:05.719732,1677.2,136229.0,119627.0
2025-06-20 10:22:08.723194,1677.4,136229.0,119627.0
2025-06-20 10:22:10.213475,1677.4,136641.0,120074.0
2025-06-20 10:22:11.728910,1677.5,136641.0,120074.0
2025-06-20 10:22:16.450104,1677.5,136619.0,119909.0
2025-06-20 10:22:17.662987,1677.0,136619.0,119909.0
2025-06-20 10:22:22.524932,1677.5,136429.0,119689.0
2025-06-20 10:22:23.656167,1677.3,136429.0,119689.0
2025-06-20 10:22:28.826127,1677.3,146164.0,118939.0
2025-06-20 10:22:29.693277,1677.0,146164.0,118939.0
2025-06-20 10:22:34.739411,1677.0,145914.0,119447.0
2025-06-20 10:22:35.676596,1677.0,145914.0,119447.0
2025-06-20 10:22:40.626166,1677.0,146064.0,118911.0
2025-06-20 10:22:40.737429,1677.1,146064.0,118911.0
2025-06-20 10:22:42.701782,1677.1,146064.0,118911.0
2025-06-20 10:22:44.690706,1677.4,146064.0,118911.0
2025-06-20 10:22:46.040122,1677.4,145896.0,119006.0
2025-06-20 10:22:46.682802,1677.1,145896.0,119006.0
2025-06-20 10:22:48.663322,1677.4,145896.0,119006.0
2025-06-20 10:22:50.654645,1677.5,145896.0,119006.0
2025-06-20 10:22:51.740451,1677.5,145869.0,119212.0
2025-06-20 10:22:52.657154,1677.5,145869.0,119212.0
2025-06-20 10:22:56.657107,1677.5,145869.0,119212.0
2025-06-20 10:22:57.890359,1677.6,146440.0,116758.0
2025-06-20 10:22:58.680064,1677.6,146440.0,116758.0
2025-06-20 10:23:03.953319,1677.6,145366.0,117303.0
2025-06-20 10:23:06.661990,1677.6,145366.0,117303.0
2025-06-20 10:23:08.660055,1677.5,145366.0,117303.0
2025-06-20 10:23:09.749756,1677.5,145221.0,117916.0
2025-06-20 10:23:10.654816,1677.2,145221.0,117916.0
2025-06-20 10:23:12.660989,1677.1,145221.0,117916.0
2025-06-20 10:23:15.255825,1677.6,145434.0,117554.0
2025-06-20 10:23:16.658068,1677.8,145434.0,117554.0
2025-06-20 10:23:20.657010,1678.0,145434.0,117554.0
2025-06-20 10:23:21.168051,1678.0,145500.0,117468.0
2025-06-20 10:23:22.656127,1677.8,145500.0,117468.0
2025-06-20 10:23:24.658197,1678.0,145500.0,117468.0
2025-06-20 10:23:26.659114,1678.0,145500.0,117468.0
2025-06-20 10:23:27.062595,1678.0,145838.0,115095.0
2025-06-20 10:23:28.674624,1677.8,145838.0,115095.0
2025-06-20 10:23:32.660434,1678.0,145838.0,115095.0
2025-06-20 10:23:32.765877,1678.0,146517.0,115645.0
2025-06-20 10:23:34.666301,1677.8,146517.0,115645.0
2025-06-20 10:23:38.572326,1677.9,146240.0,115404.0
2025-06-20 10:23:38.661068,1677.8,146240.0,115404.0
2025-06-20 10:23:40.764773,1677.9,146240.0,115404.0
2025-06-20 10:23:44.574943,1677.8,146246.0,115222.0
2025-06-20 10:23:44.666590,1677.8,146246.0,115222.0
2025-06-20 10:23:48.675736,1677.8,146246.0,115222.0
2025-06-20 10:23:50.579341,1677.8,146167.0,115431.0
2025-06-20 10:23:50.666457,1677.8,146167.0,115431.0
2025-06-20 10:23:56.181576,1677.8,146318.0,115713.0
2025-06-20 10:23:56.663581,1677.8,146318.0,115713.0
2025-06-20 10:24:01.710659,1677.8,146218.0,115988.0
2025-06-20 10:24:02.671952,1677.8,146218.0,115988.0
2025-06-20 10:24:03.668398,1677.8,146218.0,115988.0
2025-06-20 10:24:07.398739,1677.8,146232.0,115875.0
2025-06-20 10:24:08.664848,1677.8,146232.0,115875.0
2025-06-20 10:24:10.931182,1677.8,146232.0,115875.0
2025-06-20 10:24:12.993646,1677.8,145125.0,118012.0
2025-06-20 10:24:14.714043,1677.6,145125.0,118012.0
2025-06-20 10:24:16.772434,1677.6,145125.0,118012.0
2025-06-20 10:24:18.800909,1677.6,145552.0,117036.0
2025-06-20 10:24:20.701093,1677.7,145552.0,117036.0
2025-06-20 10:24:24.206524,1677.7,145886.0,116160.0
2025-06-20 10:24:24.669956,1677.9,145886.0,116160.0
2025-06-20 10:24:26.660535,1677.8,145886.0,116160.0
2025-06-20 10:24:28.669966,1677.9,145886.0,116160.0
2025-06-20 10:24:30.138587,1677.9,145380.0,116200.0
2025-06-20 10:24:30.695143,1677.8,145380.0,116200.0
2025-06-20 10:24:34.666026,1677.8,145380.0,116200.0
2025-06-20 10:24:35.719518,1677.8,145487.0,116724.0
2025-06-20 10:24:36.694195,1677.5,145487.0,116724.0
2025-06-20 10:24:41.711831,1677.5,145367.0,117213.0
2025-06-20 10:24:42.290712,1677.5,145367.0,117213.0
2025-06-20 10:24:42.697200,1677.5,145367.0,117213.0
2025-06-20 10:24:42.959336,1677.5,145367.0,117213.0
2025-06-20 10:24:43.496348,1677.5,145367.0,117213.0
2025-06-20 10:24:44.034569,1677.5,145367.0,117213.0
2025-06-20 10:24:45.056218,1677.5,145367.0,117213.0
2025-06-20 10:24:46.075818,1677.5,145367.0,117213.0
2025-06-20 10:24:47.638247,1677.9,145128.0,118727.0
2025-06-20 10:24:47.647391,1677.9,145128.0,118727.0
2025-06-20 10:24:48.665626,1677.5,145128.0,118727.0
2025-06-20 10:24:48.784000,1677.5,145128.0,118727.0
2025-06-20 10:24:49.783496,1677.5,145128.0,118727.0
2025-06-20 10:24:51.292453,1677.5,145128.0,118727.0
2025-06-20 10:24:52.568093,1677.5,145128.0,118727.0
2025-06-20 10:24:53.216059,1677.5,145345.0,118799.0
2025-06-20 10:24:53.832428,1677.5,145345.0,118799.0
2025-06-20 10:24:54.663650,1677.5,145345.0,118799.0
2025-06-20 10:24:55.422876,1677.5,145345.0,118799.0
2025-06-20 10:24:59.017772,1677.5,145188.0,118905.0
2025-06-20 10:25:00.655260,1677.7,145188.0,118905.0
2025-06-20 10:25:04.934660,1677.7,146398.0,117272.0
2025-06-20 10:25:06.662565,1677.8,146398.0,117272.0
2025-06-20 10:25:11.132574,1677.8,145446.0,117796.0
2025-06-20 10:25:13.661748,1677.7,145446.0,117796.0
2025-06-20 10:25:17.333521,1677.7,145788.0,117467.0
2025-06-20 10:25:22.668053,1678.0,145788.0,117467.0
2025-06-20 10:25:23.345862,1678.0,145281.0,117717.0
2025-06-20 10:25:25.682362,1678.0,145281.0,117717.0
2025-06-20 10:25:29.453168,1678.0,145220.0,117517.0
2025-06-20 10:25:31.675748,1677.8,145220.0,117517.0
2025-06-20 10:25:34.680620,1677.7,145220.0,117517.0
2025-06-20 10:25:35.542806,1677.7,145410.0,117744.0
2025-06-20 10:25:37.664187,1677.7,145410.0,117744.0
2025-06-20 10:25:40.674156,1678.0,145410.0,117744.0
2025-06-20 10:25:41.959136,1678.0,145459.0,117626.0
2025-06-20 10:25:43.741355,1677.7,145459.0,117626.0
2025-06-20 10:25:46.668881,1678.0,145459.0,117626.0
2025-06-20 10:25:48.157358,1678.0,145988.0,117751.0
2025-06-20 10:25:49.666036,1677.7,145988.0,117751.0
2025-06-20 10:25:54.158465,1677.7,145632.0,118064.0
2025-06-20 10:25:55.671314,1677.5,145632.0,118064.0
2025-06-20 10:25:58.674172,1677.6,145632.0,118064.0
2025-06-20 10:25:59.963051,1677.6,145775.0,118004.0
2025-06-20 10:26:01.668287,1678.0,145775.0,118004.0
2025-06-20 10:26:05.864643,1678.0,145507.0,118068.0
2025-06-20 10:26:07.675041,1677.5,145507.0,118068.0
2025-06-20 10:26:10.673909,1677.6,145507.0,118068.0
2025-06-20 10:26:12.272328,1677.6,145817.0,118955.0
2025-06-20 10:26:13.667094,1677.6,145817.0,118955.0
2025-06-20 10:26:16.669655,1677.6,145817.0,118955.0
2025-06-20 10:26:18.586277,1677.6,145825.0,118213.0
2025-06-20 10:26:19.669056,1677.6,145825.0,118213.0
2025-06-20 10:26:24.782045,1677.6,145680.0,118714.0
2025-06-20 10:26:25.667868,1677.6,145680.0,118714.0
2025-06-20 10:26:28.673807,1678.0,145680.0,118714.0
2025-06-20 10:26:30.987237,1678.0,145619.0,119781.0
2025-06-20 10:26:31.680117,1677.6,145619.0,119781.0
2025-06-20 10:26:37.086145,1677.6,145577.0,120097.0
2025-06-20 10:26:37.682528,1677.6,145577.0,120097.0
2025-06-20 10:26:40.669764,1677.6,145577.0,120097.0
2025-06-20 10:26:43.592247,1677.9,145378.0,119798.0
2025-06-20 10:26:43.710658,1677.6,145378.0,119798.0
2025-06-20 10:26:46.724663,1677.9,145378.0,119798.0
2025-06-20 10:26:49.803383,1677.9,145343.0,119957.0
2025-06-20 10:26:52.916519,1678.0,145343.0,119957.0
2025-06-20 10:26:56.103015,1678.8,145343.0,119957.0
2025-06-20 10:26:56.105711,1678.8,146468.0,116476.0
2025-06-20 10:26:58.701625,1678.8,146468.0,116476.0
2025-06-20 10:27:01.700360,1678.8,146468.0,116476.0
2025-06-20 10:27:02.108131,1679.0,147352.0,110060.0
2025-06-20 10:27:04.725911,1678.6,147352.0,110060.0
2025-06-20 10:27:07.717053,1678.5,147352.0,110060.0
2025-06-20 10:27:08.725201,1678.5,147170.0,115851.0
2025-06-20 10:27:10.704444,1678.6,147170.0,115851.0
2025-06-20 10:27:15.317482,1678.9,147560.0,112516.0
2025-06-20 10:27:16.671852,1678.9,147560.0,112516.0
2025-06-20 10:27:19.707184,1679.1,147560.0,112516.0
2025-06-20 10:27:21.941261,1679.1,147245.0,112780.0
2025-06-20 10:27:22.690757,1680.6,147245.0,112780.0
2025-06-20 10:27:25.717344,1680.1,147245.0,112780.0
2025-06-20 10:27:28.440189,1680.0,146112.0,116121.0
2025-06-20 10:27:29.808588,1679.3,146112.0,116121.0
2025-06-20 10:27:33.665705,1680.0,146112.0,116121.0
2025-06-20 10:27:35.137536,1680.0,146451.0,114710.0
2025-06-20 10:27:35.677143,1680.0,146451.0,114710.0
2025-06-20 10:27:38.723624,1680.0,146451.0,114710.0
2025-06-20 10:27:41.840853,1680.0,147837.0,115753.0
2025-06-20 10:27:42.663008,1680.0,147837.0,115753.0
2025-06-20 10:27:42.739479,1679.5,147837.0,115753.0
2025-06-20 10:27:43.020644,1679.5,147837.0,115753.0
2025-06-20 10:27:44.237952,1679.5,147837.0,115753.0
2025-06-20 10:27:45.268088,1679.5,147837.0,115753.0
2025-06-20 10:27:46.285192,1679.5,147837.0,115753.0
2025-06-20 10:27:46.732555,1680.0,147837.0,115753.0
2025-06-20 10:27:46.736354,1680.0,147837.0,115753.0
2025-06-20 10:27:47.686782,1680.0,147837.0,115753.0
2025-06-20 10:27:48.147406,1680.0,148004.0,115761.0
2025-06-20 10:27:49.006531,1680.0,148004.0,115761.0
2025-06-20 10:27:50.687354,1679.2,148004.0,115761.0
2025-06-20 10:27:51.502232,1679.2,148004.0,115761.0
2025-06-20 10:27:52.681495,1680.1,148004.0,115761.0
2025-06-20 10:27:52.834661,1680.1,148004.0,115761.0
2025-06-20 10:27:54.021569,1680.1,148004.0,115761.0
2025-06-20 10:27:54.553612,1680.1,148022.0,114381.0
2025-06-20 10:27:55.612814,1680.1,148022.0,114381.0
2025-06-20 10:27:55.720148,1680.4,148022.0,114381.0
2025-06-20 10:28:01.257420,1680.1,147389.0,115032.0
2025-06-20 10:28:01.718053,1680.1,147389.0,115032.0
2025-06-20 10:28:02.357843,1679.7,145243.0,116856.0
2025-06-20 10:28:02.672065,1679.1,145243.0,116856.0
2025-06-20 10:28:03.259457,1679.1,146444.0,117140.0
2025-06-20 10:28:03.686074,1679.1,146444.0,117140.0
2025-06-20 10:28:04.362855,1679.1,146756.0,116447.0
2025-06-20 10:28:04.672921,1679.2,146756.0,116447.0
2025-06-20 10:28:05.470353,1679.2,146820.0,116388.0
2025-06-20 10:28:06.560022,1679.2,146706.0,116267.0
2025-06-20 10:28:07.662348,1679.2,146885.0,116593.0
2025-06-20 10:28:08.760174,1679.2,147589.0,116620.0
2025-06-20 10:28:09.864745,1679.8,146554.0,116369.0
2025-06-20 10:28:10.675815,1679.2,146554.0,116369.0
2025-06-20 10:28:10.970951,1679.2,147136.0,117298.0
2025-06-20 10:28:11.672965,1679.1,147136.0,117298.0
2025-06-20 10:28:12.061555,1679.1,147040.0,116930.0
2025-06-20 10:28:12.675717,1679.8,147040.0,116930.0
2025-06-20 10:28:13.162293,1679.8,147104.0,116568.0
2025-06-20 10:28:13.677301,1679.2,147104.0,116568.0
2025-06-20 10:28:14.264714,1679.2,147017.0,116687.0
2025-06-20 10:28:15.364908,1679.2,146828.0,117203.0
2025-06-20 10:28:16.471964,1679.2,146877.0,117505.0
2025-06-20 10:28:17.565802,1679.2,146122.0,117883.0
2025-06-20 10:28:19.067165,1679.2,146342.0,118116.0
2025-06-20 10:28:20.169452,1679.2,146482.0,117894.0
2025-06-20 10:28:21.196004,1679.2,146590.0,117849.0
2025-06-20 10:28:22.270488,1679.2,146458.0,117854.0
2025-06-20 10:28:23.538230,1679.2,146413.0,117892.0
2025-06-20 10:28:24.571276,1679.2,146660.0,117894.0
2025-06-20 10:28:25.675602,1679.1,146660.0,117894.0
2025-06-20 10:28:25.681896,1679.1,145892.0,118345.0
2025-06-20 10:28:26.675767,1679.2,145892.0,118345.0
2025-06-20 10:28:26.772657,1679.2,146664.0,117749.0
2025-06-20 10:28:27.672728,1679.2,146664.0,117749.0
2025-06-20 10:28:27.886403,1679.2,146822.0,117096.0
2025-06-20 10:28:28.708499,1679.2,146822.0,117096.0
2025-06-20 10:28:28.979660,1679.2,146753.0,117442.0
2025-06-20 10:28:29.670913,1679.2,146753.0,117442.0
2025-06-20 10:28:30.076861,1679.7,146685.0,117401.0
2025-06-20 10:28:30.676001,1679.5,146685.0,117401.0
2025-06-20 10:28:31.177348,1679.5,146561.0,117305.0
2025-06-20 10:28:32.278889,1679.5,146561.0,117321.0
2025-06-20 10:28:33.179326,1679.5,146615.0,117290.0
2025-06-20 10:28:34.280118,1679.5,146543.0,116982.0
2025-06-20 10:28:35.282193,1679.5,146490.0,117282.0
2025-06-20 10:28:35.677900,1679.2,146490.0,117282.0
2025-06-20 10:28:36.502646,1679.2,146452.0,117148.0
2025-06-20 10:28:36.687378,1679.2,146452.0,117148.0
2025-06-20 10:28:37.493890,1679.2,146449.0,117164.0
2025-06-20 10:28:38.583982,1679.2,146413.0,117302.0
2025-06-20 10:28:39.583072,1679.2,146420.0,117354.0
2025-06-20 10:28:40.677751,1679.2,146420.0,117354.0
2025-06-20 10:28:40.697221,1679.2,146422.0,117470.0
2025-06-20 10:28:41.676453,1679.2,146422.0,117470.0
2025-06-20 10:28:41.697536,1679.2,146637.0,117482.0
2025-06-20 10:28:42.783978,1679.2,146644.0,117829.0
2025-06-20 10:28:43.784619,1679.2,146648.0,117788.0
2025-06-20 10:28:45.126012,1679.2,146553.0,117431.0
2025-06-20 10:28:45.785298,1679.2,146523.0,117417.0
2025-06-20 10:28:46.679357,1679.5,146523.0,117417.0
2025-06-20 10:28:46.924903,1679.5,146849.0,116870.0
2025-06-20 10:28:47.678232,1679.3,146849.0,116870.0
2025-06-20 10:28:47.986413,1679.3,146848.0,117144.0
2025-06-20 10:28:48.675548,1679.3,146848.0,117144.0
2025-06-20 10:28:49.085399,1679.3,146926.0,117190.0
2025-06-20 10:28:49.688727,1679.3,146926.0,117190.0
2025-06-20 10:28:50.269258,1679.3,146924.0,117256.0
2025-06-20 10:28:51.287893,1679.3,146695.0,117175.0
2025-06-20 10:28:52.290787,1679.3,146726.0,117175.0
2025-06-20 10:28:53.392411,1679.3,146810.0,117192.0
2025-06-20 10:28:54.489403,1679.3,147237.0,117205.0
2025-06-20 10:28:54.679088,1679.6,147237.0,117205.0
2025-06-20 10:28:55.590347,1679.6,147466.0,117189.0
2025-06-20 10:28:55.673216,1679.3,147466.0,117189.0
2025-06-20 10:28:56.713273,1679.3,147061.0,117397.0
2025-06-20 10:28:57.688384,1679.3,147061.0,117397.0
2025-06-20 10:28:57.995917,1679.3,147098.0,117479.0
2025-06-20 10:28:58.902147,1679.3,147403.0,117437.0
2025-06-20 10:28:59.993807,1679.3,147446.0,117285.0
2025-06-20 10:29:01.796753,1679.3,147486.0,116753.0
2025-06-20 10:29:02.682798,1679.3,147486.0,116753.0
2025-06-20 10:29:03.679068,1679.3,147486.0,116753.0
2025-06-20 10:29:06.681218,1679.3,147486.0,116753.0
2025-06-20 10:29:07.800011,1679.3,147366.0,116869.0
2025-06-20 10:29:08.674732,1679.3,147366.0,116869.0
2025-06-20 10:29:12.719532,1679.3,147366.0,116869.0
2025-06-20 10:29:14.011161,1679.3,147513.0,116668.0
2025-06-20 10:29:14.682574,1679.3,147513.0,116668.0
2025-06-20 10:29:18.985994,1679.3,147513.0,116668.0
2025-06-20 10:29:20.110410,1679.7,147919.0,116112.0
2025-06-20 10:29:20.717061,1679.6,147919.0,116112.0
2025-06-20 10:29:22.693548,1680.0,147919.0,116112.0
2025-06-20 10:29:25.727933,1680.4,149176.0,112154.0
2025-06-20 10:29:26.687379,1680.2,149176.0,112154.0
2025-06-20 10:29:28.686957,1680.2,149176.0,112154.0
2025-06-20 10:29:30.727252,1680.0,149176.0,112154.0
2025-06-20 10:29:31.443539,1680.0,148185.0,113266.0
2025-06-20 10:29:32.683543,1680.0,148185.0,113266.0
2025-06-20 10:29:34.679991,1680.8,148185.0,113266.0
2025-06-20 10:29:37.124096,1680.8,148786.0,112663.0
2025-06-20 10:29:39.690534,1681.0,148786.0,112663.0
2025-06-20 10:29:42.691449,1680.9,148786.0,112663.0
2025-06-20 10:29:43.125951,1680.9,149175.0,111930.0
2025-06-20 10:29:45.712370,1680.9,149175.0,111930.0
2025-06-20 10:29:48.823984,1681.0,149175.0,111930.0
2025-06-20 10:29:49.248450,1681.0,149103.0,112169.0
2025-06-20 10:29:51.715703,1681.0,149103.0,112169.0
2025-06-20 10:29:54.685438,1680.9,149103.0,112169.0
2025-06-20 10:29:55.171728,1680.9,149336.0,111580.0
2025-06-20 10:29:57.684056,1680.9,149336.0,111580.0
2025-06-20 10:30:00.342631,1680.9,148608.0,110234.0
2025-06-20 10:30:00.695990,1680.9,148608.0,110234.0
2025-06-20 10:30:02.690401,1681.1,148608.0,110234.0
2025-06-20 10:30:06.068519,1681.6,149145.0,111715.0
2025-06-20 10:30:08.689602,1681.1,149145.0,111715.0
2025-06-20 10:30:12.162467,1681.6,148858.0,110099.0
2025-06-20 10:30:12.723189,1681.6,148858.0,110099.0
2025-06-20 10:30:16.963639,1682.0,148858.0,110099.0
2025-06-20 10:30:18.156577,1682.0,148799.0,110471.0
2025-06-20 10:30:18.793488,1681.7,148799.0,110471.0
2025-06-20 10:30:22.686456,1681.8,148799.0,110471.0
2025-06-20 10:30:23.993191,1682.0,148491.0,111640.0
2025-06-20 10:30:24.727651,1681.8,148491.0,111640.0
2025-06-20 10:30:28.722026,1682.0,148491.0,111640.0
2025-06-20 10:30:29.674351,1682.0,148454.0,111451.0
2025-06-20 10:30:31.713158,1681.8,148454.0,111451.0
2025-06-20 10:30:35.369199,1681.8,148453.0,111488.0
2025-06-20 10:30:37.708780,1681.8,148453.0,111488.0
2025-06-20 10:30:41.267175,1681.8,148460.0,111406.0
2025-06-20 10:30:43.172861,1681.8,148460.0,111406.0
2025-06-20 10:30:43.686963,1682.0,148460.0,111406.0
2025-06-20 10:30:43.848815,1682.0,148460.0,111406.0
2025-06-20 10:30:44.211720,1682.0,148460.0,111406.0
2025-06-20 10:30:45.304186,1682.0,148460.0,111406.0
2025-06-20 10:30:46.472211,1682.0,148460.0,111406.0
2025-06-20 10:30:46.680096,1682.8,148460.0,111406.0
2025-06-20 10:30:47.010065,1682.8,148530.0,110360.0
2025-06-20 10:30:47.018763,1682.8,148530.0,110360.0
2025-06-20 10:30:47.658421,1682.8,148530.0,110360.0
2025-06-20 10:30:48.381229,1682.8,148530.0,110360.0
2025-06-20 10:30:49.689425,1682.5,148530.0,110360.0
2025-06-20 10:30:49.724700,1682.5,148530.0,110360.0
2025-06-20 10:30:50.745558,1682.5,148530.0,110360.0
2025-06-20 10:30:52.250809,1682.5,148530.0,110360.0
2025-06-20 10:30:52.377226,1682.5,148831.0,111311.0
2025-06-20 10:30:52.703304,1682.1,148831.0,111311.0
2025-06-20 10:30:53.528437,1682.1,148831.0,111311.0
2025-06-20 10:30:54.800262,1682.1,148831.0,111311.0
2025-06-20 10:30:55.697197,1681.8,148831.0,111311.0
2025-06-20 10:30:56.488824,1681.8,148831.0,111311.0
2025-06-20 10:30:58.278659,1682.1,148808.0,109952.0
2025-06-20 10:30:58.694366,1682.3,148808.0,109952.0
2025-06-20 10:31:01.700839,1682.4,148808.0,109952.0
2025-06-20 10:31:04.493504,1682.4,148248.0,110166.0
2025-06-20 10:31:04.699465,1682.4,148248.0,110166.0
2025-06-20 10:31:10.799419,1682.4,148448.0,110567.0
2025-06-20 10:31:13.766044,1682.4,148448.0,110567.0
2025-06-20 10:31:16.797123,1683.4,148518.0,109007.0
2025-06-20 10:31:17.696002,1683.3,148518.0,109007.0
2025-06-20 10:31:22.742335,1682.8,148518.0,109007.0
2025-06-20 10:31:22.798876,1682.8,148099.0,110637.0
2025-06-20 10:31:25.691583,1682.8,148099.0,110637.0
2025-06-20 10:31:28.679378,1682.8,148612.0,109898.0
2025-06-20 10:31:28.744852,1682.7,148612.0,109898.0
2025-06-20 10:31:31.772420,1682.6,148612.0,109898.0
2025-06-20 10:31:34.511624,1682.4,148600.0,111675.0
2025-06-20 10:31:34.750458,1682.1,148600.0,111675.0
2025-06-20 10:31:37.727240,1682.1,148600.0,111675.0
2025-06-20 10:31:40.680331,1682.1,148274.0,112876.0
2025-06-20 10:31:41.046733,1682.1,148274.0,112876.0
2025-06-20 10:31:46.513020,1682.1,147666.0,112686.0
2025-06-20 10:31:46.720300,1682.0,147666.0,112686.0
2025-06-20 10:31:49.706421,1682.0,147666.0,112686.0
2025-06-20 10:31:52.441419,1681.5,147290.0,114327.0
2025-06-20 10:31:52.724291,1681.5,147290.0,114327.0
2025-06-20 10:31:56.693857,1681.6,147290.0,114327.0
2025-06-20 10:31:58.345701,1681.5,147923.0,117205.0
2025-06-20 10:31:58.714265,1681.5,147923.0,117205.0
2025-06-20 10:32:01.621628,1681.0,146438.0,119458.0
2025-06-20 10:32:01.730974,1680.9,146438.0,119458.0
2025-06-20 10:32:02.622931,1680.9,146715.0,119015.0
2025-06-20 10:32:02.707743,1680.5,146715.0,119015.0
2025-06-20 10:32:03.654396,1680.9,146346.0,120299.0
2025-06-20 10:32:03.710610,1680.5,146346.0,120299.0
2025-06-20 10:32:04.626797,1680.1,146161.0,121028.0
2025-06-20 10:32:04.755055,1680.0,146161.0,121028.0
2025-06-20 10:32:05.624147,1680.0,144101.0,122043.0
2025-06-20 10:32:05.701249,1680.0,144101.0,122043.0
2025-06-20 10:32:06.942018,1680.0,144101.0,122043.0
2025-06-20 10:32:06.942758,1680.0,144161.0,122015.0
2025-06-20 10:32:07.650520,1680.0,146285.0,120917.0
2025-06-20 10:32:07.729708,1680.0,146285.0,120917.0
2025-06-20 10:32:08.655675,1680.0,146148.0,121165.0
2025-06-20 10:32:08.697284,1680.0,146148.0,121165.0
2025-06-20 10:32:09.625954,1680.0,146222.0,121140.0
2025-06-20 10:32:09.707510,1680.0,146222.0,121140.0
2025-06-20 10:32:10.628427,1680.0,145612.0,121403.0
2025-06-20 10:32:10.705439,1679.9,145612.0,121403.0
2025-06-20 10:32:11.656536,1680.0,146149.0,121548.0
2025-06-20 10:32:11.708094,1679.9,146149.0,121548.0
2025-06-20 10:32:12.630221,1679.9,137610.0,121218.0
2025-06-20 10:32:12.692754,1679.5,137610.0,121218.0
2025-06-20 10:32:13.531494,1679.5,145510.0,122409.0
2025-06-20 10:32:13.693995,1679.4,145510.0,122409.0
2025-06-20 10:32:14.632552,1679.4,145543.0,122171.0
2025-06-20 10:32:15.634866,1679.4,145624.0,122152.0
2025-06-20 10:32:16.653425,1679.4,145514.0,122146.0
2025-06-20 10:32:16.698304,1679.4,145514.0,122146.0
2025-06-20 10:32:18.460169,1679.4,145055.0,122094.0
2025-06-20 10:32:18.688004,1679.2,145055.0,122094.0
2025-06-20 10:32:19.447582,1679.4,145192.0,121550.0
2025-06-20 10:32:19.694505,1679.4,145192.0,121550.0
2025-06-20 10:32:20.383528,1679.4,145084.0,121455.0
2025-06-20 10:32:20.714830,1679.3,145084.0,121455.0
2025-06-20 10:32:22.337007,1679.3,145098.0,121485.0
2025-06-20 10:32:23.336771,1679.5,145209.0,121375.0
2025-06-20 10:32:23.697868,1679.3,145209.0,121375.0
2025-06-20 10:32:24.338933,1679.3,145225.0,121158.0
2025-06-20 10:32:25.339061,1679.5,145112.0,121441.0
2025-06-20 10:32:25.738196,1679.3,145112.0,121441.0
2025-06-20 10:32:26.238892,1679.3,145042.0,121479.0
2025-06-20 10:32:27.244889,1679.3,145228.0,121481.0
2025-06-20 10:32:29.243554,1679.3,145213.0,121373.0
2025-06-20 10:32:30.240636,1679.3,144986.0,121670.0
2025-06-20 10:32:31.241727,1679.6,145318.0,121414.0
2025-06-20 10:32:31.699539,1679.3,145318.0,121414.0
2025-06-20 10:32:32.145770,1679.3,145244.0,121273.0
2025-06-20 10:32:32.726968,1679.3,145244.0,121273.0
2025-06-20 10:32:33.167683,1679.3,145177.0,121292.0
2025-06-20 10:32:33.688094,1679.3,145177.0,121292.0
2025-06-20 10:32:34.144280,1679.3,145191.0,121350.0
2025-06-20 10:32:35.046073,1679.3,145193.0,121200.0
2025-06-20 10:32:35.971335,1679.3,145213.0,121200.0
2025-06-20 10:32:36.847779,1679.3,145213.0,121472.0
2025-06-20 10:32:37.850640,1679.3,145138.0,121515.0
2025-06-20 10:32:38.914051,1679.8,145138.0,121515.0
2025-06-20 10:32:39.203978,1679.8,145118.0,121718.0
2025-06-20 10:32:39.768433,1679.8,145228.0,121557.0
2025-06-20 10:32:40.766456,1679.8,145202.0,121526.0
2025-06-20 10:32:41.746054,1679.8,144863.0,121367.0
2025-06-20 10:32:42.651401,1679.8,144868.0,121384.0
2025-06-20 10:32:43.647643,1679.3,144866.0,121545.0
2025-06-20 10:32:43.694085,1679.3,144866.0,121545.0
2025-06-20 10:32:44.549258,1679.3,144943.0,121476.0
2025-06-20 10:32:45.678109,1679.3,144941.0,121461.0
2025-06-20 10:32:46.348726,1680.0,145078.0,121144.0
2025-06-20 10:32:46.733984,1679.3,145078.0,121144.0
2025-06-20 10:32:47.253044,1679.3,144963.0,121496.0
2025-06-20 10:32:47.729049,1679.3,144963.0,121496.0
2025-06-20 10:32:48.251320,1680.1,145914.0,115453.0
2025-06-20 10:32:48.712112,1680.2,145914.0,115453.0
2025-06-20 10:32:49.154420,1680.2,144758.0,118736.0
2025-06-20 10:32:49.690388,1680.0,144758.0,118736.0
2025-06-20 10:32:50.151676,1680.0,145300.0,118641.0
2025-06-20 10:32:50.693655,1680.7,145300.0,118641.0
2025-06-20 10:32:51.152592,1680.7,146011.0,117437.0
2025-06-20 10:32:51.872810,1680.5,146011.0,117437.0
2025-06-20 10:32:52.159299,1680.5,145953.0,119237.0
2025-06-20 10:32:52.730750,1680.1,145953.0,119237.0
2025-06-20 10:32:53.058426,1680.1,145307.0,119522.0
2025-06-20 10:32:53.743914,1680.0,145307.0,119522.0
2025-06-20 10:32:54.054230,1680.0,145830.0,119279.0
2025-06-20 10:32:54.698733,1680.3,145830.0,119279.0
2025-06-20 10:32:54.859286,1680.3,145031.0,119898.0
2025-06-20 10:32:55.696514,1679.9,145031.0,119898.0
2025-06-20 10:32:56.752765,1680.0,145031.0,119898.0
2025-06-20 10:32:56.759031,1680.4,144980.0,119750.0
2025-06-20 10:32:57.692189,1680.4,144980.0,119750.0
2025-06-20 10:32:57.757018,1680.4,143865.0,121373.0
2025-06-20 10:32:58.695956,1679.2,143865.0,121373.0
2025-06-20 10:32:58.761656,1679.2,144379.0,122334.0
2025-06-20 10:32:59.704489,1679.2,144379.0,122334.0
2025-06-20 10:32:59.765497,1679.2,144646.0,122080.0
2025-06-20 10:33:01.260281,1679.2,144554.0,121826.0
2025-06-20 10:33:01.702302,1679.3,144554.0,121826.0
2025-06-20 10:33:02.259353,1679.3,144217.0,121533.0
2025-06-20 10:33:02.696194,1679.9,144217.0,121533.0
2025-06-20 10:33:03.360220,1679.9,145186.0,121635.0
2025-06-20 10:33:03.779463,1679.4,145186.0,121635.0
2025-06-20 10:33:04.491705,1679.4,145153.0,121185.0
2025-06-20 10:33:04.697951,1679.4,145153.0,121185.0
2025-06-20 10:33:05.560467,1679.0,144073.0,121696.0
2025-06-20 10:33:05.699402,1678.6,144073.0,121696.0
2025-06-20 10:33:06.664942,1678.9,143692.0,122365.0
2025-06-20 10:33:06.705577,1678.8,143692.0,122365.0
2025-06-20 10:33:07.693410,1678.8,143450.0,123235.0
2025-06-20 10:33:07.714528,1678.8,143450.0,123235.0
2025-06-20 10:33:09.165899,1678.8,143835.0,123106.0
2025-06-20 10:33:09.713676,1678.8,143835.0,123106.0
2025-06-20 10:33:10.263728,1678.8,143534.0,123325.0
2025-06-20 10:33:10.776057,1678.8,143534.0,123325.0
2025-06-20 10:33:11.364573,1678.9,143879.0,123380.0
2025-06-20 10:33:11.705521,1678.9,143879.0,123380.0
2025-06-20 10:33:12.492016,1678.8,145197.0,123639.0
2025-06-20 10:33:12.697032,1678.7,145197.0,123639.0
2025-06-20 10:33:13.609234,1678.7,145227.0,123656.0
2025-06-20 10:33:13.748751,1678.7,145227.0,123656.0
2025-06-20 10:33:14.567019,1678.7,145629.0,124083.0
2025-06-20 10:33:14.691991,1678.7,145629.0,124083.0
2025-06-20 10:33:15.669200,1678.7,145365.0,124025.0
2025-06-20 10:33:15.693224,1678.7,145365.0,124025.0
2025-06-20 10:33:16.670257,1678.7,145464.0,124055.0
2025-06-20 10:33:16.691373,1678.7,145464.0,124055.0
2025-06-20 10:33:17.701656,1678.7,145464.0,124055.0
2025-06-20 10:33:17.772420,1678.7,145723.0,124041.0
2025-06-20 10:33:18.698807,1678.7,145723.0,124041.0
2025-06-20 10:33:18.769052,1678.7,145750.0,123822.0
2025-06-20 10:33:19.726396,1678.7,145750.0,123822.0
2025-06-20 10:33:19.768267,1678.7,145688.0,123671.0
2025-06-20 10:33:20.690499,1678.7,145688.0,123671.0
2025-06-20 10:33:20.773282,1678.7,145814.0,123592.0
2025-06-20 10:33:21.778935,1678.7,145807.0,123740.0
2025-06-20 10:33:22.874968,1678.7,145203.0,123747.0
2025-06-20 10:33:23.880524,1678.7,145758.0,123800.0
2025-06-20 10:33:24.875349,1678.7,145757.0,123826.0
2025-06-20 10:33:25.781234,1678.7,145977.0,123558.0
2025-06-20 10:33:26.695080,1678.6,145977.0,123558.0
2025-06-20 10:33:26.777377,1678.6,138198.0,125255.0
2025-06-20 10:33:27.691095,1678.6,138198.0,125255.0
2025-06-20 10:33:27.883082,1678.6,145120.0,125649.0
2025-06-20 10:33:28.756191,1678.4,145120.0,125649.0
2025-06-20 10:33:28.989248,1678.4,145020.0,125590.0
2025-06-20 10:33:29.709571,1678.4,145020.0,125590.0
2025-06-20 10:33:30.082894,1678.4,145018.0,125874.0
2025-06-20 10:33:30.694547,1678.4,145018.0,125874.0
2025-06-20 10:33:31.079301,1678.4,144966.0,125352.0
2025-06-20 10:33:31.697712,1678.1,144966.0,125352.0
2025-06-20 10:33:32.172122,1678.1,144959.0,125440.0
2025-06-20 10:33:32.832185,1678.1,144959.0,125440.0
2025-06-20 10:33:33.082504,1678.1,145055.0,125377.0
2025-06-20 10:33:33.692274,1678.1,145055.0,125377.0
2025-06-20 10:33:34.081192,1678.1,145020.0,125368.0
2025-06-20 10:33:34.705187,1678.1,145020.0,125368.0
2025-06-20 10:33:35.080433,1678.1,145041.0,125381.0
2025-06-20 10:33:35.775636,1678.1,145041.0,125381.0
2025-06-20 10:33:36.182387,1678.1,145028.0,125428.0
2025-06-20 10:33:36.700596,1678.1,145028.0,125428.0
2025-06-20 10:33:37.084691,1678.1,144876.0,126229.0
2025-06-20 10:33:37.694303,1678.0,144876.0,126229.0
2025-06-20 10:33:38.182962,1678.0,144878.0,126110.0
2025-06-20 10:33:38.690527,1678.1,144878.0,126110.0
2025-06-20 10:33:39.281124,1678.1,144753.0,125988.0
2025-06-20 10:33:39.701540,1677.9,144753.0,125988.0
2025-06-20 10:33:40.384165,1677.9,144752.0,125905.0
2025-06-20 10:33:40.697972,1678.0,144752.0,125905.0
2025-06-20 10:33:41.511262,1678.0,144745.0,125911.0
2025-06-20 10:33:41.689919,1678.0,144745.0,125911.0
2025-06-20 10:33:42.607330,1678.0,144775.0,125648.0
2025-06-20 10:33:42.687016,1678.0,144775.0,125648.0
2025-06-20 10:33:43.496730,1678.0,144915.0,125648.0
2025-06-20 10:33:43.645045,1678.0,144915.0,125648.0
2025-06-20 10:33:44.034198,1678.0,144915.0,125648.0
2025-06-20 10:33:44.585590,1679.0,145922.0,121939.0
2025-06-20 10:33:44.690228,1678.9,145922.0,121939.0
2025-06-20 10:33:44.727083,1678.9,145922.0,121939.0
2025-06-20 10:33:45.024828,1678.9,145922.0,121939.0
2025-06-20 10:33:45.698730,1678.9,146928.0,123307.0
2025-06-20 10:33:45.742109,1678.9,146928.0,123307.0
2025-06-20 10:33:46.377978,1678.9,146928.0,123307.0
2025-06-20 10:33:46.695739,1678.7,146928.0,123307.0
2025-06-20 10:33:46.786802,1678.7,149305.0,123329.0
2025-06-20 10:33:46.839219,1678.7,149305.0,123329.0
2025-06-20 10:33:47.412640,1678.7,149305.0,123329.0
2025-06-20 10:33:47.687656,1678.7,149305.0,123329.0
2025-06-20 10:33:47.825298,1678.7,149305.0,123329.0
2025-06-20 10:33:47.896175,1678.7,148196.0,125437.0
2025-06-20 10:33:48.701370,1678.1,148196.0,125437.0
2025-06-20 10:33:48.825012,1678.1,148196.0,125437.0
2025-06-20 10:33:48.825863,1678.1,148844.0,126420.0
2025-06-20 10:33:49.690617,1677.9,148844.0,126420.0
2025-06-20 10:33:49.894866,1677.9,148911.0,126370.0
2025-06-20 10:33:50.132595,1677.9,148911.0,126370.0
2025-06-20 10:33:50.766385,1677.9,148911.0,126370.0
2025-06-20 10:33:51.077215,1677.9,149004.0,126377.0
2025-06-20 10:33:51.347189,1677.9,149004.0,126377.0
2025-06-20 10:33:51.688714,1677.9,149004.0,126377.0
2025-06-20 10:33:52.091481,1677.9,148669.0,126433.0
2025-06-20 10:33:52.663541,1677.9,148669.0,126433.0
2025-06-20 10:33:52.713254,1677.9,148669.0,126433.0
2025-06-20 10:33:53.192335,1677.9,148742.0,126344.0
2025-06-20 10:33:53.691404,1677.9,148742.0,126344.0
2025-06-20 10:33:53.981135,1677.9,148742.0,126344.0
2025-06-20 10:33:54.194767,1677.9,145695.0,126322.0
2025-06-20 10:33:54.738193,1677.9,145695.0,126322.0
2025-06-20 10:33:55.092409,1677.9,145677.0,126377.0
2025-06-20 10:33:55.227083,1677.9,145677.0,126377.0
2025-06-20 10:33:55.688121,1677.9,145677.0,126377.0
2025-06-20 10:33:56.198090,1677.9,145706.0,125450.0
2025-06-20 10:33:56.686754,1678.5,145706.0,125450.0
2025-06-20 10:33:56.828382,1678.5,145706.0,125450.0
2025-06-20 10:33:57.296712,1678.5,145946.0,124088.0
2025-06-20 10:33:57.692524,1678.5,145946.0,124088.0
2025-06-20 10:33:58.406082,1678.9,146192.0,123933.0
2025-06-20 10:33:58.691937,1678.5,146192.0,123933.0
2025-06-20 10:33:59.504274,1678.5,146306.0,124124.0
2025-06-20 10:33:59.687076,1678.5,146306.0,124124.0
2025-06-20 10:34:01.297735,1678.1,146355.0,124691.0
2025-06-20 10:34:01.691526,1678.3,146355.0,124691.0
2025-06-20 10:34:02.408928,1678.5,146415.0,124443.0
2025-06-20 10:34:02.691211,1678.3,146415.0,124443.0
2025-06-20 10:34:03.504294,1678.3,146343.0,124658.0
2025-06-20 10:34:03.690747,1678.3,146343.0,124658.0
2025-06-20 10:34:04.510219,1678.3,146323.0,124607.0
2025-06-20 10:34:04.691761,1678.3,146323.0,124607.0
2025-06-20 10:34:05.511631,1678.0,146055.0,125104.0
2025-06-20 10:34:05.690740,1678.0,146055.0,125104.0
2025-06-20 10:34:06.506278,1678.0,145999.0,125148.0
2025-06-20 10:34:06.692653,1678.0,145999.0,125148.0
2025-06-20 10:34:07.506362,1678.0,146119.0,124856.0
2025-06-20 10:34:07.690650,1678.1,146119.0,124856.0
2025-06-20 10:34:08.508967,1678.1,146132.0,124855.0
2025-06-20 10:34:08.688597,1678.1,146132.0,124855.0
2025-06-20 10:34:09.627052,1678.1,146116.0,124872.0
2025-06-20 10:34:10.705402,1678.5,146116.0,124872.0
2025-06-20 10:34:10.751482,1678.5,146231.0,124153.0
2025-06-20 10:34:11.713355,1678.5,146231.0,124153.0
2025-06-20 10:34:11.803060,1678.5,146349.0,123852.0
2025-06-20 10:34:12.690414,1678.7,146349.0,123852.0
2025-06-20 10:34:12.803649,1678.7,146414.0,123838.0
2025-06-20 10:34:13.690930,1678.7,146414.0,123838.0
2025-06-20 10:34:13.915042,1678.9,146156.0,123501.0
2025-06-20 10:34:14.699175,1679.0,146156.0,123501.0
2025-06-20 10:34:15.144967,1679.0,146500.0,123447.0
2025-06-20 10:34:15.689759,1679.1,146500.0,123447.0
2025-06-20 10:34:16.104384,1679.1,147040.0,120999.0
2025-06-20 10:34:16.742375,1679.1,147040.0,120999.0
2025-06-20 10:34:17.206670,1679.8,146949.0,121882.0
2025-06-20 10:34:17.690651,1679.1,146949.0,121882.0
2025-06-20 10:34:18.208825,1679.1,146642.0,122027.0
2025-06-20 10:34:18.688853,1679.0,146642.0,122027.0
2025-06-20 10:34:19.303626,1679.0,146747.0,122027.0
2025-06-20 10:34:19.689342,1679.0,146747.0,122027.0
2025-06-20 10:34:20.417033,1679.0,146662.0,121874.0
2025-06-20 10:34:20.699660,1679.0,146662.0,121874.0
2025-06-20 10:34:21.414763,1679.0,146935.0,121893.0
2025-06-20 10:34:22.420875,1679.0,146478.0,122043.0
2025-06-20 10:34:23.652889,1679.0,146244.0,121688.0
2025-06-20 10:34:24.517907,1679.0,146264.0,121580.0
2025-06-20 10:34:25.542496,1679.0,146298.0,121692.0
2025-06-20 10:34:26.610298,1679.0,146280.0,121725.0
2025-06-20 10:34:27.750517,1679.0,146670.0,121718.0
2025-06-20 10:34:28.812240,1679.0,145470.0,121737.0
2025-06-20 10:34:29.812029,1679.0,146634.0,121730.0
2025-06-20 10:34:30.924912,1679.0,146738.0,121689.0
2025-06-20 10:34:31.993518,1679.0,146938.0,121689.0
2025-06-20 10:34:33.020205,1679.0,146938.0,121539.0
2025-06-20 10:34:33.921872,1679.0,146948.0,121539.0
2025-06-20 10:34:34.825412,1679.0,146948.0,121539.0
2025-06-20 10:34:35.701232,1679.7,146948.0,121539.0
2025-06-20 10:34:36.159728,1679.7,146948.0,121680.0
2025-06-20 10:34:36.731541,1679.1,146948.0,121680.0
2025-06-20 10:34:37.116366,1679.1,146945.0,121685.0
2025-06-20 10:34:37.690330,1679.1,146945.0,121685.0
2025-06-20 10:34:38.218045,1679.1,146977.0,121564.0
2025-06-20 10:34:38.705745,1679.1,146977.0,121564.0
2025-06-20 10:34:39.317495,1679.1,146968.0,121221.0
2025-06-20 10:34:40.321940,1679.1,146964.0,121223.0
2025-06-20 10:34:41.436480,1679.1,147122.0,121291.0
2025-06-20 10:34:42.530580,1679.1,147898.0,121332.0
2025-06-20 10:34:43.718061,1679.1,148149.0,121375.0
2025-06-20 10:34:45.382256,1679.1,148046.0,121400.0
2025-06-20 10:34:45.825216,1679.1,147997.0,121417.0
2025-06-20 10:34:46.713107,1679.5,147997.0,121417.0
2025-06-20 10:34:46.740748,1679.5,147996.0,121398.0
2025-06-20 10:34:47.733373,1679.5,147996.0,121398.0
2025-06-20 10:34:47.827371,1679.5,148141.0,121182.0
2025-06-20 10:34:48.695188,1679.5,148141.0,121182.0
2025-06-20 10:34:48.983147,1679.5,148625.0,120601.0
2025-06-20 10:34:50.032614,1679.5,148579.0,120692.0
2025-06-20 10:34:50.760089,1679.7,148579.0,120692.0
2025-06-20 10:34:51.129290,1679.7,149233.0,120392.0
2025-06-20 10:34:52.407242,1679.7,149233.0,120392.0
2025-06-20 10:34:52.431106,1679.7,149186.0,120566.0
2025-06-20 10:34:52.755054,1679.6,149186.0,120566.0
2025-06-20 10:34:53.232168,1679.6,148816.0,120580.0
2025-06-20 10:34:54.332404,1679.6,148882.0,120349.0
2025-06-20 10:34:55.457374,1679.6,148883.0,120367.0
2025-06-20 10:34:56.552798,1679.6,148883.0,120314.0
2025-06-20 10:34:56.756071,1680.0,148883.0,120314.0
2025-06-20 10:34:57.637203,1680.0,149994.0,119806.0
2025-06-20 10:34:57.733085,1680.1,149994.0,119806.0
2025-06-20 10:34:58.746769,1680.1,149851.0,120991.0
2025-06-20 10:34:59.703036,1679.7,149851.0,120991.0
2025-06-20 10:35:00.843126,1680.0,149675.0,120068.0
2025-06-20 10:35:01.694221,1680.0,149675.0,120068.0
2025-06-20 10:35:03.701282,1680.0,149675.0,120068.0
2025-06-20 10:35:06.540699,1680.0,149717.0,120968.0
2025-06-20 10:35:07.701104,1680.0,149717.0,120968.0
2025-06-20 10:35:12.143005,1680.8,149729.0,120262.0
2025-06-20 10:35:13.708793,1680.0,149729.0,120262.0
2025-06-20 10:35:17.003063,1680.6,149729.0,120262.0
2025-06-20 10:35:18.050646,1680.6,152413.0,121658.0
2025-06-20 10:35:19.697650,1679.7,152413.0,121658.0
2025-06-20 10:35:22.805608,1679.7,152413.0,121658.0
2025-06-20 10:35:23.964122,1679.6,152181.0,122621.0
2025-06-20 10:35:24.700669,1679.6,152181.0,122621.0
2025-06-20 10:35:26.703381,1679.6,152181.0,122621.0
2025-06-20 10:35:28.706719,1679.6,152181.0,122621.0
2025-06-20 10:35:29.753496,1679.6,149498.0,121896.0
2025-06-20 10:35:30.707440,1679.7,149498.0,121896.0
2025-06-20 10:35:35.766107,1679.7,149170.0,123015.0
2025-06-20 10:35:36.702577,1679.6,149170.0,123015.0
2025-06-20 10:35:41.473248,1679.6,149568.0,122444.0
2025-06-20 10:35:42.698762,1679.5,149568.0,122444.0
2025-06-20 10:35:44.711513,1680.0,149568.0,122444.0
2025-06-20 10:35:47.367801,1680.0,149593.0,122614.0
2025-06-20 10:35:48.698342,1679.6,149593.0,122614.0
2025-06-20 10:35:53.367471,1679.6,148959.0,123367.0
2025-06-20 10:35:54.706425,1679.6,148959.0,123367.0
2025-06-20 10:35:56.699948,1679.2,148959.0,123367.0
2025-06-20 10:35:58.697456,1679.6,148959.0,123367.0
2025-06-20 10:35:59.072778,1679.6,149524.0,122694.0
2025-06-20 10:36:00.692954,1679.6,149524.0,122694.0
2025-06-20 10:36:02.705525,1679.6,149524.0,122694.0
2025-06-20 10:36:04.773475,1679.6,149872.0,122754.0
2025-06-20 10:36:06.718880,1679.6,149872.0,122754.0
2025-06-20 10:36:09.758469,1679.6,149872.0,122754.0
2025-06-20 10:36:10.774621,1679.6,152662.0,123085.0
2025-06-20 10:36:12.729270,1679.6,152662.0,123085.0
2025-06-20 10:36:15.700518,1679.6,152662.0,123085.0
2025-06-20 10:36:16.888361,1679.6,152515.0,122989.0
2025-06-20 10:36:18.713328,1679.6,152515.0,122989.0
2025-06-20 10:36:21.705119,1679.7,152515.0,122989.0
2025-06-20 10:36:22.687622,1679.7,149489.0,122613.0
2025-06-20 10:36:24.719946,1680.0,149489.0,122613.0
2025-06-20 10:36:28.685835,1680.0,149457.0,122837.0
2025-06-20 10:36:30.710263,1679.6,149457.0,122837.0
2025-06-20 10:36:34.794265,1679.6,149416.0,122831.0
2025-06-20 10:36:36.705236,1679.6,149416.0,122831.0
2025-06-20 10:36:40.899529,1679.9,149630.0,122730.0
2025-06-20 10:36:42.729071,1679.6,149630.0,122730.0
2025-06-20 10:36:44.139872,1679.6,149630.0,122730.0
2025-06-20 10:36:45.232114,1679.6,149630.0,122730.0
2025-06-20 10:36:45.705933,1679.6,149630.0,122730.0
2025-06-20 10:36:45.882633,1679.6,149630.0,122730.0
2025-06-20 10:36:46.281495,1679.6,149630.0,122730.0
2025-06-20 10:36:46.496918,1679.7,149922.0,122759.0
2025-06-20 10:36:46.934788,1679.7,149922.0,122759.0
2025-06-20 10:36:47.407051,1679.7,149922.0,122759.0
2025-06-20 10:36:47.698898,1679.7,149922.0,122759.0
2025-06-20 10:36:47.993829,1679.7,149922.0,122759.0
2025-06-20 10:36:48.386396,1679.7,149922.0,122759.0
2025-06-20 10:36:49.342916,1679.7,149922.0,122759.0
2025-06-20 10:36:50.683912,1679.7,149922.0,122759.0
2025-06-20 10:36:51.683350,1679.7,149922.0,122759.0
2025-06-20 10:36:52.302507,1679.7,149446.0,122741.0
2025-06-20 10:36:53.219937,1679.7,149446.0,122741.0
2025-06-20 10:36:53.708657,1679.7,149446.0,122741.0
2025-06-20 10:36:54.509705,1679.7,149446.0,122741.0
2025-06-20 10:36:55.707290,1679.7,149446.0,122741.0
2025-06-20 10:36:55.751147,1679.7,149446.0,122741.0
2025-06-20 10:36:57.368848,1679.7,149446.0,122741.0
2025-06-20 10:36:57.803853,1679.7,149342.0,123616.0
2025-06-20 10:36:59.713843,1679.6,149342.0,123616.0
2025-06-20 10:37:01.707261,1679.6,149342.0,123616.0
2025-06-20 10:37:03.609513,1679.6,149882.0,121349.0
2025-06-20 10:37:03.709841,1679.8,149882.0,121349.0
2025-06-20 10:37:05.704976,1679.8,149882.0,121349.0
2025-06-20 10:37:07.712316,1679.9,149882.0,121349.0
2025-06-20 10:37:09.719694,1679.9,152969.0,121126.0
2025-06-20 10:37:11.719770,1680.0,152969.0,121126.0
2025-06-20 10:37:15.514918,1680.0,150464.0,119187.0
2025-06-20 10:37:15.710095,1680.0,150464.0,119187.0
2025-06-20 10:37:20.736848,1680.0,150464.0,119187.0
2025-06-20 10:37:21.036108,1680.0,150037.0,119543.0
2025-06-20 10:37:23.712211,1680.4,150037.0,119543.0
2025-06-20 10:37:26.744884,1680.4,150225.0,120864.0
2025-06-20 10:37:29.719472,1680.0,150225.0,120864.0
2025-06-20 10:37:32.226373,1680.0,150030.0,120821.0
2025-06-20 10:37:32.709871,1679.6,150030.0,120821.0
2025-06-20 10:37:35.712334,1679.6,150030.0,120821.0
2025-06-20 10:37:37.770813,1679.6,150001.0,120558.0
2025-06-20 10:37:38.708986,1679.8,150001.0,120558.0
2025-06-20 10:37:41.711485,1679.8,150001.0,120558.0
2025-06-20 10:37:43.557155,1680.6,149753.0,121305.0
2025-06-20 10:37:44.712344,1679.8,149753.0,121305.0
2025-06-20 10:37:47.711227,1679.1,149753.0,121305.0
2025-06-20 10:37:49.137903,1679.1,149962.0,122453.0
2025-06-20 10:37:50.711326,1679.6,149962.0,122453.0
2025-06-20 10:37:53.713165,1679.6,149962.0,122453.0
2025-06-20 10:37:54.645600,1679.8,150237.0,121832.0
2025-06-20 10:37:56.713933,1680.5,150237.0,121832.0
2025-06-20 10:38:00.457069,1680.5,150050.0,121103.0
2025-06-20 10:38:01.456344,1680.0,149997.0,121238.0
2025-06-20 10:38:01.708820,1680.2,149997.0,121238.0
2025-06-20 10:38:02.545795,1680.9,149683.0,121179.0
2025-06-20 10:38:02.710257,1679.7,149683.0,121179.0
2025-06-20 10:38:03.547069,1679.7,149529.0,123182.0
2025-06-20 10:38:03.707717,1679.3,149529.0,123182.0
2025-06-20 10:38:04.648155,1679.3,150045.0,123101.0
2025-06-20 10:38:04.704714,1679.6,150045.0,123101.0
2025-06-20 10:38:05.708947,1679.7,150045.0,123101.0
2025-06-20 10:38:06.147651,1679.7,150383.0,122655.0
2025-06-20 10:38:06.708318,1680.1,150383.0,122655.0
2025-06-20 10:38:07.250886,1680.1,150116.0,121909.0
2025-06-20 10:38:07.707897,1680.0,150116.0,121909.0
2025-06-20 10:38:08.249910,1680.0,150181.0,122003.0
2025-06-20 10:38:09.250821,1680.0,149917.0,122445.0
2025-06-20 10:38:10.257609,1680.0,150274.0,122926.0
2025-06-20 10:38:11.407235,1679.7,149929.0,122958.0
2025-06-20 10:38:11.754376,1679.7,149929.0,122958.0
2025-06-20 10:38:13.158060,1679.7,149953.0,122091.0
2025-06-20 10:38:14.160533,1679.7,150022.0,121813.0
2025-06-20 10:38:15.255995,1679.7,150031.0,121850.0
2025-06-20 10:38:16.358418,1679.7,149920.0,122152.0
2025-06-20 10:38:17.360356,1679.7,149997.0,122778.0
2025-06-20 10:38:18.558697,1679.7,149926.0,122706.0
2025-06-20 10:38:19.488074,1679.7,149709.0,122964.0
2025-06-20 10:38:20.560364,1679.7,149706.0,122901.0
2025-06-20 10:38:21.660855,1679.7,149635.0,122112.0
2025-06-20 10:38:22.762539,1679.7,149820.0,122190.0
2025-06-20 10:38:23.768654,1679.7,149818.0,122224.0
2025-06-20 10:38:24.766400,1679.7,149817.0,122111.0
2025-06-20 10:38:25.766683,1679.7,149841.0,122144.0
2025-06-20 10:38:26.708290,1679.7,149841.0,122144.0
2025-06-20 10:38:26.768480,1679.7,149840.0,122156.0
2025-06-20 10:38:27.870625,1679.7,149715.0,122066.0
2025-06-20 10:38:29.568528,1679.7,149727.0,122036.0
2025-06-20 10:38:30.507841,1679.7,149698.0,122037.0
2025-06-20 10:38:31.565451,1679.7,149669.0,122065.0
2025-06-20 10:38:32.519605,1679.7,149687.0,122082.0
2025-06-20 10:38:33.503951,1680.0,149759.0,122061.0
2025-06-20 10:38:33.726296,1680.0,149759.0,122061.0
2025-06-20 10:38:34.575244,1680.0,149775.0,122050.0
2025-06-20 10:38:34.708166,1680.0,149775.0,122050.0
2025-06-20 10:38:35.489025,1680.0,149706.0,122058.0
2025-06-20 10:38:36.698306,1680.0,149673.0,122089.0
2025-06-20 10:38:37.576245,1680.0,149706.0,122086.0
2025-06-20 10:38:38.578440,1680.0,149613.0,122168.0
2025-06-20 10:38:39.578951,1680.0,149672.0,122168.0
2025-06-20 10:38:40.579143,1680.0,149632.0,122199.0
2025-06-20 10:38:41.579313,1680.2,148340.0,121983.0
2025-06-20 10:38:41.718686,1679.7,148340.0,121983.0
2025-06-20 10:38:42.581202,1679.7,149083.0,122235.0
2025-06-20 10:38:42.709961,1679.8,149083.0,122235.0
2025-06-20 10:38:43.680287,1679.8,149078.0,122350.0
2025-06-20 10:38:43.708174,1679.9,149078.0,122350.0
2025-06-20 10:38:44.763566,1679.9,149073.0,122385.0
2025-06-20 10:38:44.790683,1679.9,149073.0,122385.0
2025-06-20 10:38:45.683653,1679.9,149112.0,122379.0
2025-06-20 10:38:46.686596,1679.9,149020.0,122514.0
2025-06-20 10:38:46.715669,1679.9,149020.0,122514.0
2025-06-20 10:38:47.683976,1679.9,149074.0,122515.0
2025-06-20 10:38:47.733528,1679.9,149074.0,122515.0
2025-06-20 10:38:48.689098,1679.9,149073.0,122485.0
2025-06-20 10:38:49.686812,1679.6,147432.0,125358.0
2025-06-20 10:38:49.712362,1679.0,147432.0,125358.0
2025-06-20 10:38:50.720679,1679.0,147432.0,125358.0
2025-06-20 10:38:50.789509,1679.0,148287.0,125935.0
2025-06-20 10:38:51.707958,1679.0,148287.0,125935.0
2025-06-20 10:38:51.787073,1679.0,148349.0,125852.0
2025-06-20 10:38:52.688810,1679.0,148312.0,126084.0
2025-06-20 10:38:52.708555,1679.0,148312.0,126084.0
2025-06-20 10:38:53.790343,1679.0,148313.0,125987.0
2025-06-20 10:38:54.892564,1679.0,148210.0,125360.0
2025-06-20 10:38:56.017117,1679.0,148841.0,124899.0
2025-06-20 10:38:57.092274,1679.0,149311.0,124906.0
2025-06-20 10:38:58.091497,1679.0,149085.0,124958.0
2025-06-20 10:38:59.350800,1679.0,149120.0,125015.0
2025-06-20 10:39:00.301598,1679.0,149481.0,124645.0
2025-06-20 10:39:00.707552,1679.0,149481.0,124645.0
2025-06-20 10:39:01.596497,1679.0,149456.0,124947.0
2025-06-20 10:39:02.713986,1679.0,149456.0,124947.0
2025-06-20 10:39:06.720075,1679.6,149456.0,124947.0
2025-06-20 10:39:07.600213,1679.6,149154.0,124744.0
2025-06-20 10:39:08.714937,1679.1,149154.0,124744.0
2025-06-20 10:39:12.717791,1679.6,149154.0,124744.0
2025-06-20 10:39:13.205809,1679.1,149231.0,125056.0
2025-06-20 10:39:14.725626,1679.1,149231.0,125056.0
2025-06-20 10:39:16.716660,1679.6,149231.0,125056.0
2025-06-20 10:39:18.610907,1679.0,148799.0,126072.0
2025-06-20 10:39:18.711594,1679.0,148799.0,126072.0
2025-06-20 10:39:20.716940,1679.6,148799.0,126072.0
2025-06-20 10:39:24.217700,1678.9,148903.0,124764.0
2025-06-20 10:39:24.713039,1679.0,148903.0,124764.0
2025-06-20 10:39:29.929648,1679.0,148904.0,125311.0
2025-06-20 10:39:30.716805,1679.0,148904.0,125311.0
2025-06-20 10:39:36.123482,1679.0,149210.0,124963.0
2025-06-20 10:39:36.715600,1679.6,149210.0,124963.0
2025-06-20 10:39:38.718028,1679.1,149210.0,124963.0
2025-06-20 10:39:42.350347,1679.1,148534.0,125364.0
2025-06-20 10:39:42.743849,1679.1,148534.0,125364.0
2025-06-20 10:39:44.634520,1679.1,148534.0,125364.0
2025-06-20 10:39:45.039280,1679.1,148534.0,125364.0
2025-06-20 10:39:46.060195,1679.1,148534.0,125364.0
2025-06-20 10:39:46.796889,1679.6,148534.0,125364.0
2025-06-20 10:39:46.956453,1679.6,148534.0,125364.0
2025-06-20 10:39:47.420509,1679.6,148534.0,125364.0
2025-06-20 10:39:48.442541,1679.6,148534.0,125364.0
2025-06-20 10:39:48.458111,1679.6,147924.0,125348.0
2025-06-20 10:39:48.765298,1679.1,147924.0,125348.0
2025-06-20 10:39:48.858737,1679.1,147924.0,125348.0
2025-06-20 10:39:49.807795,1679.1,147924.0,125348.0
2025-06-20 10:39:51.247265,1679.1,147924.0,125348.0
2025-06-20 10:39:52.161342,1679.1,147924.0,125348.0
2025-06-20 10:39:53.829196,1679.1,147924.0,125348.0
2025-06-20 10:39:54.238673,1679.1,148632.0,124646.0
2025-06-20 10:39:54.730436,1679.1,148632.0,124646.0
2025-06-20 10:39:55.031708,1679.1,148632.0,124646.0
2025-06-20 10:39:56.234212,1679.1,148632.0,124646.0
2025-06-20 10:39:56.714695,1679.1,148632.0,124646.0
2025-06-20 10:39:57.874686,1679.1,148632.0,124646.0
2025-06-20 10:39:58.730626,1679.7,148632.0,124646.0
2025-06-20 10:40:00.144628,1679.7,148251.0,124929.0
2025-06-20 10:40:00.715167,1679.1,148251.0,124929.0
2025-06-20 10:40:06.149561,1679.1,148020.0,125216.0
2025-06-20 10:40:06.729139,1679.1,148020.0,125216.0
2025-06-20 10:40:08.732009,1679.1,148020.0,125216.0
2025-06-20 10:40:12.053032,1679.1,147014.0,124758.0
2025-06-20 10:40:12.730548,1678.8,147014.0,124758.0
2025-06-20 10:40:18.159530,1678.8,146808.0,125366.0
2025-06-20 10:40:18.737114,1678.6,146808.0,125366.0
2025-06-20 10:40:21.725241,1678.6,146808.0,125366.0
2025-06-20 10:40:24.186717,1678.6,146572.0,126211.0
2025-06-20 10:40:24.751690,1678.6,146572.0,126211.0
2025-06-20 10:40:29.776740,1678.6,145308.0,127159.0
2025-06-20 10:40:31.737538,1678.5,145308.0,127159.0
2025-06-20 10:40:35.269807,1678.5,145280.0,127309.0
2025-06-20 10:40:35.757790,1678.5,145280.0,127309.0
2025-06-20 10:40:39.738212,1678.5,145280.0,127309.0
2025-06-20 10:40:40.786297,1678.5,145147.0,127982.0
2025-06-20 10:40:41.730955,1678.0,145147.0,127982.0
2025-06-20 10:40:49.726875,1678.0,145147.0,127982.0
2025-06-20 10:40:52.181494,1678.0,148273.0,128322.0
2025-06-20 10:40:55.734479,1678.1,148273.0,128322.0
2025-06-20 10:40:57.740314,1678.4,148273.0,128322.0
2025-06-20 10:40:57.890207,1678.4,148888.0,125920.0
2025-06-20 10:41:00.732223,1678.6,148888.0,125920.0
2025-06-20 10:41:03.797492,1678.6,145029.0,124990.0
2025-06-20 10:41:04.728789,1678.6,145029.0,124990.0
2025-06-20 10:41:08.727205,1679.3,145029.0,124990.0
2025-06-20 10:41:10.198729,1679.3,145619.0,127480.0
2025-06-20 10:41:10.742756,1678.3,145619.0,127480.0
2025-06-20 10:41:16.207850,1678.3,145729.0,126535.0
2025-06-20 10:41:16.735164,1678.3,145729.0,126535.0
2025-06-20 10:41:22.033010,1678.3,145721.0,126443.0
2025-06-20 10:41:22.730514,1678.3,145721.0,126443.0
2025-06-20 10:41:25.730059,1678.6,145721.0,126443.0
2025-06-20 10:41:27.818190,1678.6,145511.0,126389.0
2025-06-20 10:41:28.746380,1678.6,145511.0,126389.0
2025-06-20 10:41:34.116820,1678.6,145290.0,127391.0
2025-06-20 10:41:36.733778,1678.6,145290.0,127391.0
2025-06-20 10:41:39.749279,1678.6,145290.0,127391.0
2025-06-20 10:41:40.435194,1678.6,145432.0,126922.0
2025-06-20 10:41:42.732392,1678.5,145432.0,126922.0
2025-06-20 10:41:45.740232,1678.6,145432.0,126922.0
2025-06-20 10:41:46.559624,1678.6,145113.0,127092.0
2025-06-20 10:41:46.748722,1678.5,145113.0,127092.0
2025-06-20 10:41:51.760884,1678.5,145113.0,127092.0
2025-06-20 10:41:52.047571,1678.5,145168.0,128145.0
2025-06-20 10:41:53.736380,1678.5,145168.0,128145.0
2025-06-20 10:41:55.732309,1678.5,145168.0,128145.0
2025-06-20 10:41:57.129132,1678.5,145473.0,127773.0
2025-06-20 10:41:57.760782,1678.5,145473.0,127773.0
2025-06-20 10:42:02.329306,1678.5,145408.0,128125.0
2025-06-20 10:42:05.737314,1678.5,145408.0,128125.0
2025-06-20 10:42:07.747601,1678.4,145408.0,128125.0
2025-06-20 10:42:07.834749,1678.4,144144.0,129670.0
2025-06-20 10:42:09.732879,1678.0,144144.0,129670.0
2025-06-20 10:42:13.468131,1678.0,146392.0,129039.0
2025-06-20 10:42:13.744933,1677.8,146392.0,129039.0
2025-06-20 10:42:17.745388,1677.8,146392.0,129039.0
2025-06-20 10:42:19.052740,1677.8,147943.0,127845.0
2025-06-20 10:42:19.749955,1677.8,147943.0,127845.0
2025-06-20 10:42:24.847704,1677.8,144651.0,127600.0
2025-06-20 10:42:27.747383,1677.8,144651.0,127600.0
2025-06-20 10:42:30.648341,1677.8,147673.0,128051.0
2025-06-20 10:42:31.789437,1677.8,147673.0,128051.0
2025-06-20 10:42:33.777793,1678.0,147673.0,128051.0
2025-06-20 10:42:36.558049,1678.0,147644.0,127832.0
2025-06-20 10:42:37.780293,1677.8,147644.0,127832.0
2025-06-20 10:42:41.987651,1677.8,147644.0,127832.0
2025-06-20 10:42:42.255257,1677.8,147552.0,129232.0
2025-06-20 10:42:44.806671,1677.8,147552.0,129232.0
2025-06-20 10:42:45.069568,1677.8,147552.0,129232.0
2025-06-20 10:42:46.129085,1677.8,147552.0,129232.0
2025-06-20 10:42:47.395732,1677.8,147552.0,129232.0
2025-06-20 10:42:48.069609,1677.8,147552.0,129232.0
2025-06-20 10:42:48.158386,1677.8,147593.0,129233.0
2025-06-20 10:42:48.552765,1677.8,147593.0,129233.0
2025-06-20 10:42:49.085305,1677.8,147593.0,129233.0
2025-06-20 10:42:50.480022,1677.8,147593.0,129233.0
2025-06-20 10:42:50.812003,1677.8,147593.0,129233.0
2025-06-20 10:42:51.867610,1677.8,147593.0,129233.0
2025-06-20 10:42:52.861752,1677.8,147593.0,129233.0
2025-06-20 10:42:54.062273,1677.8,147123.0,129723.0
2025-06-20 10:42:54.356915,1677.8,147123.0,129723.0
2025-06-20 10:42:54.735572,1677.8,147123.0,129723.0
2025-06-20 10:42:55.635676,1677.8,147123.0,129723.0
2025-06-20 10:42:56.890812,1677.8,147123.0,129723.0
2025-06-20 10:42:58.555901,1677.8,147123.0,129723.0
2025-06-20 10:43:01.179792,1677.8,147583.0,129226.0
2025-06-20 10:43:02.751616,1678.0,147583.0,129226.0
2025-06-20 10:43:04.862058,1678.0,144306.0,129351.0
2025-06-20 10:43:06.744289,1677.8,144306.0,129351.0
2025-06-20 10:43:08.738672,1677.8,144306.0,129351.0
2025-06-20 10:43:10.269274,1677.8,144488.0,129200.0
2025-06-20 10:43:10.740935,1677.8,144488.0,129200.0
2025-06-20 10:43:12.742044,1677.8,144488.0,129200.0
2025-06-20 10:43:14.748109,1677.8,144488.0,129200.0
2025-06-20 10:43:15.574503,1677.8,144344.0,129488.0
2025-06-20 10:43:16.745114,1677.8,144344.0,129488.0
2025-06-20 10:43:20.743162,1678.0,144344.0,129488.0
2025-06-20 10:43:21.374853,1678.0,144317.0,129336.0
2025-06-20 10:43:22.740438,1678.0,144317.0,129336.0
2025-06-20 10:43:24.738736,1677.8,144317.0,129336.0
2025-06-20 10:43:27.079142,1677.8,144049.0,129481.0
2025-06-20 10:43:28.766135,1677.8,144049.0,129481.0
2025-06-20 10:43:32.585732,1677.9,144230.0,129249.0
2025-06-20 10:43:32.748273,1677.9,144230.0,129249.0
2025-06-20 10:43:34.739784,1677.8,144230.0,129249.0
2025-06-20 10:43:38.294303,1677.7,142640.0,130283.0
2025-06-20 10:43:38.745998,1677.1,142640.0,130283.0
2025-06-20 10:43:43.719361,1677.1,142550.0,130026.0
2025-06-20 10:43:44.739369,1677.1,142550.0,130026.0
2025-06-20 10:43:46.770216,1677.7,142550.0,130026.0
2025-06-20 10:43:48.751678,1677.1,142550.0,130026.0
2025-06-20 10:43:48.911291,1677.1,145226.0,130532.0
2025-06-20 10:43:50.751938,1677.1,145226.0,130532.0
2025-06-20 10:43:54.696848,1677.1,145152.0,130359.0
2025-06-20 10:43:54.750585,1677.2,145152.0,130359.0
2025-06-20 10:43:56.752816,1677.1,145152.0,130359.0
2025-06-20 10:43:58.744612,1677.1,145152.0,130359.0
2025-06-20 10:44:00.231580,1677.1,144651.0,131024.0
2025-06-20 10:44:00.745292,1677.1,144651.0,131024.0
2025-06-20 10:44:05.808237,1677.1,144452.0,130936.0
2025-06-20 10:44:06.750150,1677.1,144452.0,130936.0
2025-06-20 10:44:11.113079,1677.1,144580.0,130586.0
2025-06-20 10:44:12.762430,1677.0,144580.0,130586.0
2025-06-20 10:44:16.771737,1677.0,144580.0,130586.0
2025-06-20 10:44:16.957184,1677.0,141556.0,131736.0
2025-06-20 10:44:18.748264,1677.0,141556.0,131736.0
2025-06-20 10:44:22.638907,1677.0,141896.0,132178.0
2025-06-20 10:44:22.784868,1676.4,141896.0,132178.0
2025-06-20 10:44:26.757719,1677.0,141896.0,132178.0
2025-06-20 10:44:28.228063,1676.5,144646.0,131724.0
2025-06-20 10:44:28.746351,1676.4,144646.0,131724.0
2025-06-20 10:44:32.761971,1676.3,144646.0,131724.0
2025-06-20 10:44:33.726836,1676.3,144703.0,132453.0
2025-06-20 10:44:34.754210,1676.3,144703.0,132453.0
2025-06-20 10:44:36.761784,1676.3,144703.0,132453.0
2025-06-20 10:44:39.230725,1676.3,144415.0,132135.0
2025-06-20 10:44:40.758353,1676.3,144415.0,132135.0
2025-06-20 10:44:42.747934,1677.0,144415.0,132135.0
2025-06-20 10:44:44.734871,1677.0,145544.0,130026.0
2025-06-20 10:44:44.747005,1677.0,145544.0,130026.0
2025-06-20 10:44:46.758440,1676.2,145544.0,130026.0
2025-06-20 10:44:50.232135,1676.3,142377.0,131765.0
2025-06-20 10:44:50.756015,1676.3,142377.0,131765.0
2025-06-20 10:44:55.236148,1676.3,141854.0,132140.0
2025-06-20 10:44:56.746848,1676.1,141854.0,132140.0
2025-06-20 10:45:00.342809,1676.9,145788.0,129595.0
2025-06-20 10:45:00.741418,1676.8,145788.0,129595.0
2025-06-20 10:45:05.773506,1676.8,145788.0,129595.0
2025-06-20 10:45:05.951216,1676.8,142508.0,129368.0
2025-06-20 10:45:08.749491,1676.9,142508.0,129368.0
2025-06-20 10:45:11.254099,1677.0,142786.0,129437.0
2025-06-20 10:45:11.753872,1676.9,142786.0,129437.0
2025-06-20 10:45:14.777303,1676.9,142786.0,129437.0
2025-06-20 10:45:16.787450,1676.9,142230.0,129691.0
2025-06-20 10:45:17.768633,1676.9,142230.0,129691.0
2025-06-20 10:45:20.763523,1677.1,142230.0,129691.0
2025-06-20 10:45:22.579637,1676.9,142756.0,129872.0
2025-06-20 10:45:23.780389,1676.8,142756.0,129872.0
2025-06-20 10:45:27.967300,1676.8,142677.0,130293.0
2025-06-20 10:45:28.760803,1676.5,142677.0,130293.0
2025-06-20 10:45:32.793944,1676.5,142677.0,130293.0
2025-06-20 10:45:33.074822,1676.9,145723.0,130144.0
2025-06-20 10:45:33.795071,1676.5,145723.0,130144.0
2025-06-20 10:45:38.270432,1676.5,145427.0,130652.0
2025-06-20 10:45:43.888264,1676.5,145514.0,130720.0
2025-06-20 10:45:45.441507,1676.5,145514.0,130720.0
2025-06-20 10:45:46.171354,1676.5,145514.0,130720.0
2025-06-20 10:45:47.178943,1676.5,145514.0,130720.0
2025-06-20 10:45:48.243572,1676.5,145514.0,130720.0
2025-06-20 10:45:48.748855,1676.4,145514.0,130720.0
2025-06-20 10:45:49.190020,1676.4,145732.0,130920.0
2025-06-20 10:45:49.300465,1676.4,145732.0,130920.0
2025-06-20 10:45:50.681528,1676.4,145732.0,130920.0
2025-06-20 10:45:50.751365,1676.5,145732.0,130920.0
2025-06-20 10:45:52.148649,1676.5,145732.0,130920.0
2025-06-20 10:45:52.748284,1676.9,145732.0,130920.0
2025-06-20 10:45:53.077672,1676.9,145732.0,130920.0
2025-06-20 10:45:54.635062,1676.9,145732.0,130920.0
2025-06-20 10:45:54.796846,1676.9,145760.0,130065.0
2025-06-20 10:45:55.873526,1676.9,145760.0,130065.0
2025-06-20 10:45:56.751650,1676.7,145760.0,130065.0
2025-06-20 10:45:57.207549,1676.7,145760.0,130065.0
2025-06-20 10:45:58.790334,1676.7,145760.0,130065.0
2025-06-20 10:46:00.486729,1676.6,142557.0,129968.0
2025-06-20 10:46:00.742059,1676.6,142557.0,129968.0
2025-06-20 10:46:02.807786,1677.1,142557.0,129968.0
2025-06-20 10:46:04.747534,1676.9,142557.0,129968.0
2025-06-20 10:46:05.493770,1676.9,143842.0,128912.0
2025-06-20 10:46:06.750060,1676.9,143842.0,128912.0
2025-06-20 10:46:08.759372,1677.1,143842.0,128912.0
2025-06-20 10:46:11.003181,1677.1,143522.0,129469.0
2025-06-20 10:46:12.756660,1676.9,143522.0,129469.0
2025-06-20 10:46:16.401855,1677.4,143285.0,130200.0
2025-06-20 10:46:16.749629,1676.8,143285.0,130200.0
2025-06-20 10:46:20.751230,1677.5,143285.0,130200.0
2025-06-20 10:46:21.822763,1677.5,143264.0,130097.0
2025-06-20 10:46:22.753260,1677.2,143264.0,130097.0
2025-06-20 10:46:25.803629,1677.5,143264.0,130097.0
2025-06-20 10:46:27.919154,1677.9,143299.0,129090.0
2025-06-20 10:46:28.761455,1677.1,143299.0,129090.0
2025-06-20 10:46:31.760371,1677.1,143299.0,129090.0
2025-06-20 10:46:33.717866,1677.1,143253.0,129742.0
2025-06-20 10:46:34.783427,1677.1,143253.0,129742.0
2025-06-20 10:46:38.815034,1677.1,143319.0,129823.0
2025-06-20 10:46:41.752890,1677.2,143319.0,129823.0
2025-06-20 10:46:43.756138,1677.8,143319.0,129823.0
2025-06-20 10:46:44.118868,1677.8,143738.0,129523.0
2025-06-20 10:46:45.781902,1677.2,143738.0,129523.0
2025-06-20 10:46:49.556483,1677.8,144031.0,128935.0
2025-06-20 10:46:49.766373,1677.3,144031.0,128935.0
2025-06-20 10:46:51.760390,1677.3,144031.0,128935.0
2025-06-20 10:46:53.760839,1677.3,144031.0,128935.0
2025-06-20 10:46:54.946699,1677.3,143906.0,128848.0
2025-06-20 10:46:55.768219,1677.8,143906.0,128848.0
2025-06-20 10:47:00.231387,1677.8,143910.0,129067.0
2025-06-20 10:47:01.757486,1677.7,143910.0,129067.0
2025-06-20 10:47:03.760753,1677.8,143910.0,129067.0
2025-06-20 10:47:05.444669,1677.8,144834.0,128032.0
2025-06-20 10:47:05.763658,1677.6,144834.0,128032.0
2025-06-20 10:47:09.766832,1678.3,144834.0,128032.0
2025-06-20 10:47:10.734353,1678.3,145484.0,126815.0
2025-06-20 10:47:11.776437,1677.8,145484.0,126815.0
2025-06-20 10:47:13.764480,1677.6,145484.0,126815.0
2025-06-20 10:47:15.782812,1677.6,145484.0,126815.0
2025-06-20 10:47:16.137883,1677.6,145122.0,127452.0
2025-06-20 10:47:17.758363,1677.6,145122.0,127452.0
2025-06-20 10:47:19.775073,1677.6,145122.0,127452.0
2025-06-20 10:47:21.745489,1677.6,144648.0,128757.0
2025-06-20 10:47:21.762814,1677.6,144648.0,128757.0
2025-06-20 10:47:24.760846,1677.6,144648.0,128757.0
2025-06-20 10:47:27.774735,1677.6,144648.0,128757.0
2025-06-20 10:47:28.075400,1677.6,145007.0,128024.0
2025-06-20 10:47:30.784041,1677.6,145007.0,128024.0
2025-06-20 10:47:33.776527,1677.6,144969.0,127880.0
2025-06-20 10:47:36.802593,1677.6,144969.0,127880.0
2025-06-20 10:47:39.153740,1678.1,145122.0,127659.0
2025-06-20 10:47:39.756481,1677.6,145122.0,127659.0
2025-06-20 10:47:43.755870,1677.6,145122.0,127659.0
2025-06-20 10:47:44.468085,1677.6,145358.0,128239.0
2025-06-20 10:47:45.763191,1677.6,145358.0,128239.0
2025-06-20 10:47:49.862404,1677.6,145028.0,128343.0
2025-06-20 10:47:51.772229,1677.6,145028.0,128343.0
2025-06-20 10:47:53.767520,1677.9,145028.0,128343.0
2025-06-20 10:47:55.665872,1677.9,145321.0,127995.0
2025-06-20 10:47:55.758683,1677.6,145321.0,127995.0
2025-06-20 10:47:57.774799,1677.9,145321.0,127995.0
2025-06-20 10:48:01.370100,1677.6,145304.0,127916.0
2025-06-20 10:48:01.759636,1677.6,145304.0,127916.0
2025-06-20 10:48:03.771630,1677.6,145304.0,127916.0
2025-06-20 10:48:05.805479,1677.6,145304.0,127916.0
2025-06-20 10:48:07.082684,1677.6,145464.0,128101.0
2025-06-20 10:48:07.769738,1677.6,145464.0,128101.0
2025-06-20 10:48:11.763609,1677.9,145464.0,128101.0
2025-06-20 10:48:12.581176,1677.9,146257.0,126959.0
2025-06-20 10:48:13.775357,1677.6,146257.0,126959.0
2025-06-20 10:48:17.758544,1678.2,146257.0,126959.0
2025-06-20 10:48:17.878221,1678.2,147340.0,124815.0
2025-06-20 10:48:18.763380,1678.2,147340.0,124815.0
2025-06-20 10:48:21.784346,1678.4,147340.0,124815.0
2025-06-20 10:48:23.379789,1678.8,149465.0,123356.0
2025-06-20 10:48:23.766822,1678.7,149465.0,123356.0
2025-06-20 10:48:25.763176,1678.7,149465.0,123356.0
2025-06-20 10:48:27.882612,1678.7,149465.0,123356.0
2025-06-20 10:48:28.766162,1678.8,149465.0,123356.0
2025-06-20 10:48:29.086385,1678.8,149666.0,124128.0
2025-06-20 10:48:31.770880,1678.7,149666.0,124128.0
2025-06-20 10:48:34.586381,1678.7,149692.0,124084.0
2025-06-20 10:48:35.785679,1678.8,149692.0,124084.0
2025-06-20 10:48:39.769078,1678.7,149692.0,124084.0
2025-06-20 10:48:39.888153,1678.7,149292.0,124607.0
2025-06-20 10:48:41.766485,1678.8,149292.0,124607.0
2025-06-20 10:48:43.765556,1678.8,149292.0,124607.0
2025-06-20 10:48:45.600160,1678.8,149399.0,124243.0
2025-06-20 10:48:45.768984,1678.8,149399.0,124243.0
2025-06-20 10:48:45.971194,1678.8,149399.0,124243.0
2025-06-20 10:48:46.352938,1678.8,149399.0,124243.0
2025-06-20 10:48:47.095694,1678.8,149399.0,124243.0
2025-06-20 10:48:48.103498,1678.8,149399.0,124243.0
2025-06-20 10:48:49.319518,1678.8,149399.0,124243.0
2025-06-20 10:48:49.764007,1679.4,149399.0,124243.0
2025-06-20 10:48:49.880396,1679.4,149399.0,124243.0
2025-06-20 10:48:50.307298,1679.4,149399.0,124243.0
2025-06-20 10:48:51.098146,1678.8,149340.0,122877.0
2025-06-20 10:48:51.269125,1678.8,149340.0,122877.0
2025-06-20 10:48:51.769687,1678.8,149340.0,122877.0
2025-06-20 10:48:52.691017,1678.8,149340.0,122877.0
2025-06-20 10:48:53.611322,1678.8,149340.0,122877.0
2025-06-20 10:48:53.781265,1679.6,149340.0,122877.0
2025-06-20 10:48:55.169738,1679.6,149340.0,122877.0
2025-06-20 10:48:56.494261,1679.6,149340.0,122877.0
2025-06-20 10:48:56.532458,1679.2,149222.0,123398.0
2025-06-20 10:48:56.770522,1678.5,149222.0,123398.0
2025-06-20 10:48:57.708406,1678.5,149222.0,123398.0
2025-06-20 10:48:59.323458,1678.5,149222.0,123398.0
2025-06-20 10:49:01.921320,1678.8,150043.0,123304.0
2025-06-20 10:49:02.767960,1678.7,150043.0,123304.0
2025-06-20 10:49:05.766294,1678.7,150043.0,123304.0
2025-06-20 10:49:07.821805,1678.7,149921.0,123452.0
2025-06-20 10:49:08.770577,1678.7,149921.0,123452.0
2025-06-20 10:49:11.767158,1678.9,149921.0,123452.0
2025-06-20 10:49:13.451193,1679.5,152906.0,123030.0
2025-06-20 10:49:14.792136,1678.8,152906.0,123030.0
2025-06-20 10:49:18.935590,1679.1,150270.0,121986.0
2025-06-20 10:49:20.764033,1679.0,150270.0,121986.0
2025-06-20 10:49:22.772271,1679.0,150270.0,121986.0
2025-06-20 10:49:24.228466,1680.0,151852.0,120178.0
2025-06-20 10:49:24.767459,1679.4,151852.0,120178.0
2025-06-20 10:49:26.779366,1679.4,151852.0,120178.0
2025-06-20 10:49:28.768937,1679.6,151852.0,120178.0
2025-06-20 10:49:30.125408,1679.6,151518.0,120230.0
2025-06-20 10:49:30.766671,1679.6,151518.0,120230.0
2025-06-20 10:49:32.785813,1679.6,151518.0,120230.0
2025-06-20 10:49:33.786823,1679.6,151518.0,120230.0
2025-06-20 10:49:35.736670,1679.6,151390.0,119199.0
2025-06-20 10:49:36.766806,1679.6,151390.0,119199.0
2025-06-20 10:49:40.777593,1679.4,151390.0,119199.0
2025-06-20 10:49:41.265905,1679.4,151120.0,120220.0
2025-06-20 10:49:42.770791,1679.3,151120.0,120220.0
2025-06-20 10:49:46.339465,1679.3,152106.0,119876.0
2025-06-20 10:49:46.791073,1680.0,152106.0,119876.0
2025-06-20 10:49:48.816599,1679.9,152106.0,119876.0
2025-06-20 10:49:50.780842,1679.8,152106.0,119876.0
2025-06-20 10:49:51.745435,1679.8,151896.0,118644.0
2025-06-20 10:49:52.767066,1679.8,151896.0,118644.0
2025-06-20 10:49:54.805777,1679.8,151896.0,118644.0
2025-06-20 10:49:55.795229,1680.1,151896.0,118644.0
2025-06-20 10:49:56.956612,1680.1,153033.0,117624.0
2025-06-20 10:49:58.813243,1680.4,153033.0,117624.0
2025-06-20 10:50:00.823942,1681.3,153033.0,117624.0
2025-06-20 10:50:01.350537,1681.3,153669.0,116663.0
2025-06-20 10:50:01.798748,1680.6,153669.0,116663.0
2025-06-20 10:50:02.352456,1680.6,153651.0,116711.0
2025-06-20 10:50:02.790792,1680.6,153651.0,116711.0
2025-06-20 10:50:03.359352,1680.6,153665.0,116680.0
2025-06-20 10:50:03.792997,1680.6,153665.0,116680.0
2025-06-20 10:50:04.351007,1680.6,153898.0,115876.0
2025-06-20 10:50:05.452818,1680.6,153863.0,115995.0
2025-06-20 10:50:06.567469,1680.6,153891.0,115937.0
2025-06-20 10:50:07.655651,1680.6,153890.0,115948.0
2025-06-20 10:50:08.758576,1680.6,153693.0,115478.0
2025-06-20 10:50:09.760045,1680.6,155338.0,114871.0
2025-06-20 10:50:10.856663,1680.6,155343.0,114847.0
2025-06-20 10:50:12.047889,1681.1,154885.0,114934.0
2025-06-20 10:50:12.793091,1681.1,154885.0,114934.0
2025-06-20 10:50:13.387594,1681.1,154795.0,114932.0
2025-06-20 10:50:13.786433,1681.1,154795.0,114932.0
2025-06-20 10:50:14.362296,1681.1,154643.0,115082.0
2025-06-20 10:50:15.363500,1681.1,154654.0,115106.0
2025-06-20 10:50:16.366935,1681.5,154847.0,115049.0
2025-06-20 10:50:16.976886,1681.1,154847.0,115049.0
2025-06-20 10:50:17.367924,1681.1,155022.0,115014.0
2025-06-20 10:50:18.366932,1681.6,155536.0,114457.0
2025-06-20 10:50:18.810369,1681.6,155536.0,114457.0
2025-06-20 10:50:19.366943,1681.6,155853.0,113396.0
2025-06-20 10:50:19.789858,1681.6,155853.0,113396.0
2025-06-20 10:50:20.264222,1681.6,156046.0,114003.0
2025-06-20 10:50:20.818022,1681.5,156046.0,114003.0
2025-06-20 10:50:21.366497,1681.5,155816.0,113887.0
2025-06-20 10:50:22.365283,1681.5,155793.0,114119.0
2025-06-20 10:50:22.791143,1681.5,155793.0,114119.0
2025-06-20 10:50:23.468076,1681.5,158832.0,114084.0
2025-06-20 10:50:23.825634,1681.6,158832.0,114084.0
2025-06-20 10:50:24.579354,1681.6,158795.0,114131.0
2025-06-20 10:50:25.667092,1681.6,158734.0,113946.0
2025-06-20 10:50:26.843797,1681.6,158706.0,114071.0
2025-06-20 10:50:27.669942,1682.1,160230.0,111065.0
2025-06-20 10:50:27.821185,1682.1,160230.0,111065.0
2025-06-20 10:50:29.010991,1682.0,160230.0,111065.0
2025-06-20 10:50:29.014267,1682.0,160238.0,111981.0
2025-06-20 10:50:29.811616,1682.0,160238.0,111981.0
2025-06-20 10:50:29.871322,1682.0,157169.0,112185.0
2025-06-20 10:50:30.824209,1682.0,157169.0,112185.0
2025-06-20 10:50:30.844079,1682.0,156968.0,112254.0
2025-06-20 10:50:31.770994,1681.9,156968.0,112254.0
2025-06-20 10:50:31.872094,1681.9,157167.0,112275.0
2025-06-20 10:50:32.811826,1681.9,157167.0,112275.0
2025-06-20 10:50:32.872429,1681.9,157072.0,112520.0
2025-06-20 10:50:33.806048,1681.9,157072.0,112520.0
2025-06-20 10:50:33.983147,1681.9,156998.0,112842.0
2025-06-20 10:50:34.791377,1681.9,156998.0,112842.0
2025-06-20 10:50:34.976155,1681.9,156983.0,112595.0
2025-06-20 10:50:35.804562,1682.0,156983.0,112595.0
2025-06-20 10:50:36.089647,1682.0,157051.0,112836.0
2025-06-20 10:50:37.184859,1682.0,156961.0,112787.0
2025-06-20 10:50:37.981177,1682.0,156961.0,112787.0
2025-06-20 10:50:38.280240,1682.0,156960.0,112787.0
2025-06-20 10:50:39.383494,1682.0,156882.0,112711.0
2025-06-20 10:50:40.481849,1682.0,156910.0,112386.0
2025-06-20 10:50:41.001138,1682.3,156910.0,112386.0
2025-06-20 10:50:41.588898,1682.3,156578.0,112388.0
2025-06-20 10:50:42.592660,1682.3,156662.0,112332.0
2025-06-20 10:50:42.775822,1682.3,156662.0,112332.0
2025-06-20 10:50:44.281681,1682.3,157247.0,111643.0
2025-06-20 10:50:45.280632,1682.3,157427.0,111590.0
2025-06-20 10:50:45.773345,1682.5,157427.0,111590.0
2025-06-20 10:50:46.282817,1682.5,157144.0,111207.0
2025-06-20 10:50:47.010370,1682.5,157144.0,111207.0
2025-06-20 10:50:47.381258,1682.5,157160.0,111322.0
2025-06-20 10:50:47.809116,1683.2,157160.0,111322.0
2025-06-20 10:50:48.482953,1683.2,157173.0,110812.0
2025-06-20 10:50:48.777732,1682.5,157173.0,110812.0
2025-06-20 10:50:49.594732,1682.4,156958.0,111954.0
2025-06-20 10:50:49.797902,1682.4,156958.0,111954.0
2025-06-20 10:50:50.592362,1682.5,157017.0,111596.0
2025-06-20 10:50:50.774726,1682.4,157017.0,111596.0
2025-06-20 10:50:51.626271,1682.5,156974.0,111635.0
2025-06-20 10:50:51.778488,1682.4,156974.0,111635.0
2025-06-20 10:50:52.489411,1682.4,156988.0,111684.0
2025-06-20 10:50:52.788919,1682.4,156988.0,111684.0
2025-06-20 10:50:53.390202,1682.4,156825.0,111838.0
2025-06-20 10:50:53.778761,1682.4,156825.0,111838.0
2025-06-20 10:50:54.387567,1682.5,156825.0,111712.0
2025-06-20 10:50:54.775853,1682.4,156825.0,111712.0
2025-06-20 10:50:55.489890,1682.4,156778.0,111750.0
2025-06-20 10:50:55.783258,1682.4,156778.0,111750.0
2025-06-20 10:50:56.592654,1682.4,156779.0,111819.0
2025-06-20 10:50:56.776494,1682.4,156779.0,111819.0
2025-06-20 10:50:57.592482,1683.0,156668.0,112233.0
2025-06-20 10:50:57.784756,1682.4,156668.0,112233.0
2025-06-20 10:50:58.492492,1682.4,156704.0,112313.0
2025-06-20 10:50:59.492297,1682.4,156744.0,112303.0
2025-06-20 10:50:59.772275,1682.4,156744.0,112303.0
2025-06-20 10:51:02.097354,1682.5,156768.0,112166.0
2025-06-20 10:51:02.794650,1682.4,156768.0,112166.0
2025-06-20 10:51:07.613924,1682.4,156789.0,111149.0
2025-06-20 10:51:12.788866,1682.6,156789.0,111149.0
2025-06-20 10:51:13.108030,1682.6,157282.0,111351.0
2025-06-20 10:51:14.829956,1682.6,157282.0,111351.0
2025-06-20 10:51:18.436910,1682.6,157077.0,112027.0
2025-06-20 10:51:18.800509,1682.4,157077.0,112027.0
2025-06-20 10:51:22.817517,1682.4,157077.0,112027.0
2025-06-20 10:51:23.942012,1682.3,156367.0,114522.0
2025-06-20 10:51:24.796634,1681.4,156367.0,114522.0
2025-06-20 10:51:28.833524,1681.9,156367.0,114522.0
2025-06-20 10:51:29.516255,1681.9,156123.0,115172.0
2025-06-20 10:51:30.825945,1681.3,156123.0,115172.0
2025-06-20 10:51:35.018389,1681.3,155469.0,115530.0
2025-06-20 10:51:36.787145,1681.2,155469.0,115530.0
2025-06-20 10:51:37.799659,1681.2,155469.0,115530.0
2025-06-20 10:51:40.621491,1681.3,155408.0,114709.0
2025-06-20 10:51:40.798147,1681.3,155408.0,114709.0
2025-06-20 10:51:44.818212,1682.0,155408.0,114709.0
2025-06-20 10:51:46.129426,1682.0,155603.0,113055.0
2025-06-20 10:51:46.465079,1682.0,155603.0,113055.0
2025-06-20 10:51:46.796704,1681.8,155603.0,113055.0
2025-06-20 10:51:46.848984,1681.8,155603.0,113055.0
2025-06-20 10:51:47.183676,1681.8,155603.0,113055.0
2025-06-20 10:51:48.208777,1681.8,155603.0,113055.0
2025-06-20 10:51:49.279691,1681.8,155603.0,113055.0
2025-06-20 10:51:50.329260,1681.8,155603.0,113055.0
2025-06-20 10:51:51.774195,1681.8,155603.0,113055.0
2025-06-20 10:51:52.071530,1682.0,155733.0,113226.0
2025-06-20 10:51:52.788107,1682.1,155733.0,113226.0
2025-06-20 10:51:53.275734,1682.1,155733.0,113226.0
2025-06-20 10:51:54.031148,1682.1,155733.0,113226.0
2025-06-20 10:51:55.620774,1682.1,155733.0,113226.0
2025-06-20 10:51:56.842699,1682.1,155733.0,113226.0
2025-06-20 10:51:57.740756,1682.4,155536.0,113558.0
2025-06-20 10:51:58.108468,1682.4,155536.0,113558.0
2025-06-20 10:51:58.796372,1681.9,155536.0,113558.0
2025-06-20 10:51:59.730967,1681.9,155536.0,113558.0
2025-06-20 10:52:03.735635,1681.8,152990.0,112471.0
2025-06-20 10:52:04.790967,1680.6,152990.0,112471.0
2025-06-20 10:52:06.798584,1681.3,152990.0,112471.0
2025-06-20 10:52:08.801447,1681.3,152990.0,112471.0
2025-06-20 10:52:09.138447,1681.3,154464.0,113517.0
2025-06-20 10:52:10.798073,1681.2,154464.0,113517.0
2025-06-20 10:52:12.803457,1681.3,154464.0,113517.0
2025-06-20 10:52:14.798333,1681.1,154464.0,113517.0
2025-06-20 10:52:14.840272,1681.1,155301.0,112651.0
2025-06-20 10:52:16.783882,1681.2,155301.0,112651.0
2025-06-20 10:52:19.819778,1681.5,155301.0,112651.0
2025-06-20 10:52:20.456760,1681.5,155160.0,112026.0
2025-06-20 10:52:21.786619,1681.4,155160.0,112026.0
2025-06-20 10:52:24.782559,1681.9,155160.0,112026.0
2025-06-20 10:52:25.849960,1681.9,155428.0,111406.0
2025-06-20 10:52:27.805083,1681.6,155428.0,111406.0
2025-06-20 10:52:30.796096,1681.7,155428.0,111406.0
2025-06-20 10:52:31.078582,1681.7,155281.0,111444.0
2025-06-20 10:52:32.785895,1681.7,155281.0,111444.0
2025-06-20 10:52:33.803714,1682.1,155281.0,111444.0
2025-06-20 10:52:36.569126,1682.3,155179.0,110010.0
2025-06-20 10:52:36.786477,1682.3,155179.0,110010.0
2025-06-20 10:52:42.256821,1682.3,155635.0,110108.0
2025-06-20 10:52:42.835578,1682.3,155635.0,110108.0
2025-06-20 10:52:46.791621,1682.8,155635.0,110108.0
2025-06-20 10:52:47.467086,1682.8,155523.0,110022.0
2025-06-20 10:52:48.798165,1682.4,155523.0,110022.0
2025-06-20 10:52:50.783684,1682.4,155523.0,110022.0
2025-06-20 10:52:52.871750,1682.4,155686.0,110757.0
2025-06-20 10:52:54.894407,1682.4,155686.0,110757.0
2025-06-20 10:52:58.278307,1682.4,155652.0,111183.0
2025-06-20 10:52:58.796886,1682.4,155652.0,111183.0
2025-06-20 10:53:00.790911,1682.9,155652.0,111183.0
2025-06-20 10:53:03.800028,1682.8,155652.0,111183.0
2025-06-20 10:53:03.876121,1682.8,155550.0,109251.0
2025-06-20 10:53:06.783676,1682.6,155550.0,109251.0
2025-06-20 10:53:10.094233,1682.9,156536.0,109028.0
2025-06-20 10:53:10.789150,1682.8,156536.0,109028.0
2025-06-20 10:53:14.790472,1682.4,156536.0,109028.0
2025-06-20 10:53:16.095003,1682.4,156494.0,109273.0
2025-06-20 10:53:16.790918,1682.8,156494.0,109273.0
2025-06-20 10:53:18.783992,1682.7,156494.0,109273.0
2025-06-20 10:53:20.805718,1682.6,156494.0,109273.0
2025-06-20 10:53:21.491270,1682.6,156840.0,108432.0
2025-06-20 10:53:22.808297,1682.7,156840.0,108432.0
2025-06-20 10:53:26.786923,1683.0,156840.0,108432.0
2025-06-20 10:53:26.989549,1683.0,157420.0,108420.0
2025-06-20 10:53:28.786970,1682.8,157420.0,108420.0
2025-06-20 10:53:30.788593,1683.1,157420.0,108420.0
2025-06-20 10:53:32.494316,1683.1,157000.0,107496.0
2025-06-20 10:53:32.788166,1683.1,157000.0,107496.0
2025-06-20 10:53:34.788396,1683.1,157000.0,107496.0
2025-06-20 10:53:36.792181,1683.4,157000.0,107496.0
2025-06-20 10:53:38.012120,1683.1,156854.0,107690.0
2025-06-20 10:53:38.788987,1683.1,156854.0,107690.0
2025-06-20 10:53:40.788551,1683.2,156854.0,107690.0
2025-06-20 10:53:42.868788,1683.2,156854.0,107690.0
2025-06-20 10:53:43.614432,1683.2,156732.0,107817.0
2025-06-20 10:53:44.788411,1683.2,156732.0,107817.0
2025-06-20 10:53:46.784603,1683.2,156732.0,107817.0
2025-06-20 10:53:49.014446,1683.2,156858.0,107682.0
2025-06-20 10:53:50.838347,1683.2,156858.0,107682.0
2025-06-20 10:53:52.802877,1683.2,156858.0,107682.0
2025-06-20 10:53:54.610589,1683.2,156816.0,107521.0
2025-06-20 10:53:58.800628,1683.2,156816.0,107521.0
2025-06-20 10:54:00.130025,1683.2,156840.0,107985.0
2025-06-20 10:54:00.804850,1683.2,156840.0,107985.0
2025-06-20 10:54:02.804880,1683.2,156840.0,107985.0
2025-06-20 10:54:05.720411,1683.2,156926.0,107760.0
2025-06-20 10:54:06.802156,1683.3,156926.0,107760.0
2025-06-20 10:54:08.810988,1683.4,156926.0,107760.0
2025-06-20 10:54:11.316686,1683.4,156691.0,107340.0
2025-06-20 10:54:12.798819,1683.8,156691.0,107340.0
2025-06-20 10:54:14.791127,1683.4,156691.0,107340.0
2025-06-20 10:54:16.532462,1683.4,156647.0,108156.0
2025-06-20 10:54:16.805662,1683.4,156647.0,108156.0
2025-06-20 10:54:18.802892,1683.3,156647.0,108156.0
2025-06-20 10:54:21.942611,1683.3,156969.0,108728.0
2025-06-20 10:54:22.806482,1683.3,156969.0,108728.0
2025-06-20 10:54:24.797259,1683.3,156969.0,108728.0
2025-06-20 10:54:26.799469,1683.4,156969.0,108728.0
2025-06-20 10:54:27.133096,1683.4,156855.0,108388.0
2025-06-20 10:54:28.812577,1683.5,156855.0,108388.0
2025-06-20 10:54:32.540900,1683.5,156959.0,108134.0
2025-06-20 10:54:32.801557,1683.5,156959.0,108134.0
2025-06-20 10:54:34.807919,1683.5,156959.0,108134.0
2025-06-20 10:54:36.794523,1683.8,156959.0,108134.0
2025-06-20 10:54:38.041576,1683.8,156789.0,108045.0
2025-06-20 10:54:39.793648,1683.5,156789.0,108045.0
2025-06-20 10:54:43.342531,1683.5,156736.0,107853.0
2025-06-20 10:54:44.806769,1683.5,156736.0,107853.0
2025-06-20 10:54:45.806306,1683.7,156736.0,107853.0
2025-06-20 10:54:47.365320,1683.7,156736.0,107853.0
2025-06-20 10:54:48.249584,1683.7,156736.0,107853.0
2025-06-20 10:54:48.843147,1683.7,156746.0,108030.0
2025-06-20 10:54:48.857479,1683.7,156746.0,108030.0
2025-06-20 10:54:49.278820,1683.7,156746.0,108030.0
2025-06-20 10:54:50.615570,1683.7,156746.0,108030.0
2025-06-20 10:54:50.801462,1683.5,156746.0,108030.0
2025-06-20 10:54:51.157763,1683.5,156746.0,108030.0
2025-06-20 10:54:52.522166,1683.5,156746.0,108030.0
2025-06-20 10:54:53.884429,1683.5,156746.0,108030.0
2025-06-20 10:54:54.249225,1683.5,156755.0,108571.0
2025-06-20 10:54:54.859394,1683.5,156755.0,108571.0
2025-06-20 10:54:56.431022,1683.5,156755.0,108571.0
2025-06-20 10:54:56.805630,1683.5,156755.0,108571.0
2025-06-20 10:54:57.686937,1683.5,156755.0,108571.0
2025-06-20 10:54:58.807715,1683.5,156755.0,108571.0
2025-06-20 10:54:58.991992,1683.5,156755.0,108571.0
2025-06-20 10:54:59.650286,1683.5,156813.0,108516.0
2025-06-20 10:55:00.636398,1683.5,156813.0,108516.0
2025-06-20 10:55:00.791872,1683.5,156813.0,108516.0
2025-06-20 10:55:05.087966,1683.7,156912.0,108873.0
2025-06-20 10:55:06.843564,1683.6,156912.0,108873.0
2025-06-20 10:55:08.800494,1683.7,156912.0,108873.0
2025-06-20 10:55:10.675823,1681.6,153842.0,112188.0
2025-06-20 10:55:10.801055,1682.0,153842.0,112188.0
2025-06-20 10:55:12.798506,1682.4,153842.0,112188.0
2025-06-20 10:55:14.807537,1682.9,153842.0,112188.0
2025-06-20 10:55:16.468946,1682.2,155466.0,112655.0
2025-06-20 10:55:16.818952,1682.1,155466.0,112655.0
2025-06-20 10:55:20.800848,1682.1,155466.0,112655.0
2025-06-20 10:55:21.980559,1682.8,155596.0,112249.0
2025-06-20 10:55:22.813673,1682.5,155596.0,112249.0
2025-06-20 10:55:24.806023,1682.8,155596.0,112249.0
2025-06-20 10:55:26.796590,1682.5,155596.0,112249.0
2025-06-20 10:55:27.677775,1682.5,155835.0,111531.0
2025-06-20 10:55:28.798964,1682.5,155835.0,111531.0
2025-06-20 10:55:32.797918,1682.6,155835.0,111531.0
2025-06-20 10:55:33.485910,1682.6,155762.0,111372.0
2025-06-20 10:55:34.806169,1682.6,155762.0,111372.0
2025-06-20 10:55:38.795478,1682.1,155762.0,111372.0
2025-06-20 10:55:38.882560,1682.1,155993.0,111735.0
2025-06-20 10:55:39.825394,1682.5,155993.0,111735.0
2025-06-20 10:55:42.804754,1682.5,155993.0,111735.0
2025-06-20 10:55:44.122630,1682.5,155892.0,111932.0
2025-06-20 10:55:44.806857,1682.5,155892.0,111932.0
2025-06-20 10:55:45.829758,1682.8,155892.0,111932.0
2025-06-20 10:55:49.289233,1682.8,155937.0,111879.0
2025-06-20 10:55:50.800281,1682.5,155937.0,111879.0
2025-06-20 10:55:53.827782,1682.5,155937.0,111879.0
2025-06-20 10:55:54.503629,1682.5,155759.0,112079.0
2025-06-20 10:55:56.805456,1682.5,155759.0,112079.0
2025-06-20 10:55:59.394601,1682.8,155201.0,113321.0
2025-06-20 10:55:59.801703,1682.2,155201.0,113321.0
2025-06-20 10:56:02.817696,1682.5,155201.0,113321.0
2025-06-20 10:56:04.627436,1682.5,155212.0,112416.0
2025-06-20 10:56:06.820492,1682.4,155212.0,112416.0
2025-06-20 10:56:09.704036,1682.3,155118.0,112478.0
2025-06-20 10:56:10.814724,1682.4,155118.0,112478.0
2025-06-20 10:56:14.813113,1682.3,155118.0,112478.0
2025-06-20 10:56:14.918127,1682.3,154940.0,112294.0
2025-06-20 10:56:16.803245,1682.3,154940.0,112294.0
2025-06-20 10:56:20.210483,1682.3,154546.0,112540.0
2025-06-20 10:56:20.800022,1682.3,154546.0,112540.0
2025-06-20 11:07:08.582005,1682.5,152852.0,113412.0
2025-06-20 12:03:29.527707,1694.5,147919.0,109883.0
2025-06-20 12:03:30.369305,1694.6,148863.0,108811.0
2025-06-20 12:03:31.098732,1694.4,148863.0,108811.0
2025-06-20 12:03:34.216978,1694.4,148863.0,108811.0
2025-06-20 12:03:35.133648,1694.4,148695.0,108716.0
2025-06-20 12:03:37.104039,1694.9,148695.0,108716.0
