timestamp,ltp,bid_qty,ask_qty
2025-06-20 10:10:48.254449,3496.4,59293.0,75848.0
2025-06-20 10:10:48.592432,3496.2,59293.0,75848.0
2025-06-20 10:10:52.864387,3496.2,59231.0,75996.0
2025-06-20 10:10:54.593659,3497.8,59231.0,75996.0
2025-06-20 10:10:56.593167,3496.3,59231.0,75996.0
2025-06-20 10:10:58.578151,3496.3,59228.0,76093.0
2025-06-20 10:10:58.609234,3497.7,59228.0,76093.0
2025-06-20 10:11:03.970961,3497.7,59259.0,76158.0
2025-06-20 10:11:04.597924,3496.8,59259.0,76158.0
2025-06-20 10:11:06.633330,3495.7,59259.0,76158.0
2025-06-20 10:11:08.854986,3497.2,59259.0,76158.0
2025-06-20 10:11:10.175052,3497.2,58970.0,76437.0
2025-06-20 10:11:10.645310,3497.0,58970.0,76437.0
2025-06-20 10:11:12.900294,3495.2,58970.0,76437.0
2025-06-20 10:11:14.680443,3494.7,58970.0,76437.0
2025-06-20 10:11:15.895345,3494.7,58555.0,76923.0
2025-06-20 10:11:16.652676,3495.0,58555.0,76923.0
2025-06-20 10:11:20.598396,3495.0,58555.0,76923.0
2025-06-20 10:11:21.084032,3495.0,58597.0,76697.0
2025-06-20 10:11:22.664665,3495.2,58597.0,76697.0
2025-06-20 10:11:24.659363,3495.3,58597.0,76697.0
2025-06-20 10:11:26.391019,3495.3,58542.0,76432.0
2025-06-20 10:11:26.875353,3497.4,58542.0,76432.0
2025-06-20 10:11:28.873159,3495.7,58542.0,76432.0
2025-06-20 10:11:30.852011,3495.9,58542.0,76432.0
2025-06-20 10:11:31.988411,3495.9,58816.0,76569.0
2025-06-20 10:11:32.603175,3497.3,58816.0,76569.0
2025-06-20 10:11:34.617599,3496.0,58816.0,76569.0
2025-06-20 10:11:37.612441,3496.0,58770.0,76602.0
2025-06-20 10:11:38.593450,3497.2,58770.0,76602.0
2025-06-20 10:11:40.595540,3496.5,58770.0,76602.0
2025-06-20 10:11:43.617976,3496.5,58799.0,76591.0
2025-06-20 10:11:44.596235,3497.2,58799.0,76591.0
2025-06-20 10:11:46.592319,3495.7,58799.0,76591.0
2025-06-20 10:11:49.507025,3495.7,58721.0,76594.0
2025-06-20 10:11:50.599768,3496.8,58721.0,76594.0
2025-06-20 10:11:55.487456,3496.8,58961.0,76428.0
2025-06-20 10:11:58.600495,3497.0,58961.0,76428.0
2025-06-20 10:12:01.109346,3498.5,59575.0,74298.0
2025-06-20 10:12:01.601926,3499.7,59575.0,74298.0
2025-06-20 10:12:02.210660,3499.0,55381.0,74678.0
2025-06-20 10:12:02.596075,3499.5,55381.0,74678.0
2025-06-20 10:12:03.431850,3499.4,59389.0,74745.0
2025-06-20 10:12:03.597480,3497.5,59389.0,74745.0
2025-06-20 10:12:04.422675,3498.9,59670.0,74992.0
2025-06-20 10:12:04.603582,3498.9,59670.0,74992.0
2025-06-20 10:12:05.513570,3498.9,59754.0,74710.0
2025-06-20 10:12:05.600007,3499.3,59754.0,74710.0
2025-06-20 10:12:06.624048,3499.3,59878.0,74812.0
2025-06-20 10:12:07.593951,3499.8,59878.0,74812.0
2025-06-20 10:12:07.618795,3499.8,59856.0,74761.0
2025-06-20 10:12:08.597393,3499.2,59856.0,74761.0
2025-06-20 10:12:08.724883,3499.2,59805.0,73944.0
2025-06-20 10:12:09.597598,3499.9,59805.0,73944.0
2025-06-20 10:12:09.718807,3499.9,59960.0,74085.0
2025-06-20 10:12:10.601074,3499.9,59960.0,74085.0
2025-06-20 10:12:10.722661,3499.9,59959.0,74092.0
2025-06-20 10:12:11.597903,3499.9,59959.0,74092.0
2025-06-20 10:12:11.720208,3498.8,60041.0,74257.0
2025-06-20 10:12:12.599134,3499.9,60041.0,74257.0
2025-06-20 10:12:12.727069,3499.9,60038.0,74304.0
2025-06-20 10:12:13.594559,3499.9,60038.0,74304.0
2025-06-20 10:12:13.858723,3499.9,59064.0,75199.0
2025-06-20 10:12:14.623304,3498.8,59064.0,75199.0
2025-06-20 10:12:14.926629,3498.8,59770.0,75068.0
2025-06-20 10:12:15.592588,3498.8,59770.0,75068.0
2025-06-20 10:12:16.013322,3498.8,59815.0,74706.0
2025-06-20 10:12:17.115377,3498.8,59812.0,74857.0
2025-06-20 10:12:18.123610,3498.8,59812.0,74889.0
2025-06-20 10:12:19.218312,3498.7,59150.0,75874.0
2025-06-20 10:12:19.593474,3498.6,59150.0,75874.0
2025-06-20 10:12:20.217818,3498.6,59617.0,75322.0
2025-06-20 10:12:21.221414,3498.6,59950.0,75064.0
2025-06-20 10:12:22.241158,3498.6,60091.0,74890.0
2025-06-20 10:12:23.221996,3498.6,60093.0,74870.0
2025-06-20 10:12:23.593425,3498.1,60093.0,74870.0
2025-06-20 10:12:24.222759,3499.0,59844.0,74959.0
2025-06-20 10:12:24.600112,3499.0,59844.0,74959.0
2025-06-20 10:12:25.362426,3499.0,59813.0,75207.0
2025-06-20 10:12:25.607891,3497.7,59813.0,75207.0
2025-06-20 10:12:26.407270,3497.7,59771.0,75422.0
2025-06-20 10:12:26.607629,3499.0,59771.0,75422.0
2025-06-20 10:12:27.431641,3499.0,59745.0,75642.0
2025-06-20 10:12:28.432151,3499.0,59341.0,75838.0
2025-06-20 10:12:29.526382,3499.0,59665.0,75742.0
2025-06-20 10:12:30.662294,3499.0,59573.0,75701.0
2025-06-20 10:12:31.754860,3499.0,59574.0,75694.0
2025-06-20 10:12:32.740073,3499.0,59575.0,75697.0
2025-06-20 10:12:33.840677,3499.0,59574.0,75706.0
2025-06-20 10:12:34.597355,3499.0,59574.0,75706.0
2025-06-20 10:12:34.936287,3498.1,59688.0,74965.0
2025-06-20 10:12:35.598582,3499.6,59688.0,74965.0
2025-06-20 10:12:36.029869,3497.9,59719.0,75286.0
2025-06-20 10:12:36.604194,3499.0,59719.0,75286.0
2025-06-20 10:12:37.029711,3497.6,59569.0,75320.0
2025-06-20 10:12:37.603335,3499.0,59569.0,75320.0
2025-06-20 10:12:38.131509,3497.7,59487.0,75278.0
2025-06-20 10:12:38.601710,3498.9,59487.0,75278.0
2025-06-20 10:12:39.132804,3498.9,59697.0,75263.0
2025-06-20 10:12:39.596597,3498.9,59697.0,75263.0
2025-06-20 10:12:40.234518,3498.9,60107.0,75176.0
2025-06-20 10:12:40.510498,3498.9,60107.0,75176.0
2025-06-20 10:12:40.597537,3497.9,60107.0,75176.0
2025-06-20 10:12:40.887719,3497.9,60107.0,75176.0
2025-06-20 10:12:41.130319,3497.9,60107.0,75176.0
2025-06-20 10:12:41.364224,3497.9,59996.0,75093.0
2025-06-20 10:12:41.430868,3497.9,59996.0,75093.0
2025-06-20 10:12:41.600999,3498.9,59996.0,75093.0
2025-06-20 10:12:41.690743,3498.9,59996.0,75093.0
2025-06-20 10:12:42.283830,3498.9,59996.0,75093.0
2025-06-20 10:12:42.533023,3498.9,60015.0,75021.0
2025-06-20 10:12:42.595550,3498.9,60015.0,75021.0
2025-06-20 10:12:42.947313,3498.9,60015.0,75021.0
2025-06-20 10:12:43.426105,3498.9,60015.0,75021.0
2025-06-20 10:12:43.596391,3498.1,60015.0,75021.0
2025-06-20 10:12:43.643777,3498.1,59989.0,75019.0
2025-06-20 10:12:43.932704,3498.1,59989.0,75019.0
2025-06-20 10:12:44.623670,3498.1,59989.0,75019.0
2025-06-20 10:12:44.665961,3498.9,59989.0,74963.0
2025-06-20 10:12:44.675366,3498.9,59989.0,74963.0
2025-06-20 10:12:45.309781,3498.9,59989.0,74963.0
2025-06-20 10:12:45.634738,3497.9,59989.0,74963.0
2025-06-20 10:12:45.677087,3497.9,59929.0,75093.0
2025-06-20 10:12:46.609923,3498.9,59929.0,75093.0
2025-06-20 10:12:46.647699,3498.9,59929.0,75093.0
2025-06-20 10:12:46.734747,3498.9,59937.0,75082.0
2025-06-20 10:12:47.654495,3498.9,59937.0,75082.0
2025-06-20 10:12:47.736490,3498.9,59937.0,75080.0
2025-06-20 10:12:48.601101,3497.9,59937.0,75080.0
2025-06-20 10:12:48.872939,3497.9,59932.0,75085.0
2025-06-20 10:12:49.146172,3497.9,59932.0,75085.0
2025-06-20 10:12:49.601018,3498.9,59932.0,75085.0
2025-06-20 10:12:49.938334,3498.9,60040.0,75026.0
2025-06-20 10:12:50.470546,3498.9,60040.0,75026.0
2025-06-20 10:12:51.040964,3498.9,60551.0,75031.0
2025-06-20 10:12:51.692068,3498.9,60551.0,75031.0
2025-06-20 10:12:52.142640,3498.9,60451.0,75032.0
2025-06-20 10:12:52.606551,3498.1,60451.0,75032.0
2025-06-20 10:12:53.251682,3498.1,60451.0,75032.0
2025-06-20 10:12:53.940163,3498.1,60411.0,75071.0
2025-06-20 10:12:54.606384,3498.9,60411.0,75071.0
2025-06-20 10:12:55.060974,3498.9,60421.0,75069.0
2025-06-20 10:12:55.599806,3498.2,60421.0,75069.0
2025-06-20 10:12:56.040421,3498.2,60409.0,74921.0
2025-06-20 10:12:56.599374,3499.0,60409.0,74921.0
2025-06-20 10:12:57.142999,3499.0,60409.0,74904.0
2025-06-20 10:12:58.243790,3499.0,60419.0,75029.0
2025-06-20 10:12:59.370816,3499.0,60444.0,75040.0
2025-06-20 10:13:00.946652,3499.0,60496.0,75023.0
2025-06-20 10:13:02.047374,3499.0,60497.0,75030.0
2025-06-20 10:13:03.148510,3499.0,60497.0,75075.0
2025-06-20 10:13:04.248011,3499.1,60466.0,74772.0
2025-06-20 10:13:04.598162,3499.7,60466.0,74772.0
2025-06-20 10:13:05.362576,3499.7,60470.0,74708.0
2025-06-20 10:13:05.605586,3499.7,60470.0,74708.0
2025-06-20 10:13:06.453116,3499.7,60428.0,74741.0
2025-06-20 10:13:07.549733,3499.7,60487.0,74753.0
2025-06-20 10:13:08.654844,3499.7,60705.0,74476.0
2025-06-20 10:13:09.656217,3499.7,60684.0,74627.0
2025-06-20 10:13:10.757373,3499.7,60674.0,74603.0
2025-06-20 10:13:11.756460,3499.7,61091.0,73773.0
2025-06-20 10:13:12.601374,3499.7,61091.0,73773.0
2025-06-20 10:13:12.958174,3498.0,59767.0,75367.0
2025-06-20 10:13:13.601516,3498.0,59767.0,75367.0
2025-06-20 10:13:14.060245,3498.0,59926.0,75467.0
2025-06-20 10:13:14.603391,3498.9,59926.0,75467.0
2025-06-20 10:13:15.158281,3498.9,60126.0,75247.0
2025-06-20 10:13:15.602537,3498.0,60126.0,75247.0
2025-06-20 10:13:16.608024,3498.0,60126.0,75247.0
2025-06-20 10:13:16.872536,3498.0,59911.0,75269.0
2025-06-20 10:13:17.600645,3499.2,59911.0,75269.0
2025-06-20 10:13:17.961133,3499.2,60611.0,74564.0
2025-06-20 10:13:18.598712,3499.2,60611.0,74564.0
2025-06-20 10:13:18.959917,3499.2,60825.0,74588.0
2025-06-20 10:13:19.604341,3499.2,60825.0,74588.0
2025-06-20 10:13:19.960976,3499.9,60908.0,74331.0
2025-06-20 10:13:20.603404,3498.9,60908.0,74331.0
2025-06-20 10:13:20.960142,3498.6,60496.0,74543.0
2025-06-20 10:13:21.602697,3499.9,60496.0,74543.0
2025-06-20 10:13:22.064564,3499.9,60648.0,74542.0
2025-06-20 10:13:22.600804,3499.9,60648.0,74542.0
2025-06-20 10:13:23.061830,3499.9,60567.0,74548.0
2025-06-20 10:13:23.614015,3498.4,60567.0,74548.0
2025-06-20 10:13:24.094377,3498.4,60740.0,75091.0
2025-06-20 10:13:24.606951,3499.1,60740.0,75091.0
2025-06-20 10:13:24.963940,3499.1,60955.0,75040.0
2025-06-20 10:13:25.599410,3499.1,60955.0,75040.0
2025-06-20 10:13:26.064981,3499.1,60963.0,75052.0
2025-06-20 10:13:27.068479,3499.1,60927.0,74777.0
2025-06-20 10:13:28.065391,3499.1,60948.0,74830.0
2025-06-20 10:13:29.068407,3499.1,61362.0,74833.0
2025-06-20 10:13:29.601199,3499.4,61362.0,74833.0
2025-06-20 10:13:30.167697,3499.4,61387.0,74827.0
2025-06-20 10:13:30.600979,3499.4,61387.0,74827.0
2025-06-20 10:13:31.167419,3499.4,61466.0,74905.0
2025-06-20 10:13:32.269735,3499.4,61500.0,74804.0
2025-06-20 10:13:33.382960,3499.5,61431.0,74722.0
2025-06-20 10:13:33.596323,3499.5,61431.0,74722.0
2025-06-20 10:13:34.470286,3500.1,61340.0,74280.0
2025-06-20 10:13:34.598843,3500.2,61340.0,74280.0
2025-06-20 10:13:35.570692,3500.2,61213.0,74362.0
2025-06-20 10:13:35.600972,3500.2,61213.0,74362.0
2025-06-20 10:13:36.604679,3499.1,61213.0,74362.0
2025-06-20 10:13:36.670578,3499.1,61200.0,74418.0
2025-06-20 10:13:37.609006,3500.2,61200.0,74418.0
2025-06-20 10:13:37.670230,3500.2,61453.0,74358.0
2025-06-20 10:13:38.597838,3500.2,61453.0,74358.0
2025-06-20 10:13:38.772959,3500.2,61420.0,74339.0
2025-06-20 10:13:39.597757,3500.2,61420.0,74339.0
2025-06-20 10:13:39.882480,3500.2,61525.0,74084.0
2025-06-20 10:13:40.604486,3500.2,61525.0,74084.0
2025-06-20 10:13:40.974065,3500.2,61319.0,74289.0
2025-06-20 10:13:42.074025,3500.2,61447.0,74333.0
2025-06-20 10:13:43.078770,3499.7,61577.0,74559.0
2025-06-20 10:13:43.601054,3499.1,61577.0,74559.0
2025-06-20 10:13:44.076930,3499.1,61366.0,74770.0
2025-06-20 10:13:44.604605,3499.7,61366.0,74770.0
2025-06-20 10:13:45.184551,3499.7,61243.0,74755.0
2025-06-20 10:13:45.604592,3499.7,61243.0,74755.0
2025-06-20 10:13:46.278258,3499.7,61686.0,74321.0
2025-06-20 10:13:46.599605,3499.7,61686.0,74321.0
2025-06-20 10:13:47.386177,3499.1,61556.0,74162.0
2025-06-20 10:13:47.626347,3499.7,61556.0,74162.0
2025-06-20 10:13:48.481000,3499.7,61729.0,74133.0
2025-06-20 10:13:49.579725,3499.7,61729.0,74126.0
2025-06-20 10:13:50.680366,3499.7,61743.0,74083.0
2025-06-20 10:13:51.780114,3499.7,61769.0,74083.0
2025-06-20 10:13:52.983918,3500.3,61606.0,74075.0
2025-06-20 10:13:53.601353,3500.4,61606.0,74075.0
2025-06-20 10:13:53.985980,3500.4,61543.0,73804.0
2025-06-20 10:13:54.597273,3500.8,61543.0,73804.0
2025-06-20 10:13:55.083985,3500.8,61590.0,73691.0
2025-06-20 10:13:55.596501,3500.8,61590.0,73691.0
2025-06-20 10:13:56.088011,3500.4,61644.0,74090.0
2025-06-20 10:13:56.606167,3500.4,61644.0,74090.0
2025-06-20 10:13:57.184440,3500.4,61693.0,74101.0
2025-06-20 10:13:57.609208,3499.5,61693.0,74101.0
2025-06-20 10:13:58.285536,3499.2,61588.0,74147.0
2025-06-20 10:13:58.609611,3499.1,61588.0,74147.0
2025-06-20 10:13:59.400006,3499.1,61367.0,74106.0
2025-06-20 10:13:59.600933,3500.3,61367.0,74106.0
2025-06-20 10:14:00.423220,3500.3,61261.0,73927.0
2025-06-20 10:14:00.607138,3500.4,61261.0,73927.0
2025-06-20 10:14:02.657279,3500.4,61261.0,73927.0
2025-06-20 10:14:06.621294,3500.6,61261.0,73927.0
2025-06-20 10:14:06.692894,3500.6,60909.0,73992.0
2025-06-20 10:14:08.617619,3500.6,60909.0,73992.0
2025-06-20 10:14:12.500721,3499.9,61083.0,74139.0
2025-06-20 10:14:12.615102,3499.9,61083.0,74139.0
2025-06-20 10:14:14.612938,3499.9,61083.0,74139.0
2025-06-20 10:14:16.608323,3499.9,61083.0,74139.0
2025-06-20 10:14:18.411873,3500.8,62373.0,73803.0
2025-06-20 10:14:18.605102,3500.8,62373.0,73803.0
2025-06-20 10:14:20.610169,3501.0,62373.0,73803.0
2025-06-20 10:14:24.309276,3500.3,62191.0,73812.0
2025-06-20 10:14:24.618074,3501.0,62191.0,73812.0
2025-06-20 10:14:26.607098,3501.0,62191.0,73812.0
2025-06-20 10:14:30.319875,3500.3,62141.0,73885.0
2025-06-20 10:14:30.613095,3501.0,62141.0,73885.0
2025-06-20 10:14:32.605744,3500.3,62141.0,73885.0
2025-06-20 10:14:34.660932,3501.0,62141.0,73885.0
2025-06-20 10:14:36.024486,3501.0,62314.0,73754.0
2025-06-20 10:14:36.628311,3501.0,62314.0,73754.0
2025-06-20 10:14:38.608943,3500.3,62314.0,73754.0
2025-06-20 10:14:40.608099,3500.0,62314.0,73754.0
2025-06-20 10:14:41.514606,3499.9,62377.0,74198.0
2025-06-20 10:14:42.613444,3500.5,62377.0,74198.0
2025-06-20 10:14:46.605699,3500.5,62377.0,74198.0
2025-06-20 10:14:47.118531,3500.5,62044.0,74200.0
2025-06-20 10:14:48.607061,3499.9,62044.0,74200.0
2025-06-20 10:14:52.923836,3499.9,61239.0,74406.0
2025-06-20 10:14:54.618108,3500.0,61239.0,74406.0
2025-06-20 10:14:56.605992,3501.2,61239.0,74406.0
2025-06-20 10:14:59.224929,3501.3,63083.0,72717.0
2025-06-20 10:15:00.609386,3501.9,63083.0,72717.0
2025-06-20 10:15:02.611639,3502.1,63083.0,72717.0
2025-06-20 10:15:04.610795,3502.3,63083.0,72717.0
2025-06-20 10:15:05.438299,3502.5,62585.0,72904.0
2025-06-20 10:15:06.613185,3503.0,62585.0,72904.0
2025-06-20 10:15:08.608694,3503.0,62585.0,72904.0
2025-06-20 10:15:10.612722,3502.4,62585.0,72904.0
2025-06-20 10:15:11.936118,3502.6,62079.0,72512.0
2025-06-20 10:15:12.608496,3503.1,62079.0,72512.0
2025-06-20 10:15:16.615472,3503.3,62079.0,72512.0
2025-06-20 10:15:18.240298,3503.3,62159.0,72350.0
2025-06-20 10:15:18.612157,3503.5,62159.0,72350.0
2025-06-20 10:15:20.615496,3502.4,62159.0,72350.0
2025-06-20 10:15:24.656154,3502.4,61520.0,73295.0
2025-06-20 10:15:26.612153,3502.7,61520.0,73295.0
2025-06-20 10:15:30.946556,3502.7,62354.0,72899.0
2025-06-20 10:15:32.614080,3502.7,62354.0,72899.0
2025-06-20 10:15:34.611964,3503.5,62354.0,72899.0
2025-06-20 10:15:36.618007,3502.7,62354.0,72899.0
2025-06-20 10:15:36.953520,3502.7,61947.0,72518.0
2025-06-20 10:15:38.611863,3504.1,61947.0,72518.0
2025-06-20 10:15:40.958042,3504.1,61947.0,72518.0
2025-06-20 10:15:41.386671,3504.1,61947.0,72518.0
2025-06-20 10:15:42.156604,3504.1,61947.0,72518.0
2025-06-20 10:15:42.619352,3504.6,61947.0,72518.0
2025-06-20 10:15:42.753629,3504.6,61947.0,72518.0
2025-06-20 10:15:42.959219,3504.6,62234.0,72193.0
2025-06-20 10:15:43.401708,3504.6,62234.0,72193.0
2025-06-20 10:15:44.422596,3504.6,62234.0,72193.0
2025-06-20 10:15:44.613983,3504.2,62234.0,72193.0
2025-06-20 10:15:44.809553,3504.2,62234.0,72193.0
2025-06-20 10:15:45.758697,3504.2,62234.0,72193.0
2025-06-20 10:15:46.616154,3503.7,62234.0,72193.0
2025-06-20 10:15:47.096355,3503.7,62234.0,72193.0
2025-06-20 10:15:48.071862,3503.7,62234.0,72193.0
2025-06-20 10:15:48.610921,3504.6,62234.0,72193.0
2025-06-20 10:15:48.759849,3503.1,62643.0,72572.0
2025-06-20 10:15:49.582644,3503.1,62643.0,72572.0
2025-06-20 10:15:50.870431,3503.1,62643.0,72572.0
2025-06-20 10:15:51.618168,3502.7,62643.0,72572.0
2025-06-20 10:15:52.098739,3502.7,62643.0,72572.0
2025-06-20 10:15:53.684197,3502.7,62643.0,72572.0
2025-06-20 10:15:55.797433,3502.5,62747.0,72684.0
2025-06-20 10:15:57.683103,3502.8,62747.0,72684.0
2025-06-20 10:16:00.609468,3504.8,62747.0,72684.0
2025-06-20 10:16:01.069500,3503.5,62784.0,71864.0
2025-06-20 10:16:01.614957,3503.6,62784.0,71864.0
2025-06-20 10:16:02.185426,3503.6,62628.0,72360.0
2025-06-20 10:16:02.610867,3504.8,62628.0,72360.0
2025-06-20 10:16:03.268318,3504.0,62937.0,71838.0
2025-06-20 10:16:03.617042,3504.8,62937.0,71838.0
2025-06-20 10:16:04.372341,3504.8,62662.0,72069.0
2025-06-20 10:16:04.618197,3504.8,62662.0,72069.0
2025-06-20 10:16:05.469508,3504.8,62795.0,72119.0
2025-06-20 10:16:06.377881,3504.8,63455.0,71245.0
2025-06-20 10:16:07.496891,3504.8,63363.0,71120.0
2025-06-20 10:16:07.615017,3504.8,63363.0,71120.0
2025-06-20 10:16:08.469995,3504.8,63329.0,71317.0
2025-06-20 10:16:08.608659,3504.8,63329.0,71317.0
2025-06-20 10:16:09.571532,3505.9,63974.0,70530.0
2025-06-20 10:16:09.612626,3505.9,63974.0,70530.0
2025-06-20 10:16:10.573074,3505.9,63931.0,70683.0
2025-06-20 10:16:10.616126,3505.9,63931.0,70683.0
2025-06-20 10:16:11.609912,3504.9,63931.0,70683.0
2025-06-20 10:16:11.674657,3504.9,62902.0,71251.0
2025-06-20 10:16:12.614670,3505.7,62902.0,71251.0
2025-06-20 10:16:12.773485,3505.7,63546.0,71299.0
2025-06-20 10:16:13.612426,3505.4,63546.0,71299.0
2025-06-20 10:16:13.880759,3505.4,62440.0,71385.0
2025-06-20 10:16:14.887702,3505.2,63366.0,71576.0
2025-06-20 10:16:15.613839,3505.2,63366.0,71576.0
2025-06-20 10:16:15.884919,3505.2,63529.0,71530.0
2025-06-20 10:16:17.388130,3505.2,63390.0,71546.0
2025-06-20 10:16:18.478585,3506.2,63103.0,71084.0
2025-06-20 10:16:18.613860,3506.2,63103.0,71084.0
2025-06-20 10:16:19.583836,3504.1,63045.0,71531.0
2025-06-20 10:16:19.611526,3504.1,63045.0,71531.0
2025-06-20 10:16:20.615897,3506.0,63045.0,71531.0
2025-06-20 10:16:20.687694,3506.0,63144.0,71546.0
2025-06-20 10:16:21.785666,3504.5,63005.0,71721.0
2025-06-20 10:16:22.616542,3505.0,63005.0,71721.0
2025-06-20 10:16:22.887874,3505.0,63361.0,71639.0
2025-06-20 10:16:23.611038,3504.3,63361.0,71639.0
2025-06-20 10:16:23.981402,3505.3,62988.0,71791.0
2025-06-20 10:16:24.623693,3503.8,62988.0,71791.0
2025-06-20 10:16:25.081067,3503.8,63156.0,71871.0
2025-06-20 10:16:26.083077,3503.8,63005.0,71726.0
2025-06-20 10:16:27.183095,3503.8,62980.0,71792.0
2025-06-20 10:16:28.185852,3503.8,62965.0,71786.0
2025-06-20 10:16:29.294672,3503.8,63309.0,71221.0
2025-06-20 10:16:30.293613,3503.8,62950.0,71519.0
2025-06-20 10:16:31.296804,3503.8,62959.0,71621.0
2025-06-20 10:16:32.184291,3505.5,63079.0,71895.0
2025-06-20 10:16:32.612510,3505.5,63079.0,71895.0
2025-06-20 10:16:33.185314,3505.5,63203.0,71914.0
2025-06-20 10:16:34.292605,3505.5,63241.0,71852.0
2025-06-20 10:16:35.400793,3505.5,63275.0,71858.0
2025-06-20 10:16:35.613620,3505.0,63275.0,71858.0
2025-06-20 10:16:36.489882,3505.0,62906.0,72190.0
2025-06-20 10:16:36.624792,3504.8,62906.0,72190.0
2025-06-20 10:16:37.594025,3504.8,62969.0,72366.0
2025-06-20 10:16:38.593203,3504.8,60640.0,72108.0
2025-06-20 10:16:39.689627,3504.8,62954.0,72279.0
2025-06-20 10:16:40.612793,3504.9,62954.0,72279.0
2025-06-20 10:16:40.692545,3504.9,62881.0,72140.0
2025-06-20 10:16:41.617093,3505.2,62881.0,72140.0
2025-06-20 10:16:41.698713,3505.2,63161.0,71698.0
2025-06-20 10:16:42.692770,3505.2,63002.0,71952.0
2025-06-20 10:16:43.692948,3505.2,62977.0,71953.0
2025-06-20 10:16:44.693763,3505.2,62990.0,71953.0
2025-06-20 10:16:45.695221,3505.2,62800.0,72075.0
2025-06-20 10:16:46.705735,3505.2,62891.0,72132.0
2025-06-20 10:16:47.696926,3505.2,62960.0,72056.0
2025-06-20 10:16:48.698645,3505.1,62921.0,72017.0
2025-06-20 10:16:49.616522,3505.1,62921.0,72017.0
2025-06-20 10:16:49.697757,3505.1,62924.0,72052.0
2025-06-20 10:16:50.613566,3505.1,62924.0,72052.0
2025-06-20 10:16:50.797958,3503.8,63635.0,72146.0
2025-06-20 10:16:51.616497,3505.0,63635.0,72146.0
2025-06-20 10:16:51.798580,3505.0,63600.0,72150.0
2025-06-20 10:16:52.617512,3503.4,63600.0,72150.0
2025-06-20 10:16:52.799363,3503.4,63917.0,71841.0
2025-06-20 10:16:53.613385,3504.8,63917.0,71841.0
2025-06-20 10:16:53.802067,3504.8,64162.0,71715.0
2025-06-20 10:16:54.813152,3504.8,64416.0,71657.0
2025-06-20 10:16:55.617017,3505.6,64416.0,71657.0
2025-06-20 10:16:56.001356,3505.6,64253.0,71538.0
2025-06-20 10:16:57.004771,3504.7,64399.0,71586.0
2025-06-20 10:16:57.661048,3504.7,64399.0,71586.0
2025-06-20 10:16:58.004506,3504.7,64374.0,71623.0
2025-06-20 10:16:59.106257,3505.6,63068.0,71513.0
2025-06-20 10:16:59.620092,3505.6,63068.0,71513.0
2025-06-20 10:17:00.106199,3505.6,64662.0,71361.0
2025-06-20 10:17:01.317649,3505.6,64858.0,71065.0
2025-06-20 10:17:02.315137,3505.6,64834.0,71070.0
2025-06-20 10:17:03.315660,3505.7,65732.0,70859.0
2025-06-20 10:17:03.614260,3505.7,65732.0,70859.0
2025-06-20 10:17:04.315368,3505.7,65616.0,70169.0
2025-06-20 10:17:04.617323,3506.7,65616.0,70169.0
2025-06-20 10:17:05.316188,3507.2,65672.0,70052.0
2025-06-20 10:17:05.615283,3507.2,65672.0,70052.0
2025-06-20 10:17:06.317882,3507.5,65697.0,70018.0
2025-06-20 10:17:06.617326,3507.5,65697.0,70018.0
2025-06-20 10:17:07.320215,3506.9,64861.0,71516.0
2025-06-20 10:17:07.618090,3505.7,64861.0,71516.0
2025-06-20 10:17:08.318405,3505.7,64660.0,71826.0
2025-06-20 10:17:08.621867,3505.7,64660.0,71826.0
2025-06-20 10:17:09.318202,3505.7,65048.0,71343.0
2025-06-20 10:17:09.624289,3505.7,65048.0,71343.0
2025-06-20 10:17:10.319546,3505.8,64982.0,71398.0
2025-06-20 10:17:10.621262,3505.8,64982.0,71398.0
2025-06-20 10:17:11.217051,3505.7,64792.0,71584.0
2025-06-20 10:17:11.617532,3505.7,64792.0,71584.0
2025-06-20 10:17:12.213222,3505.7,64793.0,71409.0
2025-06-20 10:17:13.213146,3505.7,64850.0,71330.0
2025-06-20 10:17:13.616302,3505.9,64850.0,71330.0
2025-06-20 10:17:14.212556,3505.9,65348.0,71272.0
2025-06-20 10:17:14.636589,3505.9,65348.0,71272.0
2025-06-20 10:17:15.113869,3506.2,64883.0,72000.0
2025-06-20 10:17:15.616160,3505.7,64883.0,72000.0
2025-06-20 10:17:16.114646,3505.7,64975.0,71617.0
2025-06-20 10:17:16.615996,3505.7,64975.0,71617.0
2025-06-20 10:17:17.118989,3505.7,65052.0,71219.0
2025-06-20 10:17:17.629116,3505.6,65052.0,71219.0
2025-06-20 10:17:18.021415,3505.6,65009.0,71670.0
2025-06-20 10:17:18.619559,3505.6,65009.0,71670.0
2025-06-20 10:17:19.016062,3505.6,64879.0,71899.0
2025-06-20 10:17:20.018948,3505.6,64866.0,71636.0
2025-06-20 10:17:20.619927,3505.6,64866.0,71636.0
2025-06-20 10:17:20.931188,3505.6,64809.0,71945.0
2025-06-20 10:17:21.615278,3505.6,64809.0,71945.0
2025-06-20 10:17:22.617855,3505.6,64809.0,71945.0
2025-06-20 10:17:22.838157,3505.6,64254.0,72171.0
2025-06-20 10:17:23.623964,3504.1,64254.0,72171.0
2025-06-20 10:17:23.832801,3504.1,64248.0,72519.0
2025-06-20 10:17:24.619117,3505.0,64248.0,72519.0
2025-06-20 10:17:24.833196,3505.0,64581.0,72030.0
2025-06-20 10:17:25.627321,3505.0,64581.0,72030.0
2025-06-20 10:17:25.835038,3505.9,64575.0,72211.0
2025-06-20 10:17:26.627411,3505.0,64575.0,72211.0
2025-06-20 10:17:26.727945,3505.0,64394.0,72098.0
2025-06-20 10:17:27.723310,3505.0,64461.0,72262.0
2025-06-20 10:17:28.615435,3504.3,64461.0,72262.0
2025-06-20 10:17:28.722340,3504.3,63912.0,72987.0
2025-06-20 10:17:29.619164,3505.0,63912.0,72987.0
2025-06-20 10:17:29.725323,3505.0,64084.0,72467.0
2025-06-20 10:17:30.619032,3505.1,64084.0,72467.0
2025-06-20 10:17:30.726784,3505.1,64139.0,72463.0
2025-06-20 10:17:31.626376,3505.1,64139.0,72463.0
2025-06-20 10:17:31.726662,3505.1,64112.0,72441.0
2025-06-20 10:17:32.725378,3505.1,64342.0,72462.0
2025-06-20 10:17:33.640982,3505.0,64342.0,72462.0
2025-06-20 10:17:33.643060,3505.0,64172.0,72472.0
2025-06-20 10:17:34.646945,3505.0,64723.0,71901.0
2025-06-20 10:17:35.618739,3505.4,64723.0,71901.0
2025-06-20 10:17:35.634397,3505.4,65472.0,70530.0
2025-06-20 10:17:36.635011,3505.4,65429.0,70984.0
2025-06-20 10:17:37.616721,3506.1,65429.0,70984.0
2025-06-20 10:17:37.639311,3506.1,65412.0,71009.0
2025-06-20 10:17:38.526744,3506.1,65449.0,70614.0
2025-06-20 10:17:39.528694,3506.7,65449.0,70514.0
2025-06-20 10:17:39.623781,3506.7,65449.0,70514.0
2025-06-20 10:17:40.530544,3506.7,65441.0,70607.0
2025-06-20 10:17:40.625881,3506.7,65441.0,70607.0
2025-06-20 10:17:41.442360,3506.8,65459.0,70309.0
2025-06-20 10:17:41.624460,3506.8,65459.0,70309.0
2025-06-20 10:17:42.441321,3506.8,65124.0,70607.0
2025-06-20 10:17:43.346541,3506.8,65170.0,70574.0
2025-06-20 10:17:43.689013,3506.2,65170.0,70574.0
2025-06-20 10:17:44.362264,3506.2,65240.0,70562.0
2025-06-20 10:17:45.457938,3506.2,65241.0,70581.0
2025-06-20 10:17:45.619399,3506.8,65241.0,70581.0
2025-06-20 10:17:46.358241,3506.8,65260.0,70621.0
2025-06-20 10:17:47.383363,3506.8,65465.0,70636.0
2025-06-20 10:17:48.356611,3506.8,65483.0,70774.0
2025-06-20 10:17:48.620667,3506.6,65483.0,70774.0
2025-06-20 10:17:49.366170,3506.8,65182.0,70892.0
2025-06-20 10:17:49.622030,3506.8,65182.0,70892.0
2025-06-20 10:17:50.369088,3506.8,65229.0,70854.0
2025-06-20 10:17:50.620927,3506.8,65229.0,70854.0
2025-06-20 10:17:51.354802,3506.6,65160.0,70803.0
2025-06-20 10:17:51.621204,3506.6,65160.0,70803.0
2025-06-20 10:17:52.347817,3506.6,65165.0,70887.0
2025-06-20 10:17:53.347019,3506.6,65340.0,70750.0
2025-06-20 10:17:54.351738,3506.6,65340.0,70933.0
2025-06-20 10:17:55.358130,3506.6,65210.0,70917.0
2025-06-20 10:17:56.360926,3506.6,64869.0,71374.0
2025-06-20 10:17:56.623333,3506.6,64869.0,71374.0
2025-06-20 10:17:57.238819,3506.6,65123.0,71534.0
2025-06-20 10:17:57.622966,3506.6,65123.0,71534.0
2025-06-20 10:17:58.238383,3506.7,65148.0,71406.0
2025-06-20 10:17:58.622037,3506.8,65148.0,71406.0
2025-06-20 10:17:59.145216,3506.6,64799.0,71788.0
2025-06-20 10:17:59.621153,3506.6,64799.0,71788.0
2025-06-20 10:18:00.140103,3506.6,64970.0,71545.0
2025-06-20 10:18:01.621350,3505.8,64970.0,71545.0
2025-06-20 10:18:02.142439,3506.8,65511.0,70596.0
2025-06-20 10:18:02.623320,3506.8,65511.0,70596.0
2025-06-20 10:18:03.141701,3507.1,65651.0,69927.0
2025-06-20 10:18:03.621648,3507.1,65651.0,69927.0
2025-06-20 10:18:04.042083,3507.1,65458.0,70175.0
2025-06-20 10:18:04.620379,3507.9,65458.0,70175.0
2025-06-20 10:18:05.043073,3506.1,65117.0,70404.0
2025-06-20 10:18:05.621862,3507.8,65117.0,70404.0
2025-06-20 10:18:06.044302,3507.8,64749.0,70733.0
2025-06-20 10:18:07.044258,3507.8,64800.0,70772.0
2025-06-20 10:18:07.619915,3506.9,64800.0,70772.0
2025-06-20 10:18:07.944205,3506.9,64914.0,70785.0
2025-06-20 10:18:08.951661,3506.9,64826.0,70556.0
2025-06-20 10:18:09.619732,3507.3,64826.0,70556.0
2025-06-20 10:18:09.861036,3507.3,64864.0,70510.0
2025-06-20 10:18:10.863511,3507.3,65228.0,70562.0
2025-06-20 10:18:11.622732,3507.3,65228.0,70562.0
2025-06-20 10:18:11.862373,3507.3,64853.0,70515.0
2025-06-20 10:18:12.620165,3507.9,64853.0,70515.0
2025-06-20 10:18:12.863499,3508.0,64931.0,70545.0
2025-06-20 10:18:13.620932,3508.0,64931.0,70545.0
2025-06-20 10:18:13.861974,3508.0,65147.0,70579.0
2025-06-20 10:18:14.673522,3508.0,65147.0,70579.0
2025-06-20 10:18:14.858514,3508.0,65256.0,70648.0
2025-06-20 10:18:15.618812,3507.9,65256.0,70648.0
2025-06-20 10:18:15.860095,3507.9,65350.0,70496.0
2025-06-20 10:18:16.863506,3507.9,65449.0,70509.0
2025-06-20 10:18:17.622115,3509.5,65449.0,70509.0
2025-06-20 10:18:17.860730,3509.5,65273.0,69875.0
2025-06-20 10:18:18.622047,3508.0,65273.0,69875.0
2025-06-20 10:18:18.867342,3508.0,64778.0,70370.0
2025-06-20 10:18:19.623021,3507.8,64778.0,70370.0
2025-06-20 10:18:19.862751,3508.7,64866.0,70771.0
2025-06-20 10:18:20.622692,3508.7,64866.0,70771.0
2025-06-20 10:18:20.868760,3508.7,64982.0,70937.0
2025-06-20 10:18:21.754636,3508.7,65034.0,70951.0
2025-06-20 10:18:22.756592,3508.7,65052.0,71072.0
2025-06-20 10:18:23.622422,3507.2,65052.0,71072.0
2025-06-20 10:18:23.912888,3507.2,64047.0,70808.0
2025-06-20 10:18:24.755877,3507.2,64943.0,70768.0
2025-06-20 10:18:25.755482,3507.2,65269.0,70542.0
2025-06-20 10:18:26.756457,3507.2,65284.0,70674.0
2025-06-20 10:18:27.757712,3507.2,65253.0,70632.0
2025-06-20 10:18:28.669435,3507.2,65253.0,70694.0
2025-06-20 10:18:29.664514,3507.2,65249.0,70749.0
2025-06-20 10:18:30.620797,3508.7,65249.0,70749.0
2025-06-20 10:18:30.669080,3508.7,65333.0,70729.0
2025-06-20 10:18:31.627419,3508.2,65333.0,70729.0
2025-06-20 10:18:31.660391,3508.2,65270.0,70660.0
2025-06-20 10:18:32.668463,3508.2,65260.0,70824.0
2025-06-20 10:18:33.622492,3507.8,65260.0,70824.0
2025-06-20 10:18:33.660844,3507.8,65279.0,70870.0
2025-06-20 10:18:34.666202,3508.0,65279.0,70858.0
2025-06-20 10:18:35.566057,3508.0,65088.0,70911.0
2025-06-20 10:18:35.623871,3508.0,65088.0,70911.0
2025-06-20 10:18:36.563902,3508.0,65219.0,70911.0
2025-06-20 10:18:37.561463,3508.0,64695.0,71003.0
2025-06-20 10:18:38.568028,3508.0,64716.0,70957.0
2025-06-20 10:18:39.575622,3508.0,64723.0,71040.0
2025-06-20 10:18:40.464946,3508.0,64723.0,71045.0
2025-06-20 10:18:41.339532,3508.0,64723.0,71045.0
2025-06-20 10:18:41.591718,3508.0,64721.0,71040.0
2025-06-20 10:18:41.669045,3508.0,64721.0,71040.0
2025-06-20 10:18:42.117872,3508.0,64721.0,71040.0
2025-06-20 10:18:42.633814,3508.0,64627.0,71052.0
2025-06-20 10:18:42.678315,3508.0,64627.0,71052.0
2025-06-20 10:18:42.724161,3508.0,64627.0,71052.0
2025-06-20 10:18:43.298350,3508.0,64627.0,71052.0
2025-06-20 10:18:43.568797,3508.0,64871.0,70711.0
2025-06-20 10:18:43.624384,3508.0,64871.0,70711.0
2025-06-20 10:18:43.944636,3508.0,64871.0,70711.0
2025-06-20 10:18:44.432698,3508.0,64871.0,70711.0
2025-06-20 10:18:44.640199,3508.7,64887.0,70829.0
2025-06-20 10:18:44.691505,3508.7,64887.0,70829.0
2025-06-20 10:18:45.012759,3508.7,64887.0,70829.0
2025-06-20 10:18:45.418069,3508.7,64887.0,70829.0
2025-06-20 10:18:45.465250,3508.7,64877.0,70989.0
2025-06-20 10:18:46.335782,3508.7,64877.0,70989.0
2025-06-20 10:18:46.469575,3508.7,64721.0,71041.0
2025-06-20 10:18:46.627653,3508.7,64721.0,71041.0
2025-06-20 10:18:47.467553,3510.0,63371.0,70026.0
2025-06-20 10:18:47.623654,3509.0,63371.0,70026.0
2025-06-20 10:18:47.675471,3509.0,63371.0,70026.0
2025-06-20 10:18:48.469416,3509.0,65006.0,70886.0
2025-06-20 10:18:48.681617,3509.0,65006.0,70886.0
2025-06-20 10:18:49.469055,3509.0,65626.0,70504.0
2025-06-20 10:18:49.652138,3509.9,65626.0,70504.0
2025-06-20 10:18:50.196123,3509.9,65626.0,70504.0
2025-06-20 10:18:50.472029,3509.9,65952.0,70203.0
2025-06-20 10:18:50.626548,3509.9,65952.0,70203.0
2025-06-20 10:18:51.449919,3509.9,65952.0,70203.0
2025-06-20 10:18:51.470600,3509.9,65752.0,70087.0
2025-06-20 10:18:52.382971,3509.9,65781.0,70053.0
2025-06-20 10:18:52.623274,3509.9,65781.0,70053.0
2025-06-20 10:18:52.711126,3509.9,65781.0,70053.0
2025-06-20 10:18:53.385304,3510.3,66088.0,69182.0
2025-06-20 10:18:53.635415,3510.3,66088.0,69182.0
2025-06-20 10:18:54.336993,3510.3,66088.0,69182.0
2025-06-20 10:18:54.438183,3510.5,65615.0,69345.0
2025-06-20 10:18:54.638681,3510.0,65615.0,69345.0
2025-06-20 10:18:55.384712,3510.3,65687.0,69476.0
2025-06-20 10:18:55.641359,3510.3,65687.0,69476.0
2025-06-20 10:18:56.383510,3510.3,65498.0,69424.0
2025-06-20 10:18:56.624186,3511.0,65498.0,69424.0
2025-06-20 10:18:57.384405,3510.5,65722.0,69263.0
2025-06-20 10:18:57.633302,3510.5,65722.0,69263.0
2025-06-20 10:18:58.272919,3509.5,63357.0,70169.0
2025-06-20 10:18:58.632646,3509.5,63357.0,70169.0
2025-06-20 10:18:59.272655,3509.5,64750.0,70327.0
2025-06-20 10:18:59.640221,3508.8,64750.0,70327.0
2025-06-20 10:19:00.278846,3509.7,64970.0,70610.0
2025-06-20 10:19:01.597383,3509.5,64540.0,70744.0
2025-06-20 10:19:01.630935,3509.5,64540.0,70744.0
2025-06-20 10:19:02.677446,3509.5,64898.0,70819.0
2025-06-20 10:19:03.636251,3509.5,64898.0,70819.0
2025-06-20 10:19:03.781686,3509.5,64967.0,70850.0
2025-06-20 10:19:04.637341,3509.5,64967.0,70850.0
2025-06-20 10:19:04.784123,3509.5,65185.0,70696.0
2025-06-20 10:19:05.638636,3509.9,65185.0,70696.0
2025-06-20 10:19:05.882708,3509.9,65543.0,70070.0
2025-06-20 10:19:06.629554,3510.9,65543.0,70070.0
2025-06-20 10:19:06.980766,3510.9,65728.0,70204.0
2025-06-20 10:19:08.082087,3510.9,65722.0,70348.0
2025-06-20 10:19:08.625239,3510.9,65722.0,70348.0
2025-06-20 10:19:09.090647,3510.9,65355.0,70299.0
2025-06-20 10:19:10.081679,3511.0,65442.0,70151.0
2025-06-20 10:19:10.663642,3511.0,65442.0,70151.0
2025-06-20 10:19:11.082628,3511.0,65447.0,70254.0
2025-06-20 10:19:11.633838,3510.9,65447.0,70254.0
2025-06-20 10:19:12.185653,3510.9,64531.0,70176.0
2025-06-20 10:19:13.283309,3510.9,64548.0,70066.0
2025-06-20 10:19:14.401080,3511.0,65045.0,70073.0
2025-06-20 10:19:14.636987,3511.0,65045.0,70073.0
2025-06-20 10:19:15.484825,3511.0,65331.0,69837.0
2025-06-20 10:19:16.593628,3511.0,65686.0,69579.0
2025-06-20 10:19:16.647771,3511.0,65686.0,69579.0
2025-06-20 10:19:17.686383,3511.0,65657.0,69586.0
2025-06-20 10:19:18.832474,3511.0,66127.0,69613.0
2025-06-20 10:19:19.897724,3511.0,66177.0,69314.0
2025-06-20 10:19:20.660013,3511.0,66177.0,69314.0
2025-06-20 10:19:20.991585,3511.0,66327.0,69542.0
2025-06-20 10:19:21.681479,3511.0,66327.0,69542.0
2025-06-20 10:19:22.092200,3511.0,66456.0,69394.0
2025-06-20 10:19:22.677584,3510.7,66456.0,69394.0
2025-06-20 10:19:23.191483,3512.0,66285.0,69102.0
2025-06-20 10:19:23.642901,3511.3,66285.0,69102.0
2025-06-20 10:19:24.293058,3511.3,65843.0,69560.0
2025-06-20 10:19:24.884254,3509.8,65843.0,69560.0
2025-06-20 10:19:25.407193,3511.1,66117.0,69922.0
2025-06-20 10:19:25.687757,3509.9,66117.0,69922.0
2025-06-20 10:19:26.496572,3509.9,65862.0,69999.0
2025-06-20 10:19:27.597327,3509.7,65601.0,70217.0
2025-06-20 10:19:27.685089,3509.7,65601.0,70217.0
2025-06-20 10:19:28.685173,3509.7,65601.0,70217.0
2025-06-20 10:19:28.694002,3509.7,65936.0,70274.0
2025-06-20 10:19:29.886430,3509.7,65994.0,70078.0
2025-06-20 10:19:30.635467,3509.7,65994.0,70078.0
2025-06-20 10:19:30.910782,3509.7,65793.0,70134.0
2025-06-20 10:19:32.001904,3510.9,65950.0,70220.0
2025-06-20 10:19:32.642360,3510.9,65950.0,70220.0
2025-06-20 10:19:33.101573,3510.2,65724.0,70328.0
2025-06-20 10:19:33.652419,3510.2,65724.0,70328.0
2025-06-20 10:19:34.206879,3510.2,65715.0,70306.0
2025-06-20 10:19:35.206978,3508.8,65373.0,69784.0
2025-06-20 10:19:35.642400,3508.0,65373.0,69784.0
2025-06-20 10:19:36.303909,3510.1,65841.0,70149.0
2025-06-20 10:19:36.635594,3510.1,65841.0,70149.0
2025-06-20 10:19:37.505573,3510.1,66265.0,69814.0
2025-06-20 10:19:38.504678,3510.1,66405.0,70042.0
2025-06-20 10:19:39.612288,3510.9,66105.0,69769.0
2025-06-20 10:19:39.632967,3510.9,66105.0,69769.0
2025-06-20 10:19:40.903857,3510.9,66308.0,69762.0
2025-06-20 10:19:41.668791,3510.9,66313.0,69762.0
2025-06-20 10:19:42.641342,3510.9,66313.0,69762.0
2025-06-20 10:19:42.716621,3510.9,66184.0,69266.0
2025-06-20 10:19:43.806200,3510.9,66359.0,69317.0
2025-06-20 10:19:44.922475,3510.9,66173.0,69398.0
2025-06-20 10:19:46.012234,3510.1,66221.0,69488.0
2025-06-20 10:19:46.637307,3510.1,66221.0,69488.0
2025-06-20 10:19:47.114241,3510.1,66227.0,69595.0
2025-06-20 10:19:48.127046,3511.0,66111.0,69553.0
2025-06-20 10:19:48.635339,3509.9,66111.0,69553.0
2025-06-20 10:19:49.221352,3509.9,66057.0,69558.0
2025-06-20 10:19:50.322144,3509.9,65680.0,71027.0
2025-06-20 10:19:50.636708,3509.9,65680.0,71027.0
2025-06-20 10:19:51.431088,3509.6,65347.0,70937.0
2025-06-20 10:19:51.637576,3507.9,65347.0,70937.0
2025-06-20 10:19:52.520368,3507.2,64971.0,71636.0
2025-06-20 10:19:52.697255,3507.2,64971.0,71636.0
2025-06-20 10:19:53.523761,3507.3,65419.0,71312.0
2025-06-20 10:19:53.635933,3507.3,65419.0,71312.0
2025-06-20 10:19:54.623526,3507.3,65536.0,71654.0
2025-06-20 10:19:55.636958,3507.7,65536.0,71654.0
2025-06-20 10:19:55.724800,3507.7,65306.0,71627.0
2025-06-20 10:19:56.833709,3507.7,65346.0,71642.0
2025-06-20 10:19:57.935129,3507.7,65319.0,71664.0
2025-06-20 10:19:58.932290,3507.7,65298.0,71664.0
2025-06-20 10:19:59.635600,3508.7,65298.0,71664.0
2025-06-20 10:20:00.028138,3508.7,65596.0,71367.0
2025-06-20 10:20:01.034010,3508.7,65639.0,71355.0
2025-06-20 10:20:01.637670,3509.2,65639.0,71355.0
2025-06-20 10:20:04.635173,3509.9,65639.0,71355.0
2025-06-20 10:20:04.946770,3509.9,66223.0,69873.0
2025-06-20 10:20:06.635559,3510.9,66223.0,69873.0
2025-06-20 10:20:06.746804,3510.9,66398.0,69929.0
2025-06-20 10:20:07.752007,3510.9,66385.0,69880.0
2025-06-20 10:20:08.637258,3510.9,66385.0,69880.0
2025-06-20 10:20:08.678196,3510.9,66212.0,69787.0
2025-06-20 10:20:09.635329,3510.1,66212.0,69787.0
2025-06-20 10:20:10.635394,3510.3,66212.0,69787.0
2025-06-20 10:20:11.583146,3510.3,65969.0,70607.0
2025-06-20 10:20:12.439311,3510.3,65938.0,70324.0
2025-06-20 10:20:13.538168,3508.9,65907.0,70389.0
2025-06-20 10:20:13.635161,3508.9,65907.0,70389.0
2025-06-20 10:20:14.641603,3509.1,65907.0,70389.0
2025-06-20 10:20:17.347960,3509.1,66025.0,70351.0
2025-06-20 10:20:18.241225,3509.1,66025.0,70393.0
2025-06-20 10:20:20.634404,3511.7,66025.0,70393.0
2025-06-20 10:20:21.146158,3509.7,65648.0,70591.0
2025-06-20 10:20:21.637510,3509.7,65648.0,70591.0
2025-06-20 10:20:22.045332,3509.7,65588.0,70821.0
2025-06-20 10:20:23.048743,3508.7,65792.0,70680.0
2025-06-20 10:20:23.638843,3508.7,65792.0,70680.0
2025-06-20 10:20:24.045113,3508.7,65793.0,70819.0
2025-06-20 10:20:24.639545,3510.3,65793.0,70819.0
2025-06-20 10:20:25.051034,3510.3,66149.0,70238.0
2025-06-20 10:20:26.049103,3510.3,65381.0,70145.0
2025-06-20 10:20:27.050522,3510.3,66297.0,70382.0
2025-06-20 10:20:27.697682,3510.4,66297.0,70382.0
2025-06-20 10:20:28.154950,3510.4,65968.0,69737.0
2025-06-20 10:20:28.638529,3510.4,65968.0,69737.0
2025-06-20 10:20:29.052171,3510.4,65957.0,69699.0
2025-06-20 10:20:29.967416,3510.4,65281.0,69696.0
2025-06-20 10:20:30.958885,3510.4,65300.0,69736.0
2025-06-20 10:20:31.955700,3510.4,65307.0,69779.0
2025-06-20 10:20:32.956185,3510.4,65267.0,69804.0
2025-06-20 10:20:33.638170,3510.0,65267.0,69804.0
2025-06-20 10:20:33.970210,3511.1,64887.0,70218.0
2025-06-20 10:20:34.636631,3509.2,64887.0,70218.0
2025-06-20 10:20:34.960200,3509.2,64874.0,70304.0
2025-06-20 10:20:35.637510,3509.1,64874.0,70304.0
2025-06-20 10:20:35.964372,3509.2,65660.0,70228.0
2025-06-20 10:20:36.661342,3509.3,65660.0,70228.0
2025-06-20 10:20:36.965179,3509.3,65351.0,70308.0
2025-06-20 10:20:37.643013,3509.2,65351.0,70308.0
2025-06-20 10:20:37.962411,3509.2,65218.0,70275.0
2025-06-20 10:20:38.974537,3509.2,65429.0,70406.0
2025-06-20 10:20:39.966181,3509.0,65371.0,70590.0
2025-06-20 10:20:40.640680,3509.0,65371.0,70590.0
2025-06-20 10:20:40.966996,3509.0,65624.0,70560.0
2025-06-20 10:20:42.064595,3510.4,65687.0,70512.0
2025-06-20 10:20:42.639504,3510.4,65687.0,70512.0
2025-06-20 10:20:43.061884,3510.4,65736.0,70455.0
2025-06-20 10:20:43.639905,3510.4,65736.0,70455.0
2025-06-20 10:20:44.062490,3510.4,65851.0,70427.0
2025-06-20 10:20:45.061899,3510.4,65663.0,70494.0
2025-06-20 10:20:46.063242,3510.4,65835.0,70409.0
2025-06-20 10:20:47.068684,3510.4,65835.0,70466.0
2025-06-20 10:20:47.639866,3510.4,65835.0,70466.0
2025-06-20 10:20:48.166001,3510.4,65679.0,70376.0
2025-06-20 10:20:49.066909,3510.4,65680.0,70426.0
2025-06-20 10:20:50.067343,3510.4,65822.0,70449.0
2025-06-20 10:20:50.671884,3510.4,65822.0,70449.0
2025-06-20 10:20:51.069050,3510.4,65630.0,70340.0
2025-06-20 10:20:52.169336,3510.4,66186.0,70313.0
2025-06-20 10:20:53.169416,3510.4,66164.0,70386.0
2025-06-20 10:20:54.168973,3510.4,66764.0,70277.0
2025-06-20 10:20:54.638808,3510.4,66764.0,70277.0
2025-06-20 10:20:55.275574,3509.7,65142.0,71314.0
2025-06-20 10:20:55.641364,3509.7,65142.0,71314.0
2025-06-20 10:20:56.275230,3509.7,65439.0,71413.0
2025-06-20 10:20:57.384524,3509.7,65401.0,71411.0
2025-06-20 10:20:58.472287,3509.3,65439.0,71455.0
2025-06-20 10:20:58.638766,3509.2,65439.0,71455.0
2025-06-20 10:20:59.574645,3509.2,65319.0,71396.0
2025-06-20 10:21:01.177109,3509.2,65114.0,71410.0
2025-06-20 10:21:01.645194,3508.7,65114.0,71410.0
2025-06-20 10:21:02.071485,3508.7,65202.0,71438.0
2025-06-20 10:21:02.649481,3508.7,65202.0,71438.0
2025-06-20 10:21:03.073189,3508.7,66020.0,71120.0
2025-06-20 10:21:05.070377,3508.7,66131.0,71189.0
2025-06-20 10:21:06.073065,3508.7,65918.0,71311.0
2025-06-20 10:21:06.974311,3508.7,65900.0,71441.0
2025-06-20 10:21:07.669502,3509.2,65900.0,71441.0
2025-06-20 10:21:08.075060,3509.2,65785.0,71498.0
2025-06-20 10:21:08.976258,3509.2,65949.0,71483.0
2025-06-20 10:21:09.642396,3509.2,65949.0,71483.0
2025-06-20 10:21:10.111142,3509.2,66647.0,71973.0
2025-06-20 10:21:10.643291,3509.2,66647.0,71973.0
2025-06-20 10:21:10.980563,3509.2,66657.0,71982.0
2025-06-20 10:21:11.641014,3509.2,66657.0,71982.0
2025-06-20 10:21:11.781769,3509.2,66707.0,71862.0
2025-06-20 10:21:12.643147,3508.8,66707.0,71862.0
2025-06-20 10:21:12.790574,3508.8,66466.0,72013.0
2025-06-20 10:21:13.654172,3509.2,66466.0,72013.0
2025-06-20 10:21:13.690719,3509.2,66610.0,72070.0
2025-06-20 10:21:14.649344,3509.2,66610.0,72070.0
2025-06-20 10:21:14.691523,3509.2,66621.0,71913.0
2025-06-20 10:21:15.582247,3509.2,66645.0,71894.0
2025-06-20 10:21:16.585743,3509.3,66457.0,71936.0
2025-06-20 10:21:16.653117,3509.3,66457.0,71936.0
2025-06-20 10:21:17.484684,3509.3,66457.0,71985.0
2025-06-20 10:21:18.485188,3509.3,66466.0,71944.0
2025-06-20 10:21:19.415642,3509.3,66438.0,72080.0
2025-06-20 10:21:20.391992,3509.3,66244.0,72186.0
2025-06-20 10:21:20.650336,3509.3,66244.0,72186.0
2025-06-20 10:21:22.426866,3509.3,66242.0,72174.0
2025-06-20 10:21:22.645494,3509.3,66242.0,72174.0
2025-06-20 10:21:23.611201,3509.3,66235.0,72059.0
2025-06-20 10:21:23.647820,3509.3,66235.0,72059.0
2025-06-20 10:21:24.289757,3509.3,66262.0,71961.0
2025-06-20 10:21:25.190217,3509.3,66450.0,71875.0
2025-06-20 10:21:26.189099,3509.3,66330.0,71870.0
2025-06-20 10:21:27.642309,3508.2,66330.0,71870.0
2025-06-20 10:21:28.194473,3508.2,66325.0,72103.0
2025-06-20 10:21:29.192120,3508.2,66478.0,72077.0
2025-06-20 10:21:29.647962,3509.4,66478.0,72077.0
2025-06-20 10:21:30.092924,3509.4,65999.0,71566.0
2025-06-20 10:21:30.648820,3509.4,65999.0,71566.0
2025-06-20 10:21:31.190202,3509.4,66333.0,71884.0
2025-06-20 10:21:32.233152,3509.4,66390.0,71846.0
2025-06-20 10:21:34.094944,3509.4,66170.0,71892.0
2025-06-20 10:21:34.640264,3509.6,66170.0,71892.0
2025-06-20 10:21:35.994215,3509.6,66321.0,71734.0
2025-06-20 10:21:37.114610,3509.6,66401.0,71835.0
2025-06-20 10:21:37.690833,3508.2,66401.0,71835.0
2025-06-20 10:21:37.793078,3508.2,66317.0,71882.0
2025-06-20 10:21:38.697066,3508.2,66416.0,71748.0
2025-06-20 10:21:39.594894,3508.2,66146.0,71829.0
2025-06-20 10:21:39.642439,3508.2,66146.0,71829.0
2025-06-20 10:21:40.596728,3508.2,66148.0,71787.0
2025-06-20 10:21:41.497554,3509.8,66191.0,71954.0
2025-06-20 10:21:41.641918,3509.8,66191.0,71954.0
2025-06-20 10:21:41.811817,3509.8,66191.0,71954.0
2025-06-20 10:21:42.165353,3509.8,66191.0,71954.0
2025-06-20 10:21:42.503137,3509.8,66514.0,71888.0
2025-06-20 10:21:42.657650,3509.8,66514.0,71888.0
2025-06-20 10:21:42.790089,3509.8,66514.0,71888.0
2025-06-20 10:21:43.086884,3509.8,66514.0,71888.0
2025-06-20 10:21:43.500440,3509.8,66580.0,71718.0
2025-06-20 10:21:43.718241,3509.8,66580.0,71718.0
2025-06-20 10:21:44.430737,3509.8,66580.0,71718.0
2025-06-20 10:21:44.455844,3509.8,66564.0,71717.0
2025-06-20 10:21:44.834428,3509.8,66564.0,71717.0
2025-06-20 10:21:45.438829,3509.8,66564.0,71717.0
2025-06-20 10:21:45.481812,3509.8,66573.0,71717.0
2025-06-20 10:21:45.821678,3509.8,66573.0,71717.0
2025-06-20 10:21:46.544608,3509.8,66573.0,71717.0
2025-06-20 10:21:46.818564,3509.8,66573.0,71717.0
2025-06-20 10:21:47.602681,3509.8,66633.0,71717.0
2025-06-20 10:21:48.128964,3509.8,66633.0,71717.0
2025-06-20 10:21:48.704969,3509.8,66633.0,71729.0
2025-06-20 10:21:49.106456,3509.8,66633.0,71729.0
2025-06-20 10:21:50.415991,3509.8,66676.0,71698.0
2025-06-20 10:21:50.659480,3509.8,66676.0,71698.0
2025-06-20 10:21:50.695078,3509.8,66676.0,71698.0
2025-06-20 10:21:51.418425,3509.7,66669.0,71464.0
2025-06-20 10:21:51.692903,3509.7,66669.0,71464.0
2025-06-20 10:21:51.946775,3509.7,66669.0,71464.0
2025-06-20 10:21:52.430471,3509.7,66675.0,71815.0
2025-06-20 10:21:52.705930,3509.9,66675.0,71815.0
2025-06-20 10:21:53.182025,3509.9,66675.0,71815.0
2025-06-20 10:21:53.504609,3509.9,66632.0,71912.0
2025-06-20 10:21:54.604045,3510.0,66290.0,71708.0
2025-06-20 10:21:54.663484,3510.0,66290.0,71708.0
2025-06-20 10:21:54.788549,3510.0,66290.0,71708.0
2025-06-20 10:21:55.605419,3510.0,66327.0,71685.0
2025-06-20 10:21:55.662028,3510.0,66327.0,71685.0
2025-06-20 10:21:56.656265,3510.0,66327.0,71685.0
2025-06-20 10:21:56.708779,3510.0,66439.0,71519.0
2025-06-20 10:21:57.648674,3510.0,66439.0,71519.0
2025-06-20 10:21:57.805529,3510.0,66746.0,71501.0
2025-06-20 10:21:58.645015,3510.0,66746.0,71501.0
2025-06-20 10:21:58.808400,3510.0,65852.0,71538.0
2025-06-20 10:21:59.689077,3510.0,65852.0,71538.0
2025-06-20 10:21:59.920508,3510.0,66506.0,71635.0
2025-06-20 10:22:01.315628,3510.0,66684.0,71536.0
2025-06-20 10:22:01.695219,3510.1,66684.0,71536.0
2025-06-20 10:22:07.771156,3510.3,66636.0,71500.0
2025-06-20 10:22:07.996917,3510.3,66636.0,71500.0
2025-06-20 10:22:11.294922,3510.2,66636.0,71500.0
2025-06-20 10:22:13.218314,3509.5,66121.0,72327.0
2025-06-20 10:22:13.703430,3509.5,66121.0,72327.0
2025-06-20 10:22:16.665609,3509.7,66121.0,72327.0
2025-06-20 10:22:19.430851,3509.0,66209.0,72280.0
2025-06-20 10:22:19.655614,3509.0,66209.0,72280.0
2025-06-20 10:22:22.683002,3509.8,66209.0,72280.0
2025-06-20 10:22:25.624636,3509.8,66074.0,71889.0
2025-06-20 10:22:28.681300,3509.9,66074.0,71889.0
2025-06-20 10:22:31.697739,3509.5,66074.0,71889.0
2025-06-20 10:22:31.726443,3509.5,66066.0,72005.0
2025-06-20 10:22:34.723708,3509.5,66066.0,72005.0
2025-06-20 10:22:37.540617,3509.9,66044.0,71999.0
2025-06-20 10:22:37.658640,3509.9,66044.0,71999.0
2025-06-20 10:22:41.703123,3509.9,66044.0,71999.0
2025-06-20 10:22:43.236555,3509.9,66106.0,71835.0
2025-06-20 10:22:43.664859,3510.0,66106.0,71835.0
2025-06-20 10:22:45.655694,3509.9,66106.0,71835.0
2025-06-20 10:22:48.838707,3509.9,66202.0,72047.0
2025-06-20 10:22:49.661076,3510.0,66202.0,72047.0
2025-06-20 10:22:51.688692,3510.1,66202.0,72047.0
2025-06-20 10:22:54.640224,3510.1,66115.0,71993.0
2025-06-20 10:22:57.657800,3510.5,66115.0,71993.0
2025-06-20 10:22:59.655327,3510.0,66115.0,71993.0
2025-06-20 10:23:00.847077,3510.0,66213.0,72069.0
2025-06-20 10:23:01.659114,3510.5,66213.0,72069.0
2025-06-20 10:23:03.725848,3510.5,66213.0,72069.0
2025-06-20 10:23:05.658368,3510.4,66213.0,72069.0
2025-06-20 10:23:06.863828,3510.4,66302.0,72033.0
2025-06-20 10:23:07.661511,3510.4,66302.0,72033.0
2025-06-20 10:23:09.708305,3510.4,66302.0,72033.0
2025-06-20 10:23:11.736109,3511.0,66302.0,72033.0
2025-06-20 10:23:12.556005,3511.0,66296.0,71861.0
2025-06-20 10:23:13.657304,3510.0,66296.0,71861.0
2025-06-20 10:23:15.665399,3509.1,66296.0,71861.0
2025-06-20 10:23:17.654861,3510.4,66296.0,71861.0
2025-06-20 10:23:18.186268,3510.4,66180.0,72409.0
2025-06-20 10:23:21.664180,3510.4,66180.0,72409.0
2025-06-20 10:23:24.171922,3510.4,66144.0,72378.0
2025-06-20 10:23:27.657187,3509.0,66144.0,72378.0
2025-06-20 10:23:29.965417,3509.0,66038.0,73670.0
2025-06-20 10:23:33.660192,3509.6,66038.0,73670.0
2025-06-20 10:23:35.572188,3509.5,64677.0,74369.0
2025-06-20 10:23:35.664687,3509.5,64677.0,74369.0
2025-06-20 10:23:37.660376,3509.0,64677.0,74369.0
2025-06-20 10:23:39.662191,3507.5,64677.0,74369.0
2025-06-20 10:23:41.474991,3507.5,66154.0,74874.0
2025-06-20 10:23:41.661428,3507.5,66154.0,74874.0
2025-06-20 10:23:43.664376,3507.5,66154.0,74874.0
2025-06-20 10:23:47.665011,3509.0,66154.0,74874.0
2025-06-20 10:23:47.695036,3509.0,65794.0,74722.0
2025-06-20 10:23:49.660020,3507.3,65794.0,74722.0
2025-06-20 10:23:51.700540,3507.2,65794.0,74722.0
2025-06-20 10:23:53.402072,3507.2,65801.0,75014.0
2025-06-20 10:23:55.668649,3507.3,65801.0,75014.0
2025-06-20 10:23:57.661232,3507.3,65801.0,75014.0
2025-06-20 10:23:58.984096,3507.3,65951.0,75033.0
2025-06-20 10:24:01.704974,3508.0,65951.0,75033.0
2025-06-20 10:24:04.489362,3508.0,65992.0,74958.0
2025-06-20 10:24:07.724094,3508.0,65992.0,74958.0
2025-06-20 10:24:10.092189,3508.0,65392.0,75266.0
2025-06-20 10:24:11.703924,3508.0,65392.0,75266.0
2025-06-20 10:24:15.700340,3508.0,65392.0,75266.0
2025-06-20 10:24:15.994852,3508.0,65000.0,75759.0
2025-06-20 10:24:17.706375,3506.1,65000.0,75759.0
2025-06-20 10:24:19.656989,3506.2,65000.0,75759.0
2025-06-20 10:24:21.510289,3506.2,65047.0,75567.0
2025-06-20 10:24:27.103348,3507.6,65037.0,75678.0
2025-06-20 10:24:27.657969,3507.6,65037.0,75678.0
2025-06-20 10:24:29.668099,3506.5,65037.0,75678.0
2025-06-20 10:24:32.919096,3506.4,65601.0,74371.0
2025-06-20 10:24:33.664510,3506.4,65601.0,74371.0
2025-06-20 10:24:35.660770,3506.7,65601.0,74371.0
2025-06-20 10:24:38.708177,3506.7,65253.0,75129.0
2025-06-20 10:24:39.660948,3506.2,65253.0,75129.0
2025-06-20 10:24:42.289606,3506.2,65253.0,75129.0
2025-06-20 10:24:43.492722,3506.2,65253.0,75129.0
2025-06-20 10:24:43.667420,3506.2,65253.0,75129.0
2025-06-20 10:24:43.776399,3506.2,65253.0,75129.0
2025-06-20 10:24:44.032426,3506.2,65253.0,75129.0
2025-06-20 10:24:44.613244,3506.2,65476.0,75034.0
2025-06-20 10:24:45.052833,3506.2,65476.0,75034.0
2025-06-20 10:24:46.073235,3506.2,65476.0,75034.0
2025-06-20 10:24:47.643351,3506.2,65476.0,75034.0
2025-06-20 10:24:47.703810,3506.3,65476.0,75034.0
2025-06-20 10:24:48.782937,3506.3,65476.0,75034.0
2025-06-20 10:24:49.670792,3506.2,65476.0,75034.0
2025-06-20 10:24:49.770590,3506.2,65476.0,75034.0
2025-06-20 10:24:50.314119,3506.3,66060.0,74609.0
2025-06-20 10:24:51.290895,3506.3,66060.0,74609.0
2025-06-20 10:24:51.663932,3506.4,66060.0,74609.0
2025-06-20 10:24:52.565552,3506.4,66060.0,74609.0
2025-06-20 10:24:53.668405,3507.1,66060.0,74609.0
2025-06-20 10:24:53.829362,3507.1,66060.0,74609.0
2025-06-20 10:24:55.421382,3507.1,66060.0,74609.0
2025-06-20 10:24:56.017137,3507.1,65644.0,74774.0
2025-06-20 10:24:57.665817,3507.1,65644.0,74774.0
2025-06-20 10:24:59.663472,3507.6,65644.0,74774.0
2025-06-20 10:25:01.320745,3507.6,65529.0,74805.0
2025-06-20 10:25:01.663626,3507.6,65529.0,74805.0
2025-06-20 10:25:02.324394,3507.6,65347.0,75060.0
2025-06-20 10:25:02.660649,3507.1,65347.0,75060.0
2025-06-20 10:25:03.453053,3507.6,65325.0,75132.0
2025-06-20 10:25:03.661178,3507.6,65325.0,75132.0
2025-06-20 10:25:04.520889,3507.6,65516.0,74413.0
2025-06-20 10:25:04.666912,3507.6,65516.0,74413.0
2025-06-20 10:25:05.455671,3507.3,65671.0,74718.0
2025-06-20 10:25:05.656628,3507.3,65671.0,74718.0
2025-06-20 10:25:06.522897,3507.3,65650.0,74895.0
2025-06-20 10:25:07.527506,3507.3,65650.0,74891.0
2025-06-20 10:25:07.660602,3507.3,65650.0,74891.0
2025-06-20 10:25:08.625384,3507.3,65687.0,74886.0
2025-06-20 10:25:09.655521,3507.3,65484.0,74957.0
2025-06-20 10:25:09.697177,3507.9,65484.0,74957.0
2025-06-20 10:25:10.628929,3507.9,65258.0,75130.0
2025-06-20 10:25:11.630794,3507.9,65379.0,75088.0
2025-06-20 10:25:11.662031,3507.9,65379.0,75088.0
2025-06-20 10:25:12.732307,3507.9,65564.0,75070.0
2025-06-20 10:25:13.728911,3507.9,65392.0,75062.0
2025-06-20 10:25:14.661585,3507.9,65392.0,75062.0
2025-06-20 10:25:14.728387,3507.9,65396.0,75007.0
2025-06-20 10:25:15.663696,3507.6,65396.0,75007.0
2025-06-20 10:25:15.734798,3507.6,64410.0,75756.0
2025-06-20 10:25:16.669820,3505.8,64410.0,75756.0
2025-06-20 10:25:16.728396,3505.8,64830.0,76126.0
2025-06-20 10:25:18.327241,3505.8,65055.0,75756.0
2025-06-20 10:25:19.515010,3505.2,64513.0,75990.0
2025-06-20 10:25:20.350700,3505.2,64513.0,75990.0
2025-06-20 10:25:20.534395,3505.2,64883.0,75995.0
2025-06-20 10:25:21.631917,3505.3,64215.0,76031.0
2025-06-20 10:25:21.656091,3505.3,64215.0,76031.0
2025-06-20 10:25:22.659351,3505.2,64215.0,76031.0
2025-06-20 10:25:22.731604,3505.2,64779.0,76044.0
2025-06-20 10:25:23.858691,3505.2,64562.0,75987.0
2025-06-20 10:25:24.948980,3505.2,64500.0,76227.0
2025-06-20 10:25:25.835276,3505.2,64679.0,76187.0
2025-06-20 10:25:26.784318,3506.6,64679.0,76187.0
2025-06-20 10:25:27.014805,3506.6,64782.0,75983.0
2025-06-20 10:25:27.708535,3506.6,64782.0,75983.0
2025-06-20 10:25:28.036170,3506.6,64936.0,75983.0
2025-06-20 10:25:29.135483,3506.6,64967.0,75895.0
2025-06-20 10:25:29.658036,3506.7,64967.0,75895.0
2025-06-20 10:25:30.264405,3506.7,65262.0,75432.0
2025-06-20 10:25:30.662512,3506.6,65262.0,75432.0
2025-06-20 10:25:31.239396,3506.6,65234.0,75664.0
2025-06-20 10:25:31.667876,3506.8,65234.0,75664.0
2025-06-20 10:25:32.339643,3506.8,65232.0,75300.0
2025-06-20 10:25:32.661223,3506.8,65232.0,75300.0
2025-06-20 10:25:33.339824,3506.6,65141.0,75410.0
2025-06-20 10:25:33.662480,3506.6,65141.0,75410.0
2025-06-20 10:25:34.448239,3506.6,65141.0,75561.0
2025-06-20 10:25:36.045073,3506.8,65169.0,75524.0
2025-06-20 10:25:36.662887,3506.8,65169.0,75524.0
2025-06-20 10:25:37.169014,3506.8,65138.0,75497.0
2025-06-20 10:25:37.659305,3506.8,65138.0,75497.0
2025-06-20 10:25:38.141597,3506.8,64972.0,75544.0
2025-06-20 10:25:39.247227,3506.8,65072.0,75643.0
2025-06-20 10:25:39.665649,3506.8,65072.0,75643.0
2025-06-20 10:25:40.349860,3506.8,64954.0,75800.0
2025-06-20 10:25:40.669071,3506.8,64954.0,75800.0
2025-06-20 10:25:41.451577,3506.6,64758.0,75924.0
2025-06-20 10:25:41.659267,3506.6,64758.0,75924.0
2025-06-20 10:25:42.681884,3506.6,64753.0,75756.0
2025-06-20 10:25:43.618499,3506.6,64744.0,75771.0
2025-06-20 10:25:44.551383,3506.6,64724.0,75822.0
2025-06-20 10:25:45.748570,3506.6,64917.0,75776.0
2025-06-20 10:25:46.847513,3506.6,64911.0,75802.0
2025-06-20 10:25:47.854793,3506.6,64931.0,75862.0
2025-06-20 10:25:48.962466,3506.6,64932.0,75886.0
2025-06-20 10:25:50.052902,3506.9,62062.0,75755.0
2025-06-20 10:25:50.666170,3506.9,62062.0,75755.0
2025-06-20 10:25:51.054413,3506.9,64787.0,75836.0
2025-06-20 10:25:51.672723,3506.9,64787.0,75836.0
2025-06-20 10:25:52.059405,3506.9,65100.0,75760.0
2025-06-20 10:25:53.156676,3506.9,64971.0,75802.0
2025-06-20 10:25:53.661030,3505.7,64971.0,75802.0
2025-06-20 10:25:54.255262,3506.6,64676.0,75996.0
2025-06-20 10:25:54.668296,3506.6,64676.0,75996.0
2025-06-20 10:25:55.414055,3506.6,65097.0,75792.0
2025-06-20 10:25:56.465412,3506.6,64924.0,75803.0
2025-06-20 10:25:57.557591,3506.6,64964.0,75803.0
2025-06-20 10:25:58.671744,3506.6,64965.0,75811.0
2025-06-20 10:25:59.758609,3506.6,64890.0,75804.0
2025-06-20 10:26:01.058527,3506.6,64712.0,75904.0
2025-06-20 10:26:02.060297,3507.0,65002.0,75781.0
2025-06-20 10:26:02.669171,3507.0,65002.0,75781.0
2025-06-20 10:26:03.059585,3507.0,64984.0,75782.0
2025-06-20 10:26:04.060458,3507.0,64980.0,76004.0
2025-06-20 10:26:05.164842,3507.0,64769.0,76098.0
2025-06-20 10:26:05.659863,3507.0,64769.0,76098.0
2025-06-20 10:26:06.262207,3507.0,64796.0,76112.0
2025-06-20 10:26:06.662287,3507.0,64796.0,76112.0
2025-06-20 10:26:07.365217,3507.0,64833.0,76039.0
2025-06-20 10:26:08.366330,3507.0,65383.0,75557.0
2025-06-20 10:26:09.471129,3506.8,65287.0,75401.0
2025-06-20 10:26:09.663628,3506.8,65287.0,75401.0
2025-06-20 10:26:10.574771,3507.0,65092.0,75513.0
2025-06-20 10:26:10.665792,3507.0,65092.0,75513.0
2025-06-20 10:26:11.569739,3507.0,65481.0,75529.0
2025-06-20 10:26:11.659545,3507.0,65481.0,75529.0
2025-06-20 10:26:12.676459,3507.0,65065.0,75768.0
2025-06-20 10:26:13.769156,3507.0,65128.0,75660.0
2025-06-20 10:26:14.664822,3507.3,65128.0,75660.0
2025-06-20 10:26:14.679460,3507.3,65572.0,75182.0
2025-06-20 10:26:15.770242,3507.3,65514.0,75154.0
2025-06-20 10:26:16.870477,3507.3,65306.0,75373.0
2025-06-20 10:26:17.972554,3507.3,65516.0,75365.0
2025-06-20 10:26:18.661505,3506.6,65516.0,75365.0
2025-06-20 10:26:19.073074,3506.6,65169.0,75346.0
2025-06-20 10:26:20.178804,3506.6,65378.0,75364.0
2025-06-20 10:26:20.694245,3507.3,65378.0,75364.0
2025-06-20 10:26:21.180708,3507.3,65233.0,75376.0
2025-06-20 10:26:21.660897,3507.3,65233.0,75376.0
2025-06-20 10:26:22.278711,3507.3,65496.0,75178.0
2025-06-20 10:26:23.381694,3507.3,65436.0,75226.0
2025-06-20 10:26:23.680124,3507.3,65436.0,75226.0
2025-06-20 10:26:24.380249,3507.3,65004.0,75364.0
2025-06-20 10:26:25.379919,3507.3,64644.0,75446.0
2025-06-20 10:26:26.381022,3507.3,64977.0,75252.0
2025-06-20 10:26:27.436700,3507.3,65011.0,75206.0
2025-06-20 10:26:28.384305,3507.3,65236.0,75203.0
2025-06-20 10:26:29.384289,3507.3,65221.0,75529.0
2025-06-20 10:26:29.663619,3505.9,65221.0,75529.0
2025-06-20 10:26:30.384063,3506.5,65293.0,75260.0
2025-06-20 10:26:30.670234,3506.5,65293.0,75260.0
2025-06-20 10:26:31.386633,3506.5,65298.0,75176.0
2025-06-20 10:26:32.489993,3507.3,64156.0,75505.0
2025-06-20 10:26:32.665893,3507.3,64156.0,75505.0
2025-06-20 10:26:33.490692,3507.3,64774.0,75491.0
2025-06-20 10:26:34.589638,3506.3,64750.0,75278.0
2025-06-20 10:26:34.668567,3506.3,64750.0,75278.0
2025-06-20 10:26:35.587640,3507.5,65328.0,74945.0
2025-06-20 10:26:35.677047,3507.5,65328.0,74945.0
2025-06-20 10:26:36.585571,3507.5,65651.0,74810.0
2025-06-20 10:26:36.669825,3507.5,65651.0,74810.0
2025-06-20 10:26:37.585212,3507.3,65663.0,74801.0
2025-06-20 10:26:37.674796,3507.3,65663.0,74801.0
2025-06-20 10:26:38.587046,3507.3,65675.0,74949.0
2025-06-20 10:26:39.489967,3507.3,64311.0,75281.0
2025-06-20 10:26:40.490331,3507.3,65303.0,74951.0
2025-06-20 10:26:41.489757,3507.2,65647.0,75118.0
2025-06-20 10:26:41.659899,3507.2,65647.0,75118.0
2025-06-20 10:26:42.589090,3507.2,65649.0,74952.0
2025-06-20 10:26:43.694360,3507.4,65649.0,74952.0
2025-06-20 10:26:43.714258,3507.4,65671.0,74975.0
2025-06-20 10:26:44.922756,3507.3,65671.0,74975.0
2025-06-20 10:26:44.928283,3507.3,65695.0,75022.0
2025-06-20 10:26:45.705189,3507.3,65717.0,75013.0
2025-06-20 10:26:46.798926,3507.3,65717.0,75006.0
2025-06-20 10:26:47.680707,3507.4,65717.0,75006.0
2025-06-20 10:26:48.002885,3507.4,65710.0,75038.0
2025-06-20 10:26:50.099998,3507.4,65681.0,74891.0
2025-06-20 10:26:50.698210,3507.4,65681.0,74891.0
2025-06-20 10:26:51.203846,3507.4,65699.0,74918.0
2025-06-20 10:26:51.704769,3507.4,65699.0,74918.0
2025-06-20 10:26:52.204454,3507.4,65682.0,75007.0
2025-06-20 10:26:53.302430,3507.4,65729.0,74898.0
2025-06-20 10:26:54.517871,3507.4,65738.0,74947.0
2025-06-20 10:26:56.065690,3507.4,65738.0,74958.0
2025-06-20 10:26:56.603382,3507.5,65677.0,74904.0
2025-06-20 10:26:57.011428,3507.5,65677.0,74904.0
2025-06-20 10:26:57.714967,3507.5,65682.0,74819.0
2025-06-20 10:26:58.712224,3507.5,65508.0,74933.0
2025-06-20 10:26:59.710240,3507.5,65508.0,74933.0
2025-06-20 10:26:59.806356,3508.0,65850.0,73877.0
2025-06-20 10:27:00.669624,3507.8,65850.0,73877.0
2025-06-20 10:27:01.005570,3507.8,65575.0,73450.0
2025-06-20 10:27:02.106010,3507.8,65357.0,73662.0
2025-06-20 10:27:02.765855,3508.9,65357.0,73662.0
2025-06-20 10:27:03.211937,3508.9,65583.0,73229.0
2025-06-20 10:27:03.679780,3507.8,65583.0,73229.0
2025-06-20 10:27:04.308566,3507.8,65480.0,73480.0
2025-06-20 10:27:05.444838,3509.0,65437.0,73529.0
2025-06-20 10:27:05.689119,3509.0,65437.0,73529.0
2025-06-20 10:27:06.423579,3509.0,65506.0,73466.0
2025-06-20 10:27:06.699434,3509.0,65506.0,73466.0
2025-06-20 10:27:07.517092,3508.1,65856.0,73657.0
2025-06-20 10:27:07.688373,3508.1,65856.0,73657.0
2025-06-20 10:27:08.426480,3508.1,65844.0,73752.0
2025-06-20 10:27:09.514571,3508.9,66079.0,73503.0
2025-06-20 10:27:09.686506,3508.9,66079.0,73503.0
2025-06-20 10:27:10.672992,3508.9,65655.0,73491.0
2025-06-20 10:27:10.683961,3508.9,65655.0,73491.0
2025-06-20 10:27:11.614971,3509.0,65833.0,73432.0
2025-06-20 10:27:11.668108,3509.0,65833.0,73432.0
2025-06-20 10:27:12.727089,3509.0,65807.0,73526.0
2025-06-20 10:27:13.677784,3509.4,65807.0,73526.0
2025-06-20 10:27:13.817059,3509.3,65968.0,73238.0
2025-06-20 10:27:14.668893,3509.3,65968.0,73238.0
2025-06-20 10:27:14.948494,3509.4,66024.0,72938.0
2025-06-20 10:27:15.662714,3509.4,66024.0,72938.0
2025-06-20 10:27:16.026590,3509.6,66203.0,71647.0
2025-06-20 10:27:16.662311,3511.0,66203.0,71647.0
2025-06-20 10:27:17.119188,3509.8,66009.0,72361.0
2025-06-20 10:27:17.664222,3509.8,66009.0,72361.0
2025-06-20 10:27:18.118190,3509.8,66072.0,72543.0
2025-06-20 10:27:18.670509,3510.9,66072.0,72543.0
2025-06-20 10:27:19.225819,3510.9,66084.0,72363.0
2025-06-20 10:27:19.662179,3511.0,66084.0,72363.0
2025-06-20 10:27:20.321568,3511.0,66122.0,72431.0
2025-06-20 10:27:20.669346,3510.9,66122.0,72431.0
2025-06-20 10:27:21.448942,3511.4,66379.0,70291.0
2025-06-20 10:27:21.662429,3511.3,66379.0,70291.0
2025-06-20 10:27:22.526328,3510.5,65957.0,71137.0
2025-06-20 10:27:22.680200,3510.5,65957.0,71137.0
2025-06-20 10:27:23.621543,3511.4,65997.0,71019.0
2025-06-20 10:27:24.134229,3511.4,65997.0,71019.0
2025-06-20 10:27:25.354298,3511.4,66098.0,70818.0
2025-06-20 10:27:25.671488,3512.0,66098.0,70818.0
2025-06-20 10:27:25.826147,3511.9,66005.0,70927.0
2025-06-20 10:27:26.666002,3510.5,66005.0,70927.0
2025-06-20 10:27:26.955779,3510.5,66302.0,71163.0
2025-06-20 10:27:27.669132,3510.5,66302.0,71163.0
2025-06-20 10:27:28.026701,3510.5,66301.0,71179.0
2025-06-20 10:27:29.131512,3510.5,66372.0,71209.0
2025-06-20 10:27:30.131299,3511.4,66248.0,71200.0
2025-06-20 10:27:30.764690,3511.4,66248.0,71200.0
2025-06-20 10:27:31.352553,3511.4,66260.0,71168.0
2025-06-20 10:27:31.677896,3511.0,66260.0,71168.0
2025-06-20 10:27:32.128349,3511.0,66472.0,70980.0
2025-06-20 10:27:32.714466,3512.0,66472.0,70980.0
2025-06-20 10:27:33.236520,3512.0,66580.0,70486.0
2025-06-20 10:27:34.335707,3512.0,66591.0,70913.0
2025-06-20 10:27:35.446227,3512.0,66586.0,70970.0
2025-06-20 10:27:35.666423,3512.1,66586.0,70970.0
2025-06-20 10:27:36.538220,3512.1,66421.0,71023.0
2025-06-20 10:27:36.688597,3512.1,66421.0,71023.0
2025-06-20 10:27:37.449606,3512.1,64697.0,70450.0
2025-06-20 10:27:37.675758,3512.1,64697.0,70450.0
2025-06-20 10:27:38.586917,3512.2,66537.0,70674.0
2025-06-20 10:27:38.707686,3512.2,66537.0,70674.0
2025-06-20 10:27:39.638705,3512.9,66421.0,70862.0
2025-06-20 10:27:39.687372,3512.9,66421.0,70862.0
2025-06-20 10:27:40.778661,3512.9,66572.0,70656.0
2025-06-20 10:27:41.666704,3512.1,66572.0,70656.0
2025-06-20 10:27:41.840067,3512.1,66129.0,71391.0
2025-06-20 10:27:42.659041,3512.1,66129.0,71391.0
2025-06-20 10:27:42.706913,3510.0,66129.0,71391.0
2025-06-20 10:27:42.952889,3510.0,65892.0,71781.0
2025-06-20 10:27:43.018224,3510.0,65892.0,71781.0
2025-06-20 10:27:43.845420,3510.0,65973.0,71856.0
2025-06-20 10:27:43.974656,3510.0,65973.0,71856.0
2025-06-20 10:27:44.234483,3510.0,65973.0,71856.0
2025-06-20 10:27:44.667223,3511.3,65973.0,71856.0
2025-06-20 10:27:45.043761,3511.3,66241.0,71889.0
2025-06-20 10:27:45.265086,3511.3,66241.0,71889.0
2025-06-20 10:27:45.672645,3511.3,66241.0,71889.0
2025-06-20 10:27:45.737863,3511.3,66241.0,71889.0
2025-06-20 10:27:46.145449,3511.7,61659.0,71632.0
2025-06-20 10:27:46.279487,3511.7,61659.0,71632.0
2025-06-20 10:27:46.672847,3511.7,61659.0,71632.0
2025-06-20 10:27:46.734867,3511.7,61659.0,71632.0
2025-06-20 10:27:47.258325,3511.8,65292.0,72052.0
2025-06-20 10:27:47.677751,3511.8,65292.0,72052.0
2025-06-20 10:27:47.719859,3509.1,65292.0,72052.0
2025-06-20 10:27:48.346416,3509.8,63713.0,73134.0
2025-06-20 10:27:48.675342,3510.0,63713.0,73134.0
2025-06-20 10:27:49.003440,3510.0,63713.0,73134.0
2025-06-20 10:27:49.456298,3510.0,64925.0,72978.0
2025-06-20 10:27:50.017581,3510.0,64925.0,72978.0
2025-06-20 10:27:50.473381,3510.0,65179.0,72756.0
2025-06-20 10:27:51.459210,3510.0,65091.0,72792.0
2025-06-20 10:27:51.496768,3510.0,65091.0,72792.0
2025-06-20 10:27:51.677454,3510.0,65091.0,72792.0
2025-06-20 10:27:52.550106,3510.0,65142.0,72581.0
2025-06-20 10:27:52.674132,3510.0,65142.0,72581.0
2025-06-20 10:27:52.832541,3510.0,65142.0,72581.0
2025-06-20 10:27:53.650253,3510.0,65131.0,72265.0
2025-06-20 10:27:54.020461,3510.0,65131.0,72265.0
2025-06-20 10:27:54.783811,3510.0,65072.0,72542.0
2025-06-20 10:27:55.609539,3510.0,65072.0,72542.0
2025-06-20 10:27:55.856089,3510.0,65220.0,72356.0
2025-06-20 10:27:56.676055,3511.3,65220.0,72356.0
2025-06-20 10:27:56.859340,3511.3,65194.0,72426.0
2025-06-20 10:27:57.677220,3511.0,65194.0,72426.0
2025-06-20 10:27:57.856217,3511.0,65114.0,72432.0
2025-06-20 10:27:58.858404,3511.0,65287.0,72528.0
2025-06-20 10:27:59.859543,3511.0,65246.0,72295.0
2025-06-20 10:28:00.861584,3511.0,65123.0,72437.0
2025-06-20 10:28:01.713378,3510.1,65123.0,72437.0
2025-06-20 10:28:01.971150,3510.1,64964.0,72689.0
2025-06-20 10:28:02.863608,3510.6,65047.0,72610.0
2025-06-20 10:28:03.679695,3510.6,65047.0,72610.0
2025-06-20 10:28:03.970070,3510.6,65065.0,72484.0
2025-06-20 10:28:05.061195,3510.6,65133.0,72289.0
2025-06-20 10:28:05.667944,3510.6,65133.0,72289.0
2025-06-20 10:28:06.163556,3510.1,65145.0,72414.0
2025-06-20 10:28:06.666584,3510.1,65145.0,72414.0
2025-06-20 10:28:07.271783,3510.6,65228.0,72087.0
2025-06-20 10:28:07.671620,3510.6,65228.0,72087.0
2025-06-20 10:28:08.361942,3510.6,65250.0,72304.0
2025-06-20 10:28:08.666203,3508.9,65250.0,72304.0
2025-06-20 10:28:09.473203,3508.9,64939.0,73435.0
2025-06-20 10:28:10.566357,3508.9,64794.0,73595.0
2025-06-20 10:28:11.663940,3508.9,65076.0,73218.0
2025-06-20 10:28:12.764065,3508.9,64910.0,73346.0
2025-06-20 10:28:13.670825,3509.8,64910.0,73346.0
2025-06-20 10:28:13.871546,3509.8,64914.0,73118.0
2025-06-20 10:28:14.973197,3509.0,64608.0,73462.0
2025-06-20 10:28:15.669229,3509.0,64608.0,73462.0
2025-06-20 10:28:16.067458,3509.0,64723.0,73551.0
2025-06-20 10:28:17.186535,3509.0,65097.0,73611.0
2025-06-20 10:28:17.667102,3508.5,65097.0,73611.0
2025-06-20 10:28:18.668642,3508.5,65097.0,73611.0
2025-06-20 10:28:18.879621,3508.5,65061.0,73532.0
2025-06-20 10:28:19.732708,3509.0,65061.0,73532.0
2025-06-20 10:28:20.048451,3509.0,65084.0,73650.0
2025-06-20 10:28:20.668532,3509.1,65084.0,73650.0
2025-06-20 10:28:20.992574,3509.1,65107.0,73810.0
2025-06-20 10:28:21.666978,3509.1,65107.0,73810.0
2025-06-20 10:28:22.072695,3509.2,64911.0,73621.0
2025-06-20 10:28:22.710793,3509.2,64911.0,73621.0
2025-06-20 10:28:23.171858,3509.2,65051.0,73712.0
2025-06-20 10:28:24.276155,3509.2,64877.0,73690.0
2025-06-20 10:28:25.376470,3509.2,65053.0,73928.0
2025-06-20 10:28:26.487016,3509.2,65161.0,73883.0
2025-06-20 10:28:26.667582,3509.2,65161.0,73883.0
2025-06-20 10:28:27.578110,3509.2,65110.0,73826.0
2025-06-20 10:28:27.667083,3509.2,65110.0,73826.0
2025-06-20 10:28:28.679115,3509.0,65110.0,73826.0
2025-06-20 10:28:28.709828,3509.0,65184.0,73988.0
2025-06-20 10:28:29.782627,3509.0,65185.0,73996.0
2025-06-20 10:28:30.962639,3509.0,65203.0,74192.0
2025-06-20 10:28:32.111077,3509.0,65205.0,74192.0
2025-06-20 10:28:32.669945,3510.7,65205.0,74192.0
2025-06-20 10:28:32.983887,3510.7,65923.0,72389.0
2025-06-20 10:28:33.743023,3509.6,65923.0,72389.0
2025-06-20 10:28:33.987916,3510.9,65483.0,72432.0
2025-06-20 10:28:34.667102,3510.9,65483.0,72432.0
2025-06-20 10:28:35.122040,3511.3,65658.0,71916.0
2025-06-20 10:28:35.672205,3511.3,65658.0,71916.0
2025-06-20 10:28:36.084567,3511.3,65528.0,71991.0
2025-06-20 10:28:36.676074,3511.3,65528.0,71991.0
2025-06-20 10:28:37.188191,3511.3,65504.0,72006.0
2025-06-20 10:28:38.285704,3511.3,65502.0,71897.0
2025-06-20 10:28:38.670751,3511.3,65502.0,71897.0
2025-06-20 10:28:39.290283,3511.3,65570.0,72116.0
2025-06-20 10:28:39.689999,3512.2,65570.0,72116.0
2025-06-20 10:28:40.387851,3512.2,65878.0,71340.0
2025-06-20 10:28:41.386686,3512.2,65898.0,71577.0
2025-06-20 10:28:41.669181,3511.7,65898.0,71577.0
2025-06-20 10:28:42.497001,3512.2,66184.0,71408.0
2025-06-20 10:28:42.670312,3512.2,66184.0,71408.0
2025-06-20 10:28:43.494343,3512.2,66166.0,71568.0
2025-06-20 10:28:43.670098,3512.2,66166.0,71568.0
2025-06-20 10:28:44.587754,3512.2,66119.0,71597.0
2025-06-20 10:28:45.497003,3511.5,66063.0,71605.0
2025-06-20 10:28:45.675074,3511.5,66063.0,71605.0
2025-06-20 10:28:46.587625,3512.3,66233.0,70887.0
2025-06-20 10:28:46.672312,3512.3,66233.0,70887.0
2025-06-20 10:28:47.709091,3512.3,66222.0,70851.0
2025-06-20 10:28:48.671319,3514.0,66222.0,70851.0
2025-06-20 10:28:48.790078,3514.0,66527.0,70542.0
2025-06-20 10:28:49.671733,3513.4,66527.0,70542.0
2025-06-20 10:28:49.904440,3513.4,66073.0,71680.0
2025-06-20 10:28:50.715771,3513.0,66073.0,71680.0
2025-06-20 10:28:50.994550,3513.0,66129.0,71408.0
2025-06-20 10:28:51.670884,3513.0,66129.0,71408.0
2025-06-20 10:28:51.995591,3513.5,66313.0,71401.0
2025-06-20 10:28:52.670548,3513.5,66313.0,71401.0
2025-06-20 10:28:53.088859,3513.5,66303.0,71441.0
2025-06-20 10:28:53.668831,3514.0,66303.0,71441.0
2025-06-20 10:28:54.191669,3514.0,66069.0,71409.0
2025-06-20 10:28:54.672712,3513.0,66069.0,71409.0
2025-06-20 10:28:55.301051,3513.0,65741.0,71920.0
2025-06-20 10:28:56.400480,3513.0,65974.0,71906.0
2025-06-20 10:28:56.669503,3511.4,65974.0,71906.0
2025-06-20 10:28:57.498589,3512.7,65564.0,72599.0
2025-06-20 10:28:57.675233,3512.7,65564.0,72599.0
2025-06-20 10:28:58.595378,3510.5,65432.0,73061.0
2025-06-20 10:28:58.672659,3510.5,65432.0,73061.0
2025-06-20 10:28:59.700005,3510.5,65464.0,73245.0
2025-06-20 10:29:01.001002,3510.5,65613.0,72979.0
2025-06-20 10:29:01.992614,3510.5,65631.0,72581.0
2025-06-20 10:29:02.995922,3510.5,65656.0,72570.0
2025-06-20 10:29:04.094442,3510.5,65528.0,72907.0
2025-06-20 10:29:05.097240,3511.7,65636.0,72759.0
2025-06-20 10:29:05.670880,3511.0,65636.0,72759.0
2025-06-20 10:29:06.597666,3511.8,65486.0,72873.0
2025-06-20 10:29:06.670972,3511.8,65486.0,72873.0
2025-06-20 10:29:07.599814,3511.8,65551.0,73017.0
2025-06-20 10:29:08.600553,3511.8,65557.0,72995.0
2025-06-20 10:29:09.600586,3511.8,65597.0,73038.0
2025-06-20 10:29:09.674475,3511.8,65597.0,73038.0
2025-06-20 10:29:10.502208,3511.8,65591.0,73026.0
2025-06-20 10:29:11.503365,3511.8,65642.0,72934.0
2025-06-20 10:29:11.670197,3511.8,65642.0,72934.0
2025-06-20 10:29:12.508661,3511.8,65624.0,72832.0
2025-06-20 10:29:13.505852,3511.8,65632.0,72874.0
2025-06-20 10:29:13.671267,3511.9,65632.0,72874.0
2025-06-20 10:29:14.507097,3510.7,65715.0,73145.0
2025-06-20 10:29:14.671273,3512.3,65715.0,73145.0
2025-06-20 10:29:15.603891,3512.3,65716.0,72963.0
2025-06-20 10:29:15.674217,3512.3,65716.0,72963.0
2025-06-20 10:29:16.507217,3512.3,65649.0,73203.0
2025-06-20 10:29:16.679531,3512.3,65649.0,73203.0
2025-06-20 10:29:17.631480,3512.3,65637.0,73222.0
2025-06-20 10:29:18.698141,3512.3,65597.0,73171.0
2025-06-20 10:29:19.649930,3512.3,65618.0,73121.0
2025-06-20 10:29:20.609652,3512.3,65615.0,73174.0
2025-06-20 10:29:21.609605,3510.6,65666.0,72925.0
2025-06-20 10:29:21.672089,3510.6,65666.0,72925.0
2025-06-20 10:29:22.610068,3510.7,65597.0,73106.0
2025-06-20 10:29:22.679555,3510.7,65597.0,73106.0
2025-06-20 10:29:23.608756,3510.6,65557.0,73600.0
2025-06-20 10:29:23.674423,3512.1,65557.0,73600.0
2025-06-20 10:29:24.725293,3512.1,65652.0,73535.0
2025-06-20 10:29:25.674186,3510.1,65652.0,73535.0
2025-06-20 10:29:25.815109,3510.1,65615.0,73733.0
2025-06-20 10:29:26.672842,3511.8,65615.0,73733.0
2025-06-20 10:29:26.953294,3511.8,65644.0,73683.0
2025-06-20 10:29:27.677378,3511.7,65644.0,73683.0
2025-06-20 10:29:28.156142,3511.7,65805.0,73418.0
2025-06-20 10:29:28.959958,3511.7,65842.0,73658.0
2025-06-20 10:29:30.040603,3511.7,65619.0,73562.0
2025-06-20 10:29:31.029321,3511.7,65625.0,73580.0
2025-06-20 10:29:32.054470,3510.0,65539.0,73358.0
2025-06-20 10:29:32.676955,3509.9,65539.0,73358.0
2025-06-20 10:29:33.117522,3509.9,65661.0,73443.0
2025-06-20 10:29:33.676324,3509.9,65661.0,73443.0
2025-06-20 10:29:34.219302,3509.9,65286.0,73719.0
2025-06-20 10:29:35.320534,3509.9,65599.0,73664.0
2025-06-20 10:29:36.436034,3509.9,65621.0,73615.0
2025-06-20 10:29:37.527607,3509.9,65630.0,73287.0
2025-06-20 10:29:38.624843,3509.9,65596.0,73424.0
2025-06-20 10:29:39.624538,3512.2,65907.0,71312.0
2025-06-20 10:29:39.676121,3512.2,65907.0,71312.0
2025-06-20 10:29:40.673651,3511.8,65907.0,71312.0
2025-06-20 10:29:40.736358,3511.8,66108.0,71718.0
2025-06-20 10:29:41.674442,3512.2,66108.0,71718.0
2025-06-20 10:29:41.828501,3512.2,65904.0,71836.0
2025-06-20 10:29:42.945189,3512.2,66085.0,72072.0
2025-06-20 10:29:43.674507,3512.2,66085.0,72072.0
2025-06-20 10:29:44.038165,3512.2,66132.0,72118.0
2025-06-20 10:29:44.737384,3511.8,66132.0,72118.0
2025-06-20 10:29:44.975529,3512.3,65804.0,72124.0
2025-06-20 10:29:45.688079,3512.3,65804.0,72124.0
2025-06-20 10:29:46.091899,3512.1,65803.0,72064.0
2025-06-20 10:29:46.708521,3512.1,65803.0,72064.0
2025-06-20 10:29:47.165678,3512.1,65795.0,72026.0
2025-06-20 10:29:47.675868,3512.3,65795.0,72026.0
2025-06-20 10:29:48.129169,3512.3,67333.0,71967.0
2025-06-20 10:29:48.673663,3512.1,67333.0,71967.0
2025-06-20 10:29:49.251647,3512.1,67499.0,72053.0
2025-06-20 10:29:50.231559,3512.3,67538.0,72113.0
2025-06-20 10:29:50.673464,3512.1,67538.0,72113.0
2025-06-20 10:29:51.231774,3512.3,67510.0,72086.0
2025-06-20 10:29:51.675204,3512.3,67510.0,72086.0
2025-06-20 10:29:52.233440,3512.3,67441.0,72102.0
2025-06-20 10:29:52.673078,3512.4,67441.0,72102.0
2025-06-20 10:29:53.230422,3512.3,67294.0,72090.0
2025-06-20 10:29:53.672748,3512.3,67294.0,72090.0
2025-06-20 10:29:54.331687,3512.3,67455.0,72127.0
2025-06-20 10:29:54.673886,3512.4,67455.0,72127.0
2025-06-20 10:29:55.655680,3512.3,67469.0,72102.0
2025-06-20 10:29:55.706015,3512.3,67469.0,72102.0
2025-06-20 10:29:56.468700,3512.3,67467.0,72103.0
2025-06-20 10:29:56.673247,3511.2,67467.0,72103.0
2025-06-20 10:29:57.470935,3511.2,67255.0,72282.0
2025-06-20 10:29:58.535446,3511.2,67911.0,71885.0
2025-06-20 10:29:58.678611,3511.7,67911.0,71885.0
2025-06-20 10:29:59.643654,3511.7,67652.0,71996.0
2025-06-20 10:30:01.391167,3512.3,67307.0,72088.0
2025-06-20 10:30:01.677770,3512.3,67307.0,72088.0
2025-06-20 10:30:02.338112,3512.3,67598.0,72053.0
2025-06-20 10:30:03.337887,3512.0,67600.0,71993.0
2025-06-20 10:30:03.680608,3512.0,67600.0,71993.0
2025-06-20 10:30:04.245506,3512.0,67691.0,71550.0
2025-06-20 10:30:04.674241,3511.7,67691.0,71550.0
2025-06-20 10:30:05.343308,3511.7,67711.0,71680.0
2025-06-20 10:30:06.484206,3511.7,67736.0,71615.0
2025-06-20 10:30:06.679524,3511.8,67736.0,71615.0
2025-06-20 10:30:07.542572,3511.8,67734.0,71718.0
2025-06-20 10:30:08.545803,3511.8,67966.0,71831.0
2025-06-20 10:30:09.625441,3512.0,67910.0,71646.0
2025-06-20 10:30:09.743463,3512.0,67910.0,71646.0
2025-06-20 10:30:10.548015,3512.1,68102.0,71489.0
2025-06-20 10:30:10.702624,3512.1,68102.0,71489.0
2025-06-20 10:30:11.549106,3512.3,67572.0,71589.0
2025-06-20 10:30:11.695567,3512.3,67572.0,71589.0
2025-06-20 10:30:12.547654,3512.3,68572.0,71459.0
2025-06-20 10:30:12.685320,3512.3,68572.0,71459.0
2025-06-20 10:30:13.549201,3512.6,68726.0,71433.0
2025-06-20 10:30:13.723239,3512.6,68726.0,71433.0
2025-06-20 10:30:14.477933,3512.6,68707.0,71431.0
2025-06-20 10:30:14.691841,3512.6,68707.0,71431.0
2025-06-20 10:30:15.549361,3512.3,68348.0,71669.0
2025-06-20 10:30:15.697622,3512.3,68348.0,71669.0
2025-06-20 10:30:16.728503,3512.3,68333.0,71707.0
2025-06-20 10:30:17.690161,3512.4,68333.0,71707.0
2025-06-20 10:30:17.749633,3512.4,68340.0,71673.0
2025-06-20 10:30:18.789568,3512.9,68340.0,71673.0
2025-06-20 10:30:18.850194,3512.9,68496.0,71496.0
2025-06-20 10:30:19.696352,3512.9,68496.0,71496.0
2025-06-20 10:30:19.755202,3512.9,68715.0,71421.0
2025-06-20 10:30:20.853762,3512.9,68516.0,71524.0
2025-06-20 10:30:21.681542,3512.9,68516.0,71524.0
2025-06-20 10:30:21.965736,3512.9,68545.0,71517.0
2025-06-20 10:30:23.052563,3512.9,68719.0,71589.0
2025-06-20 10:30:23.717624,3513.0,68719.0,71589.0
2025-06-20 10:30:24.152749,3513.0,68520.0,71731.0
2025-06-20 10:30:25.253009,3513.0,68687.0,71716.0
2025-06-20 10:30:25.711448,3512.9,68687.0,71716.0
2025-06-20 10:30:26.254372,3512.9,68686.0,71557.0
2025-06-20 10:30:26.717160,3513.0,68686.0,71557.0
2025-06-20 10:30:27.354664,3512.9,68513.0,71582.0
2025-06-20 10:30:27.700886,3512.9,68513.0,71582.0
2025-06-20 10:30:28.468895,3512.9,68508.0,71535.0
2025-06-20 10:30:29.483299,3512.9,68507.0,71535.0
2025-06-20 10:30:29.717005,3512.9,68507.0,71535.0
2025-06-20 10:30:30.492039,3512.9,68437.0,71603.0
2025-06-20 10:30:31.329555,3512.9,68437.0,71603.0
2025-06-20 10:30:31.564489,3512.9,68436.0,71538.0
2025-06-20 10:30:31.681662,3512.9,68436.0,71538.0
2025-06-20 10:30:32.668966,3513.1,68462.0,71559.0
2025-06-20 10:30:32.679358,3513.1,68462.0,71559.0
2025-06-20 10:30:33.681264,3514.0,68462.0,71559.0
2025-06-20 10:30:33.767511,3514.0,68341.0,70992.0
2025-06-20 10:30:34.865528,3513.7,68203.0,71490.0
2025-06-20 10:30:35.684660,3512.9,68203.0,71490.0
2025-06-20 10:30:35.976122,3512.9,68235.0,71550.0
2025-06-20 10:30:36.977541,3512.9,68264.0,71593.0
2025-06-20 10:30:37.680721,3512.9,68264.0,71593.0
2025-06-20 10:30:38.068097,3512.9,68225.0,71505.0
2025-06-20 10:30:38.682570,3513.6,68225.0,71505.0
2025-06-20 10:30:39.177421,3513.6,68349.0,71192.0
2025-06-20 10:30:39.686509,3513.6,68349.0,71192.0
2025-06-20 10:30:40.268968,3513.6,68349.0,71327.0
2025-06-20 10:30:40.688962,3513.7,68349.0,71327.0
2025-06-20 10:30:41.370412,3512.9,68494.0,71287.0
2025-06-20 10:30:41.681391,3513.2,68494.0,71287.0
2025-06-20 10:30:42.480563,3514.1,68363.0,71198.0
2025-06-20 10:30:42.678010,3514.1,68363.0,71198.0
2025-06-20 10:30:43.170513,3514.1,68363.0,71198.0
2025-06-20 10:30:43.482024,3512.5,67364.0,71204.0
2025-06-20 10:30:43.530385,3512.5,67364.0,71204.0
2025-06-20 10:30:43.682126,3514.1,67364.0,71204.0
2025-06-20 10:30:43.847300,3514.1,67364.0,71204.0
2025-06-20 10:30:44.201363,3514.1,67364.0,71204.0
2025-06-20 10:30:44.571688,3514.2,68452.0,71278.0
2025-06-20 10:30:44.628915,3514.2,68452.0,71278.0
2025-06-20 10:30:44.679202,3514.2,68452.0,71278.0
2025-06-20 10:30:44.915739,3514.2,68452.0,71278.0
2025-06-20 10:30:45.302041,3514.2,68452.0,71278.0
2025-06-20 10:30:45.687833,3514.2,68401.0,71260.0
2025-06-20 10:30:45.992186,3514.2,68401.0,71260.0
2025-06-20 10:30:46.459226,3514.2,68401.0,71260.0
2025-06-20 10:30:46.778977,3514.0,67834.0,71261.0
2025-06-20 10:30:47.017046,3514.0,67834.0,71261.0
2025-06-20 10:30:47.654179,3514.0,67834.0,71261.0
2025-06-20 10:30:47.702600,3514.0,67834.0,71261.0
2025-06-20 10:30:47.872080,3514.0,67836.0,71231.0
2025-06-20 10:30:48.377539,3514.0,67836.0,71231.0
2025-06-20 10:30:48.979653,3514.0,67839.0,71118.0
2025-06-20 10:30:49.723530,3514.0,67839.0,71118.0
2025-06-20 10:30:50.075353,3513.2,67828.0,71065.0
2025-06-20 10:30:50.684960,3513.2,67828.0,71065.0
2025-06-20 10:30:50.736973,3513.2,67828.0,71065.0
2025-06-20 10:30:51.188294,3513.2,67845.0,71057.0
2025-06-20 10:30:52.247245,3513.2,67845.0,71057.0
2025-06-20 10:30:52.284037,3513.3,67853.0,71066.0
2025-06-20 10:30:52.694027,3513.3,67853.0,71066.0
2025-06-20 10:30:53.375827,3513.3,67639.0,70999.0
2025-06-20 10:30:53.524980,3513.3,67639.0,70999.0
2025-06-20 10:30:53.731561,3513.4,67639.0,70999.0
2025-06-20 10:30:54.482443,3513.3,67871.0,70699.0
2025-06-20 10:30:54.681542,3513.3,67871.0,70699.0
2025-06-20 10:30:54.799078,3513.3,67871.0,70699.0
2025-06-20 10:30:55.575915,3514.0,68096.0,70699.0
2025-06-20 10:30:55.689907,3514.0,68096.0,70699.0
2025-06-20 10:30:56.452242,3514.0,68096.0,70699.0
2025-06-20 10:30:56.690945,3514.0,68096.0,70699.0
2025-06-20 10:30:56.705332,3514.0,68420.0,70638.0
2025-06-20 10:30:57.706292,3515.0,68420.0,70638.0
2025-06-20 10:30:57.774204,3515.0,68637.0,69051.0
2025-06-20 10:30:58.685753,3514.2,68637.0,69051.0
2025-06-20 10:30:58.883099,3514.2,67952.0,69552.0
2025-06-20 10:30:59.686355,3513.0,67952.0,69552.0
2025-06-20 10:30:59.991720,3514.4,68731.0,69253.0
2025-06-20 10:31:00.684581,3515.5,68731.0,69253.0
2025-06-20 10:31:01.279947,3514.4,68368.0,69538.0
2025-06-20 10:31:01.690266,3514.4,68368.0,69538.0
2025-06-20 10:31:02.303347,3514.4,68661.0,69472.0
2025-06-20 10:31:03.445793,3514.4,68805.0,69371.0
2025-06-20 10:31:03.686789,3514.4,68805.0,69371.0
2025-06-20 10:31:04.492103,3514.4,68840.0,69325.0
2025-06-20 10:31:05.580169,3514.5,68760.0,69306.0
2025-06-20 10:31:05.692418,3514.5,68760.0,69306.0
2025-06-20 10:31:06.579835,3514.5,68717.0,69354.0
2025-06-20 10:31:07.585268,3515.5,68735.0,69371.0
2025-06-20 10:31:07.692880,3515.5,68735.0,69371.0
2025-06-20 10:31:08.695482,3514.5,68735.0,69371.0
2025-06-20 10:31:08.721043,3514.5,68741.0,69317.0
2025-06-20 10:31:09.947581,3515.5,68741.0,69317.0
2025-06-20 10:31:09.954747,3515.5,68520.0,69340.0
2025-06-20 10:31:10.694392,3515.0,68520.0,69340.0
2025-06-20 10:31:10.799194,3515.0,68533.0,69443.0
2025-06-20 10:31:11.709370,3515.8,68533.0,69443.0
2025-06-20 10:31:11.791671,3515.8,68466.0,69507.0
2025-06-20 10:31:12.698258,3515.0,68466.0,69507.0
2025-06-20 10:31:12.720085,3515.0,68421.0,69559.0
2025-06-20 10:31:13.759765,3515.9,68421.0,69559.0
2025-06-20 10:31:13.790481,3515.9,68532.0,69553.0
2025-06-20 10:31:14.702462,3515.0,68532.0,69553.0
2025-06-20 10:31:14.898900,3515.0,69568.0,69303.0
2025-06-20 10:31:15.692832,3515.8,69568.0,69303.0
2025-06-20 10:31:15.999050,3515.8,69578.0,69343.0
2025-06-20 10:31:16.702748,3516.1,69578.0,69343.0
2025-06-20 10:31:17.092667,3517.0,69668.0,69168.0
2025-06-20 10:31:17.692992,3517.1,69668.0,69168.0
2025-06-20 10:31:18.193780,3516.0,69373.0,68296.0
2025-06-20 10:31:18.731875,3516.0,69373.0,68296.0
2025-06-20 10:31:19.094899,3516.0,69445.0,70024.0
2025-06-20 10:31:20.195807,3516.0,69414.0,70598.0
2025-06-20 10:31:20.695982,3516.0,69414.0,70598.0
2025-06-20 10:31:21.301715,3516.0,69558.0,71056.0
2025-06-20 10:31:22.404548,3516.5,69731.0,70464.0
2025-06-20 10:31:22.730813,3516.5,69731.0,70464.0
2025-06-20 10:31:23.500340,3516.5,69684.0,70521.0
2025-06-20 10:31:24.509830,3516.0,69628.0,70442.0
2025-06-20 10:31:24.701664,3516.0,69628.0,70442.0
2025-06-20 10:31:25.600095,3516.0,69594.0,70283.0
2025-06-20 10:31:26.689478,3516.5,69594.0,70283.0
2025-06-20 10:31:26.704111,3516.5,69629.0,70054.0
2025-06-20 10:31:27.730206,3516.5,69629.0,70054.0
2025-06-20 10:31:27.800214,3516.5,69620.0,70117.0
2025-06-20 10:31:28.738725,3517.2,69620.0,70117.0
2025-06-20 10:31:29.152583,3517.2,69834.0,70044.0
2025-06-20 10:31:29.742732,3516.5,69834.0,70044.0
2025-06-20 10:31:30.010034,3516.5,69922.0,70089.0
2025-06-20 10:31:31.020983,3516.5,69947.0,70126.0
2025-06-20 10:31:31.757210,3516.5,69947.0,70126.0
2025-06-20 10:31:32.103590,3515.6,68384.0,71245.0
2025-06-20 10:31:32.718931,3516.0,68384.0,71245.0
2025-06-20 10:31:33.206302,3516.0,68702.0,71855.0
2025-06-20 10:31:34.303160,3515.0,68263.0,71831.0
2025-06-20 10:31:34.738632,3515.7,68263.0,71831.0
2025-06-20 10:31:35.508487,3515.7,67993.0,71580.0
2025-06-20 10:31:35.706950,3515.7,67993.0,71580.0
2025-06-20 10:31:36.461149,3515.7,67972.0,71552.0
2025-06-20 10:31:36.707461,3515.7,67972.0,71552.0
2025-06-20 10:31:37.506518,3515.7,68111.0,71241.0
2025-06-20 10:31:37.702256,3515.7,68111.0,71241.0
2025-06-20 10:31:38.654602,3515.7,68102.0,71182.0
2025-06-20 10:31:40.204308,3515.7,68027.0,71215.0
2025-06-20 10:31:41.041585,3515.7,68027.0,71215.0
2025-06-20 10:31:41.049855,3515.8,68057.0,71247.0
2025-06-20 10:31:41.732938,3515.8,68057.0,71247.0
2025-06-20 10:31:42.013886,3515.8,68110.0,71202.0
2025-06-20 10:31:42.693536,3515.8,68110.0,71202.0
2025-06-20 10:31:42.921398,3515.8,68118.0,71085.0
2025-06-20 10:31:44.179985,3515.8,68096.0,70975.0
2025-06-20 10:31:44.691356,3515.8,68096.0,70975.0
2025-06-20 10:31:45.111696,3515.8,68070.0,71090.0
2025-06-20 10:31:46.211657,3515.8,68183.0,70600.0
2025-06-20 10:31:46.699281,3516.3,68183.0,70600.0
2025-06-20 10:31:47.315553,3515.0,68186.0,70852.0
2025-06-20 10:31:47.716405,3516.0,68186.0,70852.0
2025-06-20 10:31:48.314077,3516.0,68252.0,70782.0
2025-06-20 10:31:48.705025,3516.3,68252.0,70782.0
2025-06-20 10:31:49.515402,3516.3,68281.0,70734.0
2025-06-20 10:31:50.512352,3516.0,68208.0,70658.0
2025-06-20 10:31:50.706924,3516.0,68208.0,70658.0
2025-06-20 10:31:51.615002,3516.0,68036.0,70583.0
2025-06-20 10:31:51.696437,3516.0,68036.0,70583.0
2025-06-20 10:31:52.734506,3516.0,67969.0,70697.0
2025-06-20 10:31:53.687700,3515.3,67969.0,70697.0
2025-06-20 10:31:53.819912,3515.3,68018.0,70717.0
2025-06-20 10:31:54.714453,3515.6,68018.0,70717.0
2025-06-20 10:31:54.822079,3515.6,67710.0,71143.0
2025-06-20 10:31:55.709258,3514.4,67710.0,71143.0
2025-06-20 10:31:55.928966,3514.4,67813.0,71772.0
2025-06-20 10:31:57.023005,3514.4,68204.0,71613.0
2025-06-20 10:31:58.119858,3515.0,68208.0,71483.0
2025-06-20 10:31:58.699003,3515.0,68208.0,71483.0
2025-06-20 10:31:59.219393,3515.0,68849.0,71046.0
2025-06-20 10:32:00.219931,3515.6,68848.0,71034.0
2025-06-20 10:32:00.726321,3516.0,68848.0,71034.0
2025-06-20 10:32:01.705267,3516.3,68848.0,71034.0
2025-06-20 10:32:02.521245,3516.3,68901.0,70828.0
2025-06-20 10:32:02.702315,3516.2,68901.0,70828.0
2025-06-20 10:32:03.649783,3516.0,68288.0,71203.0
2025-06-20 10:32:03.699513,3516.0,68288.0,71203.0
2025-06-20 10:32:04.435083,3516.0,68312.0,71682.0
2025-06-20 10:32:05.551945,3516.2,68207.0,71913.0
2025-06-20 10:32:05.698593,3516.2,68207.0,71913.0
2025-06-20 10:32:06.940950,3515.6,68207.0,71913.0
2025-06-20 10:32:07.645151,3515.6,68312.0,71799.0
2025-06-20 10:32:07.711137,3515.0,68312.0,71799.0
2025-06-20 10:32:08.437419,3515.0,67578.0,72300.0
2025-06-20 10:32:08.695175,3514.5,67578.0,72300.0
2025-06-20 10:32:09.449344,3514.5,67605.0,72369.0
2025-06-20 10:32:09.705299,3512.8,67605.0,72369.0
2025-06-20 10:32:10.523798,3512.7,66782.0,72699.0
2025-06-20 10:32:10.703113,3512.7,66782.0,72699.0
2025-06-20 10:32:11.438554,3513.7,66791.0,72769.0
2025-06-20 10:32:11.703312,3513.7,66791.0,72769.0
2025-06-20 10:32:12.348213,3513.6,66797.0,72862.0
2025-06-20 10:32:12.690364,3513.6,66797.0,72862.0
2025-06-20 10:32:13.691035,3512.7,66797.0,72862.0
2025-06-20 10:32:14.231463,3512.7,66718.0,72914.0
2025-06-20 10:32:15.230726,3512.7,66715.0,72908.0
2025-06-20 10:32:15.708442,3512.7,66715.0,72908.0
2025-06-20 10:32:16.232915,3513.6,66728.0,72763.0
2025-06-20 10:32:16.688871,3513.6,66728.0,72763.0
2025-06-20 10:32:17.232702,3513.6,66927.0,72764.0
2025-06-20 10:32:17.691754,3513.6,66927.0,72764.0
2025-06-20 10:32:18.233554,3513.6,66915.0,72989.0
2025-06-20 10:32:19.137352,3511.5,66279.0,73305.0
2025-06-20 10:32:19.692594,3511.5,66279.0,73305.0
2025-06-20 10:32:20.135761,3511.8,66553.0,73157.0
2025-06-20 10:32:20.713768,3511.4,66553.0,73157.0
2025-06-20 10:32:21.134578,3510.6,66003.0,73488.0
2025-06-20 10:32:21.692925,3512.2,66003.0,73488.0
2025-06-20 10:32:22.194433,3510.9,66532.0,73387.0
2025-06-20 10:32:22.708176,3512.2,66532.0,73387.0
2025-06-20 10:32:23.135324,3512.2,67611.0,72769.0
2025-06-20 10:32:24.135512,3512.2,67256.0,73038.0
2025-06-20 10:32:25.737289,3513.3,67256.0,73038.0
2025-06-20 10:32:26.037510,3513.3,67439.0,72970.0
2025-06-20 10:32:26.691189,3513.3,67439.0,72970.0
2025-06-20 10:32:27.040276,3513.3,67055.0,72710.0
2025-06-20 10:32:28.171954,3513.3,67200.0,72893.0
2025-06-20 10:32:29.167364,3513.3,67596.0,72816.0
2025-06-20 10:32:29.899374,3513.3,67596.0,72816.0
2025-06-20 10:32:30.040370,3513.3,67609.0,72761.0
2025-06-20 10:32:30.738395,3513.4,67609.0,72761.0
2025-06-20 10:32:31.040769,3513.4,67110.0,72462.0
2025-06-20 10:32:31.697478,3514.0,67110.0,72462.0
2025-06-20 10:32:31.977997,3514.0,67160.0,72478.0
2025-06-20 10:32:32.989532,3514.0,67190.0,72238.0
2025-06-20 10:32:33.686677,3513.2,67190.0,72238.0
2025-06-20 10:32:33.955710,3513.2,66883.0,72681.0
2025-06-20 10:32:34.689975,3513.3,66883.0,72681.0
2025-06-20 10:32:35.748487,3513.3,66981.0,72721.0
2025-06-20 10:32:36.643396,3513.3,66986.0,72901.0
2025-06-20 10:32:37.548352,3514.2,66776.0,72933.0
2025-06-20 10:32:37.690678,3514.2,66776.0,72933.0
2025-06-20 10:32:38.543555,3514.2,66775.0,73392.0
2025-06-20 10:32:39.545468,3513.5,66947.0,73348.0
2025-06-20 10:32:39.732437,3513.5,66947.0,73348.0
2025-06-20 10:32:40.550664,3513.5,66947.0,73367.0
2025-06-20 10:32:41.727707,3513.9,66947.0,73367.0
2025-06-20 10:32:42.458878,3513.9,67032.0,74099.0
2025-06-20 10:32:43.349871,3513.9,66990.0,74201.0
2025-06-20 10:32:43.693339,3514.0,66990.0,74201.0
2025-06-20 10:32:44.692956,3512.8,66990.0,74201.0
2025-06-20 10:32:45.250040,3512.8,67732.0,73467.0
2025-06-20 10:32:45.725601,3513.2,67732.0,73467.0
2025-06-20 10:32:46.148171,3513.2,67493.0,73595.0
2025-06-20 10:32:46.701894,3514.4,67493.0,73595.0
2025-06-20 10:32:47.051119,3514.4,67386.0,73446.0
2025-06-20 10:32:48.056908,3514.0,67596.0,72956.0
2025-06-20 10:32:48.710842,3515.0,67596.0,72956.0
2025-06-20 10:32:49.049293,3515.0,67154.0,72823.0
2025-06-20 10:32:49.688502,3515.0,67154.0,72823.0
2025-06-20 10:32:49.962812,3515.0,67416.0,72812.0
2025-06-20 10:32:50.974189,3515.0,67520.0,73170.0
2025-06-20 10:32:51.871299,3515.0,67520.0,73170.0
2025-06-20 10:32:53.740520,3515.0,67520.0,73170.0
2025-06-20 10:32:54.655529,3515.0,68600.0,72093.0
2025-06-20 10:32:55.765505,3515.0,68567.0,72249.0
2025-06-20 10:32:57.555882,3515.3,68771.0,72067.0
2025-06-20 10:32:57.690244,3515.3,68771.0,72067.0
2025-06-20 10:32:58.557470,3515.3,68323.0,72275.0
2025-06-20 10:32:59.558631,3515.3,68326.0,72288.0
2025-06-20 10:33:01.158452,3515.3,68382.0,72299.0
2025-06-20 10:33:02.160217,3515.3,68456.0,72261.0
2025-06-20 10:33:02.693661,3515.9,68456.0,72261.0
2025-06-20 10:33:03.259268,3515.9,68526.0,72046.0
2025-06-20 10:33:03.773143,3515.9,68526.0,72046.0
2025-06-20 10:33:04.359545,3515.9,68570.0,72074.0
2025-06-20 10:33:05.495826,3515.9,68578.0,72167.0
2025-06-20 10:33:05.698519,3515.9,68578.0,72167.0
2025-06-20 10:33:06.560876,3515.9,68578.0,72155.0
2025-06-20 10:33:06.704389,3515.9,68578.0,72155.0
2025-06-20 10:33:07.686814,3515.9,68578.0,72224.0
2025-06-20 10:33:07.713679,3515.9,68578.0,72224.0
2025-06-20 10:33:09.112611,3515.9,68744.0,72144.0
2025-06-20 10:33:10.262725,3515.9,68562.0,72324.0
2025-06-20 10:33:11.363034,3515.9,68492.0,72404.0
2025-06-20 10:33:11.703611,3516.3,68492.0,72404.0
2025-06-20 10:33:12.490578,3516.3,69724.0,72167.0
2025-06-20 10:33:12.691943,3516.3,69724.0,72167.0
2025-06-20 10:33:13.608024,3516.0,70007.0,72281.0
2025-06-20 10:33:13.720257,3515.1,70007.0,72281.0
2025-06-20 10:33:14.564282,3515.1,69903.0,72331.0
2025-06-20 10:33:15.666555,3515.1,69944.0,72325.0
2025-06-20 10:33:16.667887,3516.0,69998.0,72391.0
2025-06-20 10:33:16.689629,3516.0,69998.0,72391.0
2025-06-20 10:33:17.771010,3516.0,69998.0,72454.0
2025-06-20 10:33:18.672702,3515.5,70012.0,72450.0
2025-06-20 10:33:18.696753,3515.5,70012.0,72450.0
2025-06-20 10:33:19.705850,3515.5,69979.0,72446.0
2025-06-20 10:33:20.690178,3515.1,69979.0,72446.0
2025-06-20 10:33:20.772026,3515.1,69217.0,73004.0
2025-06-20 10:33:21.689218,3515.6,69217.0,73004.0
2025-06-20 10:33:21.776465,3515.6,69410.0,72763.0
2025-06-20 10:33:22.872659,3515.6,69680.0,72882.0
2025-06-20 10:33:23.748744,3516.0,69680.0,72882.0
2025-06-20 10:33:23.877886,3516.0,69510.0,72827.0
2025-06-20 10:33:24.873707,3516.0,69528.0,72827.0
2025-06-20 10:33:25.778520,3516.0,69549.0,72817.0
2025-06-20 10:33:26.693863,3515.6,69549.0,72817.0
2025-06-20 10:33:26.774966,3515.6,69417.0,72939.0
2025-06-20 10:33:27.880437,3515.6,69459.0,73066.0
2025-06-20 10:33:28.985982,3515.6,69444.0,72980.0
2025-06-20 10:33:29.703166,3515.6,69444.0,72980.0
2025-06-20 10:33:30.080128,3515.6,69449.0,72936.0
2025-06-20 10:33:30.987942,3515.6,69452.0,72921.0
2025-06-20 10:33:32.169842,3515.0,68793.0,73402.0
2025-06-20 10:33:32.826784,3514.9,68793.0,73402.0
2025-06-20 10:33:33.080235,3514.9,68685.0,74242.0
2025-06-20 10:33:34.078929,3514.9,68709.0,73836.0
2025-06-20 10:33:35.077979,3514.9,68811.0,73965.0
2025-06-20 10:33:36.179972,3514.9,69020.0,73786.0
2025-06-20 10:33:36.698350,3514.9,69020.0,73786.0
2025-06-20 10:33:37.083138,3514.9,69046.0,73701.0
2025-06-20 10:33:37.693001,3513.5,69046.0,73701.0
2025-06-20 10:33:38.179106,3513.5,69001.0,73775.0
2025-06-20 10:33:39.280361,3513.5,69148.0,73666.0
2025-06-20 10:33:40.383025,3514.0,69153.0,73699.0
2025-06-20 10:33:40.687053,3514.0,69153.0,73699.0
2025-06-20 10:33:41.509254,3515.5,69333.0,73931.0
2025-06-20 10:33:41.688501,3515.5,69333.0,73931.0
2025-06-20 10:33:42.605831,3515.5,69345.0,73909.0
2025-06-20 10:33:43.495551,3515.5,69373.0,73887.0
2025-06-20 10:33:43.642030,3515.5,69373.0,73887.0
2025-06-20 10:33:44.030831,3515.5,69373.0,73887.0
2025-06-20 10:33:44.584060,3515.5,67441.0,74400.0
2025-06-20 10:33:44.687071,3515.5,67441.0,74400.0
2025-06-20 10:33:44.726323,3515.5,67441.0,74400.0
2025-06-20 10:33:45.022317,3515.5,67441.0,74400.0
2025-06-20 10:33:45.692354,3513.8,67441.0,74400.0
2025-06-20 10:33:45.697015,3513.8,69413.0,74457.0
2025-06-20 10:33:45.738807,3513.8,69413.0,74457.0
2025-06-20 10:33:46.373253,3513.8,69413.0,74457.0
2025-06-20 10:33:46.785204,3513.8,69439.0,74328.0
2025-06-20 10:33:46.837530,3513.8,69439.0,74328.0
2025-06-20 10:33:47.409713,3513.8,69439.0,74328.0
2025-06-20 10:33:47.894618,3513.8,69433.0,74351.0
2025-06-20 10:33:48.823712,3513.8,69433.0,74351.0
2025-06-20 10:33:48.825472,3513.8,69434.0,74437.0
2025-06-20 10:33:49.892594,3513.8,69015.0,74741.0
2025-06-20 10:33:50.128936,3513.8,69015.0,74741.0
2025-06-20 10:33:51.075122,3514.0,69078.0,74738.0
2025-06-20 10:33:51.343971,3514.0,69078.0,74738.0
2025-06-20 10:33:51.687115,3514.0,69078.0,74738.0
2025-06-20 10:33:52.089852,3514.0,68937.0,74510.0
2025-06-20 10:33:52.661265,3514.0,68937.0,74510.0
2025-06-20 10:33:52.712536,3512.6,68937.0,74510.0
2025-06-20 10:33:53.191100,3512.7,68872.0,74724.0
2025-06-20 10:33:53.689022,3512.9,68872.0,74724.0
2025-06-20 10:33:53.948129,3512.9,68872.0,74724.0
2025-06-20 10:33:54.193522,3512.9,69064.0,74834.0
2025-06-20 10:33:55.091322,3512.9,69016.0,74778.0
2025-06-20 10:33:55.226182,3512.9,69016.0,74778.0
2025-06-20 10:33:55.686571,3513.0,69016.0,74778.0
2025-06-20 10:33:56.196633,3513.0,69009.0,74623.0
2025-06-20 10:33:56.684293,3514.4,69009.0,74623.0
2025-06-20 10:33:56.826750,3514.4,69009.0,74623.0
2025-06-20 10:33:57.294146,3514.4,69597.0,74369.0
2025-06-20 10:33:58.402905,3513.4,69614.0,74612.0
2025-06-20 10:33:58.689051,3514.6,69614.0,74612.0
2025-06-20 10:33:59.500900,3514.6,69451.0,74567.0
2025-06-20 10:34:01.409298,3514.6,69456.0,74644.0
2025-06-20 10:34:02.498865,3514.6,69491.0,74603.0
2025-06-20 10:34:03.607961,3514.6,69502.0,74614.0
2025-06-20 10:34:04.608858,3514.6,69510.0,74555.0
2025-06-20 10:34:05.604057,3514.6,69518.0,74505.0
2025-06-20 10:34:05.693354,3514.6,69518.0,74505.0
2025-06-20 10:34:06.614620,3514.6,69509.0,74460.0
2025-06-20 10:34:06.695673,3514.6,69509.0,74460.0
2025-06-20 10:34:07.608086,3514.6,69504.0,74224.0
2025-06-20 10:34:08.609776,3514.6,69520.0,74212.0
2025-06-20 10:34:09.727903,3514.6,69526.0,74451.0
2025-06-20 10:34:10.805136,3514.6,69730.0,74361.0
2025-06-20 10:34:11.714282,3514.7,69730.0,74361.0
2025-06-20 10:34:11.942700,3514.7,69636.0,74198.0
2025-06-20 10:34:12.693547,3514.7,69636.0,74198.0
2025-06-20 10:34:12.909954,3515.6,69223.0,74229.0
2025-06-20 10:34:13.691655,3513.9,69223.0,74229.0
2025-06-20 10:34:14.005758,3513.9,69182.0,74488.0
2025-06-20 10:34:15.146908,3514.5,69226.0,74501.0
2025-06-20 10:34:15.691226,3514.5,69226.0,74501.0
2025-06-20 10:34:16.206203,3514.5,69191.0,74468.0
2025-06-20 10:34:17.306060,3514.5,69226.0,74507.0
2025-06-20 10:34:18.308655,3514.5,69228.0,74543.0
2025-06-20 10:34:19.413228,3514.5,69268.0,74436.0
2025-06-20 10:34:20.526109,3515.3,69217.0,74483.0
2025-06-20 10:34:20.701209,3515.3,69217.0,74483.0
2025-06-20 10:34:21.417661,3515.3,69274.0,74439.0
2025-06-20 10:34:21.698365,3515.2,69274.0,74439.0
2025-06-20 10:34:22.513932,3515.2,69253.0,74334.0
2025-06-20 10:34:23.664025,3515.2,69287.0,74747.0
2025-06-20 10:34:24.613057,3515.0,69266.0,74662.0
2025-06-20 10:34:24.727740,3515.0,69266.0,74662.0
2025-06-20 10:34:25.544543,3513.4,69244.0,74717.0
2025-06-20 10:34:25.718791,3513.4,69244.0,74717.0
2025-06-20 10:34:26.612898,3513.4,69502.0,74544.0
2025-06-20 10:34:27.810427,3513.4,69618.0,74448.0
2025-06-20 10:34:28.813952,3513.4,69614.0,74492.0
2025-06-20 10:34:29.813636,3513.4,69436.0,74485.0
2025-06-20 10:34:30.927395,3513.4,69446.0,74454.0
2025-06-20 10:34:32.080278,3515.3,69274.0,74405.0
2025-06-20 10:34:32.691680,3515.3,69274.0,74405.0
2025-06-20 10:34:33.022145,3515.3,69320.0,74349.0
2025-06-20 10:34:33.924341,3515.3,69321.0,74360.0
2025-06-20 10:34:34.925221,3515.3,69281.0,74613.0
2025-06-20 10:34:35.704254,3514.5,69281.0,74613.0
2025-06-20 10:34:36.160893,3514.5,69053.0,74322.0
2025-06-20 10:34:37.118645,3514.5,69724.0,73720.0
2025-06-20 10:34:37.693177,3514.5,69724.0,73720.0
2025-06-20 10:34:38.221336,3514.5,69477.0,73795.0
2025-06-20 10:34:39.422386,3514.5,69543.0,74006.0
2025-06-20 10:34:40.520766,3514.5,69603.0,73929.0
2025-06-20 10:34:41.526686,3515.6,69264.0,74050.0
2025-06-20 10:34:41.750240,3515.6,69264.0,74050.0
2025-06-20 10:34:42.621460,3515.6,69705.0,73968.0
2025-06-20 10:34:44.083209,3515.6,69731.0,73989.0
2025-06-20 10:34:45.379620,3515.6,69731.0,73989.0
2025-06-20 10:34:45.383893,3515.6,69625.0,73958.0
2025-06-20 10:34:45.939382,3515.6,69802.0,74027.0
2025-06-20 10:34:46.826580,3515.6,69986.0,74030.0
2025-06-20 10:34:47.734732,3515.5,69986.0,74030.0
2025-06-20 10:34:48.027082,3515.5,69906.0,73990.0
2025-06-20 10:34:49.030324,3515.5,69957.0,73799.0
2025-06-20 10:34:50.137192,3516.0,69893.0,74052.0
2025-06-20 10:34:50.760294,3516.0,69893.0,74052.0
2025-06-20 10:34:51.230924,3516.0,69942.0,74124.0
2025-06-20 10:34:52.408782,3516.0,69942.0,74124.0
2025-06-20 10:34:52.493867,3516.0,69617.0,74185.0
2025-06-20 10:34:53.330810,3516.0,69659.0,74266.0
2025-06-20 10:34:54.631215,3516.2,69864.0,73962.0
2025-06-20 10:34:54.720398,3516.2,69864.0,73962.0
2025-06-20 10:34:55.532696,3514.6,69701.0,74165.0
2025-06-20 10:34:55.715717,3514.6,69701.0,74165.0
2025-06-20 10:34:56.635217,3514.6,69914.0,74018.0
2025-06-20 10:34:57.746555,3514.6,69911.0,74093.0
2025-06-20 10:34:58.835645,3514.6,69934.0,74117.0
2025-06-20 10:34:59.972263,3514.6,69936.0,73918.0
2025-06-20 10:35:01.625869,3516.0,69997.0,74020.0
2025-06-20 10:35:01.692563,3516.0,69997.0,74020.0
2025-06-20 10:35:02.484046,3516.0,70046.0,74046.0
2025-06-20 10:35:02.707370,3516.0,70046.0,74046.0
2025-06-20 10:35:03.541673,3516.0,70046.0,74053.0
2025-06-20 10:35:04.638241,3516.0,70047.0,74047.0
2025-06-20 10:35:05.640616,3516.0,70036.0,73936.0
2025-06-20 10:35:05.703083,3516.0,70036.0,73936.0
2025-06-20 10:35:06.697815,3516.0,70036.0,73936.0
2025-06-20 10:35:06.753484,3516.0,70052.0,73937.0
2025-06-20 10:35:07.840914,3516.0,70059.0,73956.0
2025-06-20 10:35:08.697829,3516.0,70059.0,73956.0
2025-06-20 10:35:08.741457,3516.0,70066.0,74094.0
2025-06-20 10:35:09.839868,3516.0,70065.0,74003.0
2025-06-20 10:35:10.746667,3516.0,70065.0,73996.0
2025-06-20 10:35:11.768947,3516.0,70040.0,73823.0
2025-06-20 10:35:12.780066,3516.0,70068.0,73856.0
2025-06-20 10:35:13.696492,3515.9,70068.0,73856.0
2025-06-20 10:35:14.646994,3514.2,69409.0,74111.0
2025-06-20 10:35:14.697531,3514.2,69409.0,74111.0
2025-06-20 10:35:15.648864,3514.9,69327.0,74299.0
2025-06-20 10:35:15.698674,3514.9,69327.0,74299.0
2025-06-20 10:35:16.648348,3514.9,67033.0,74257.0
2025-06-20 10:35:17.649154,3515.3,69184.0,74261.0
2025-06-20 10:35:17.698396,3515.3,69184.0,74261.0
2025-06-20 10:35:19.660812,3514.9,69153.0,74575.0
2025-06-20 10:35:19.693357,3514.9,69153.0,74575.0
2025-06-20 10:35:20.553157,3514.9,69153.0,74578.0
2025-06-20 10:35:21.491261,3514.9,69665.0,74388.0
