timestamp,ltp,bid_qty,ask_qty
2025-06-20 10:10:48.253991,11468.0,18983.0,23528.0
2025-06-20 10:10:49.590543,11468.0,18983.0,23528.0
2025-06-20 10:10:49.874522,11468.0,18990.0,23559.0
2025-06-20 10:10:55.568839,11468.0,18983.0,23621.0
2025-06-20 10:10:57.594320,11470.0,18983.0,23621.0
2025-06-20 10:11:00.877399,11470.0,18972.0,23649.0
2025-06-20 10:11:06.881411,11470.0,19015.0,23541.0
2025-06-20 10:11:07.605421,11470.0,19015.0,23541.0
2025-06-20 10:11:12.914244,11470.0,19015.0,23541.0
2025-06-20 10:11:12.914980,11470.0,19009.0,23545.0
2025-06-20 10:11:18.386155,11470.0,19027.0,23548.0
2025-06-20 10:11:23.487865,11470.0,19039.0,23572.0
2025-06-20 10:11:26.253759,11470.0,19039.0,23572.0
2025-06-20 10:11:28.985918,11470.0,19040.0,23431.0
2025-06-20 10:11:34.625472,11469.0,19112.0,23425.0
2025-06-20 10:11:35.593367,11469.0,19112.0,23425.0
2025-06-20 10:11:37.598784,11469.0,19112.0,23425.0
2025-06-20 10:11:39.596805,11469.0,19112.0,23425.0
2025-06-20 10:11:40.418592,11469.0,19126.0,23483.0
2025-06-20 10:11:43.601942,11472.0,19126.0,23483.0
2025-06-20 10:11:46.539442,11473.0,19119.0,23426.0
2025-06-20 10:11:47.595122,11473.0,19119.0,23426.0
2025-06-20 10:11:49.602301,11471.0,19119.0,23426.0
2025-06-20 10:11:51.601108,11471.0,19119.0,23426.0
2025-06-20 10:11:52.203052,11471.0,19089.0,23435.0
2025-06-20 10:11:58.107881,11475.0,19126.0,23204.0
2025-06-20 10:11:59.599258,11475.0,19126.0,23204.0
2025-06-20 10:12:03.601333,11474.0,19126.0,23204.0
2025-06-20 10:12:04.514985,11474.0,19224.0,23099.0
2025-06-20 10:12:06.608393,11475.0,19224.0,23099.0
2025-06-20 10:12:09.600792,11474.0,19224.0,23099.0
2025-06-20 10:12:11.215262,11474.0,19574.0,23007.0
2025-06-20 10:12:12.606354,11475.0,19574.0,23007.0
2025-06-20 10:12:17.516755,11475.0,19577.0,22931.0
2025-06-20 10:12:21.601967,11480.0,19577.0,22931.0
2025-06-20 10:12:23.851804,11480.0,19777.0,22678.0
2025-06-20 10:12:24.603260,11480.0,19777.0,22678.0
2025-06-20 10:12:27.599980,11478.0,19777.0,22678.0
2025-06-20 10:12:30.031993,11478.0,19681.0,22752.0
2025-06-20 10:12:31.600384,11480.0,19681.0,22752.0
2025-06-20 10:12:33.601027,11480.0,19681.0,22752.0
2025-06-20 10:12:35.604970,11478.0,19681.0,22752.0
2025-06-20 10:12:36.033055,11478.0,19607.0,22950.0
2025-06-20 10:12:39.601102,11480.0,19607.0,22950.0
2025-06-20 10:12:40.511830,11480.0,19607.0,22950.0
2025-06-20 10:12:41.131903,11480.0,19607.0,22950.0
2025-06-20 10:12:41.603802,11480.0,19607.0,22950.0
2025-06-20 10:12:41.692189,11480.0,19607.0,22950.0
2025-06-20 10:12:41.846026,11480.0,19609.0,22887.0
2025-06-20 10:12:41.932919,11480.0,19609.0,22887.0
2025-06-20 10:12:42.285024,11480.0,19609.0,22887.0
2025-06-20 10:12:43.427082,11480.0,19609.0,22887.0
2025-06-20 10:12:44.632310,11480.0,19609.0,22887.0
2025-06-20 10:12:45.344808,11480.0,19609.0,22887.0
2025-06-20 10:12:46.648891,11480.0,19609.0,22887.0
2025-06-20 10:12:47.606745,11478.0,19609.0,22887.0
2025-06-20 10:12:47.655127,11478.0,19609.0,22887.0
2025-06-20 10:12:47.737768,11478.0,19509.0,22887.0
2025-06-20 10:12:49.147730,11478.0,19509.0,22887.0
2025-06-20 10:12:50.471493,11478.0,19509.0,22887.0
2025-06-20 10:12:51.616059,11480.0,19509.0,22887.0
2025-06-20 10:12:51.694671,11480.0,19509.0,22887.0
2025-06-20 10:12:53.253667,11480.0,19509.0,22887.0
2025-06-20 10:12:53.618718,11478.0,19509.0,22887.0
2025-06-20 10:12:53.646651,11478.0,19631.0,22767.0
2025-06-20 10:12:54.616493,11480.0,19631.0,22767.0
2025-06-20 10:12:59.372767,11480.0,19601.0,22817.0
2025-06-20 10:13:04.881289,11480.0,19672.0,22833.0
2025-06-20 10:13:10.559371,11480.0,19727.0,22833.0
2025-06-20 10:13:11.599586,11478.0,19727.0,22833.0
2025-06-20 10:13:15.609894,11480.0,19727.0,22833.0
2025-06-20 10:13:16.383858,11480.0,19698.0,22884.0
2025-06-20 10:13:17.608904,11480.0,19698.0,22884.0
2025-06-20 10:13:22.470423,11480.0,19783.0,22526.0
2025-06-20 10:13:27.606749,11483.0,19783.0,22526.0
2025-06-20 10:13:28.675118,11481.0,19289.0,23018.0
2025-06-20 10:13:29.605089,11481.0,19289.0,23018.0
2025-06-20 10:13:31.611604,11481.0,19289.0,23018.0
2025-06-20 10:13:34.888534,11481.0,19671.0,22861.0
2025-06-20 10:13:39.600589,11478.0,19671.0,22861.0
2025-06-20 10:13:41.077581,11477.0,19613.0,23012.0
2025-06-20 10:13:41.608719,11477.0,19613.0,23012.0
2025-06-20 10:13:45.610307,11477.0,19613.0,23012.0
2025-06-20 10:13:46.979801,11477.0,19606.0,23049.0
2025-06-20 10:13:48.619727,11477.0,19606.0,23049.0
2025-06-20 10:13:51.602835,11478.0,19606.0,23049.0
2025-06-20 10:13:52.429166,11478.0,19399.0,22963.0
2025-06-20 10:13:56.616953,11478.0,19399.0,22963.0
2025-06-20 10:13:58.088187,11478.0,19390.0,22952.0
2025-06-20 10:14:00.612393,11478.0,19390.0,22952.0
2025-06-20 10:14:03.608244,11477.0,19390.0,22952.0
2025-06-20 10:14:03.692941,11477.0,19354.0,22973.0
2025-06-20 10:14:07.623552,11472.0,19354.0,22973.0
2025-06-20 10:14:09.293693,11475.0,19345.0,23127.0
2025-06-20 10:14:09.611606,11475.0,19345.0,23127.0
2025-06-20 10:14:11.617573,11472.0,19345.0,23127.0
2025-06-20 10:14:12.641147,11478.0,19345.0,23127.0
2025-06-20 10:14:15.307579,11478.0,19380.0,23147.0
2025-06-20 10:14:15.609657,11478.0,19380.0,23147.0
2025-06-20 10:14:16.621293,11473.0,19380.0,23147.0
2025-06-20 10:14:21.018240,11474.0,19395.0,23191.0
2025-06-20 10:14:21.610978,11478.0,19395.0,23191.0
2025-06-20 10:14:25.606092,11473.0,19395.0,23191.0
2025-06-20 10:14:27.006488,11473.0,19288.0,23270.0
2025-06-20 10:14:27.611139,11473.0,19288.0,23270.0
2025-06-20 10:14:29.603211,11473.0,19288.0,23270.0
2025-06-20 10:14:32.922028,11476.0,19334.0,23414.0
2025-06-20 10:14:33.612357,11476.0,19334.0,23414.0
2025-06-20 10:14:37.604422,11473.0,19334.0,23414.0
2025-06-20 10:14:38.421903,11473.0,19317.0,23536.0
2025-06-20 10:14:39.605268,11473.0,19317.0,23536.0
2025-06-20 10:14:43.607893,11472.0,19317.0,23536.0
2025-06-20 10:14:44.113033,11472.0,19260.0,23614.0
2025-06-20 10:14:45.618675,11472.0,19260.0,23614.0
2025-06-20 10:14:49.604920,11472.0,19260.0,23614.0
2025-06-20 10:14:49.722574,11472.0,19397.0,23668.0
2025-06-20 10:14:55.721213,11472.0,19385.0,23664.0
2025-06-20 10:15:02.029354,11472.0,19485.0,23736.0
2025-06-20 10:15:05.612918,11473.0,19485.0,23736.0
2025-06-20 10:15:08.554925,11473.0,19444.0,23725.0
2025-06-20 10:15:11.611258,11475.0,19444.0,23725.0
2025-06-20 10:15:14.858279,11483.0,19868.0,23154.0
2025-06-20 10:15:15.615140,11477.0,19868.0,23154.0
2025-06-20 10:15:21.148509,11477.0,19606.0,23332.0
2025-06-20 10:15:27.659736,11477.0,19642.0,23333.0
2025-06-20 10:15:31.618815,11482.0,19642.0,23333.0
2025-06-20 10:15:33.608145,11483.0,19642.0,23333.0
2025-06-20 10:15:33.750030,11483.0,19971.0,23048.0
2025-06-20 10:15:39.755981,11483.0,19898.0,23105.0
2025-06-20 10:15:40.958745,11483.0,19898.0,23105.0
2025-06-20 10:15:41.389084,11483.0,19898.0,23105.0
2025-06-20 10:15:41.615103,11483.0,19898.0,23105.0
2025-06-20 10:15:41.909832,11483.0,19898.0,23105.0
2025-06-20 10:15:42.159083,11483.0,19898.0,23105.0
2025-06-20 10:15:43.423093,11483.0,19898.0,23105.0
2025-06-20 10:15:44.448656,11483.0,19898.0,23105.0
2025-06-20 10:15:45.558962,11483.0,20019.0,23111.0
2025-06-20 10:15:45.614763,11483.0,20019.0,23111.0
2025-06-20 10:15:45.760021,11483.0,20019.0,23111.0
2025-06-20 10:15:47.098090,11483.0,20019.0,23111.0
2025-06-20 10:15:47.615092,11487.0,20019.0,23111.0
2025-06-20 10:15:48.072614,11487.0,20019.0,23111.0
2025-06-20 10:15:49.583356,11487.0,20019.0,23111.0
2025-06-20 10:15:50.871242,11487.0,20019.0,23111.0
2025-06-20 10:15:51.664404,11485.0,20157.0,22760.0
2025-06-20 10:15:52.100435,11485.0,20157.0,22760.0
2025-06-20 10:15:52.618878,11484.0,20157.0,22760.0
2025-06-20 10:15:53.684655,11484.0,20157.0,22760.0
2025-06-20 10:15:58.268362,11489.0,20117.0,22808.0
2025-06-20 10:15:58.613643,11489.0,20117.0,22808.0
2025-06-20 10:16:01.618390,11492.0,20117.0,22808.0
2025-06-20 10:16:04.273048,11484.0,20063.0,22780.0
2025-06-20 10:16:05.668284,11485.0,20063.0,22780.0
2025-06-20 10:16:09.618587,11490.0,20063.0,22780.0
2025-06-20 10:16:10.273760,11490.0,20038.0,22980.0
2025-06-20 10:16:16.578184,11490.0,19966.0,23190.0
2025-06-20 10:16:20.622591,11483.0,19966.0,23190.0
2025-06-20 10:16:23.078087,11483.0,20105.0,23072.0
2025-06-20 10:16:29.399295,11483.0,20112.0,23071.0
2025-06-20 10:16:35.913978,11483.0,20169.0,23423.0
2025-06-20 10:16:38.636783,11484.0,20169.0,23423.0
2025-06-20 10:16:41.622903,11486.0,20169.0,23423.0
2025-06-20 10:16:42.194647,11486.0,20201.0,23395.0
2025-06-20 10:16:44.669981,11484.0,20201.0,23395.0
2025-06-20 10:16:48.505710,11484.0,20158.0,23542.0
2025-06-20 10:16:54.700994,11484.0,20191.0,23506.0
2025-06-20 10:16:55.622498,11485.0,20191.0,23506.0
2025-06-20 10:17:00.703672,11485.0,20250.0,23499.0
2025-06-20 10:17:03.616049,11486.0,20250.0,23499.0
2025-06-20 10:17:05.617683,11485.0,20250.0,23499.0
2025-06-20 10:17:06.712294,11485.0,20257.0,23474.0
2025-06-20 10:17:12.712521,11485.0,20142.0,23434.0
2025-06-20 10:17:15.620531,11490.0,20142.0,23434.0
2025-06-20 10:17:18.938161,11491.0,20299.0,23173.0
2025-06-20 10:17:19.626225,11491.0,20299.0,23173.0
2025-06-20 10:17:24.625253,11486.0,20294.0,23110.0
2025-06-20 10:17:25.639945,11486.0,20294.0,23110.0
2025-06-20 10:17:27.627968,11491.0,20294.0,23110.0
2025-06-20 10:17:30.866478,11491.0,20432.0,22993.0
2025-06-20 10:17:37.006116,11491.0,20458.0,23055.0
2025-06-20 10:17:39.628273,11491.0,20458.0,23055.0
2025-06-20 10:17:42.744902,11491.0,20514.0,22982.0
2025-06-20 10:17:48.626529,11489.0,20514.0,22982.0
2025-06-20 10:17:48.645903,11489.0,20555.0,23025.0
2025-06-20 10:17:54.623505,11489.0,20555.0,23025.0
2025-06-20 10:17:54.850563,11489.0,20451.0,23069.0
2025-06-20 10:17:57.627417,11491.0,20451.0,23069.0
2025-06-20 10:18:01.541048,11491.0,20351.0,23369.0
2025-06-20 10:18:02.543762,11491.0,20502.0,23359.0
2025-06-20 10:18:03.453603,11491.0,20546.0,23290.0
2025-06-20 10:18:04.453248,11491.0,20557.0,23297.0
2025-06-20 10:18:04.623478,11491.0,20557.0,23297.0
2025-06-20 10:18:05.546396,11491.0,20571.0,23289.0
2025-06-20 10:18:06.457793,11491.0,20563.0,23298.0
2025-06-20 10:18:07.443574,11491.0,20563.0,23310.0
2025-06-20 10:18:08.371228,11491.0,20549.0,23352.0
2025-06-20 10:18:08.623759,11489.0,20549.0,23352.0
2025-06-20 10:18:09.372876,11491.0,20589.0,23298.0
2025-06-20 10:18:09.623825,11491.0,20589.0,23298.0
2025-06-20 10:18:10.248010,11491.0,20588.0,23315.0
2025-06-20 10:18:11.251928,11491.0,20591.0,23324.0
2025-06-20 10:18:11.625632,11489.0,20591.0,23324.0
2025-06-20 10:18:12.248721,11489.0,20563.0,23322.0
2025-06-20 10:18:13.625338,11491.0,20563.0,23322.0
2025-06-20 10:18:14.249371,11491.0,20570.0,23318.0
2025-06-20 10:18:15.251296,11491.0,20570.0,23318.0
2025-06-20 10:18:16.250516,11491.0,20577.0,23315.0
2025-06-20 10:18:17.254013,11491.0,20570.0,23317.0
2025-06-20 10:18:18.252081,11491.0,20570.0,23316.0
2025-06-20 10:18:19.253657,11491.0,20547.0,23305.0
2025-06-20 10:18:20.254389,11491.0,20550.0,23399.0
2025-06-20 10:18:21.156892,11491.0,20522.0,23427.0
2025-06-20 10:18:22.155696,11491.0,20525.0,23409.0
2025-06-20 10:18:23.155922,11491.0,20529.0,23397.0
2025-06-20 10:18:24.156520,11491.0,20565.0,23392.0
2025-06-20 10:18:25.154786,11491.0,20599.0,23370.0
2025-06-20 10:18:25.631562,11491.0,20599.0,23370.0
2025-06-20 10:18:26.157227,11491.0,20601.0,23348.0
2025-06-20 10:18:27.156534,11491.0,20602.0,23358.0
2025-06-20 10:18:28.156720,11491.0,20572.0,23399.0
2025-06-20 10:18:29.056598,11491.0,20554.0,23435.0
2025-06-20 10:18:30.057946,11491.0,20555.0,23435.0
2025-06-20 10:18:31.060722,11491.0,20559.0,23424.0
2025-06-20 10:18:32.059841,11491.0,20559.0,23434.0
2025-06-20 10:18:33.059009,11491.0,20557.0,23440.0
2025-06-20 10:18:34.059668,11491.0,20620.0,23412.0
2025-06-20 10:18:34.960363,11491.0,20619.0,23435.0
2025-06-20 10:18:35.627638,11491.0,20619.0,23435.0
2025-06-20 10:18:35.960018,11491.0,20632.0,23433.0
2025-06-20 10:18:37.626227,11490.0,20632.0,23433.0
2025-06-20 10:18:37.961213,11490.0,20648.0,23432.0
2025-06-20 10:18:38.964019,11490.0,20647.0,23439.0
2025-06-20 10:18:39.965547,11490.0,20647.0,23387.0
2025-06-20 10:18:40.965140,11490.0,20660.0,23386.0
2025-06-20 10:18:41.572225,11490.0,20660.0,23386.0
2025-06-20 10:18:41.974969,11490.0,20660.0,23339.0
2025-06-20 10:18:42.118678,11490.0,20660.0,23339.0
2025-06-20 10:18:42.974938,11490.0,20660.0,23336.0
2025-06-20 10:18:43.299338,11490.0,20660.0,23336.0
2025-06-20 10:18:43.970514,11490.0,20661.0,23329.0
2025-06-20 10:18:44.433799,11490.0,20661.0,23329.0
2025-06-20 10:18:45.030992,11490.0,20663.0,23329.0
2025-06-20 10:18:45.419432,11490.0,20663.0,23329.0
2025-06-20 10:18:45.873465,11490.0,20655.0,23361.0
2025-06-20 10:18:46.344582,11490.0,20655.0,23361.0
2025-06-20 10:18:46.876469,11490.0,20645.0,23374.0
2025-06-20 10:18:47.676957,11490.0,20645.0,23374.0
2025-06-20 10:18:47.874730,11490.0,20657.0,23373.0
2025-06-20 10:18:48.681875,11490.0,20657.0,23373.0
2025-06-20 10:18:48.883812,11490.0,20661.0,23379.0
2025-06-20 10:18:49.899010,11490.0,20663.0,23382.0
2025-06-20 10:18:50.197889,11490.0,20663.0,23382.0
2025-06-20 10:18:50.871588,11490.0,20687.0,23402.0
2025-06-20 10:18:51.457141,11490.0,20687.0,23402.0
2025-06-20 10:18:51.634575,11491.0,20687.0,23402.0
2025-06-20 10:18:51.877662,11491.0,20687.0,23400.0
2025-06-20 10:18:52.625857,11491.0,20687.0,23400.0
2025-06-20 10:18:52.712111,11491.0,20687.0,23400.0
2025-06-20 10:18:52.772328,11491.0,20712.0,23409.0
2025-06-20 10:18:53.772441,11491.0,20667.0,23407.0
2025-06-20 10:18:54.339449,11491.0,20667.0,23407.0
2025-06-20 10:18:54.652708,11491.0,20667.0,23407.0
2025-06-20 10:18:54.773807,11491.0,20744.0,23159.0
2025-06-20 10:18:55.772843,11491.0,20818.0,23153.0
2025-06-20 10:18:56.774132,11495.0,20802.0,22970.0
2025-06-20 10:18:57.635972,11495.0,20802.0,22970.0
2025-06-20 10:18:57.773582,11495.0,20673.0,23049.0
2025-06-20 10:18:58.673221,11495.0,20673.0,23072.0
2025-06-20 10:18:59.679580,11495.0,20624.0,23080.0
2025-06-20 10:19:02.475531,11495.0,20625.0,23109.0
2025-06-20 10:19:08.779201,11495.0,20634.0,23147.0
2025-06-20 10:19:14.783643,11495.0,20583.0,23248.0
2025-06-20 10:19:20.899331,11493.0,20631.0,23254.0
2025-06-20 10:19:21.689068,11493.0,20631.0,23254.0
2025-06-20 10:19:24.897789,11497.0,20631.0,23254.0
2025-06-20 10:19:26.906268,11497.0,20644.0,23134.0
2025-06-20 10:19:30.641420,11495.0,20644.0,23134.0
2025-06-20 10:19:33.102016,11495.0,20656.0,23261.0
2025-06-20 10:19:33.703215,11497.0,20656.0,23261.0
2025-06-20 10:19:36.653057,11495.0,20656.0,23261.0
2025-06-20 10:19:39.208491,11495.0,20611.0,23005.0
2025-06-20 10:19:39.639986,11495.0,20611.0,23005.0
2025-06-20 10:19:42.702029,11494.0,20611.0,23005.0
2025-06-20 10:19:45.210251,11494.0,20553.0,23043.0
2025-06-20 10:19:45.638463,11495.0,20553.0,23043.0
2025-06-20 10:19:50.730691,11494.0,20545.0,23047.0
2025-06-20 10:19:51.646580,11494.0,20545.0,23047.0
2025-06-20 10:19:54.679058,11494.0,20545.0,23047.0
2025-06-20 10:19:56.625686,11494.0,20552.0,23111.0
2025-06-20 10:20:00.667164,11494.0,20552.0,23111.0
2025-06-20 10:20:02.645687,11497.0,20552.0,23111.0
2025-06-20 10:20:02.741064,11497.0,20572.0,22906.0
2025-06-20 10:20:08.678727,11495.0,20572.0,22906.0
2025-06-20 10:20:09.438807,11495.0,20558.0,23017.0
2025-06-20 10:20:15.851126,11495.0,20530.0,23030.0
2025-06-20 10:20:22.045948,11495.0,20496.0,23033.0
2025-06-20 10:20:23.648016,11495.0,20496.0,23033.0
2025-06-20 10:20:26.647194,11483.0,20496.0,23033.0
2025-06-20 10:20:28.152717,11483.0,19931.0,23809.0
2025-06-20 10:20:29.678986,11483.0,19931.0,23809.0
2025-06-20 10:20:32.712753,11483.0,19931.0,23809.0
2025-06-20 10:20:34.160161,11483.0,19964.0,23743.0
2025-06-20 10:20:35.646031,11483.0,19964.0,23743.0
2025-06-20 10:20:38.671499,11483.0,19964.0,23743.0
2025-06-20 10:20:40.275897,11483.0,19973.0,23745.0
2025-06-20 10:20:41.645145,11483.0,19973.0,23745.0
2025-06-20 10:20:44.649664,11483.0,19973.0,23745.0
2025-06-20 10:20:46.268561,11477.0,19652.0,24298.0
2025-06-20 10:20:47.651755,11477.0,19652.0,24298.0
2025-06-20 10:20:50.688175,11475.0,19652.0,24298.0
2025-06-20 10:20:52.272863,11475.0,19590.0,24338.0
2025-06-20 10:20:53.658617,11475.0,19590.0,24338.0
2025-06-20 10:20:56.657394,11478.0,19590.0,24338.0
2025-06-20 10:20:58.572279,11476.0,19699.0,24121.0
2025-06-20 10:20:59.660222,11476.0,19699.0,24121.0
2025-06-20 10:21:02.664701,11476.0,19699.0,24121.0
2025-06-20 10:21:04.885068,11476.0,19803.0,24013.0
2025-06-20 10:21:08.651078,11477.0,19803.0,24013.0
2025-06-20 10:21:11.181350,11483.0,19767.0,24037.0
2025-06-20 10:21:11.652218,11483.0,19767.0,24037.0
2025-06-20 10:21:17.391519,11483.0,19789.0,24099.0
2025-06-20 10:21:17.652207,11478.0,19789.0,24099.0
2025-06-20 10:21:23.288384,11480.0,19781.0,24092.0
2025-06-20 10:21:23.663012,11480.0,19781.0,24092.0
2025-06-20 10:21:29.297221,11480.0,19813.0,24043.0
2025-06-20 10:21:35.495432,11483.0,19861.0,23967.0
2025-06-20 10:21:35.654630,11483.0,19861.0,23967.0
2025-06-20 10:21:41.300301,11483.0,19803.0,24006.0
2025-06-20 10:21:41.813492,11483.0,19803.0,24006.0
2025-06-20 10:21:42.167199,11483.0,19803.0,24006.0
2025-06-20 10:21:43.088930,11483.0,19803.0,24006.0
2025-06-20 10:21:44.432165,11483.0,19803.0,24006.0
2025-06-20 10:21:44.649612,11481.0,19803.0,24006.0
2025-06-20 10:21:44.835176,11481.0,19803.0,24006.0
2025-06-20 10:21:45.453817,11481.0,19803.0,24006.0
2025-06-20 10:21:46.819671,11481.0,19803.0,24006.0
2025-06-20 10:21:47.143533,11483.0,19975.0,23980.0
2025-06-20 10:21:47.662126,11483.0,19975.0,23980.0
2025-06-20 10:21:48.130775,11483.0,19975.0,23980.0
2025-06-20 10:21:49.107648,11483.0,19975.0,23980.0
2025-06-20 10:21:50.682995,11481.0,19975.0,23980.0
2025-06-20 10:21:50.695662,11481.0,19975.0,23980.0
2025-06-20 10:21:51.948169,11481.0,19975.0,23980.0
2025-06-20 10:21:52.716415,11481.0,19900.0,24047.0
2025-06-20 10:21:53.183841,11481.0,19900.0,24047.0
2025-06-20 10:21:54.789350,11481.0,19900.0,24047.0
2025-06-20 10:21:56.661374,11480.0,19900.0,24047.0
2025-06-20 10:21:58.313173,11480.0,19941.0,24028.0
2025-06-20 10:21:59.709872,11483.0,19941.0,24028.0
2025-06-20 10:22:02.695571,11480.0,19941.0,24028.0
2025-06-20 10:22:04.116432,11480.0,19788.0,24187.0
2025-06-20 10:22:05.718037,11480.0,19788.0,24187.0
2025-06-20 10:22:10.018473,11483.0,19820.0,24199.0
2025-06-20 10:22:11.728336,11482.0,19820.0,24199.0
2025-06-20 10:22:16.217854,11482.0,19799.0,24242.0
2025-06-20 10:22:17.660871,11483.0,19799.0,24242.0
2025-06-20 10:22:22.326597,11483.0,19802.0,24350.0
2025-06-20 10:22:26.654604,11480.0,19802.0,24350.0
2025-06-20 10:22:28.525374,11480.0,19853.0,24289.0
2025-06-20 10:22:29.690736,11480.0,19853.0,24289.0
2025-06-20 10:22:32.694367,11480.0,19853.0,24289.0
2025-06-20 10:22:34.530608,11479.0,19825.0,24325.0
2025-06-20 10:22:35.653762,11479.0,19825.0,24325.0
2025-06-20 10:22:38.662376,11479.0,19825.0,24325.0
2025-06-20 10:22:40.152195,11479.0,19829.0,24359.0
2025-06-20 10:22:42.700247,11480.0,19829.0,24359.0
2025-06-20 10:22:44.689631,11479.0,19829.0,24359.0
2025-06-20 10:22:45.835463,11479.0,19850.0,24340.0
2025-06-20 10:22:46.682111,11479.0,19850.0,24340.0
2025-06-20 10:22:48.662238,11479.0,19850.0,24340.0
2025-06-20 10:22:51.445117,11480.0,19845.0,24317.0
2025-06-20 10:22:52.656812,11482.0,19845.0,24317.0
2025-06-20 10:22:54.660135,11473.0,19845.0,24317.0
2025-06-20 10:22:55.665924,11468.0,19845.0,24317.0
2025-06-20 10:22:57.649416,11464.0,19033.0,24949.0
2025-06-20 10:22:58.679708,11464.0,19033.0,24949.0
2025-06-20 10:23:00.648052,11466.0,19033.0,24949.0
2025-06-20 10:23:01.243521,11466.0,19303.0,24736.0
2025-06-20 10:23:01.653161,11468.0,19303.0,24736.0
2025-06-20 10:23:02.146255,11468.0,19264.0,24713.0
2025-06-20 10:23:02.651165,11468.0,19264.0,24713.0
2025-06-20 10:23:03.046766,11468.0,19264.0,24753.0
2025-06-20 10:23:04.047213,11468.0,19268.0,24766.0
2025-06-20 10:23:04.657850,11467.0,19268.0,24766.0
2025-06-20 10:23:05.047877,11467.0,19300.0,24721.0
2025-06-20 10:23:06.045946,11467.0,19305.0,24722.0
2025-06-20 10:23:06.959246,11467.0,19292.0,24724.0
2025-06-20 10:23:07.848070,11467.0,19232.0,24714.0
2025-06-20 10:23:08.847468,11467.0,19231.0,24686.0
2025-06-20 10:23:09.748612,11467.0,19231.0,24686.0
2025-06-20 10:23:10.658108,11467.0,19231.0,24703.0
2025-06-20 10:23:12.665016,11467.0,19218.0,24734.0
2025-06-20 10:23:13.661147,11467.0,19218.0,24684.0
2025-06-20 10:23:14.662412,11467.0,19218.0,24662.0
2025-06-20 10:23:15.670540,11467.0,19071.0,24837.0
2025-06-20 10:23:16.653682,11476.0,19071.0,24837.0
2025-06-20 10:23:16.672498,11476.0,19238.0,24310.0
2025-06-20 10:23:17.557024,11476.0,19304.0,24428.0
2025-06-20 10:23:18.615731,11476.0,19277.0,24459.0
2025-06-20 10:23:19.570463,11476.0,19275.0,24459.0
2025-06-20 10:23:20.556996,11476.0,19277.0,24461.0
2025-06-20 10:23:21.458665,11479.0,19278.0,24457.0
2025-06-20 10:23:21.658081,11479.0,19278.0,24457.0
2025-06-20 10:23:22.458944,11479.0,19301.0,24466.0
2025-06-20 10:23:23.458579,11479.0,19293.0,24436.0
2025-06-20 10:23:24.459305,11473.0,19281.0,24502.0
2025-06-20 10:23:24.654328,11473.0,19281.0,24502.0
2025-06-20 10:23:25.460490,11473.0,19283.0,24491.0
2025-06-20 10:23:26.368868,11473.0,19276.0,24455.0
2025-06-20 10:23:27.375310,11473.0,19276.0,24459.0
2025-06-20 10:23:28.416614,11473.0,19276.0,24459.0
2025-06-20 10:23:29.261739,11479.0,19312.0,24354.0
2025-06-20 10:23:29.655433,11479.0,19312.0,24354.0
2025-06-20 10:23:30.263486,11479.0,19312.0,24399.0
2025-06-20 10:23:31.264986,11479.0,19297.0,24401.0
2025-06-20 10:23:32.268108,11481.0,19262.0,24369.0
2025-06-20 10:23:32.656235,11482.0,19262.0,24369.0
2025-06-20 10:23:33.268471,11475.0,19207.0,24584.0
2025-06-20 10:23:33.655099,11473.0,19207.0,24584.0
2025-06-20 10:23:34.267673,11473.0,19207.0,24567.0
2025-06-20 10:23:35.171631,11473.0,19195.0,24586.0
2025-06-20 10:23:36.176248,11473.0,19117.0,24665.0
2025-06-20 10:23:37.267457,11473.0,19132.0,24678.0
2025-06-20 10:23:38.170987,11473.0,19142.0,24678.0
2025-06-20 10:23:39.172129,11473.0,19127.0,24678.0
2025-06-20 10:23:39.655501,11473.0,19127.0,24678.0
2025-06-20 10:23:40.172869,11473.0,19142.0,24703.0
2025-06-20 10:23:41.171783,11473.0,19157.0,24699.0
2025-06-20 10:23:41.654278,11477.0,19157.0,24699.0
2025-06-20 10:23:42.075007,11477.0,19355.0,24402.0
2025-06-20 10:23:43.133069,11477.0,19356.0,24403.0
2025-06-20 10:23:44.077961,11477.0,19336.0,24387.0
2025-06-20 10:23:44.979031,11477.0,19328.0,24392.0
2025-06-20 10:23:46.092130,11477.0,19314.0,24417.0
2025-06-20 10:23:46.890959,11477.0,19324.0,24429.0
2025-06-20 10:23:47.776519,11477.0,19322.0,24425.0
2025-06-20 10:23:48.713568,11477.0,19325.0,24428.0
2025-06-20 10:23:49.685036,11477.0,19330.0,24429.0
2025-06-20 10:23:50.689798,11477.0,19268.0,24492.0
2025-06-20 10:23:51.705585,11477.0,19275.0,24474.0
2025-06-20 10:23:52.702408,11477.0,19277.0,24467.0
2025-06-20 10:23:53.691506,11477.0,19277.0,24467.0
2025-06-20 10:23:54.689794,11477.0,19024.0,24521.0
2025-06-20 10:23:55.578922,11477.0,19018.0,24551.0
2025-06-20 10:23:56.659171,11477.0,19018.0,24551.0
2025-06-20 10:23:56.707474,11477.0,19267.0,24515.0
2025-06-20 10:23:57.581629,11477.0,19276.0,24564.0
2025-06-20 10:23:58.581450,11475.0,19218.0,24641.0
2025-06-20 10:23:58.657842,11473.0,19218.0,24641.0
2025-06-20 10:23:59.625469,11473.0,19240.0,24618.0
2025-06-20 10:24:00.415140,11479.0,19441.0,24272.0
2025-06-20 10:24:00.656439,11479.0,19441.0,24272.0
2025-06-20 10:24:01.484244,11479.0,19436.0,24284.0
2025-06-20 10:24:02.898209,11479.0,19408.0,24339.0
2025-06-20 10:24:04.087635,11479.0,19408.0,24350.0
2025-06-20 10:24:05.186474,11479.0,19388.0,24353.0
2025-06-20 10:24:06.293411,11480.0,19335.0,24330.0
2025-06-20 10:24:06.665438,11480.0,19335.0,24330.0
2025-06-20 10:24:07.541861,11479.0,19381.0,24307.0
2025-06-20 10:24:07.721207,11479.0,19381.0,24307.0
2025-06-20 10:24:08.488901,11479.0,19400.0,24334.0
2025-06-20 10:24:09.752994,11479.0,19395.0,24348.0
2025-06-20 10:24:10.570857,11479.0,19398.0,24351.0
2025-06-20 10:24:10.927869,11478.0,19398.0,24351.0
2025-06-20 10:24:11.591841,11478.0,19421.0,24281.0
2025-06-20 10:24:12.662479,11478.0,19425.0,24321.0
2025-06-20 10:24:14.130685,11478.0,19429.0,24326.0
2025-06-20 10:24:14.790834,11478.0,19325.0,24392.0
2025-06-20 10:24:15.654843,11479.0,19325.0,24392.0
2025-06-20 10:24:15.794025,11479.0,19361.0,24387.0
2025-06-20 10:24:16.908908,11479.0,19361.0,24385.0
2025-06-20 10:24:18.098941,11479.0,19368.0,24372.0
2025-06-20 10:24:19.100113,11479.0,19368.0,24372.0
2025-06-20 10:24:20.198246,11479.0,19365.0,24368.0
2025-06-20 10:24:21.198815,11479.0,19417.0,24369.0
2025-06-20 10:24:22.347086,11479.0,19417.0,24374.0
2025-06-20 10:24:24.100843,11479.0,19408.0,24370.0
2025-06-20 10:24:25.602928,11479.0,19420.0,24372.0
2025-06-20 10:24:26.503293,11479.0,19416.0,24383.0
2025-06-20 10:24:27.603653,11479.0,19420.0,24383.0
2025-06-20 10:24:28.703990,11479.0,19420.0,24384.0
2025-06-20 10:24:29.804961,11479.0,19420.0,24375.0
2025-06-20 10:24:30.942996,11479.0,19429.0,24364.0
2025-06-20 10:24:32.006224,11479.0,19429.0,24364.0
2025-06-20 10:24:33.107879,11479.0,19429.0,24364.0
2025-06-20 10:24:34.204795,11479.0,19421.0,24368.0
2025-06-20 10:24:35.206043,11479.0,19334.0,24436.0
2025-06-20 10:24:36.307808,11476.0,19161.0,24758.0
2025-06-20 10:24:36.664221,11473.0,19161.0,24758.0
2025-06-20 10:24:37.505375,11473.0,19257.0,24707.0
2025-06-20 10:24:38.508582,11473.0,19267.0,24696.0
2025-06-20 10:24:39.609241,11473.0,19270.0,24691.0
2025-06-20 10:24:40.807292,11473.0,19270.0,24696.0
2025-06-20 10:24:41.810872,11473.0,19277.0,24680.0
2025-06-20 10:24:42.290172,11473.0,19277.0,24680.0
2025-06-20 10:24:42.926401,11473.0,19266.0,24658.0
2025-06-20 10:24:42.950570,11473.0,19266.0,24658.0
2025-06-20 10:24:43.495451,11473.0,19266.0,24658.0
2025-06-20 10:24:43.947014,11473.0,19266.0,24653.0
2025-06-20 10:24:44.033002,11473.0,19266.0,24653.0
2025-06-20 10:24:45.009493,11473.0,19283.0,24658.0
2025-06-20 10:24:45.054515,11473.0,19283.0,24658.0
2025-06-20 10:24:46.074446,11473.0,19283.0,24658.0
2025-06-20 10:24:46.107872,11473.0,21010.0,24658.0
2025-06-20 10:24:46.485593,11473.0,21010.0,24658.0
2025-06-20 10:24:47.211151,11473.0,21010.0,24655.0
2025-06-20 10:24:47.644710,11473.0,21010.0,24655.0
2025-06-20 10:24:47.703161,11477.0,21010.0,24655.0
2025-06-20 10:24:48.310550,11477.0,21010.0,24654.0
2025-06-20 10:24:48.783453,11477.0,21010.0,24654.0
2025-06-20 10:24:49.212994,11477.0,21007.0,24655.0
2025-06-20 10:24:49.783010,11477.0,21007.0,24655.0
2025-06-20 10:24:51.291577,11477.0,21007.0,24655.0
2025-06-20 10:24:51.327546,11477.0,21037.0,24655.0
2025-06-20 10:24:52.446256,11477.0,21037.0,24640.0
2025-06-20 10:24:52.566728,11477.0,21037.0,24640.0
2025-06-20 10:24:53.515426,11477.0,21028.0,24647.0
2025-06-20 10:24:53.831341,11477.0,21028.0,24647.0
2025-06-20 10:24:54.615679,11477.0,21019.0,24642.0
2025-06-20 10:24:55.422225,11477.0,21019.0,24642.0
2025-06-20 10:24:55.723407,11477.0,21041.0,24642.0
2025-06-20 10:24:56.817407,11477.0,21039.0,24648.0
2025-06-20 10:24:58.615231,11477.0,21039.0,24648.0
2025-06-20 10:24:59.618138,11477.0,21039.0,24648.0
2025-06-20 10:25:04.621548,11477.0,21041.0,24664.0
2025-06-20 10:25:10.688743,11477.0,21041.0,24664.0
2025-06-20 10:25:10.827575,11477.0,21015.0,24688.0
2025-06-20 10:25:13.660944,11473.0,21015.0,24688.0
2025-06-20 10:25:17.129571,11473.0,20832.0,24806.0
2025-06-20 10:25:22.667164,11473.0,20832.0,24806.0
2025-06-20 10:25:23.034291,11473.0,20787.0,24816.0
2025-06-20 10:25:28.661992,11473.0,20787.0,24816.0
2025-06-20 10:25:29.234257,11473.0,20790.0,24824.0
2025-06-20 10:25:34.665500,11476.0,20790.0,24824.0
2025-06-20 10:25:35.343910,11476.0,20901.0,24593.0
2025-06-20 10:25:41.744946,11476.0,20907.0,24723.0
2025-06-20 10:25:43.740510,11480.0,20907.0,24723.0
2025-06-20 10:25:46.667465,11478.0,20907.0,24723.0
2025-06-20 10:25:47.855393,11478.0,21060.0,24211.0
2025-06-20 10:25:49.665680,11479.0,21060.0,24211.0
2025-06-20 10:25:52.668168,11483.0,21060.0,24211.0
2025-06-20 10:25:53.854580,11480.0,21076.0,24196.0
2025-06-20 10:25:55.670697,11480.0,21076.0,24196.0
2025-06-20 10:25:58.672243,11479.0,21076.0,24196.0
2025-06-20 10:25:59.761281,11479.0,21044.0,24215.0
2025-06-20 10:26:01.666761,11479.0,21044.0,24215.0
2025-06-20 10:26:04.667355,11478.0,21044.0,24215.0
2025-06-20 10:26:05.667709,11474.0,20731.0,24790.0
2025-06-20 10:26:07.673410,11474.0,20731.0,24790.0
2025-06-20 10:26:10.671195,11474.0,20731.0,24790.0
2025-06-20 10:26:11.969945,11474.0,20877.0,24453.0
2025-06-20 10:26:16.668099,11480.0,20877.0,24453.0
2025-06-20 10:26:18.373845,11478.0,20976.0,24253.0
2025-06-20 10:26:19.668618,11478.0,20976.0,24253.0
2025-06-20 10:26:24.487254,11478.0,20977.0,24234.0
2025-06-20 10:26:30.785280,11478.0,20998.0,24261.0
2025-06-20 10:26:31.678674,11478.0,20998.0,24261.0
2025-06-20 10:26:34.673787,11478.0,20998.0,24261.0
2025-06-20 10:26:36.892699,11478.0,20978.0,24309.0
2025-06-20 10:26:37.682123,11478.0,20978.0,24309.0
2025-06-20 10:26:43.400406,11478.0,20976.0,24295.0
2025-06-20 10:26:49.506882,11477.0,20884.0,24503.0
2025-06-20 10:26:49.715627,11477.0,20884.0,24503.0
2025-06-20 10:26:52.915286,11483.0,20884.0,24503.0
2025-06-20 10:26:56.102540,11479.0,20884.0,24503.0
2025-06-20 10:26:56.104130,11479.0,20997.0,24153.0
2025-06-20 10:26:58.699919,11482.0,20997.0,24153.0
2025-06-20 10:27:02.011678,11482.0,20972.0,24273.0
2025-06-20 10:27:04.725292,11482.0,20972.0,24273.0
2025-06-20 10:27:08.539875,11482.0,21043.0,24137.0
2025-06-20 10:27:10.704115,11484.0,21043.0,24137.0
2025-06-20 10:27:13.715158,11487.0,21043.0,24137.0
2025-06-20 10:27:15.119339,11487.0,21113.0,23771.0
2025-06-20 10:27:16.670301,11489.0,21113.0,23771.0
2025-06-20 10:27:19.705403,11480.0,21113.0,23771.0
2025-06-20 10:27:21.623583,11480.0,20993.0,24022.0
2025-06-20 10:27:22.689865,11480.0,20993.0,24022.0
2025-06-20 10:27:28.229481,11486.0,21034.0,24105.0
2025-06-20 10:27:29.747404,11480.0,21034.0,24105.0
2025-06-20 10:27:32.729275,11484.0,21034.0,24105.0
2025-06-20 10:27:35.032736,11484.0,20975.0,24159.0
2025-06-20 10:27:35.674432,11481.0,20975.0,24159.0
2025-06-20 10:27:38.723225,11484.0,20975.0,24159.0
2025-06-20 10:27:41.542279,11486.0,21036.0,24068.0
2025-06-20 10:27:42.661217,11486.0,21036.0,24068.0
2025-06-20 10:27:42.738938,11481.0,21036.0,24068.0
2025-06-20 10:27:43.019526,11481.0,21036.0,24068.0
2025-06-20 10:27:44.236276,11481.0,21036.0,24068.0
2025-06-20 10:27:45.266970,11481.0,21036.0,24068.0
2025-06-20 10:27:46.282726,11481.0,21036.0,24068.0
2025-06-20 10:27:46.676619,11482.0,21036.0,24068.0
2025-06-20 10:27:46.735454,11482.0,21036.0,24068.0
2025-06-20 10:27:47.679093,11482.0,21036.0,24068.0
2025-06-20 10:27:47.959576,11481.0,20919.0,24308.0
2025-06-20 10:27:49.004108,11481.0,20919.0,24308.0
2025-06-20 10:27:50.680163,11473.0,20919.0,24308.0
2025-06-20 10:27:51.500335,11473.0,20919.0,24308.0
2025-06-20 10:27:52.679880,11479.0,20919.0,24308.0
2025-06-20 10:27:52.833692,11479.0,20919.0,24308.0
2025-06-20 10:27:54.020731,11479.0,20919.0,24308.0
2025-06-20 10:27:54.352135,11479.0,20834.0,24482.0
2025-06-20 10:27:55.611332,11479.0,20834.0,24482.0
2025-06-20 10:27:58.674500,11477.0,20834.0,24482.0
2025-06-20 10:28:00.654970,11477.0,20764.0,24628.0
2025-06-20 10:28:01.710154,11477.0,20794.0,24647.0
2025-06-20 10:28:02.664515,11477.0,20820.0,24741.0
2025-06-20 10:28:03.762248,11477.0,20748.0,24742.0
2025-06-20 10:28:04.858995,11477.0,20741.0,24757.0
2025-06-20 10:28:05.968533,11477.0,20740.0,24748.0
2025-06-20 10:28:07.059543,11477.0,20741.0,24751.0
2025-06-20 10:28:08.061697,11477.0,20749.0,24729.0
2025-06-20 10:28:09.160213,11477.0,20743.0,24709.0
2025-06-20 10:28:10.262211,11475.0,20735.0,24923.0
2025-06-20 10:28:10.674614,11475.0,20735.0,24923.0
2025-06-20 10:28:11.362650,11473.0,20738.0,24970.0
2025-06-20 10:28:11.670845,11473.0,20738.0,24970.0
2025-06-20 10:28:12.472466,11473.0,20739.0,24993.0
2025-06-20 10:28:13.564057,11473.0,20737.0,24989.0
2025-06-20 10:28:14.672119,11473.0,20737.0,24989.0
2025-06-20 10:28:14.675996,11473.0,20783.0,24985.0
2025-06-20 10:28:15.765453,11473.0,20783.0,24943.0
2025-06-20 10:28:16.878094,11473.0,20784.0,24965.0
2025-06-20 10:28:19.745532,11473.0,20784.0,24976.0
2025-06-20 10:28:20.769803,11473.0,20782.0,24973.0
2025-06-20 10:28:22.903403,11473.0,20780.0,24976.0
2025-06-20 10:28:23.978055,11473.0,20778.0,24963.0
2025-06-20 10:28:25.593656,11473.0,20778.0,24963.0
2025-06-20 10:28:26.685197,11473.0,20788.0,24961.0
2025-06-20 10:28:27.778072,11473.0,20791.0,24962.0
2025-06-20 10:28:28.894610,11473.0,20790.0,24961.0
2025-06-20 10:28:29.980604,11473.0,20779.0,24925.0
2025-06-20 10:28:31.080298,11473.0,20790.0,24926.0
2025-06-20 10:28:32.185810,11473.0,20790.0,24926.0
2025-06-20 10:28:33.082461,11473.0,20790.0,24923.0
2025-06-20 10:28:34.182232,11473.0,20791.0,24926.0
2025-06-20 10:28:35.184988,11473.0,20794.0,24880.0
2025-06-20 10:28:35.677184,11473.0,20794.0,24880.0
2025-06-20 10:28:36.286500,11473.0,20782.0,24913.0
2025-06-20 10:28:36.686529,11474.0,20782.0,24913.0
2025-06-20 10:28:37.388725,11474.0,20783.0,24919.0
2025-06-20 10:28:38.484595,11473.0,20784.0,24933.0
2025-06-20 10:28:38.678555,11473.0,20784.0,24933.0
2025-06-20 10:28:40.586968,11473.0,20784.0,24964.0
2025-06-20 10:28:41.587783,11473.0,20502.0,24921.0
2025-06-20 10:28:42.697144,11473.0,20770.0,24951.0
2025-06-20 10:28:43.718254,11473.0,20770.0,24963.0
2025-06-20 10:28:44.804718,11473.0,20771.0,25014.0
2025-06-20 10:28:45.681884,11475.0,20771.0,25014.0
2025-06-20 10:28:45.717885,11475.0,20771.0,24995.0
2025-06-20 10:28:46.677469,11475.0,20771.0,24995.0
2025-06-20 10:28:46.785675,11475.0,20860.0,24719.0
2025-06-20 10:28:47.676734,11474.0,20860.0,24719.0
2025-06-20 10:28:47.897685,11474.0,20811.0,24796.0
2025-06-20 10:28:48.993911,11474.0,20811.0,24797.0
2025-06-20 10:28:50.089582,11474.0,20798.0,24826.0
2025-06-20 10:28:51.190808,11474.0,20795.0,24869.0
2025-06-20 10:28:52.215943,11474.0,20810.0,24853.0
2025-06-20 10:28:53.290241,11474.0,20832.0,24853.0
2025-06-20 10:28:54.393157,11474.0,20832.0,24856.0
2025-06-20 10:28:55.494437,11474.0,20792.0,24901.0
2025-06-20 10:28:56.595255,11474.0,20791.0,24895.0
2025-06-20 10:28:57.687181,11474.0,20791.0,24895.0
2025-06-20 10:28:57.706840,11474.0,20778.0,24904.0
2025-06-20 10:28:58.796166,11474.0,20784.0,24905.0
2025-06-20 10:28:59.674790,11476.0,20784.0,24905.0
2025-06-20 10:28:59.900666,11476.0,20873.0,24734.0
2025-06-20 10:29:01.595617,11473.0,20842.0,24720.0
2025-06-20 10:29:02.681383,11473.0,20842.0,24720.0
2025-06-20 10:29:07.506017,11473.0,20845.0,24738.0
2025-06-20 10:29:09.686660,11475.0,20845.0,24738.0
2025-06-20 10:29:12.717443,11472.0,20845.0,24738.0
2025-06-20 10:29:13.713977,11470.0,20742.0,24826.0
2025-06-20 10:29:14.681297,11470.0,20742.0,24826.0
2025-06-20 10:29:18.984492,11470.0,20742.0,24826.0
2025-06-20 10:29:20.016694,11470.0,20715.0,25059.0
2025-06-20 10:29:20.716066,11470.0,20715.0,25059.0
2025-06-20 10:29:22.692797,11470.0,20715.0,25059.0
2025-06-20 10:29:25.514614,11470.0,20694.0,25040.0
2025-06-20 10:29:26.683507,11470.0,20694.0,25040.0
2025-06-20 10:29:31.217977,11470.0,20743.0,25024.0
2025-06-20 10:29:36.677654,11470.0,20743.0,25024.0
2025-06-20 10:29:36.946035,11473.0,20714.0,24925.0
2025-06-20 10:29:39.685365,11474.0,20714.0,24925.0
2025-06-20 10:29:42.690910,11471.0,20714.0,24925.0
2025-06-20 10:29:42.823986,11471.0,20767.0,24869.0
2025-06-20 10:29:48.857808,11471.0,20784.0,24869.0
2025-06-20 10:29:51.714655,11476.0,20784.0,24869.0
2025-06-20 10:29:54.633622,11476.0,21012.0,24869.0
2025-06-20 10:30:00.190974,11476.0,21090.0,24910.0
2025-06-20 10:30:00.683858,11476.0,21090.0,24910.0
2025-06-20 10:30:02.687825,11472.0,21090.0,24910.0
2025-06-20 10:30:05.728338,11473.0,21090.0,24910.0
2025-06-20 10:30:05.843002,11473.0,21032.0,24907.0
2025-06-20 10:30:11.987788,11473.0,21071.0,24855.0
2025-06-20 10:30:12.722239,11473.0,21071.0,24855.0
2025-06-20 10:30:17.851115,11473.0,21057.0,24963.0
2025-06-20 10:30:20.686248,11473.0,21057.0,24963.0
2025-06-20 10:30:22.686055,11473.0,21057.0,24963.0
2025-06-20 10:30:23.892333,11473.0,21109.0,24840.0
2025-06-20 10:30:24.726330,11473.0,21109.0,24840.0
2025-06-20 10:30:29.484381,11473.0,21026.0,24850.0
2025-06-20 10:30:34.723714,11478.0,21026.0,24850.0
2025-06-20 10:30:35.066559,11475.0,21050.0,24639.0
2025-06-20 10:30:37.689247,11474.0,21050.0,24639.0
2025-06-20 10:30:41.010298,11474.0,20873.0,24762.0
2025-06-20 10:30:43.171942,11474.0,20873.0,24762.0
2025-06-20 10:30:44.211260,11474.0,20873.0,24762.0
2025-06-20 10:30:45.303259,11474.0,20873.0,24762.0
2025-06-20 10:30:46.460954,11474.0,20873.0,24762.0
2025-06-20 10:30:46.679150,11474.0,20856.0,24793.0
2025-06-20 10:30:47.018256,11474.0,20856.0,24793.0
2025-06-20 10:30:47.656775,11474.0,20856.0,24793.0
2025-06-20 10:30:48.379321,11474.0,20856.0,24793.0
2025-06-20 10:30:49.724170,11474.0,20856.0,24793.0
2025-06-20 10:30:50.744906,11474.0,20856.0,24793.0
2025-06-20 10:30:52.190397,11474.0,20850.0,24843.0
2025-06-20 10:30:52.248943,11474.0,20850.0,24843.0
2025-06-20 10:30:53.527291,11474.0,20850.0,24843.0
2025-06-20 10:30:54.799463,11474.0,20850.0,24843.0
2025-06-20 10:30:55.695634,11477.0,20850.0,24843.0
2025-06-20 10:30:56.486300,11477.0,20850.0,24843.0
2025-06-20 10:30:57.994483,11477.0,21101.0,24869.0
2025-06-20 10:30:58.692923,11477.0,21101.0,24869.0
2025-06-20 10:31:01.695524,11479.0,21101.0,24869.0
2025-06-20 10:31:04.184011,11481.0,21020.0,24666.0
2025-06-20 10:31:04.699144,11481.0,21020.0,24666.0
2025-06-20 10:31:07.699722,11479.0,21020.0,24666.0
2025-06-20 10:31:10.489737,11479.0,21068.0,24749.0
2025-06-20 10:31:13.765188,11479.0,21068.0,24749.0
2025-06-20 10:31:16.592993,11483.0,21123.0,24722.0
2025-06-20 10:31:16.709694,11483.0,21123.0,24722.0
2025-06-20 10:31:19.700197,11483.0,21123.0,24722.0
2025-06-20 10:31:22.597570,11483.0,21052.0,24745.0
2025-06-20 10:31:28.406283,11485.0,21209.0,24682.0
2025-06-20 10:31:28.744268,11479.0,21209.0,24682.0
2025-06-20 10:31:31.763530,11478.0,21209.0,24682.0
2025-06-20 10:31:34.105091,11476.0,21198.0,24992.0
2025-06-20 10:31:34.749310,11476.0,21198.0,24992.0
2025-06-20 10:31:37.725900,11474.0,21198.0,24992.0
2025-06-20 10:31:40.377723,11474.0,21236.0,25040.0
2025-06-20 10:31:41.045660,11474.0,21236.0,25040.0
2025-06-20 10:31:43.736570,11474.0,21236.0,25040.0
2025-06-20 10:31:46.323578,11474.0,21245.0,25047.0
2025-06-20 10:31:46.707092,11474.0,21245.0,25047.0
2025-06-20 10:31:49.703243,11474.0,21245.0,25047.0
2025-06-20 10:31:52.117537,11474.0,21286.0,25024.0
2025-06-20 10:31:58.121224,11474.0,21272.0,25012.0
2025-06-20 10:32:03.829668,11474.0,21227.0,25125.0
2025-06-20 10:32:05.702113,11474.0,21227.0,25125.0
2025-06-20 10:32:09.715779,11474.0,21227.0,25125.0
2025-06-20 10:32:10.409950,11474.0,21229.0,25164.0
2025-06-20 10:32:13.695487,11477.0,21229.0,25164.0
2025-06-20 10:32:16.654488,11477.0,21289.0,25114.0
2025-06-20 10:32:17.694919,11475.0,21289.0,25114.0
2025-06-20 10:32:21.695882,11475.0,21289.0,25114.0
2025-06-20 10:32:22.964179,11475.0,21318.0,25040.0
2025-06-20 10:32:28.701305,11477.0,21318.0,25040.0
2025-06-20 10:32:29.168343,11477.0,21332.0,25072.0
2025-06-20 10:32:34.693833,11476.0,21332.0,25072.0
2025-06-20 10:32:35.348219,11477.0,21339.0,24975.0
2025-06-20 10:32:37.728312,11477.0,21339.0,24975.0
2025-06-20 10:32:41.350613,11477.0,21354.0,25008.0
2025-06-20 10:32:47.254075,11477.0,21336.0,25188.0
2025-06-20 10:32:49.693813,11479.0,21336.0,25188.0
2025-06-20 10:32:52.733422,11477.0,21336.0,25188.0
2025-06-20 10:32:53.554807,11477.0,21405.0,24800.0
2025-06-20 10:32:58.698262,11480.0,21405.0,24800.0
2025-06-20 10:32:59.673956,11480.0,21484.0,24815.0
2025-06-20 10:33:01.714309,11480.0,21484.0,24815.0
2025-06-20 10:33:05.366447,11480.0,21529.0,24770.0
2025-06-20 10:33:11.103530,11480.0,21470.0,24884.0
2025-06-20 10:33:13.756200,11480.0,21470.0,24884.0
2025-06-20 10:33:15.694701,11484.0,21470.0,24884.0
2025-06-20 10:33:16.876613,11484.0,21503.0,24896.0
2025-06-20 10:33:19.728134,11480.0,21503.0,24896.0
2025-06-20 10:33:22.778100,11480.0,21491.0,24860.0
2025-06-20 10:33:27.694278,11480.0,21491.0,24860.0
2025-06-20 10:33:28.885527,11480.0,21360.0,25034.0
2025-06-20 10:33:33.717367,11480.0,21360.0,25034.0
2025-06-20 10:33:34.991146,11480.0,21408.0,24982.0
2025-06-20 10:33:41.014085,11480.0,21456.0,24947.0
2025-06-20 10:33:43.644192,11480.0,21456.0,24947.0
2025-06-20 10:33:44.032487,11480.0,21456.0,24947.0
2025-06-20 10:33:45.023587,11480.0,21456.0,24947.0
2025-06-20 10:33:46.375451,11480.0,21456.0,24947.0
2025-06-20 10:33:46.701106,11480.0,21456.0,24936.0
2025-06-20 10:33:46.838114,11480.0,21456.0,24936.0
2025-06-20 10:33:47.411248,11480.0,21456.0,24936.0
2025-06-20 10:33:48.824390,11480.0,21456.0,24936.0
2025-06-20 10:33:49.694190,11480.0,21456.0,24936.0
2025-06-20 10:33:50.130845,11480.0,21456.0,24936.0
2025-06-20 10:33:51.345656,11480.0,21456.0,24936.0
2025-06-20 10:33:52.659694,11480.0,21300.0,24957.0
2025-06-20 10:33:52.662437,11480.0,21300.0,24957.0
2025-06-20 10:33:52.714337,11480.0,21300.0,24957.0
2025-06-20 10:33:53.949099,11480.0,21300.0,24957.0
2025-06-20 10:33:55.226640,11480.0,21300.0,24957.0
2025-06-20 10:33:55.692249,11480.0,21300.0,24957.0
2025-06-20 10:33:56.827475,11480.0,21300.0,24957.0
2025-06-20 10:33:58.620453,11480.0,21356.0,24896.0
2025-06-20 10:34:01.694848,11483.0,21356.0,24896.0
2025-06-20 10:34:04.001030,11481.0,21380.0,24906.0
2025-06-20 10:34:04.698337,11481.0,21380.0,24906.0
2025-06-20 10:34:10.102328,11484.0,21385.0,24890.0
2025-06-20 10:34:10.751067,11484.0,21385.0,24890.0
2025-06-20 10:34:13.695794,11484.0,21385.0,24890.0
2025-06-20 10:34:16.005816,11480.0,21413.0,24911.0
2025-06-20 10:34:16.745869,11480.0,21413.0,24911.0
2025-06-20 10:34:19.693089,11480.0,21413.0,24911.0
2025-06-20 10:34:21.719366,11480.0,21400.0,24853.0
2025-06-20 10:34:22.712515,11480.0,21400.0,24853.0
2025-06-20 10:34:25.724856,11480.0,21400.0,24853.0
2025-06-20 10:34:27.211669,11480.0,21415.0,24860.0
2025-06-20 10:34:28.719888,11481.0,21415.0,24860.0
2025-06-20 10:34:33.021675,11481.0,21454.0,24955.0
2025-06-20 10:34:34.700525,11481.0,21454.0,24955.0
2025-06-20 10:34:37.698232,11481.0,21454.0,24955.0
2025-06-20 10:34:38.618098,11481.0,21453.0,25003.0
2025-06-20 10:34:40.715955,11484.0,21453.0,25003.0
2025-06-20 10:34:44.322476,11484.0,21490.0,24951.0
2025-06-20 10:34:49.751398,11481.0,21490.0,24951.0
2025-06-20 10:34:49.830700,11481.0,21484.0,25008.0
2025-06-20 10:34:52.761098,11481.0,21484.0,25008.0
2025-06-20 10:34:55.534484,11481.0,21474.0,24974.0
2025-06-20 10:34:55.718385,11481.0,21474.0,24974.0
2025-06-20 10:34:57.736916,11482.0,21474.0,24974.0
2025-06-20 10:34:58.740042,11481.0,21474.0,24974.0
2025-06-20 10:35:00.639005,11481.0,21481.0,24972.0
2025-06-20 10:35:03.700672,11484.0,21481.0,24972.0
2025-06-20 10:35:06.239555,11484.0,21495.0,24983.0
2025-06-20 10:35:10.699845,11480.0,21495.0,24983.0
2025-06-20 10:35:11.967736,11480.0,21475.0,24986.0
2025-06-20 10:35:13.707500,11480.0,21475.0,24986.0
2025-06-20 10:35:17.844609,11480.0,21457.0,25050.0
2025-06-20 10:35:23.757840,11480.0,21440.0,25112.0
2025-06-20 10:35:26.702087,11480.0,21440.0,25112.0
2025-06-20 10:35:28.705716,11482.0,21440.0,25112.0
2025-06-20 10:35:29.490677,11481.0,21470.0,24881.0
2025-06-20 10:35:29.708903,11481.0,21470.0,24881.0
2025-06-20 10:35:32.703711,11481.0,21470.0,24881.0
2025-06-20 10:35:35.559414,11481.0,21505.0,24892.0
2025-06-20 10:35:41.262805,11481.0,21517.0,24911.0
2025-06-20 10:35:44.709817,11481.0,21517.0,24911.0
2025-06-20 10:35:47.063580,11481.0,21511.0,24908.0
2025-06-20 10:35:48.697999,11481.0,21511.0,24908.0
2025-06-20 10:35:50.702096,11480.0,21511.0,24908.0
2025-06-20 10:35:52.752517,11479.0,21511.0,24908.0
2025-06-20 10:35:53.066389,11479.0,21191.0,25256.0
2025-06-20 10:35:54.705329,11477.0,21191.0,25256.0
2025-06-20 10:35:56.699605,11477.0,21191.0,25256.0
2025-06-20 10:35:58.696873,11478.0,21191.0,25256.0
2025-06-20 10:35:58.878861,11477.0,21172.0,25108.0
2025-06-20 10:35:59.722290,11477.0,21172.0,25108.0
2025-06-20 10:36:04.576117,11477.0,21172.0,25094.0
2025-06-20 10:36:06.718683,11477.0,21172.0,25094.0
2025-06-20 10:36:09.757026,11476.0,21172.0,25094.0
2025-06-20 10:36:10.575084,11476.0,21166.0,25115.0
2025-06-20 10:36:12.728876,11476.0,21166.0,25115.0
2025-06-20 10:36:15.699667,11476.0,21166.0,25115.0
2025-06-20 10:36:16.577970,11472.0,21041.0,25154.0
2025-06-20 10:36:18.712612,11476.0,21041.0,25154.0
2025-06-20 10:36:22.495867,11476.0,21102.0,25231.0
2025-06-20 10:36:24.719485,11476.0,21102.0,25231.0
2025-06-20 10:36:28.384615,11476.0,21229.0,25241.0
2025-06-20 10:36:33.710368,11473.0,21229.0,25241.0
2025-06-20 10:36:34.501805,11473.0,21220.0,25308.0
2025-06-20 10:36:36.704116,11473.0,21220.0,25308.0
2025-06-20 10:36:40.593310,11473.0,21229.0,25270.0
2025-06-20 10:36:44.139217,11473.0,21229.0,25270.0
2025-06-20 10:36:45.223653,11473.0,21229.0,25270.0
2025-06-20 10:36:46.206817,11473.0,21257.0,25118.0
2025-06-20 10:36:46.280530,11473.0,21257.0,25118.0
2025-06-20 10:36:47.401345,11473.0,21257.0,25118.0
2025-06-20 10:36:48.385369,11473.0,21257.0,25118.0
2025-06-20 10:36:49.342580,11473.0,21257.0,25118.0
2025-06-20 10:36:50.682807,11473.0,21257.0,25118.0
2025-06-20 10:36:51.682769,11473.0,21257.0,25118.0
2025-06-20 10:36:51.699926,11475.0,21257.0,25118.0
2025-06-20 10:36:52.013890,11475.0,21163.0,25174.0
2025-06-20 10:36:53.218650,11475.0,21163.0,25174.0
2025-06-20 10:36:53.708026,11475.0,21163.0,25174.0
2025-06-20 10:36:54.508935,11475.0,21163.0,25174.0
2025-06-20 10:36:55.749667,11475.0,21163.0,25174.0
2025-06-20 10:36:57.367412,11475.0,21163.0,25174.0
2025-06-20 10:36:57.606465,11475.0,21214.0,25148.0
2025-06-20 10:36:59.712720,11475.0,21214.0,25148.0
2025-06-20 10:37:03.308092,11475.0,21338.0,25044.0
2025-06-20 10:37:03.707669,11475.0,21338.0,25044.0
2025-06-20 10:37:09.514927,11475.0,21376.0,25049.0
2025-06-20 10:37:09.708407,11477.0,21376.0,25049.0
2025-06-20 10:37:15.213814,11477.0,21347.0,25030.0
2025-06-20 10:37:17.703826,11476.0,21347.0,25030.0
2025-06-20 10:37:20.817381,11476.0,21338.0,25139.0
2025-06-20 10:37:26.523453,11476.0,21346.0,25138.0
2025-06-20 10:37:26.708053,11477.0,21346.0,25138.0
2025-06-20 10:37:32.029744,11477.0,21397.0,25120.0
2025-06-20 10:37:37.534315,11477.0,21422.0,25159.0
2025-06-20 10:37:43.335076,11477.0,21478.0,25189.0
2025-06-20 10:37:47.709416,11478.0,21478.0,25189.0
2025-06-20 10:37:48.837766,11478.0,21478.0,25208.0
2025-06-20 10:37:54.450833,11478.0,21471.0,25168.0
2025-06-20 10:37:56.712047,11476.0,21471.0,25168.0
2025-06-20 10:37:59.713158,11478.0,21471.0,25168.0
2025-06-20 10:38:00.244836,11478.0,21503.0,25136.0
2025-06-20 10:38:05.710772,11476.0,21503.0,25136.0
2025-06-20 10:38:05.750940,11476.0,21466.0,25173.0
2025-06-20 10:38:08.705654,11476.0,21466.0,25173.0
2025-06-20 10:38:11.606339,11478.0,21471.0,25159.0
2025-06-20 10:38:12.707641,11476.0,21471.0,25159.0
2025-06-20 10:38:17.068200,11476.0,21429.0,25189.0
2025-06-20 10:38:17.716152,11476.0,21429.0,25189.0
2025-06-20 10:38:20.712379,11476.0,21429.0,25189.0
2025-06-20 10:38:22.666382,11476.0,21493.0,25145.0
2025-06-20 10:38:24.705428,11476.0,21493.0,25145.0
2025-06-20 10:38:26.709589,11476.0,21493.0,25145.0
2025-06-20 10:38:28.070315,11476.0,21383.0,25289.0
2025-06-20 10:38:33.572918,11476.0,21401.0,25289.0
2025-06-20 10:38:34.709538,11476.0,21401.0,25289.0
2025-06-20 10:38:39.192857,11476.0,21383.0,25314.0
2025-06-20 10:38:40.773552,11477.0,21383.0,25314.0
2025-06-20 10:38:42.710403,11475.0,21383.0,25314.0
2025-06-20 10:38:43.722421,11475.0,21383.0,25314.0
2025-06-20 10:38:44.997406,11475.0,21295.0,25361.0
2025-06-20 10:38:46.717114,11475.0,21295.0,25361.0
2025-06-20 10:38:50.498816,11475.0,21273.0,25445.0
2025-06-20 10:38:56.017654,11475.0,21259.0,25424.0
2025-06-20 10:39:01.399509,11475.0,21281.0,25360.0
2025-06-20 10:39:02.713649,11475.0,21281.0,25360.0
2025-06-20 10:39:07.324123,11475.0,21311.0,25362.0
2025-06-20 10:39:12.716589,11475.0,21311.0,25362.0
2025-06-20 10:39:13.034091,11475.0,21245.0,25419.0
2025-06-20 10:39:14.724466,11474.0,21245.0,25419.0
2025-06-20 10:39:16.715050,11474.0,21245.0,25419.0
2025-06-20 10:39:18.423130,11474.0,21147.0,25565.0
2025-06-20 10:39:24.020413,11474.0,21196.0,25557.0
2025-06-20 10:39:29.725315,11474.0,21188.0,25563.0
2025-06-20 10:39:34.711489,11475.0,21188.0,25563.0
2025-06-20 10:39:35.931551,11474.0,21191.0,25561.0
2025-06-20 10:39:36.714555,11474.0,21191.0,25561.0
2025-06-20 10:39:38.717145,11475.0,21191.0,25561.0
2025-06-20 10:39:39.730807,11471.0,21191.0,25561.0
2025-06-20 10:39:42.038917,11467.0,20872.0,25827.0
2025-06-20 10:39:42.743236,11467.0,20872.0,25827.0
2025-06-20 10:39:44.633517,11467.0,20872.0,25827.0
2025-06-20 10:39:44.711568,11474.0,20872.0,25827.0
2025-06-20 10:39:45.038669,11474.0,20872.0,25827.0
2025-06-20 10:39:46.057671,11474.0,20872.0,25827.0
2025-06-20 10:39:46.796616,11470.0,20872.0,25827.0
2025-06-20 10:39:46.955291,11470.0,20872.0,25827.0
2025-06-20 10:39:47.418765,11470.0,20872.0,25827.0
2025-06-20 10:39:48.135520,11470.0,21001.0,25535.0
2025-06-20 10:39:48.441062,11470.0,21001.0,25535.0
2025-06-20 10:39:49.807244,11470.0,21001.0,25535.0
2025-06-20 10:39:51.246059,11470.0,21001.0,25535.0
2025-06-20 10:39:52.160664,11470.0,21001.0,25535.0
2025-06-20 10:39:53.828187,11470.0,21001.0,25535.0
2025-06-20 10:39:53.946932,11470.0,20956.0,25467.0
2025-06-20 10:39:55.030401,11470.0,20956.0,25467.0
2025-06-20 10:39:56.232613,11470.0,20956.0,25467.0
2025-06-20 10:39:56.713932,11470.0,20956.0,25467.0
2025-06-20 10:39:57.873196,11470.0,20956.0,25467.0
2025-06-20 10:39:59.946368,11470.0,20985.0,25497.0
2025-06-20 10:40:05.849127,11470.0,20966.0,25472.0
2025-06-20 10:40:06.728736,11471.0,20966.0,25472.0
2025-06-20 10:40:11.852658,11471.0,20969.0,25507.0
2025-06-20 10:40:17.988341,11470.0,20997.0,25552.0
2025-06-20 10:40:18.736677,11470.0,20997.0,25552.0
2025-06-20 10:40:21.724318,11468.0,20997.0,25552.0
2025-06-20 10:40:23.662630,11468.0,20937.0,25824.0
2025-06-20 10:40:24.741122,11471.0,20937.0,25824.0
2025-06-20 10:40:27.754521,11471.0,20937.0,25824.0
2025-06-20 10:40:29.567945,11471.0,20976.0,25578.0
2025-06-20 10:40:33.725322,11468.0,20976.0,25578.0
2025-06-20 10:40:35.216538,11468.0,21036.0,25545.0
2025-06-20 10:40:35.757566,11468.0,21036.0,25545.0
2025-06-20 10:40:40.573522,11468.0,21070.0,25526.0
2025-06-20 10:40:41.729418,11468.0,21070.0,25526.0
2025-06-20 10:40:43.728435,11469.0,21070.0,25526.0
2025-06-20 10:40:46.182256,11469.0,20988.0,25753.0
2025-06-20 10:40:52.010603,11469.0,21006.0,25742.0
2025-06-20 10:40:54.748105,11467.0,21006.0,25742.0
2025-06-20 10:40:57.588340,11473.0,21141.0,25284.0
2025-06-20 10:40:57.736083,11473.0,21141.0,25284.0
2025-06-20 10:41:00.721007,11470.0,21141.0,25284.0
2025-06-20 10:41:03.593321,11470.0,21052.0,25417.0
2025-06-20 10:41:09.901723,11470.0,21026.0,25452.0
2025-06-20 10:41:10.742155,11470.0,21026.0,25452.0
2025-06-20 10:41:16.014109,11470.0,21001.0,25536.0
2025-06-20 10:41:19.740028,11470.0,21001.0,25536.0
2025-06-20 10:41:21.707411,11474.0,21103.0,25418.0
2025-06-20 10:41:22.729536,11474.0,21103.0,25418.0
2025-06-20 10:41:25.727814,11471.0,21103.0,25418.0
2025-06-20 10:41:27.522867,11470.0,21106.0,25412.0
2025-06-20 10:41:28.738965,11470.0,21106.0,25412.0
2025-06-20 10:41:33.815436,11470.0,21061.0,25566.0
2025-06-20 10:41:39.747933,11470.0,21061.0,25566.0
2025-06-20 10:41:40.117531,11470.0,21106.0,25609.0
2025-06-20 10:41:42.730648,11470.0,21106.0,25609.0
2025-06-20 10:41:45.735900,11470.0,21106.0,25609.0
2025-06-20 10:41:46.222286,11470.0,21114.0,25629.0
2025-06-20 10:41:48.778487,11471.0,21114.0,25629.0
2025-06-20 10:41:51.760428,11470.0,21114.0,25629.0
2025-06-20 10:41:51.764795,11470.0,21108.0,25591.0
2025-06-20 10:41:57.044690,11470.0,21115.0,25629.0
2025-06-20 10:42:02.029352,11470.0,21126.0,25571.0
2025-06-20 10:42:07.651554,11470.0,21064.0,25574.0
2025-06-20 10:42:07.747062,11470.0,21064.0,25574.0
2025-06-20 10:42:09.732478,11470.0,21064.0,25574.0
2025-06-20 10:42:11.745431,11471.0,21064.0,25574.0
2025-06-20 10:42:13.141648,11470.0,21025.0,25663.0
2025-06-20 10:42:13.743942,11470.0,21025.0,25663.0
2025-06-20 10:42:14.784331,11470.0,21025.0,25663.0
2025-06-20 10:42:17.734909,11471.0,21025.0,25663.0
2025-06-20 10:42:18.754112,11471.0,21032.0,25631.0
2025-06-20 10:42:24.648381,11471.0,21001.0,25673.0
2025-06-20 10:42:29.742533,11470.0,21001.0,25673.0
2025-06-20 10:42:30.352765,11470.0,20931.0,25736.0
2025-06-20 10:42:31.782535,11469.0,20931.0,25736.0
2025-06-20 10:42:33.776741,11469.0,20931.0,25736.0
2025-06-20 10:42:36.359951,11469.0,20961.0,25750.0
2025-06-20 10:42:42.061224,11469.0,20961.0,25690.0
2025-06-20 10:42:45.068046,11469.0,20961.0,25690.0
2025-06-20 10:42:46.126976,11469.0,20961.0,25690.0
2025-06-20 10:42:47.395415,11469.0,20961.0,25690.0
2025-06-20 10:42:47.856635,11469.0,20957.0,25697.0
2025-06-20 10:42:48.068226,11469.0,20957.0,25697.0
2025-06-20 10:42:49.083375,11469.0,20957.0,25697.0
2025-06-20 10:42:50.478683,11469.0,20957.0,25697.0
2025-06-20 10:42:50.809484,11470.0,20957.0,25697.0
2025-06-20 10:42:51.867025,11470.0,20957.0,25697.0
2025-06-20 10:42:52.854344,11470.0,20957.0,25697.0
2025-06-20 10:42:53.798550,11470.0,21108.0,25421.0
2025-06-20 10:42:54.355346,11470.0,21108.0,25421.0
2025-06-20 10:42:54.735216,11470.0,21108.0,25421.0
2025-06-20 10:42:55.634078,11470.0,21108.0,25421.0
2025-06-20 10:42:56.734175,11470.0,21108.0,25421.0
2025-06-20 10:42:56.889843,11470.0,21108.0,25421.0
2025-06-20 10:42:58.543727,11470.0,21108.0,25421.0
2025-06-20 10:42:58.740959,11469.0,21108.0,25421.0
2025-06-20 10:43:01.102738,11469.0,21053.0,25543.0
2025-06-20 10:43:04.662395,11469.0,21071.0,25484.0
2025-06-20 10:43:10.066944,11471.0,20564.0,25506.0
2025-06-20 10:43:10.738455,11471.0,20564.0,25506.0
2025-06-20 10:43:12.739195,11470.0,20564.0,25506.0
2025-06-20 10:43:14.746359,11470.0,20564.0,25506.0
2025-06-20 10:43:15.489716,11471.0,21110.0,25262.0
2025-06-20 10:43:15.744825,11471.0,21110.0,25262.0
2025-06-20 10:43:18.746568,11471.0,21110.0,25262.0
2025-06-20 10:43:21.174151,11471.0,21041.0,25613.0
2025-06-20 10:43:22.739552,11471.0,21041.0,25613.0
2025-06-20 10:43:26.781440,11471.0,21053.0,25533.0
2025-06-20 10:43:32.388466,11471.0,21075.0,25540.0
2025-06-20 10:43:38.087528,11471.0,21071.0,25567.0
2025-06-20 10:43:42.773468,11471.0,21071.0,25567.0
2025-06-20 10:43:43.391463,11471.0,21075.0,25558.0
2025-06-20 10:43:48.693771,11471.0,21060.0,25535.0
2025-06-20 10:43:54.515372,11471.0,21104.0,25538.0
2025-06-20 10:43:58.743140,11470.0,21104.0,25538.0
2025-06-20 10:44:00.230143,11470.0,21020.0,25619.0
2025-06-20 10:44:00.743228,11470.0,21020.0,25619.0
2025-06-20 10:44:04.768701,11472.0,21020.0,25619.0
2025-06-20 10:44:05.604303,11472.0,21025.0,25563.0
2025-06-20 10:44:10.926196,11472.0,21024.0,25564.0
2025-06-20 10:44:16.614628,11470.0,20977.0,25720.0
2025-06-20 10:44:16.771152,11469.0,20977.0,25720.0
2025-06-20 10:44:18.747856,11469.0,20977.0,25720.0
2025-06-20 10:44:19.793559,11468.0,20977.0,25720.0
2025-06-20 10:44:22.490189,11468.0,20874.0,25749.0
2025-06-20 10:44:22.752818,11468.0,20874.0,25749.0
2025-06-20 10:44:26.757286,11468.0,20874.0,25749.0
2025-06-20 10:44:28.120737,11468.0,20897.0,25751.0
2025-06-20 10:44:28.745074,11468.0,20897.0,25751.0
2025-06-20 10:44:32.747385,11467.0,20897.0,25751.0
2025-06-20 10:44:33.551493,11467.0,20900.0,25777.0
2025-06-20 10:44:34.754088,11467.0,20900.0,25777.0
2025-06-20 10:44:39.041680,11467.0,20899.0,25755.0
2025-06-20 10:44:40.751770,11471.0,20899.0,25755.0
2025-06-20 10:44:42.746877,11467.0,20899.0,25755.0
2025-06-20 10:44:44.442894,11467.0,20932.0,25686.0
2025-06-20 10:44:44.746766,11467.0,20932.0,25686.0
2025-06-20 10:44:45.806326,11467.0,20932.0,25686.0
2025-06-20 10:44:49.834192,11467.0,20954.0,25732.0
2025-06-20 10:44:53.772136,11466.0,20954.0,25732.0
2025-06-20 10:44:54.949082,11466.0,20745.0,26125.0
2025-06-20 10:44:55.770034,11465.0,20745.0,26125.0
2025-06-20 10:44:58.744391,11464.0,20745.0,26125.0
2025-06-20 10:45:00.143041,11464.0,20713.0,25936.0
2025-06-20 10:45:02.747193,11466.0,20713.0,25936.0
2025-06-20 10:45:05.759009,11469.0,20713.0,25936.0
2025-06-20 10:45:05.778337,11469.0,20831.0,25791.0
2025-06-20 10:45:08.748659,11464.0,20831.0,25791.0
2025-06-20 10:45:11.158059,11464.0,20821.0,25883.0
2025-06-20 10:45:16.451588,11463.0,20652.0,25863.0
2025-06-20 10:45:17.767753,11461.0,20652.0,25863.0
2025-06-20 10:45:20.761961,11464.0,20652.0,25863.0
2025-06-20 10:45:22.256160,11464.0,20899.0,25881.0
2025-06-20 10:45:23.778338,11465.0,20899.0,25881.0
2025-06-20 10:45:26.761882,11462.0,20899.0,25881.0
2025-06-20 10:45:27.668607,11462.0,20814.0,25985.0
2025-06-20 10:45:32.863966,11462.0,20843.0,25949.0
2025-06-20 10:45:37.971059,11462.0,20836.0,25975.0
2025-06-20 10:45:43.685226,11462.0,20838.0,25994.0
2025-06-20 10:45:45.439550,11462.0,20838.0,25994.0
2025-06-20 10:45:46.167123,11462.0,20838.0,25994.0
2025-06-20 10:45:47.177541,11462.0,20838.0,25994.0
2025-06-20 10:45:48.241760,11462.0,20838.0,25994.0
2025-06-20 10:45:48.987184,11462.0,20855.0,25994.0
2025-06-20 10:45:49.299647,11462.0,20855.0,25994.0
2025-06-20 10:45:50.680715,11462.0,20855.0,25994.0
2025-06-20 10:45:52.147743,11462.0,20855.0,25994.0
2025-06-20 10:45:52.747940,11464.0,20855.0,25994.0
2025-06-20 10:45:53.076797,11464.0,20855.0,25994.0
2025-06-20 10:45:54.599414,11464.0,20860.0,25975.0
2025-06-20 10:45:54.633975,11464.0,20860.0,25975.0
2025-06-20 10:45:55.873089,11464.0,20860.0,25975.0
2025-06-20 10:45:57.194576,11464.0,20860.0,25975.0
2025-06-20 10:45:58.787832,11464.0,20860.0,25975.0
2025-06-20 10:46:00.297036,11464.0,20871.0,26024.0
2025-06-20 10:46:00.738383,11464.0,20871.0,26024.0
2025-06-20 10:46:04.747321,11465.0,20871.0,26024.0
2025-06-20 10:46:05.289367,11466.0,20922.0,25835.0
2025-06-20 10:46:06.749175,11467.0,20922.0,25835.0
2025-06-20 10:46:08.758733,11465.0,20922.0,25835.0
2025-06-20 10:46:10.751266,11465.0,20922.0,25835.0
2025-06-20 10:46:10.799584,11465.0,20891.0,25967.0
2025-06-20 10:46:13.756283,11465.0,20891.0,25967.0
2025-06-20 10:46:16.212594,11461.0,20769.0,26130.0
2025-06-20 10:46:16.748681,11461.0,20769.0,26130.0
2025-06-20 10:46:17.752510,11461.0,20769.0,26130.0
2025-06-20 10:46:20.749884,11460.0,20769.0,26130.0
2025-06-20 10:46:21.610422,11460.0,20625.0,26220.0
2025-06-20 10:46:25.799516,11460.0,20625.0,26220.0
2025-06-20 10:46:27.705905,11460.0,20742.0,26160.0
2025-06-20 10:46:28.752957,11462.0,20742.0,26160.0
2025-06-20 10:46:31.751268,11461.0,20742.0,26160.0
2025-06-20 10:46:33.310864,11461.0,20759.0,26154.0
2025-06-20 10:46:37.748116,11461.0,20759.0,26154.0
2025-06-20 10:46:38.627915,11461.0,20756.0,26116.0
2025-06-20 10:46:43.717435,11461.0,20736.0,26122.0
2025-06-20 10:46:43.755117,11461.0,20736.0,26122.0
2025-06-20 10:46:44.759364,11461.0,20736.0,26122.0
2025-06-20 10:46:47.815009,11463.0,20736.0,26122.0
2025-06-20 10:46:49.230035,11463.0,20710.0,26176.0
2025-06-20 10:46:54.625302,11463.0,20698.0,26192.0
2025-06-20 10:46:57.758926,11461.0,20698.0,26192.0
2025-06-20 10:46:59.756046,11461.0,20698.0,26192.0
2025-06-20 10:47:00.042186,11461.0,20696.0,26185.0
2025-06-20 10:47:01.754573,11461.0,20696.0,26185.0
2025-06-20 10:47:05.238481,11461.0,20748.0,26128.0
2025-06-20 10:47:10.571064,11460.0,20604.0,26234.0
2025-06-20 10:47:11.754910,11460.0,20604.0,26234.0
2025-06-20 10:47:15.837680,11460.0,20602.0,26240.0
2025-06-20 10:47:19.774739,11460.0,20602.0,26240.0
2025-06-20 10:47:21.450488,11460.0,20160.0,26319.0
2025-06-20 10:47:21.761347,11460.0,20160.0,26319.0
2025-06-20 10:47:24.760669,11460.0,20160.0,26319.0
2025-06-20 10:47:27.761935,11460.0,20160.0,26319.0
2025-06-20 10:47:27.844918,11460.0,20108.0,26256.0
2025-06-20 10:47:33.595599,11460.0,20113.0,26270.0
2025-06-20 10:47:36.801787,11460.0,20113.0,26270.0
2025-06-20 10:47:38.854415,11460.0,20023.0,26349.0
2025-06-20 10:47:39.755781,11461.0,20023.0,26349.0
2025-06-20 10:47:41.769927,11461.0,20023.0,26349.0
2025-06-20 10:47:42.772825,11461.0,20023.0,26349.0
2025-06-20 10:47:44.262579,11461.0,20588.0,26298.0
2025-06-20 10:47:45.761522,11461.0,20588.0,26298.0
2025-06-20 10:47:47.762174,11460.0,20588.0,26298.0
2025-06-20 10:47:49.662483,11460.0,20677.0,26189.0
2025-06-20 10:47:55.474652,11468.0,20790.0,26065.0
2025-06-20 10:47:55.758084,11468.0,20790.0,26065.0
2025-06-20 10:47:57.774068,11464.0,20790.0,26065.0
2025-06-20 10:48:00.776247,11463.0,20790.0,26065.0
2025-06-20 10:48:01.075739,11463.0,20794.0,26133.0
2025-06-20 10:48:03.770922,11464.0,20794.0,26133.0
2025-06-20 10:48:06.790563,11463.0,20848.0,26097.0
2025-06-20 10:48:07.768990,11463.0,20848.0,26097.0
2025-06-20 10:48:12.372859,11463.0,20899.0,26059.0
2025-06-20 10:48:15.780238,11463.0,20899.0,26059.0
2025-06-20 10:48:17.679466,11463.0,20921.0,26031.0
2025-06-20 10:48:21.782665,11463.0,20921.0,26031.0
2025-06-20 10:48:23.096122,11463.0,20945.0,26093.0
2025-06-20 10:48:24.766958,11464.0,20945.0,26093.0
2025-06-20 10:48:28.887267,11464.0,20936.0,26089.0
2025-06-20 10:48:31.770049,11464.0,20936.0,26089.0
2025-06-20 10:48:34.290727,11467.0,20923.0,26092.0
2025-06-20 10:48:35.774388,11464.0,20923.0,26092.0
2025-06-20 10:48:39.696852,11464.0,20924.0,26076.0
2025-06-20 10:48:45.393583,11464.0,20930.0,26081.0
2025-06-20 10:48:45.970044,11464.0,20930.0,26081.0
2025-06-20 10:48:46.352261,11464.0,20930.0,26081.0
2025-06-20 10:48:47.094123,11464.0,20930.0,26081.0
2025-06-20 10:48:47.763752,11463.0,20930.0,26081.0
2025-06-20 10:48:48.102473,11463.0,20930.0,26081.0
2025-06-20 10:48:48.769399,11460.0,20930.0,26081.0
2025-06-20 10:48:48.848696,11460.0,20930.0,26081.0
2025-06-20 10:48:49.318377,11460.0,20930.0,26081.0
2025-06-20 10:48:50.306862,11460.0,20930.0,26081.0
2025-06-20 10:48:50.900695,11460.0,20663.0,26514.0
2025-06-20 10:48:51.268593,11460.0,20663.0,26514.0
2025-06-20 10:48:51.769008,11460.0,20663.0,26514.0
2025-06-20 10:48:52.690094,11460.0,20663.0,26514.0
2025-06-20 10:48:53.609771,11460.0,20663.0,26514.0
2025-06-20 10:48:53.779896,11460.0,20663.0,26514.0
2025-06-20 10:48:55.168984,11460.0,20663.0,26514.0
2025-06-20 10:48:56.305013,11460.0,20731.0,26373.0
2025-06-20 10:48:56.487650,11460.0,20731.0,26373.0
2025-06-20 10:48:56.769277,11460.0,20731.0,26373.0
2025-06-20 10:48:57.707691,11460.0,20731.0,26373.0
2025-06-20 10:48:59.322629,11460.0,20731.0,26373.0
2025-06-20 10:49:01.710205,11460.0,20710.0,26368.0
2025-06-20 10:49:05.764263,11460.0,20710.0,26368.0
2025-06-20 10:49:07.624411,11460.0,20745.0,26422.0
2025-06-20 10:49:08.769881,11461.0,20745.0,26422.0
2025-06-20 10:49:11.766430,11460.0,20745.0,26422.0
2025-06-20 10:49:13.214689,11460.0,20630.0,26528.0
2025-06-20 10:49:14.791206,11452.0,20630.0,26528.0
2025-06-20 10:49:17.781387,11451.0,20630.0,26528.0
2025-06-20 10:49:18.722628,11451.0,19211.0,26733.0
2025-06-20 10:49:20.763049,11452.0,19211.0,26733.0
2025-06-20 10:49:22.760747,11456.0,19211.0,26733.0
2025-06-20 10:49:24.040842,11452.0,19315.0,26795.0
2025-06-20 10:49:24.764164,11452.0,19315.0,26795.0
2025-06-20 10:49:28.768692,11456.0,19315.0,26795.0
2025-06-20 10:49:29.825165,11456.0,19205.0,26774.0
2025-06-20 10:49:35.441225,11456.0,19186.0,26713.0
2025-06-20 10:49:36.765192,11452.0,19186.0,26713.0
2025-06-20 10:49:40.834579,11452.0,19215.0,26701.0
2025-06-20 10:49:46.139852,11452.0,19242.0,26703.0
2025-06-20 10:49:50.780304,11454.0,19242.0,26703.0
2025-06-20 10:49:51.578386,11454.0,19260.0,26695.0
2025-06-20 10:49:54.804768,11456.0,19260.0,26695.0
2025-06-20 10:49:56.746570,11456.0,19309.0,26741.0
2025-06-20 10:50:00.824198,11456.0,19309.0,26741.0
2025-06-20 10:50:01.352344,11456.0,19327.0,26774.0
2025-06-20 10:50:02.354085,11456.0,19283.0,26752.0
2025-06-20 10:50:03.361321,11456.0,19283.0,26803.0
2025-06-20 10:50:04.352646,11453.0,19296.0,26766.0
2025-06-20 10:50:04.820998,11453.0,19296.0,26766.0
2025-06-20 10:50:05.454125,11453.0,19296.0,26784.0
2025-06-20 10:50:06.569149,11453.0,19282.0,26745.0
2025-06-20 10:50:07.656699,11453.0,19282.0,26743.0
2025-06-20 10:50:08.759770,11453.0,19282.0,26751.0
2025-06-20 10:50:09.761026,11453.0,19176.0,26862.0
2025-06-20 10:50:09.782457,11453.0,19176.0,26862.0
2025-06-20 10:50:10.858036,11453.0,19257.0,26928.0
2025-06-20 10:50:12.048364,11453.0,19278.0,26881.0
2025-06-20 10:50:12.959040,11453.0,19278.0,26874.0
2025-06-20 10:50:13.960672,11453.0,19244.0,26825.0
2025-06-20 10:50:15.224766,11453.0,19288.0,26872.0
2025-06-20 10:50:15.863214,11453.0,19294.0,26897.0
2025-06-20 10:50:16.982340,11453.0,19305.0,26872.0
2025-06-20 10:50:17.970834,11453.0,19455.0,26864.0
2025-06-20 10:50:18.973983,11453.0,19455.0,26873.0
2025-06-20 10:50:19.966533,11453.0,19446.0,26829.0
2025-06-20 10:50:20.963768,11453.0,19511.0,26836.0
2025-06-20 10:50:21.821959,11455.0,19511.0,26836.0
2025-06-20 10:50:21.867660,11455.0,19511.0,26847.0
2025-06-20 10:50:22.972134,11455.0,19511.0,26814.0
2025-06-20 10:50:24.127924,11455.0,19511.0,26821.0
2025-06-20 10:50:25.171239,11455.0,19511.0,26821.0
2025-06-20 10:50:26.172115,11455.0,19528.0,26848.0
2025-06-20 10:50:26.846961,11455.0,19528.0,26848.0
2025-06-20 10:50:27.171511,11455.0,19618.0,26674.0
2025-06-20 10:50:28.271808,11455.0,19618.0,26740.0
2025-06-20 10:50:29.375554,11455.0,19628.0,26766.0
2025-06-20 10:50:30.472509,11453.0,19574.0,26767.0
2025-06-20 10:50:30.824529,11453.0,19574.0,26767.0
2025-06-20 10:50:31.373909,11453.0,19574.0,26757.0
2025-06-20 10:50:33.489618,11453.0,19574.0,26755.0
2025-06-20 10:50:34.590047,11453.0,19623.0,26753.0
2025-06-20 10:50:35.589827,11456.0,19567.0,26770.0
2025-06-20 10:50:35.804955,11456.0,19567.0,26770.0
2025-06-20 10:50:36.679411,11456.0,19540.0,26778.0
2025-06-20 10:50:37.982809,11456.0,19566.0,26711.0
2025-06-20 10:50:38.878310,11456.0,19606.0,26742.0
2025-06-20 10:50:40.027071,11456.0,19626.0,26754.0
2025-06-20 10:50:41.081541,11456.0,19603.0,26754.0
2025-06-20 10:50:42.087266,11456.0,19632.0,26754.0
2025-06-20 10:50:43.182794,11456.0,19641.0,26733.0
2025-06-20 10:50:44.282669,11456.0,19652.0,26730.0
2025-06-20 10:50:45.281125,11456.0,19654.0,26771.0
2025-06-20 10:50:46.285479,11456.0,19671.0,26773.0
2025-06-20 10:50:47.383098,11456.0,19694.0,26754.0
2025-06-20 10:50:48.483991,11456.0,19694.0,26712.0
2025-06-20 10:50:50.593912,11456.0,19701.0,26712.0
2025-06-20 10:50:50.774961,11456.0,19701.0,26712.0
2025-06-20 10:50:51.627220,11456.0,19736.0,26576.0
2025-06-20 10:50:51.778990,11457.0,19736.0,26576.0
2025-06-20 10:50:52.988520,11457.0,19734.0,26532.0
2025-06-20 10:50:53.779139,11456.0,19734.0,26532.0
2025-06-20 10:50:53.889342,11456.0,19665.0,26555.0
2025-06-20 10:50:54.887570,11456.0,19672.0,26579.0
2025-06-20 10:50:55.992214,11456.0,19671.0,26591.0
2025-06-20 10:50:57.094646,11456.0,19603.0,26591.0
2025-06-20 10:50:58.140106,11456.0,19583.0,26586.0
2025-06-20 10:50:58.991873,11456.0,19584.0,26571.0
2025-06-20 10:50:59.772518,11456.0,19584.0,26571.0
2025-06-20 10:51:00.100744,11456.0,19583.0,26594.0
2025-06-20 10:51:01.824414,11456.0,19580.0,26560.0
2025-06-20 10:51:03.793661,11459.0,19580.0,26560.0
2025-06-20 10:51:07.424028,11459.0,19667.0,26246.0
2025-06-20 10:51:12.917968,11459.0,19656.0,26223.0
2025-06-20 10:51:16.791725,11463.0,19656.0,26223.0
2025-06-20 10:51:18.210259,11463.0,19818.0,25984.0
2025-06-20 10:51:18.788087,11463.0,19818.0,25984.0
2025-06-20 10:51:20.799357,11461.0,19818.0,25984.0
2025-06-20 10:51:23.716059,11465.0,19756.0,26142.0
2025-06-20 10:51:23.833269,11465.0,19756.0,26142.0
2025-06-20 10:51:25.791296,11465.0,19756.0,26142.0
2025-06-20 10:51:29.314685,11465.0,19743.0,26068.0
2025-06-20 10:51:34.716299,11465.0,19831.0,26024.0
2025-06-20 10:51:36.781659,11463.0,19831.0,26024.0
2025-06-20 10:51:40.457349,11463.0,19812.0,26022.0
2025-06-20 10:51:42.813517,11463.0,19812.0,26022.0
2025-06-20 10:51:44.795156,11465.0,19812.0,26022.0
2025-06-20 10:51:45.835008,11465.0,19868.0,25894.0
2025-06-20 10:51:46.464285,11465.0,19868.0,25894.0
2025-06-20 10:51:47.182682,11465.0,19868.0,25894.0
2025-06-20 10:51:47.797592,11465.0,19868.0,25894.0
2025-06-20 10:51:47.915072,11465.0,19868.0,25894.0
2025-06-20 10:51:48.207462,11465.0,19868.0,25894.0
2025-06-20 10:51:49.278807,11465.0,19868.0,25894.0
2025-06-20 10:51:50.327083,11465.0,19868.0,25894.0
2025-06-20 10:51:51.773375,11465.0,19868.0,25894.0
2025-06-20 10:51:51.820139,11465.0,19874.0,25978.0
2025-06-20 10:51:53.274949,11465.0,19874.0,25978.0
2025-06-20 10:51:54.029969,11465.0,19874.0,25978.0
2025-06-20 10:51:54.778078,11463.0,19874.0,25978.0
2025-06-20 10:51:55.618687,11463.0,19874.0,25978.0
2025-06-20 10:51:56.841735,11463.0,19874.0,25978.0
2025-06-20 10:51:57.488343,11463.0,19859.0,26027.0
2025-06-20 10:51:58.104653,11463.0,19859.0,26027.0
2025-06-20 10:51:59.730586,11463.0,19859.0,26027.0
2025-06-20 10:52:03.235659,11463.0,19870.0,25759.0
2025-06-20 10:52:08.953014,11463.0,19652.0,25736.0
2025-06-20 10:52:10.797531,11465.0,19652.0,25736.0
2025-06-20 10:52:14.740818,11466.0,19833.0,25650.0
2025-06-20 10:52:14.783935,11466.0,19833.0,25650.0
2025-06-20 10:52:15.801466,11466.0,19833.0,25650.0
2025-06-20 10:52:20.148545,11466.0,19866.0,25477.0
2025-06-20 10:52:25.647727,11466.0,19887.0,25586.0
2025-06-20 10:52:30.957760,11466.0,19891.0,25524.0
2025-06-20 10:52:32.784915,11466.0,19891.0,25524.0
2025-06-20 10:52:33.799040,11471.0,19891.0,25524.0
2025-06-20 10:52:36.354994,11471.0,20154.0,25281.0
2025-06-20 10:52:42.110016,11471.0,20013.0,25346.0
2025-06-20 10:52:46.789766,11469.0,20013.0,25346.0
2025-06-20 10:52:47.269127,11469.0,19953.0,25456.0
2025-06-20 10:52:48.796064,11469.0,19953.0,25456.0
2025-06-20 10:52:52.669976,11469.0,20015.0,25562.0
2025-06-20 10:52:58.091104,11469.0,20029.0,25533.0
2025-06-20 10:53:00.788624,11470.0,20029.0,25533.0
2025-06-20 10:53:03.590035,11472.0,20089.0,25348.0
2025-06-20 10:53:03.799725,11472.0,20089.0,25348.0
2025-06-20 10:53:09.799657,11472.0,20039.0,25362.0
2025-06-20 10:53:12.796208,11468.0,20039.0,25362.0
2025-06-20 10:53:15.825734,11468.0,20069.0,25383.0
2025-06-20 10:53:21.287873,11472.0,20111.0,25354.0
2025-06-20 10:53:22.807529,11472.0,20111.0,25354.0
2025-06-20 10:53:26.694324,11472.0,20192.0,25302.0
2025-06-20 10:53:29.800689,11474.0,20192.0,25302.0
2025-06-20 10:53:32.195980,11470.0,20187.0,25227.0
2025-06-20 10:53:32.787194,11470.0,20187.0,25227.0
2025-06-20 10:53:37.699971,11470.0,20190.0,25197.0
2025-06-20 10:53:43.415809,11470.0,20157.0,25210.0
2025-06-20 10:53:48.714718,11472.0,20086.0,25300.0
2025-06-20 10:53:48.788493,11472.0,20086.0,25300.0
2025-06-20 10:53:51.798678,11468.0,20086.0,25300.0
2025-06-20 10:53:54.311212,11472.0,20108.0,25321.0
2025-06-20 10:53:54.801210,11472.0,20108.0,25321.0
2025-06-20 10:53:58.799762,11467.0,20108.0,25321.0
2025-06-20 10:53:59.818247,11467.0,20139.0,25329.0
2025-06-20 10:54:00.803856,11467.0,20139.0,25329.0
2025-06-20 10:54:02.803976,11472.0,20139.0,25329.0
2025-06-20 10:54:05.515588,11472.0,20198.0,25298.0
2025-06-20 10:54:06.801110,11472.0,20198.0,25298.0
2025-06-20 10:54:11.123255,11472.0,20302.0,25292.0
2025-06-20 10:54:16.321138,11472.0,20278.0,25309.0
2025-06-20 10:54:21.728646,11472.0,20261.0,25310.0
2025-06-20 10:54:24.794541,11468.0,20261.0,25310.0
2025-06-20 10:54:26.940991,11468.0,20241.0,25392.0
2025-06-20 10:54:28.811884,11468.0,20241.0,25392.0
2025-06-20 10:54:30.800723,11468.0,20241.0,25392.0
2025-06-20 10:54:32.335500,11468.0,20267.0,25361.0
2025-06-20 10:54:34.795014,11468.0,20267.0,25361.0
2025-06-20 10:54:36.792970,11468.0,20267.0,25361.0
2025-06-20 10:54:37.738882,11468.0,20315.0,25371.0
2025-06-20 10:54:43.142939,11468.0,20326.0,25335.0
2025-06-20 10:54:43.821578,11469.0,20326.0,25335.0
2025-06-20 10:54:45.805670,11469.0,20326.0,25335.0
2025-06-20 10:54:47.357782,11469.0,20326.0,25335.0
2025-06-20 10:54:48.249054,11469.0,20326.0,25335.0
2025-06-20 10:54:48.816121,11469.0,20311.0,25358.0
2025-06-20 10:54:48.856678,11469.0,20311.0,25358.0
2025-06-20 10:54:49.278258,11469.0,20311.0,25358.0
2025-06-20 10:54:50.614655,11469.0,20311.0,25358.0
2025-06-20 10:54:51.156350,11469.0,20311.0,25358.0
2025-06-20 10:54:52.520017,11469.0,20311.0,25358.0
2025-06-20 10:54:52.797407,11474.0,20311.0,25358.0
2025-06-20 10:54:53.883442,11474.0,20311.0,25358.0
2025-06-20 10:54:54.095888,11474.0,20317.0,25362.0
2025-06-20 10:54:54.858149,11474.0,20317.0,25362.0
2025-06-20 10:54:56.416718,11474.0,20317.0,25362.0
2025-06-20 10:54:57.686108,11474.0,20317.0,25362.0
2025-06-20 10:54:58.991180,11474.0,20317.0,25362.0
2025-06-20 10:54:59.389840,11474.0,20353.0,25350.0
2025-06-20 10:55:00.614991,11474.0,20353.0,25350.0
2025-06-20 10:55:04.856422,11474.0,20349.0,25332.0
2025-06-20 10:55:09.817336,11470.0,20349.0,25332.0
2025-06-20 10:55:10.459813,11470.0,20357.0,25355.0
2025-06-20 10:55:14.805626,11470.0,20357.0,25355.0
2025-06-20 10:55:16.264762,11470.0,20356.0,25379.0
2025-06-20 10:55:16.818122,11475.0,20356.0,25379.0
2025-06-20 10:55:20.800373,11470.0,20356.0,25379.0
2025-06-20 10:55:21.675489,11470.0,20410.0,25316.0
2025-06-20 10:55:27.381125,11470.0,20425.0,25317.0
2025-06-20 10:55:30.798206,11474.0,20425.0,25317.0
2025-06-20 10:55:31.804045,11474.0,20425.0,25317.0
2025-06-20 10:55:33.279946,11474.0,20389.0,25270.0
2025-06-20 10:55:34.804149,11470.0,20389.0,25270.0
2025-06-20 10:55:35.800800,11470.0,20389.0,25270.0
2025-06-20 10:55:38.685491,11470.0,20254.0,25421.0
2025-06-20 10:55:38.793552,11470.0,20254.0,25421.0
2025-06-20 10:55:39.824416,11470.0,20254.0,25421.0
2025-06-20 10:55:42.803916,11470.0,20254.0,25421.0
2025-06-20 10:55:43.881527,11470.0,20335.0,25261.0
2025-06-20 10:55:45.828775,11475.0,20335.0,25261.0
2025-06-20 10:55:49.099277,11475.0,20353.0,25319.0
2025-06-20 10:55:53.827198,11473.0,20353.0,25319.0
2025-06-20 10:55:54.192972,11475.0,20394.0,25310.0
2025-06-20 10:55:55.835104,11473.0,20394.0,25310.0
2025-06-20 10:55:57.805426,11473.0,20394.0,25310.0
2025-06-20 10:55:59.195920,11473.0,20291.0,25416.0
2025-06-20 10:55:59.800194,11473.0,20291.0,25416.0
2025-06-20 10:56:02.803647,11473.0,20291.0,25416.0
2025-06-20 10:56:03.819842,11474.0,20291.0,25416.0
2025-06-20 10:56:04.300415,11474.0,20360.0,25352.0
2025-06-20 10:56:06.818904,11471.0,20360.0,25352.0
2025-06-20 10:56:09.517351,11471.0,20353.0,25328.0
2025-06-20 10:56:12.796268,11475.0,20353.0,25328.0
2025-06-20 10:56:14.619927,11475.0,20386.0,25299.0
2025-06-20 10:56:19.940006,11475.0,20355.0,25252.0
2025-06-20 10:56:20.799255,11475.0,20355.0,25252.0
2025-06-20 11:07:08.605189,11497.0,21129.0,24331.0
2025-06-20 11:07:08.859446,11497.0,21129.0,24331.0
2025-06-20 11:07:09.043921,11497.0,21140.0,24329.0
2025-06-20 11:07:09.854810,11497.0,21140.0,24329.0
2025-06-20 12:03:29.542674,11460.0,19011.0,27872.0
2025-06-20 12:03:30.169392,11458.0,19007.0,27824.0
2025-06-20 12:03:31.098123,11460.0,19007.0,27824.0
2025-06-20 12:03:33.099446,11460.0,19007.0,27824.0
2025-06-20 12:03:34.874155,11460.0,19111.0,27838.0
2025-06-20 12:03:35.132850,11460.0,19111.0,27838.0
2025-06-20 12:03:37.103900,11460.0,19111.0,27838.0
2025-06-20 12:03:39.775719,11460.0,19059.0,27856.0
2025-06-20 12:03:40.072008,11460.0,19059.0,27856.0
2025-06-20 12:03:44.582466,11461.0,19109.0,27876.0
2025-06-20 12:03:45.088654,11461.0,19109.0,27876.0
2025-06-20 12:03:48.124133,11460.0,19109.0,27876.0
2025-06-20 12:03:49.382913,11460.0,19106.0,27811.0
2025-06-20 12:03:51.107586,11459.0,19106.0,27811.0
2025-06-20 12:03:54.085729,11460.0,19106.0,27811.0
2025-06-20 12:03:54.584242,11460.0,19090.0,27739.0
2025-06-20 12:03:58.074554,11461.0,19090.0,27739.0
2025-06-20 12:03:58.386258,11461.0,19090.0,27739.0
2025-06-20 12:03:59.065694,11461.0,19090.0,27739.0
2025-06-20 12:03:59.790869,11461.0,19095.0,27766.0
2025-06-20 12:03:59.898396,11461.0,19095.0,27766.0
2025-06-20 12:04:00.305991,11461.0,19095.0,27766.0
2025-06-20 12:04:01.121945,11461.0,19095.0,27766.0
2025-06-20 12:04:02.307010,11461.0,19095.0,27766.0
2025-06-20 12:04:03.341760,11461.0,19095.0,27766.0
2025-06-20 12:04:04.332533,11461.0,19095.0,27766.0
2025-06-20 12:04:05.078158,11461.0,19078.0,27775.0
2025-06-20 12:04:05.658160,11461.0,19078.0,27775.0
2025-06-20 12:04:06.687252,11461.0,19078.0,27775.0
2025-06-20 12:04:07.081548,11459.0,19078.0,27775.0
2025-06-20 12:04:08.300169,11459.0,19078.0,27775.0
2025-06-20 12:04:09.641231,11459.0,19078.0,27775.0
2025-06-20 12:04:10.394703,11461.0,19059.0,27798.0
2025-06-20 12:04:10.959380,11461.0,19059.0,27798.0
2025-06-20 12:04:12.076389,11457.0,19059.0,27798.0
2025-06-20 12:04:12.740905,11457.0,19059.0,27798.0
2025-06-20 12:04:13.091872,11456.0,19059.0,27798.0
2025-06-20 12:04:15.110664,11455.0,19059.0,27798.0
2025-06-20 12:04:15.599631,11455.0,18691.0,28037.0
2025-06-20 12:04:17.112320,11457.0,18691.0,28037.0
2025-06-20 12:04:19.090481,11457.0,18691.0,28037.0
2025-06-20 12:04:20.513118,11457.0,18775.0,28025.0
2025-06-20 12:04:25.904110,11457.0,18826.0,27949.0
2025-06-20 12:04:26.082915,11457.0,18826.0,27949.0
2025-06-20 12:04:29.117471,11455.0,18826.0,27949.0
2025-06-20 12:04:31.102784,11455.0,18826.0,27949.0
2025-06-20 12:04:31.523107,11455.0,18815.0,28121.0
2025-06-20 12:04:33.093684,11457.0,18815.0,28121.0
2025-06-20 12:04:37.418087,11457.0,18836.0,28098.0
2025-06-20 12:04:42.129912,11457.0,18836.0,28098.0
2025-06-20 12:04:43.117240,11457.0,18854.0,28094.0
2025-06-20 12:04:46.078582,11457.0,18854.0,28094.0
2025-06-20 12:04:48.114035,11457.0,18829.0,28113.0
2025-06-20 12:04:53.320054,11457.0,18885.0,28105.0
2025-06-20 12:04:58.079521,11457.0,18885.0,28105.0
2025-06-20 12:04:58.324630,11457.0,18899.0,28141.0
2025-06-20 12:05:03.087730,11457.0,18899.0,28141.0
2025-06-20 12:05:03.129222,11457.0,18863.0,28048.0
2025-06-20 12:05:07.938754,11455.0,18789.0,27976.0
2025-06-20 12:05:08.082616,11455.0,18789.0,27976.0
2025-06-20 12:05:11.090843,11457.0,18789.0,27976.0
2025-06-20 12:05:12.829180,11457.0,18783.0,27959.0
2025-06-20 12:05:13.086471,11457.0,18783.0,27959.0
2025-06-20 12:05:16.081863,11455.0,18783.0,27959.0
2025-06-20 12:05:17.738538,11455.0,18800.0,27961.0
2025-06-20 12:05:21.095383,11455.0,18800.0,27961.0
2025-06-20 12:05:22.739162,11455.0,18827.0,27956.0
2025-06-20 12:05:23.092735,11457.0,18827.0,27956.0
2025-06-20 12:05:27.097808,11455.0,18827.0,27956.0
2025-06-20 12:05:27.644112,11455.0,18805.0,27944.0
2025-06-20 12:05:31.089122,11457.0,18805.0,27944.0
2025-06-20 12:05:32.571748,11457.0,18812.0,27990.0
2025-06-20 12:05:34.132424,11457.0,18812.0,27990.0
2025-06-20 12:05:35.089477,11459.0,18812.0,27990.0
2025-06-20 12:05:38.046836,11459.0,18828.0,27814.0
2025-06-20 12:05:38.085847,11459.0,18828.0,27814.0
2025-06-20 12:05:39.097426,11457.0,18828.0,27814.0
2025-06-20 12:05:41.101243,11458.0,18828.0,27814.0
2025-06-20 12:05:43.550363,11457.0,18791.0,27782.0
2025-06-20 12:05:44.085802,11457.0,18791.0,27782.0
2025-06-20 12:05:47.127115,11460.0,18791.0,27782.0
2025-06-20 12:05:48.649370,11460.0,18792.0,27820.0
2025-06-20 12:05:51.094603,11460.0,18792.0,27820.0
2025-06-20 12:05:53.551562,11455.0,18754.0,27807.0
2025-06-20 12:05:54.084781,11461.0,18754.0,27807.0
2025-06-20 12:05:58.551299,11461.0,18843.0,27744.0
2025-06-20 12:06:01.090827,11461.0,18843.0,27744.0
2025-06-20 12:06:03.568244,11460.0,18903.0,27826.0
2025-06-20 12:06:04.085967,11460.0,18903.0,27826.0
2025-06-20 12:06:08.567568,11460.0,18917.0,27837.0
2025-06-20 12:06:09.093502,11460.0,18917.0,27837.0
2025-06-20 12:06:12.086224,11460.0,18917.0,27837.0
2025-06-20 12:06:13.872712,11460.0,18887.0,27851.0
2025-06-20 12:06:15.099147,11460.0,18887.0,27851.0
2025-06-20 12:06:18.091251,11461.0,18887.0,27851.0
2025-06-20 12:06:19.271685,11460.0,18870.0,27855.0
2025-06-20 12:06:20.083727,11460.0,18870.0,27855.0
2025-06-20 12:06:24.275907,11460.0,18885.0,27846.0
2025-06-20 12:06:28.120242,11461.0,18885.0,27846.0
2025-06-20 12:06:29.251400,11461.0,18876.0,27913.0
2025-06-20 12:06:33.783264,11461.0,18821.0,27906.0
2025-06-20 12:06:34.088440,11461.0,18821.0,27906.0
2025-06-20 12:06:37.114221,11460.0,18821.0,27906.0
2025-06-20 12:06:38.521642,11461.0,18817.0,27899.0
2025-06-20 12:06:39.095671,11461.0,18817.0,27899.0
2025-06-20 12:06:41.112197,11460.0,18817.0,27899.0
2025-06-20 12:06:43.291338,11461.0,18807.0,27954.0
2025-06-20 12:06:44.088481,11461.0,18807.0,27954.0
2025-06-20 12:06:47.918143,11461.0,18815.0,27956.0
2025-06-20 12:06:51.121600,11461.0,18815.0,27956.0
2025-06-20 12:06:52.604396,11460.0,18814.0,27986.0
2025-06-20 12:06:54.090735,11460.0,18814.0,27986.0
2025-06-20 12:06:55.109194,11461.0,18814.0,27986.0
2025-06-20 12:06:57.605558,11460.0,18842.0,27905.0
2025-06-20 12:06:58.096602,11460.0,18842.0,27905.0
2025-06-20 12:06:58.861344,11460.0,18842.0,27905.0
2025-06-20 12:06:59.096378,11459.0,18842.0,27905.0
2025-06-20 12:06:59.271174,11459.0,18842.0,27905.0
2025-06-20 12:07:00.337579,11459.0,18842.0,27905.0
2025-06-20 12:07:01.058308,11459.0,18842.0,27905.0
2025-06-20 12:07:02.183080,11459.0,18842.0,27905.0
2025-06-20 12:07:02.904431,11459.0,18833.0,27893.0
2025-06-20 12:07:03.234931,11459.0,18833.0,27893.0
2025-06-20 12:07:04.090252,11459.0,18833.0,27893.0
2025-06-20 12:07:04.632974,11459.0,18833.0,27893.0
2025-06-20 12:07:06.236082,11459.0,18833.0,27893.0
2025-06-20 12:07:06.987157,11459.0,18833.0,27893.0
2025-06-20 12:07:08.090970,11459.0,18833.0,27893.0
2025-06-20 12:07:08.217414,11459.0,18762.0,27920.0
2025-06-20 12:07:08.574494,11459.0,18762.0,27920.0
2025-06-20 12:07:09.837036,11459.0,18762.0,27920.0
2025-06-20 12:07:11.097063,11459.0,18762.0,27920.0
2025-06-20 12:07:11.127999,11459.0,18762.0,27920.0
2025-06-20 12:07:12.764841,11459.0,18762.0,27920.0
2025-06-20 12:07:13.113062,11459.0,18762.0,27920.0
2025-06-20 12:07:13.435584,11459.0,18816.0,27888.0
2025-06-20 12:07:15.098571,11459.0,18816.0,27888.0
2025-06-20 12:07:17.121726,11458.0,18816.0,27888.0
2025-06-20 12:07:18.225715,11458.0,18799.0,27888.0
2025-06-20 12:07:21.100209,11458.0,18799.0,27888.0
2025-06-20 12:07:23.040929,11458.0,18833.0,27883.0
2025-06-20 12:07:23.128722,11458.0,18833.0,27883.0
2025-06-20 12:07:27.945839,11457.0,18825.0,27899.0
2025-06-20 12:07:28.093385,11457.0,18825.0,27899.0
2025-06-20 12:07:31.122551,11457.0,18825.0,27899.0
2025-06-20 12:07:32.945947,11457.0,18731.0,28111.0
2025-06-20 12:07:33.101834,11457.0,18731.0,28111.0
2025-06-20 12:07:35.112375,11459.0,18731.0,28111.0
2025-06-20 12:07:38.337542,11457.0,18676.0,28107.0
2025-06-20 12:07:39.100105,11457.0,18676.0,28107.0
2025-06-20 12:07:43.741872,11457.0,18739.0,27975.0
2025-06-20 12:07:48.088146,11459.0,18739.0,27975.0
2025-06-20 12:07:49.145347,11459.0,18753.0,27990.0
2025-06-20 12:07:54.549619,11459.0,18815.0,28024.0
2025-06-20 12:07:55.149452,11459.0,18815.0,28024.0
2025-06-20 12:07:59.751700,11459.0,18848.0,28018.0
2025-06-20 12:08:00.088573,11459.0,18848.0,28018.0
2025-06-20 12:08:04.956267,11459.0,18749.0,27993.0
2025-06-20 12:08:05.100673,11459.0,18749.0,27993.0
2025-06-20 12:08:10.061829,11459.0,18762.0,27987.0
2025-06-20 12:08:12.111899,11459.0,18762.0,27987.0
2025-06-20 12:08:14.175100,11457.0,18762.0,27987.0
2025-06-20 12:08:15.064967,11457.0,18760.0,28015.0
2025-06-20 12:08:16.108535,11458.0,18760.0,28015.0
2025-06-20 12:08:18.096828,11450.0,18760.0,28015.0
2025-06-20 12:08:19.144166,11453.0,18760.0,28015.0
2025-06-20 12:08:20.065316,11451.0,17938.0,28438.0
2025-06-20 12:08:21.099952,11453.0,17938.0,28438.0
2025-06-20 12:08:24.092407,11453.0,17938.0,28438.0
2025-06-20 12:08:24.966508,11453.0,18056.0,28322.0
2025-06-20 12:08:25.099361,11453.0,18056.0,28322.0
2025-06-20 12:08:28.091852,11453.0,18056.0,28322.0
2025-06-20 12:08:29.870272,11453.0,18087.0,28323.0
2025-06-20 12:08:31.096683,11454.0,18087.0,28323.0
2025-06-20 12:08:33.104428,11455.0,18087.0,28323.0
2025-06-20 12:08:34.775980,11455.0,18094.0,28209.0
2025-06-20 12:08:39.097849,11455.0,18094.0,28209.0
2025-06-20 12:08:39.375946,11455.0,18076.0,28184.0
2025-06-20 12:08:42.124536,11455.0,18076.0,28184.0
2025-06-20 12:08:44.281996,11455.0,18242.0,28111.0
2025-06-20 12:08:48.097431,11452.0,18242.0,28111.0
2025-06-20 12:08:49.286871,11452.0,18197.0,28161.0
2025-06-20 12:08:51.098262,11455.0,18197.0,28161.0
2025-06-20 12:08:54.100065,11455.0,18197.0,28161.0
2025-06-20 12:08:54.692642,11455.0,18230.0,28222.0
2025-06-20 12:08:59.394949,11453.0,18234.0,28225.0
2025-06-20 12:09:00.113658,11453.0,18234.0,28225.0
2025-06-20 12:09:01.105743,11453.0,18230.0,28222.0
2025-06-20 12:09:02.106092,11455.0,18230.0,28222.0
2025-06-20 12:09:02.191230,11455.0,18230.0,28216.0
2025-06-20 12:09:03.290903,11455.0,18233.0,28219.0
2025-06-20 12:09:04.394119,11455.0,18234.0,28218.0
2025-06-20 12:09:05.106681,11455.0,18234.0,28218.0
2025-06-20 12:09:05.719908,11455.0,18233.0,28218.0
2025-06-20 12:09:06.098913,11455.0,18233.0,28218.0
2025-06-20 12:09:06.603461,11455.0,18233.0,28217.0
2025-06-20 12:09:07.256624,11457.0,18233.0,28217.0
2025-06-20 12:09:07.595025,11457.0,18274.0,28181.0
2025-06-20 12:09:08.100575,11453.0,18274.0,28181.0
2025-06-20 12:09:08.593050,11453.0,18277.0,28294.0
2025-06-20 12:09:10.030922,11453.0,18236.0,28278.0
2025-06-20 12:09:11.010597,11453.0,18250.0,28224.0
2025-06-20 12:09:11.894173,11453.0,18248.0,28226.0
2025-06-20 12:09:12.897343,11453.0,18239.0,28245.0
2025-06-20 12:09:14.640922,11456.0,18244.0,28278.0
2025-06-20 12:09:14.645257,11456.0,18244.0,28278.0
2025-06-20 12:09:15.126695,11456.0,18245.0,28271.0
2025-06-20 12:09:16.199200,11456.0,18252.0,28262.0
2025-06-20 12:09:17.202459,11456.0,18258.0,28262.0
2025-06-20 12:09:18.109448,11456.0,18258.0,28262.0
2025-06-20 12:09:18.301296,11456.0,18258.0,28246.0
2025-06-20 12:09:19.401455,11456.0,18258.0,28244.0
2025-06-20 12:09:20.402128,11456.0,18258.0,28252.0
2025-06-20 12:09:21.405686,11456.0,18258.0,28252.0
2025-06-20 12:09:22.401653,11456.0,18250.0,28252.0
2025-06-20 12:09:23.404902,11456.0,18257.0,28279.0
2025-06-20 12:09:24.407376,11456.0,18262.0,28279.0
2025-06-20 12:09:25.309400,11456.0,18370.0,28292.0
2025-06-20 12:09:26.308378,11456.0,18320.0,28291.0
2025-06-20 12:09:27.408496,11456.0,18315.0,28297.0
2025-06-20 12:09:29.543988,11455.0,18315.0,28295.0
2025-06-20 12:09:30.103251,11455.0,18315.0,28295.0
2025-06-20 12:09:30.558313,11455.0,18315.0,28277.0
2025-06-20 12:09:31.106493,11455.0,18315.0,28277.0
2025-06-20 12:09:31.417265,11455.0,18315.0,28289.0
2025-06-20 12:09:32.522851,11455.0,18315.0,28291.0
2025-06-20 12:09:33.609805,11455.0,18315.0,28285.0
2025-06-20 12:09:34.105562,11455.0,18315.0,28285.0
2025-06-20 12:09:35.214210,11455.0,18315.0,28290.0
2025-06-20 12:09:36.214041,11455.0,18309.0,28296.0
2025-06-20 12:09:37.314344,11455.0,18309.0,28293.0
2025-06-20 12:09:38.424787,11455.0,18302.0,28293.0
2025-06-20 12:09:41.622224,11455.0,18313.0,28290.0
2025-06-20 12:09:42.106907,11455.0,18313.0,28290.0
2025-06-20 12:09:42.725087,11455.0,18318.0,28280.0
2025-06-20 12:09:43.823335,11455.0,18312.0,28266.0
2025-06-20 12:09:44.105919,11455.0,18312.0,28266.0
2025-06-20 12:09:44.932030,11455.0,18345.0,28289.0
2025-06-20 12:09:45.821203,11455.0,18340.0,28285.0
2025-06-20 12:09:46.103493,11455.0,18340.0,28285.0
2025-06-20 12:09:46.969825,11455.0,18340.0,28251.0
2025-06-20 12:09:47.934503,11455.0,18358.0,28251.0
2025-06-20 12:09:48.938774,11455.0,18365.0,28269.0
2025-06-20 12:09:50.325834,11455.0,18360.0,28278.0
2025-06-20 12:09:51.322582,11455.0,18358.0,28292.0
2025-06-20 12:09:52.435854,11455.0,18359.0,28293.0
2025-06-20 12:09:53.431507,11455.0,18362.0,28303.0
2025-06-20 12:09:54.326332,11455.0,18362.0,28302.0
2025-06-20 12:09:55.438266,11455.0,18387.0,28292.0
2025-06-20 12:09:56.837878,11455.0,18387.0,28291.0
2025-06-20 12:09:57.109184,11455.0,18387.0,28291.0
2025-06-20 12:09:59.290231,11455.0,18387.0,28291.0
2025-06-20 12:09:59.835657,11455.0,18367.0,28227.0
2025-06-20 12:10:00.054335,11455.0,18367.0,28227.0
2025-06-20 12:10:00.159229,11455.0,18367.0,28227.0
2025-06-20 12:10:00.535844,11455.0,18367.0,28227.0
2025-06-20 12:10:01.243317,11455.0,18367.0,28227.0
2025-06-20 12:10:02.111386,11456.0,18367.0,28227.0
2025-06-20 12:10:02.363267,11456.0,18367.0,28227.0
2025-06-20 12:10:03.449649,11456.0,18367.0,28227.0
2025-06-20 12:10:03.634837,11456.0,18391.0,28256.0
2025-06-20 12:10:03.880449,11456.0,18391.0,28256.0
2025-06-20 12:10:04.859487,11456.0,18391.0,28256.0
2025-06-20 12:10:06.247391,11456.0,18391.0,28256.0
2025-06-20 12:10:07.236152,11456.0,18391.0,28256.0
2025-06-20 12:10:08.867343,11456.0,18391.0,28256.0
2025-06-20 12:10:08.949807,11456.0,18494.0,28238.0
2025-06-20 12:10:10.135653,11456.0,18494.0,28238.0
2025-06-20 12:10:11.110972,11456.0,18494.0,28238.0
2025-06-20 12:10:11.407708,11456.0,18494.0,28238.0
2025-06-20 12:10:13.058271,11456.0,18494.0,28238.0
2025-06-20 12:10:13.120001,11455.0,18494.0,28238.0
2025-06-20 12:10:14.553996,11455.0,18515.0,28235.0
2025-06-20 12:10:17.125535,11456.0,18515.0,28235.0
2025-06-20 12:10:19.842669,11456.0,18369.0,28311.0
2025-06-20 12:10:23.111724,11456.0,18369.0,28311.0
2025-06-20 12:10:24.752070,11456.0,18443.0,28276.0
2025-06-20 12:10:29.137828,11456.0,18443.0,28276.0
2025-06-20 12:10:29.956117,11456.0,18524.0,28284.0
2025-06-20 12:10:33.116606,11456.0,18524.0,28284.0
2025-06-20 12:10:34.955973,11456.0,18508.0,28270.0
2025-06-20 12:10:35.115775,11456.0,18508.0,28270.0
2025-06-20 12:10:37.154120,11456.0,18508.0,28270.0
2025-06-20 12:10:39.858732,11456.0,18506.0,28278.0
2025-06-20 12:10:44.758110,11456.0,18449.0,28218.0
2025-06-20 12:10:45.122030,11456.0,18449.0,28218.0
2025-06-20 12:10:49.127011,11456.0,18449.0,28218.0
2025-06-20 12:10:49.473105,11456.0,18535.0,28239.0
2025-06-20 12:10:53.150417,11456.0,18535.0,28239.0
2025-06-20 12:10:54.076653,11456.0,18520.0,28235.0
2025-06-20 12:10:55.119803,11455.0,18520.0,28235.0
2025-06-20 12:10:58.117007,11456.0,18520.0,28235.0
2025-06-20 12:10:58.373641,11456.0,18522.0,28295.0
2025-06-20 12:11:02.582651,11456.0,18513.0,28288.0
2025-06-20 12:11:04.370002,11456.0,18513.0,28288.0
2025-06-20 12:11:05.205909,11456.0,18513.0,28288.0
2025-06-20 12:11:07.275275,11456.0,18513.0,28272.0
2025-06-20 12:11:12.112316,11456.0,18513.0,28272.0
2025-06-20 12:11:12.179309,11456.0,18533.0,28295.0
2025-06-20 12:11:15.131625,11459.0,18533.0,28295.0
2025-06-20 12:11:17.596895,11459.0,18950.0,27819.0
2025-06-20 12:11:22.113800,11460.0,18950.0,27819.0
2025-06-20 12:11:22.386213,11460.0,18884.0,27789.0
2025-06-20 12:11:27.191212,11460.0,18766.0,27973.0
2025-06-20 12:11:28.111462,11460.0,18766.0,27973.0
2025-06-20 12:11:29.132423,11458.0,18766.0,27973.0
2025-06-20 12:11:31.797084,11458.0,18755.0,28011.0
2025-06-20 12:11:36.997539,11458.0,18749.0,28012.0
2025-06-20 12:11:37.167921,11460.0,18749.0,28012.0
2025-06-20 12:11:39.119060,11460.0,18749.0,28012.0
2025-06-20 12:11:41.132601,11458.0,18749.0,28012.0
2025-06-20 12:11:42.100109,11458.0,18679.0,28024.0
2025-06-20 12:11:46.905210,11458.0,18609.0,28042.0
2025-06-20 12:11:51.905886,11458.0,18614.0,28046.0
2025-06-20 12:11:54.114502,11457.0,18614.0,28046.0
2025-06-20 12:11:56.812995,11457.0,18568.0,28022.0
2025-06-20 12:11:58.126400,11458.0,18568.0,28022.0
2025-06-20 12:12:01.523305,11458.0,18640.0,28021.0
2025-06-20 12:12:02.120363,11458.0,18640.0,28021.0
2025-06-20 12:12:06.610066,11459.0,18622.0,28024.0
2025-06-20 12:12:08.122202,11459.0,18622.0,28024.0
2025-06-20 12:12:09.153173,11460.0,18622.0,28024.0
2025-06-20 12:12:11.417809,11460.0,18599.0,27972.0
2025-06-20 12:12:12.127662,11460.0,18599.0,27972.0
2025-06-20 12:12:13.151288,11460.0,18599.0,27972.0
2025-06-20 12:12:16.432868,11460.0,18613.0,27958.0
2025-06-20 12:12:17.163699,11460.0,18613.0,27958.0
2025-06-20 12:12:19.139905,11459.0,18613.0,27958.0
2025-06-20 12:12:21.135514,11460.0,18644.0,27983.0
2025-06-20 12:12:22.120239,11460.0,18644.0,27983.0
2025-06-20 12:12:23.128475,11460.0,18644.0,27983.0
2025-06-20 12:12:25.125185,11460.0,18644.0,27983.0
2025-06-20 12:12:25.935304,11460.0,18686.0,27943.0
2025-06-20 12:12:30.728090,11460.0,18659.0,27965.0
2025-06-20 12:12:34.116385,11460.0,18659.0,27965.0
2025-06-20 12:12:35.125775,11459.0,18659.0,27965.0
2025-06-20 12:12:35.627002,11459.0,18662.0,27892.0
2025-06-20 12:12:40.574312,11459.0,18646.0,27859.0
2025-06-20 12:12:42.158190,11460.0,18646.0,27859.0
2025-06-20 12:12:45.545495,11460.0,18708.0,27943.0
2025-06-20 12:12:47.155193,11460.0,18708.0,27943.0
2025-06-20 12:12:49.150711,11460.0,18708.0,27943.0
2025-06-20 12:12:50.239299,11460.0,18711.0,28013.0
2025-06-20 12:12:55.146564,11460.0,18670.0,28029.0
2025-06-20 12:12:58.157299,11460.0,18670.0,28029.0
2025-06-20 12:12:59.159251,11460.0,18670.0,28029.0
2025-06-20 12:12:59.819305,11460.0,18670.0,28029.0
2025-06-20 12:12:59.950356,11460.0,18656.0,28010.0
2025-06-20 12:13:00.217439,11460.0,18656.0,28010.0
2025-06-20 12:13:01.125465,11460.0,18656.0,28010.0
2025-06-20 12:13:01.339195,11460.0,18656.0,28010.0
2025-06-20 12:13:02.092838,11460.0,18656.0,28010.0
2025-06-20 12:13:03.134938,11459.0,18656.0,28010.0
2025-06-20 12:13:03.186926,11459.0,18656.0,28010.0
2025-06-20 12:13:04.272787,11459.0,18656.0,28010.0
2025-06-20 12:13:04.846932,11459.0,18663.0,27965.0
2025-06-20 12:13:05.690009,11459.0,18663.0,27965.0
2025-06-20 12:13:07.090424,11459.0,18663.0,27965.0
2025-06-20 12:13:08.101519,11459.0,18663.0,27965.0
2025-06-20 12:13:09.649794,11459.0,18661.0,27988.0
2025-06-20 12:13:09.655268,11459.0,18661.0,27988.0
2025-06-20 12:13:10.127613,11460.0,18661.0,27988.0
2025-06-20 12:13:10.961062,11460.0,18661.0,27988.0
2025-06-20 12:13:12.120606,11460.0,18661.0,27988.0
2025-06-20 12:13:12.241369,11460.0,18661.0,27988.0
2025-06-20 12:13:13.123367,11460.0,18661.0,27988.0
2025-06-20 12:13:13.879246,11460.0,18661.0,27988.0
2025-06-20 12:13:14.950740,11460.0,18643.0,27982.0
2025-06-20 12:13:17.138840,11459.0,18643.0,27982.0
2025-06-20 12:13:19.128041,11460.0,18643.0,27982.0
2025-06-20 12:13:19.956623,11460.0,18564.0,27981.0
2025-06-20 12:13:24.122748,11459.0,18564.0,27981.0
2025-06-20 12:13:25.130015,11460.0,18564.0,27981.0
2025-06-20 12:13:25.258118,11460.0,18587.0,27994.0
2025-06-20 12:13:30.130060,11460.0,18587.0,27994.0
2025-06-20 12:13:30.364745,11460.0,18568.0,27981.0
2025-06-20 12:13:33.131726,11459.0,18568.0,27981.0
2025-06-20 12:13:35.366618,11459.0,18600.0,27967.0
2025-06-20 12:13:37.135609,11460.0,18600.0,27967.0
2025-06-20 12:13:40.268138,11460.0,18562.0,27969.0
2025-06-20 12:13:45.158479,11460.0,18562.0,27969.0
2025-06-20 12:13:45.276854,11459.0,18709.0,27988.0
2025-06-20 12:13:48.127427,11459.0,18709.0,27988.0
2025-06-20 12:13:49.136580,11459.0,18709.0,27988.0
2025-06-20 12:13:50.278579,11459.0,18635.0,27965.0
2025-06-20 12:13:51.147895,11459.0,18635.0,27965.0
2025-06-20 12:13:54.127929,11459.0,18635.0,27965.0
2025-06-20 12:13:55.082819,11459.0,18455.0,27982.0
2025-06-20 12:13:57.135575,11455.0,18455.0,27982.0
2025-06-20 12:14:00.383158,11455.0,18347.0,28064.0
2025-06-20 12:14:04.131519,11458.0,18347.0,28064.0
2025-06-20 12:14:05.486396,11458.0,18370.0,27964.0
2025-06-20 12:14:10.391466,11460.0,18496.0,27783.0
2025-06-20 12:14:12.135535,11455.0,18496.0,27783.0
2025-06-20 12:14:13.136878,11455.0,18496.0,27783.0
2025-06-20 12:14:15.092734,11455.0,18515.0,27792.0
2025-06-20 12:14:18.135204,11459.0,18515.0,27792.0
2025-06-20 12:14:19.908955,11459.0,18511.0,27837.0
2025-06-20 12:14:24.603952,11459.0,18557.0,27823.0
2025-06-20 12:14:27.182196,11456.0,18557.0,27823.0
2025-06-20 12:14:29.161650,11459.0,18557.0,27823.0
2025-06-20 12:14:29.205065,11459.0,18597.0,27804.0
2025-06-20 12:14:31.142761,11457.0,18597.0,27804.0
2025-06-20 12:14:33.811466,11460.0,18566.0,27671.0
2025-06-20 12:14:34.126634,11460.0,18566.0,27671.0
2025-06-20 12:14:38.708555,11460.0,18526.0,27670.0
2025-06-20 12:14:43.424868,11457.0,18585.0,27656.0
2025-06-20 12:14:44.129525,11457.0,18585.0,27656.0
2025-06-20 12:14:48.318224,11457.0,18585.0,27849.0
2025-06-20 12:14:49.144113,11459.0,18585.0,27849.0
2025-06-20 12:14:53.320802,11459.0,18605.0,27751.0
2025-06-20 12:14:55.138757,11459.0,18605.0,27751.0
2025-06-20 12:14:57.936968,11459.0,18744.0,27671.0
2025-06-20 12:14:58.259071,11459.0,18744.0,27671.0
2025-06-20 12:15:02.330235,11459.0,18780.0,27539.0
2025-06-20 12:15:04.133254,11459.0,18780.0,27539.0
2025-06-20 12:15:05.160204,11459.0,18780.0,27539.0
2025-06-20 12:15:07.147260,11458.0,18780.0,27539.0
2025-06-20 12:15:07.147562,11458.0,18723.0,27736.0
2025-06-20 12:15:09.135746,11459.0,18723.0,27736.0
2025-06-20 12:15:11.637720,11459.0,18721.0,27796.0
2025-06-20 12:15:15.138165,11459.0,18721.0,27796.0
2025-06-20 12:15:16.238708,11457.0,18651.0,27796.0
2025-06-20 12:15:18.139208,11457.0,18651.0,27796.0
2025-06-20 12:15:19.136296,11457.0,18651.0,27796.0
2025-06-20 12:15:21.161710,11459.0,18651.0,27796.0
2025-06-20 12:15:21.446724,11459.0,18647.0,27686.0
2025-06-20 12:15:23.139970,11459.0,18647.0,27686.0
2025-06-20 12:15:25.143545,11459.0,18647.0,27686.0
2025-06-20 12:15:26.445622,11459.0,18622.0,27645.0
2025-06-20 12:15:31.348142,11459.0,18628.0,27639.0
2025-06-20 12:15:36.146189,11459.0,18628.0,27639.0
2025-06-20 12:15:36.246744,11459.0,18670.0,27718.0
2025-06-20 12:15:38.138337,11459.0,18670.0,27718.0
2025-06-20 12:15:40.851004,11457.0,18668.0,27702.0
2025-06-20 12:15:42.140790,11459.0,18668.0,27702.0
2025-06-20 12:15:44.155249,11459.0,18668.0,27702.0
2025-06-20 12:15:45.568374,11459.0,18663.0,27731.0
2025-06-20 12:15:48.137243,11459.0,18663.0,27731.0
2025-06-20 12:15:50.572249,11459.0,18555.0,27734.0
2025-06-20 12:15:54.133864,11459.0,18555.0,27734.0
2025-06-20 12:15:55.361796,11459.0,18567.0,27830.0
2025-06-20 12:16:00.182347,11457.0,18567.0,27830.0
2025-06-20 12:16:00.186130,11457.0,18564.0,27831.0
2025-06-20 12:16:00.358692,11457.0,18564.0,27831.0
2025-06-20 12:16:01.171578,11457.0,18564.0,27831.0
2025-06-20 12:16:01.206339,11459.0,18564.0,27831.0
2025-06-20 12:16:01.589332,11459.0,18564.0,27831.0
2025-06-20 12:16:02.322798,11459.0,18564.0,27831.0
2025-06-20 12:16:03.456248,11459.0,18564.0,27831.0
2025-06-20 12:16:04.566509,11459.0,18564.0,27831.0
2025-06-20 12:16:04.864430,11459.0,18602.0,27810.0
2025-06-20 12:16:04.991778,11459.0,18602.0,27810.0
2025-06-20 12:16:05.987150,11459.0,18602.0,27810.0
2025-06-20 12:16:07.358057,11459.0,18602.0,27810.0
2025-06-20 12:16:08.373726,11459.0,18602.0,27810.0
2025-06-20 12:16:09.669108,11459.0,18586.0,27749.0
2025-06-20 12:16:09.990357,11459.0,18586.0,27749.0
2025-06-20 12:16:10.143301,11459.0,18586.0,27749.0
2025-06-20 12:16:11.290223,11459.0,18586.0,27749.0
2025-06-20 12:16:12.146166,11457.0,18586.0,27749.0
2025-06-20 12:16:12.588893,11457.0,18586.0,27749.0
2025-06-20 12:16:13.147379,11457.0,18586.0,27749.0
2025-06-20 12:16:14.199379,11458.0,18579.0,27870.0
2025-06-20 12:16:14.254409,11458.0,18579.0,27870.0
2025-06-20 12:16:16.136305,11458.0,18579.0,27870.0
2025-06-20 12:16:18.147383,11458.0,18579.0,27870.0
2025-06-20 12:16:19.380270,11458.0,18592.0,27857.0
2025-06-20 12:16:21.138562,11457.0,18592.0,27857.0
2025-06-20 12:16:24.679113,11457.0,18463.0,27907.0
2025-06-20 12:16:27.141183,11457.0,18463.0,27907.0
2025-06-20 12:16:29.384887,11457.0,18487.0,27893.0
2025-06-20 12:16:30.139735,11457.0,18487.0,27893.0
2025-06-20 12:16:34.293936,11457.0,18461.0,27894.0
2025-06-20 12:16:39.139084,11457.0,18461.0,27894.0
