timestamp,ltp,bid_qty,ask_qty
2025-06-20 10:10:48.217623,629.15,238538.0,236024.0
2025-06-20 10:10:48.369802,629.4,238148.0,234885.0
2025-06-20 10:10:48.594393,629.4,238148.0,234885.0
2025-06-20 10:10:54.064313,629.4,238180.0,234846.0
2025-06-20 10:10:56.594003,629.4,238180.0,234846.0
2025-06-20 10:10:59.575399,629.4,238432.0,234559.0
2025-06-20 10:11:02.600045,629.15,238432.0,234559.0
2025-06-20 10:11:04.598801,629.35,238432.0,234559.0
2025-06-20 10:11:05.174422,629.35,238403.0,234338.0
2025-06-20 10:11:06.635377,629.15,238403.0,234338.0
2025-06-20 10:11:10.660947,629.15,238403.0,234338.0
2025-06-20 10:11:11.279131,629.35,238643.0,234522.0
2025-06-20 10:11:12.903967,629.35,238643.0,234522.0
2025-06-20 10:11:16.982265,629.35,238545.0,234276.0
2025-06-20 10:11:20.630147,629.35,238545.0,234276.0
2025-06-20 10:11:22.115864,629.4,238725.0,233179.0
2025-06-20 10:11:22.665880,629.4,238725.0,233179.0
2025-06-20 10:11:26.886149,629.25,238725.0,233179.0
2025-06-20 10:11:27.491490,629.55,239432.0,233485.0
2025-06-20 10:11:28.875272,629.55,239432.0,233485.0
2025-06-20 10:11:33.132859,629.55,239249.0,233694.0
2025-06-20 10:11:34.619105,629.25,239249.0,233694.0
2025-06-20 10:11:36.868136,629.45,239249.0,233694.0
2025-06-20 10:11:38.824477,629.45,239195.0,234437.0
2025-06-20 10:11:40.607520,629.25,239195.0,234437.0
2025-06-20 10:11:44.599348,629.4,239195.0,234437.0
2025-06-20 10:11:45.025871,629.4,239457.0,234653.0
2025-06-20 10:11:48.602428,629.25,239457.0,234653.0
2025-06-20 10:11:50.602008,629.25,239457.0,234653.0
2025-06-20 10:11:50.713066,629.25,238296.0,237500.0
2025-06-20 10:11:52.613398,629.35,238296.0,237500.0
2025-06-20 10:11:56.506712,629.25,237112.0,234588.0
2025-06-20 10:11:56.595546,629.25,237112.0,234588.0
2025-06-20 10:11:58.607355,629.25,237112.0,234588.0
2025-06-20 10:12:02.603108,629.55,237112.0,234588.0
2025-06-20 10:12:02.712255,629.55,237925.0,230147.0
2025-06-20 10:12:06.602214,629.8,237925.0,230147.0
2025-06-20 10:12:08.604322,629.8,237925.0,230147.0
2025-06-20 10:12:09.516374,629.65,240363.0,227813.0
2025-06-20 10:12:12.604620,629.65,240363.0,227813.0
2025-06-20 10:12:15.950585,629.8,241343.0,230072.0
2025-06-20 10:12:17.615349,629.8,241343.0,230072.0
2025-06-20 10:12:20.630849,629.8,241343.0,230072.0
2025-06-20 10:12:22.242955,629.8,241794.0,227378.0
2025-06-20 10:12:23.602706,629.8,241794.0,227378.0
2025-06-20 10:12:28.373592,629.8,242438.0,228995.0
2025-06-20 10:12:30.619623,629.8,242438.0,228995.0
2025-06-20 10:12:32.618549,629.65,242438.0,228995.0
2025-06-20 10:12:34.531264,629.8,243355.0,227100.0
2025-06-20 10:12:34.610559,629.8,243355.0,227100.0
2025-06-20 10:12:40.364281,629.8,243316.0,228254.0
2025-06-20 10:12:40.511403,629.8,243316.0,228254.0
2025-06-20 10:12:40.604379,629.65,243316.0,228254.0
2025-06-20 10:12:40.888093,629.65,243316.0,228254.0
2025-06-20 10:12:41.131475,629.65,243316.0,228254.0
2025-06-20 10:12:42.284677,629.65,243316.0,228254.0
2025-06-20 10:12:43.426881,629.65,243316.0,228254.0
2025-06-20 10:12:44.631753,629.65,243316.0,228254.0
2025-06-20 10:12:45.343737,629.65,243316.0,228254.0
2025-06-20 10:12:46.349351,629.8,242896.0,226554.0
2025-06-20 10:12:46.619127,629.95,242896.0,226554.0
2025-06-20 10:12:46.648249,629.95,242896.0,226554.0
2025-06-20 10:12:47.654879,629.95,242896.0,226554.0
2025-06-20 10:12:49.147336,629.95,242896.0,226554.0
2025-06-20 10:12:50.471166,629.95,242896.0,226554.0
2025-06-20 10:12:50.603259,629.95,242896.0,226554.0
2025-06-20 10:12:51.693931,629.95,242896.0,226554.0
2025-06-20 10:12:52.144881,630.0,245578.0,225782.0
2025-06-20 10:12:52.613946,630.0,245578.0,225782.0
2025-06-20 10:12:53.253170,630.0,245578.0,225782.0
2025-06-20 10:12:56.611625,630.0,245578.0,225782.0
2025-06-20 10:12:57.948492,630.0,246516.0,225149.0
2025-06-20 10:13:03.363879,630.25,245908.0,225127.0
2025-06-20 10:13:04.609685,630.25,245908.0,225127.0
2025-06-20 10:13:06.608938,630.25,245908.0,225127.0
2025-06-20 10:13:09.154750,630.25,245915.0,225199.0
2025-06-20 10:13:10.612908,629.95,245915.0,225199.0
2025-06-20 10:13:12.607339,630.25,245915.0,225199.0
2025-06-20 10:13:14.907005,630.25,245395.0,225910.0
2025-06-20 10:13:18.607012,630.25,245395.0,225910.0
2025-06-20 10:13:20.608868,630.3,245395.0,225910.0
2025-06-20 10:13:20.878054,630.3,245463.0,225218.0
2025-06-20 10:13:22.617588,630.3,245463.0,225218.0
2025-06-20 10:13:27.071195,630.3,245525.0,225282.0
2025-06-20 10:13:28.601641,630.0,245525.0,225282.0
2025-06-20 10:13:30.607730,630.1,245525.0,225282.0
2025-06-20 10:13:33.272070,630.1,245520.0,225621.0
2025-06-20 10:13:36.612579,630.1,245520.0,225621.0
2025-06-20 10:13:39.493482,630.3,246383.0,223563.0
2025-06-20 10:13:40.609414,630.15,246383.0,223563.0
2025-06-20 10:13:44.637678,630.5,246383.0,223563.0
2025-06-20 10:13:45.484013,630.5,248225.0,220542.0
2025-06-20 10:13:50.626611,630.35,248225.0,220542.0
2025-06-20 10:13:50.985861,630.5,247700.0,220847.0
2025-06-20 10:13:52.618521,630.5,247700.0,220847.0
2025-06-20 10:13:56.590678,630.5,247361.0,221436.0
2025-06-20 10:14:00.609421,630.5,247361.0,221436.0
2025-06-20 10:14:02.204010,630.5,247596.0,223277.0
2025-06-20 10:14:06.624420,630.45,247596.0,223277.0
2025-06-20 10:14:07.792049,630.5,247880.0,223671.0
2025-06-20 10:14:08.618906,630.35,247880.0,223671.0
2025-06-20 10:14:10.613675,630.35,247880.0,223671.0
2025-06-20 10:14:13.703790,630.35,247897.0,223622.0
2025-06-20 10:14:16.615971,630.5,247897.0,223622.0
2025-06-20 10:14:19.502087,630.35,248307.0,222076.0
2025-06-20 10:14:20.612994,630.35,248307.0,222076.0
2025-06-20 10:14:22.614761,630.35,248307.0,222076.0
2025-06-20 10:14:24.632938,630.5,248307.0,222076.0
2025-06-20 10:14:25.504679,630.5,247983.0,221608.0
2025-06-20 10:14:26.610399,630.35,247983.0,221608.0
2025-06-20 10:14:30.614613,630.5,247983.0,221608.0
2025-06-20 10:14:31.420229,630.5,248440.0,221640.0
2025-06-20 10:14:32.612343,630.5,248440.0,221640.0
2025-06-20 10:14:34.663378,630.35,248440.0,221640.0
2025-06-20 10:14:37.009383,630.35,248330.0,221853.0
2025-06-20 10:14:40.611862,630.35,248330.0,221853.0
2025-06-20 10:14:42.647016,630.35,248330.0,221853.0
2025-06-20 10:14:42.648161,630.35,248340.0,222063.0
2025-06-20 10:14:46.608993,630.35,248340.0,222063.0
2025-06-20 10:14:48.379045,630.55,249972.0,221623.0
2025-06-20 10:14:48.615785,630.55,249972.0,221623.0
2025-06-20 10:14:52.647388,630.65,249972.0,221623.0
2025-06-20 10:14:54.251158,630.65,249846.0,221695.0
2025-06-20 10:14:56.611122,630.65,249846.0,221695.0
2025-06-20 10:14:58.614664,630.8,249846.0,221695.0
2025-06-20 10:15:00.523738,630.8,250212.0,217229.0
2025-06-20 10:15:02.612893,630.8,250212.0,217229.0
2025-06-20 10:15:04.612555,630.85,250212.0,217229.0
2025-06-20 10:15:06.732018,630.85,251947.0,218610.0
2025-06-20 10:15:08.613105,630.6,251947.0,218610.0
2025-06-20 10:15:10.613743,630.45,251947.0,218610.0
2025-06-20 10:15:12.611342,630.8,251947.0,218610.0
2025-06-20 10:15:13.237916,630.8,250440.0,223763.0
2025-06-20 10:15:16.649591,630.55,250440.0,223763.0
2025-06-20 10:15:18.619516,630.8,250440.0,223763.0
2025-06-20 10:15:19.541947,630.85,250500.0,223708.0
2025-06-20 10:15:20.618439,630.85,250500.0,223708.0
2025-06-20 10:15:24.617483,630.55,250500.0,223708.0
2025-06-20 10:15:25.947782,630.55,250599.0,223715.0
2025-06-20 10:15:28.608923,630.85,250599.0,223715.0
2025-06-20 10:15:32.153031,630.85,250901.0,222695.0
2025-06-20 10:15:34.614737,631.0,250901.0,222695.0
2025-06-20 10:15:36.624043,631.0,250901.0,222695.0
2025-06-20 10:15:38.164066,631.0,252467.0,219085.0
2025-06-20 10:15:40.639081,630.85,252467.0,219085.0
2025-06-20 10:15:40.958546,630.85,252467.0,219085.0
2025-06-20 10:15:41.388487,630.85,252467.0,219085.0
2025-06-20 10:15:42.158443,630.85,252467.0,219085.0
2025-06-20 10:15:42.626923,630.85,252467.0,219085.0
2025-06-20 10:15:42.754577,630.85,252467.0,219085.0
2025-06-20 10:15:43.422586,630.85,252467.0,219085.0
2025-06-20 10:15:44.168426,631.0,254435.0,219596.0
2025-06-20 10:15:44.448044,631.0,254435.0,219596.0
2025-06-20 10:15:44.616180,631.0,254435.0,219596.0
2025-06-20 10:15:44.809970,631.0,254435.0,219596.0
2025-06-20 10:15:45.759575,631.0,254435.0,219596.0
2025-06-20 10:15:47.097658,631.0,254435.0,219596.0
2025-06-20 10:15:48.072438,631.0,254435.0,219596.0
2025-06-20 10:15:48.613164,630.8,254435.0,219596.0
2025-06-20 10:15:49.583105,630.8,254435.0,219596.0
2025-06-20 10:15:50.061593,630.8,254773.0,219588.0
2025-06-20 10:15:50.871035,630.8,254773.0,219588.0
2025-06-20 10:15:52.099937,630.8,254773.0,219588.0
2025-06-20 10:15:52.616505,630.85,254773.0,219588.0
2025-06-20 10:15:53.684513,630.85,254773.0,219588.0
2025-06-20 10:15:54.616017,631.05,254773.0,219588.0
2025-06-20 10:15:56.565017,631.05,256627.0,216043.0
2025-06-20 10:16:00.621542,631.35,256627.0,216043.0
2025-06-20 10:16:02.669909,631.35,255722.0,215690.0
2025-06-20 10:16:04.625804,631.5,255722.0,215690.0
2025-06-20 10:16:08.615668,631.7,255722.0,215690.0
2025-06-20 10:16:08.773836,631.7,257144.0,214227.0
2025-06-20 10:16:12.618842,631.35,257144.0,214227.0
2025-06-20 10:16:14.777391,631.35,256893.0,214293.0
2025-06-20 10:16:16.616929,631.5,256893.0,214293.0
2025-06-20 10:16:21.382748,631.5,257294.0,213468.0
2025-06-20 10:16:23.613523,631.55,257294.0,213468.0
2025-06-20 10:16:26.649810,631.5,257294.0,213468.0
2025-06-20 10:16:27.783032,631.5,257968.0,213145.0
2025-06-20 10:16:32.616550,631.75,257968.0,213145.0
2025-06-20 10:16:34.293368,631.75,258508.0,214716.0
2025-06-20 10:16:35.619199,631.7,258508.0,214716.0
2025-06-20 10:16:40.593360,631.35,258322.0,215888.0
2025-06-20 10:16:40.619607,631.35,258322.0,215888.0
2025-06-20 10:16:46.795075,631.35,258527.0,215915.0
2025-06-20 10:16:49.625489,631.35,258527.0,215915.0
2025-06-20 10:16:52.624599,631.6,258527.0,215915.0
2025-06-20 10:16:53.101798,631.6,258638.0,215719.0
2025-06-20 10:16:54.684502,631.35,258638.0,215719.0
2025-06-20 10:16:56.622511,631.6,258638.0,215719.0
2025-06-20 10:16:59.207770,631.6,258449.0,216347.0
2025-06-20 10:17:00.660750,631.35,258449.0,216347.0
2025-06-20 10:17:02.626362,631.3,258449.0,216347.0
2025-06-20 10:17:04.625276,631.35,258449.0,216347.0
2025-06-20 10:17:05.108681,631.35,259091.0,215506.0
2025-06-20 10:17:06.624698,631.35,259091.0,215506.0
2025-06-20 10:17:08.630751,631.35,259091.0,215506.0
2025-06-20 10:17:10.628770,631.35,259091.0,215506.0
2025-06-20 10:17:11.114479,631.6,258359.0,215800.0
2025-06-20 10:17:12.633029,631.6,258359.0,215800.0
2025-06-20 10:17:17.330479,631.6,258375.0,215833.0
2025-06-20 10:17:18.624689,631.3,258375.0,215833.0
2025-06-20 10:17:20.625714,631.65,258375.0,215833.0
2025-06-20 10:17:23.121947,631.65,258378.0,215801.0
2025-06-20 10:17:29.125953,631.75,258508.0,215521.0
2025-06-20 10:17:29.625214,631.75,258508.0,215521.0
2025-06-20 10:17:32.624984,631.5,258508.0,215521.0
2025-06-20 10:17:35.353811,631.75,258999.0,213795.0
2025-06-20 10:17:35.624702,631.75,258999.0,213795.0
2025-06-20 10:17:41.233470,631.6,259258.0,213726.0
2025-06-20 10:17:42.624117,631.6,259258.0,213726.0
2025-06-20 10:17:44.624916,631.9,259258.0,213726.0
2025-06-20 10:17:47.034651,631.65,266610.0,212399.0
2025-06-20 10:17:48.622963,631.65,266610.0,212399.0
2025-06-20 10:17:53.140340,631.9,266527.0,210053.0
2025-06-20 10:17:53.628279,631.9,266527.0,210053.0
2025-06-20 10:17:56.631324,631.8,266527.0,210053.0
2025-06-20 10:17:59.540296,632.0,266918.0,211049.0
2025-06-20 10:17:59.625191,632.0,266918.0,211049.0
2025-06-20 10:18:03.628073,632.0,266918.0,211049.0
2025-06-20 10:18:05.862119,632.05,266715.0,208939.0
2025-06-20 10:18:06.625692,632.05,266715.0,208939.0
2025-06-20 10:18:08.628866,632.35,266715.0,208939.0
2025-06-20 10:18:11.628695,632.05,266715.0,208939.0
2025-06-20 10:18:11.950433,632.05,266657.0,209118.0
2025-06-20 10:18:14.682591,632.0,266657.0,209118.0
2025-06-20 10:18:17.631736,632.35,266657.0,209118.0
2025-06-20 10:18:17.659987,632.35,266669.0,207860.0
2025-06-20 10:18:20.632638,632.0,266669.0,207860.0
2025-06-20 10:18:23.956126,631.95,264883.0,211989.0
2025-06-20 10:18:24.627291,631.8,264883.0,211989.0
2025-06-20 10:18:30.959193,632.1,266554.0,211244.0
2025-06-20 10:18:33.628980,632.1,266554.0,211244.0
2025-06-20 10:18:35.633904,632.15,266554.0,211244.0
2025-06-20 10:18:37.062359,631.8,264822.0,213998.0
2025-06-20 10:18:38.635779,631.65,264822.0,213998.0
2025-06-20 10:18:41.340915,631.65,264822.0,213998.0
2025-06-20 10:18:41.630814,631.65,264822.0,213998.0
2025-06-20 10:18:41.669261,631.65,264822.0,213998.0
2025-06-20 10:18:42.118411,631.65,264822.0,213998.0
2025-06-20 10:18:42.928650,631.65,266376.0,213519.0
2025-06-20 10:18:42.972291,631.65,266376.0,213519.0
2025-06-20 10:18:43.299051,631.65,266376.0,213519.0
2025-06-20 10:18:44.433540,631.65,266376.0,213519.0
2025-06-20 10:18:45.419046,631.65,266376.0,213519.0
2025-06-20 10:18:46.343514,631.65,266376.0,213519.0
2025-06-20 10:18:47.676647,631.65,266376.0,213519.0
2025-06-20 10:18:48.630418,631.85,266376.0,213519.0
2025-06-20 10:18:48.681791,631.85,266376.0,213519.0
2025-06-20 10:18:48.700966,631.85,266556.0,214003.0
2025-06-20 10:18:50.197364,631.85,266556.0,214003.0
2025-06-20 10:18:51.456132,631.85,266556.0,214003.0
2025-06-20 10:18:52.711790,631.85,266556.0,214003.0
2025-06-20 10:18:54.338592,631.85,266556.0,214003.0
2025-06-20 10:18:54.473544,631.85,267416.0,211412.0
2025-06-20 10:18:56.634658,631.85,267416.0,211412.0
2025-06-20 10:18:59.678793,631.9,267416.0,211412.0
2025-06-20 10:19:00.681800,631.95,267313.0,211198.0
2025-06-20 10:19:02.648513,631.95,267313.0,211198.0
2025-06-20 10:19:06.634759,632.25,267313.0,211198.0
2025-06-20 10:19:07.180217,632.25,267892.0,207987.0
2025-06-20 10:19:08.633339,632.0,267892.0,207987.0
2025-06-20 10:19:11.644308,632.3,267892.0,207987.0
2025-06-20 10:19:13.283624,632.0,266950.0,210211.0
2025-06-20 10:19:15.672487,632.0,266950.0,210211.0
2025-06-20 10:19:17.680028,632.0,266950.0,210211.0
2025-06-20 10:19:19.398579,632.0,268396.0,211825.0
2025-06-20 10:19:21.687485,632.0,268396.0,211825.0
2025-06-20 10:19:23.654617,631.95,268396.0,211825.0
2025-06-20 10:19:25.292949,631.95,266953.0,211967.0
2025-06-20 10:19:26.694501,631.95,266953.0,211967.0
2025-06-20 10:19:29.881351,631.95,266953.0,211967.0
2025-06-20 10:19:31.599084,631.95,268773.0,212057.0
2025-06-20 10:19:33.702950,631.95,268773.0,212057.0
2025-06-20 10:19:36.651142,632.0,268773.0,212057.0
2025-06-20 10:19:37.673178,631.95,268728.0,211983.0
2025-06-20 10:19:38.648573,631.95,268728.0,211983.0
2025-06-20 10:19:41.681533,631.95,268728.0,211983.0
2025-06-20 10:19:43.606466,632.0,267412.0,212561.0
2025-06-20 10:19:44.638699,631.95,267412.0,212561.0
2025-06-20 10:19:47.650325,631.95,267412.0,212561.0
2025-06-20 10:19:49.317207,631.95,266910.0,214257.0
2025-06-20 10:19:51.644333,631.95,266910.0,214257.0
2025-06-20 10:19:55.023466,631.95,267073.0,213965.0
2025-06-20 10:19:56.639361,631.95,267073.0,213965.0
2025-06-20 10:19:59.644543,632.25,267073.0,213965.0
2025-06-20 10:20:01.035256,632.25,269563.0,210716.0
2025-06-20 10:20:07.684207,632.3,268600.0,211088.0
2025-06-20 10:20:07.686359,632.3,268600.0,211088.0
2025-06-20 10:20:10.676091,632.25,268600.0,211088.0
2025-06-20 10:20:13.683120,632.25,268600.0,211088.0
2025-06-20 10:20:14.142447,632.25,268544.0,211274.0
2025-06-20 10:20:16.684916,632.4,268544.0,211274.0
2025-06-20 10:20:19.649822,632.25,268544.0,211274.0
2025-06-20 10:20:20.542425,632.25,266630.0,212244.0
2025-06-20 10:20:26.361699,632.25,268008.0,213611.0
2025-06-20 10:20:26.643630,632.25,268008.0,213611.0
2025-06-20 10:20:31.653827,632.25,268008.0,213611.0
2025-06-20 10:20:32.459827,632.25,268465.0,211947.0
2025-06-20 10:20:38.560977,632.25,268436.0,212614.0
2025-06-20 10:20:40.653673,632.1,268436.0,212614.0
2025-06-20 10:20:44.766900,632.15,267987.0,212691.0
2025-06-20 10:20:47.650122,632.25,267987.0,212691.0
2025-06-20 10:20:50.751871,632.25,267949.0,212632.0
2025-06-20 10:20:55.660701,632.25,267949.0,212632.0
2025-06-20 10:20:56.917458,632.0,268075.0,212685.0
2025-06-20 10:20:58.683364,632.0,268075.0,212685.0
2025-06-20 10:21:03.174518,632.25,267953.0,212176.0
2025-06-20 10:21:04.711148,632.25,267953.0,212176.0
2025-06-20 10:21:08.649484,632.05,267953.0,212176.0
2025-06-20 10:21:09.576308,632.05,268171.0,212060.0
2025-06-20 10:21:11.649633,632.35,268171.0,212060.0
2025-06-20 10:21:15.788641,632.35,268504.0,212437.0
2025-06-20 10:21:19.675044,632.3,268504.0,212437.0
2025-06-20 10:21:21.785319,632.3,268808.0,212628.0
2025-06-20 10:21:27.690607,632.35,268377.0,212477.0
2025-06-20 10:21:28.658493,632.35,268377.0,212477.0
2025-06-20 10:21:32.201293,632.05,268377.0,212477.0
2025-06-20 10:21:33.792083,632.05,268389.0,212713.0
2025-06-20 10:21:37.702397,632.35,268389.0,212713.0
2025-06-20 10:21:39.695795,632.35,268675.0,212765.0
2025-06-20 10:21:41.649189,632.05,268675.0,212765.0
2025-06-20 10:21:41.813030,632.05,268675.0,212765.0
2025-06-20 10:21:42.166698,632.05,268675.0,212765.0
2025-06-20 10:21:43.088412,632.05,268675.0,212765.0
2025-06-20 10:21:43.658950,632.35,268675.0,212765.0
2025-06-20 10:21:43.718423,632.35,268675.0,212765.0
2025-06-20 10:21:44.431727,632.35,268675.0,212765.0
2025-06-20 10:21:45.453160,632.35,268675.0,212765.0
2025-06-20 10:21:45.700822,632.35,268662.0,212492.0
2025-06-20 10:21:45.822060,632.35,268662.0,212492.0
2025-06-20 10:21:46.819395,632.35,268662.0,212492.0
2025-06-20 10:21:48.130243,632.35,268662.0,212492.0
2025-06-20 10:21:49.107315,632.35,268662.0,212492.0
2025-06-20 10:21:49.700903,632.1,268662.0,212492.0
2025-06-20 10:21:50.695496,632.1,268662.0,212492.0
2025-06-20 10:21:51.307306,632.35,275383.0,218948.0
2025-06-20 10:21:51.947755,632.35,275383.0,218948.0
2025-06-20 10:21:52.715912,632.35,275383.0,218948.0
2025-06-20 10:21:53.183258,632.35,275383.0,218948.0
2025-06-20 10:21:54.789117,632.35,275383.0,218948.0
2025-06-20 10:21:56.808507,632.15,275273.0,219218.0
2025-06-20 10:21:58.650646,632.15,275273.0,219218.0
2025-06-20 10:22:02.615007,632.1,275146.0,219485.0
2025-06-20 10:22:02.694144,632.1,275146.0,219485.0
2025-06-20 10:22:07.999699,632.3,275146.0,219485.0
2025-06-20 10:22:08.579285,632.3,275228.0,219546.0
2025-06-20 10:22:11.727153,632.1,275228.0,219546.0
2025-06-20 10:22:14.521326,632.1,274908.0,220035.0
2025-06-20 10:22:16.668769,632.25,274908.0,220035.0
2025-06-20 10:22:19.659373,632.1,274908.0,220035.0
2025-06-20 10:22:20.725004,632.1,275164.0,219857.0
2025-06-20 10:22:25.659957,632.3,275164.0,219857.0
2025-06-20 10:22:26.825559,632.3,275228.0,219808.0
2025-06-20 10:22:28.683566,632.1,275228.0,219808.0
2025-06-20 10:22:31.699281,632.3,275228.0,219808.0
2025-06-20 10:22:33.035061,632.3,290382.0,219664.0
2025-06-20 10:22:37.662256,632.35,290382.0,219664.0
2025-06-20 10:22:38.636005,632.05,289908.0,219274.0
2025-06-20 10:22:39.661632,632.3,289908.0,219274.0
2025-06-20 10:22:41.705303,632.05,289908.0,219274.0
2025-06-20 10:22:44.342417,632.05,290133.0,219401.0
2025-06-20 10:22:47.661598,632.3,290133.0,219401.0
2025-06-20 10:22:49.840133,632.3,290566.0,218752.0
2025-06-20 10:22:55.664362,632.3,290566.0,218752.0
2025-06-20 10:22:55.955544,632.3,290554.0,219376.0
2025-06-20 10:23:01.661567,632.3,290554.0,219376.0
2025-06-20 10:23:02.147072,632.3,290590.0,219644.0
2025-06-20 10:23:03.728998,632.1,290590.0,219644.0
2025-06-20 10:23:08.050816,632.3,290500.0,219579.0
2025-06-20 10:23:09.712313,632.3,290500.0,219579.0
2025-06-20 10:23:11.738773,632.35,290500.0,219579.0
2025-06-20 10:23:13.661436,632.35,290541.0,219335.0
2025-06-20 10:23:15.668729,632.1,290541.0,219335.0
2025-06-20 10:23:19.384210,632.4,290286.0,219259.0
2025-06-20 10:23:19.669245,632.4,290286.0,219259.0
2025-06-20 10:23:25.372362,632.4,290331.0,219209.0
2025-06-20 10:23:27.659915,632.3,290331.0,219209.0
2025-06-20 10:23:29.660964,632.15,290331.0,219209.0
2025-06-20 10:23:31.104550,632.15,290012.0,219290.0
2025-06-20 10:23:31.700548,632.15,290012.0,219290.0
2025-06-20 10:23:35.667403,632.35,290012.0,219290.0
2025-06-20 10:23:36.769755,632.35,289684.0,219490.0
2025-06-20 10:23:37.663130,632.15,289684.0,219490.0
2025-06-20 10:23:39.663901,632.2,289684.0,219490.0
2025-06-20 10:23:41.663654,632.2,289684.0,219490.0
2025-06-20 10:23:42.774901,632.2,289359.0,219315.0
2025-06-20 10:23:43.668646,632.35,289359.0,219315.0
2025-06-20 10:23:48.913601,632.35,289507.0,219642.0
2025-06-20 10:23:51.703586,632.35,289507.0,219642.0
2025-06-20 10:23:54.486123,632.35,289469.0,219699.0
2025-06-20 10:23:59.665635,632.15,289469.0,219699.0
2025-06-20 10:24:00.184972,632.15,289650.0,219517.0
2025-06-20 10:24:05.588313,632.15,289627.0,219596.0
2025-06-20 10:24:07.728738,632.35,289627.0,219596.0
2025-06-20 10:24:09.773191,632.15,289627.0,219596.0
2025-06-20 10:24:11.199538,632.15,289486.0,219432.0
2025-06-20 10:24:11.705941,632.15,289486.0,219432.0
2025-06-20 10:24:14.128687,632.45,289486.0,219432.0
2025-06-20 10:24:15.700832,632.4,289486.0,219432.0
2025-06-20 10:24:17.098524,632.4,290075.0,216827.0
2025-06-20 10:24:19.701347,632.5,290075.0,216827.0
2025-06-20 10:24:22.601665,632.5,293024.0,214250.0
2025-06-20 10:24:23.701253,632.55,293024.0,214250.0
2025-06-20 10:24:27.701112,632.8,293024.0,214250.0
2025-06-20 10:24:28.205023,632.8,291899.0,214092.0
2025-06-20 10:24:31.661614,632.95,291899.0,214092.0
2025-06-20 10:24:33.667040,632.9,291899.0,214092.0
2025-06-20 10:24:34.007509,632.9,289906.0,214741.0
2025-06-20 10:24:35.666069,632.55,289906.0,214741.0
2025-06-20 10:24:37.662612,632.55,289906.0,214741.0
2025-06-20 10:24:39.664559,632.8,289906.0,214741.0
2025-06-20 10:24:39.926158,632.8,290197.0,214711.0
2025-06-20 10:24:41.668397,632.6,290197.0,214711.0
2025-06-20 10:24:42.290011,632.6,290197.0,214711.0
2025-06-20 10:24:43.494911,632.6,290197.0,214711.0
2025-06-20 10:24:44.032747,632.6,290197.0,214711.0
2025-06-20 10:24:45.054001,632.6,290197.0,214711.0
2025-06-20 10:24:45.720862,632.6,290205.0,214713.0
2025-06-20 10:24:46.074025,632.6,290205.0,214713.0
2025-06-20 10:24:47.644290,632.6,290205.0,214713.0
2025-06-20 10:24:47.705091,632.8,290205.0,214713.0
2025-06-20 10:24:48.783290,632.8,290205.0,214713.0
2025-06-20 10:24:49.782741,632.8,290205.0,214713.0
2025-06-20 10:24:51.291266,632.8,290205.0,214713.0
2025-06-20 10:24:51.519732,632.6,290257.0,214701.0
2025-06-20 10:24:51.667262,632.6,290257.0,214701.0
2025-06-20 10:24:52.566322,632.6,290257.0,214701.0
2025-06-20 10:24:53.829748,632.6,290257.0,214701.0
2025-06-20 10:24:55.422023,632.6,290257.0,214701.0
2025-06-20 10:24:55.684521,632.8,290257.0,214701.0
2025-06-20 10:24:57.215454,632.8,290413.0,214682.0
2025-06-20 10:25:03.023186,632.8,290541.0,214119.0
2025-06-20 10:25:03.671986,632.8,290541.0,214119.0
2025-06-20 10:25:05.662644,632.65,290541.0,214119.0
2025-06-20 10:25:09.310171,632.9,290413.0,214343.0
2025-06-20 10:25:09.700180,632.9,290413.0,214343.0
2025-06-20 10:25:13.658172,632.95,290413.0,214343.0
2025-06-20 10:25:15.528585,632.95,290742.0,214014.0
2025-06-20 10:25:16.672276,632.9,290742.0,214014.0
2025-06-20 10:25:18.668798,632.65,290742.0,214014.0
2025-06-20 10:25:21.532478,632.9,290589.0,214387.0
2025-06-20 10:25:21.659906,632.9,290589.0,214387.0
2025-06-20 10:25:24.672764,632.9,290589.0,214387.0
2025-06-20 10:25:27.635022,632.9,291782.0,214520.0
2025-06-20 10:25:28.660667,632.9,291782.0,214520.0
2025-06-20 10:25:33.742495,633.0,292811.0,209295.0
2025-06-20 10:25:34.662304,633.0,292811.0,209295.0
2025-06-20 10:25:36.669085,633.1,292811.0,209295.0
2025-06-20 10:25:39.689544,633.15,292811.0,209295.0
2025-06-20 10:25:40.045912,633.15,293408.0,211724.0
2025-06-20 10:25:42.715289,633.25,293408.0,211724.0
2025-06-20 10:25:45.667008,633.3,293408.0,211724.0
2025-06-20 10:25:46.253229,633.4,293081.0,211889.0
2025-06-20 10:25:49.664897,633.4,293081.0,211889.0
2025-06-20 10:25:51.680029,633.55,293081.0,211889.0
2025-06-20 10:25:52.354297,633.55,293599.0,212511.0
2025-06-20 10:25:55.668498,633.5,293599.0,212511.0
2025-06-20 10:25:57.676512,633.5,293599.0,212511.0
2025-06-20 10:25:58.259632,633.5,292539.0,211401.0
2025-06-20 10:26:00.663665,633.5,292539.0,211401.0
2025-06-20 10:26:03.675331,633.5,292539.0,211401.0
2025-06-20 10:26:04.061418,633.5,292365.0,211962.0
2025-06-20 10:26:07.670290,633.2,292365.0,211962.0
2025-06-20 10:26:10.369819,633.15,292375.0,211256.0
2025-06-20 10:26:10.669118,633.3,292375.0,211256.0
2025-06-20 10:26:15.671575,633.8,292375.0,211256.0
2025-06-20 10:26:16.679766,633.8,292947.0,209927.0
2025-06-20 10:26:18.676927,633.6,292947.0,209927.0
2025-06-20 10:26:22.881506,633.8,293029.0,209946.0
2025-06-20 10:26:24.672903,633.6,293029.0,209946.0
2025-06-20 10:26:27.687916,633.6,293029.0,209946.0
2025-06-20 10:26:29.188714,633.6,292781.0,213263.0
2025-06-20 10:26:30.697036,633.6,292781.0,213263.0
2025-06-20 10:26:33.673154,633.6,292781.0,213263.0
2025-06-20 10:26:35.189175,633.35,292172.0,214534.0
2025-06-20 10:26:37.680732,633.35,292172.0,214534.0
2025-06-20 10:26:39.682594,633.6,292172.0,214534.0
2025-06-20 10:26:41.786448,633.45,293251.0,214223.0
2025-06-20 10:26:42.721035,633.45,293251.0,214223.0
2025-06-20 10:26:46.713505,633.4,293251.0,214223.0
2025-06-20 10:26:48.007378,633.6,292653.0,214400.0
2025-06-20 10:26:48.673629,633.6,292653.0,214400.0
2025-06-20 10:26:54.103090,633.6,292665.0,214532.0
2025-06-20 10:26:54.708319,633.6,292665.0,214532.0
2025-06-20 10:26:57.703803,633.4,292665.0,214532.0
2025-06-20 10:27:00.642194,633.4,292978.0,214782.0
2025-06-20 10:27:03.697496,633.6,292978.0,214782.0
2025-06-20 10:27:06.745158,633.6,293002.0,212636.0
2025-06-20 10:27:12.710828,633.8,293002.0,212636.0
2025-06-20 10:27:13.450252,633.8,294504.0,211238.0
2025-06-20 10:27:20.025630,633.8,294521.0,211246.0
2025-06-20 10:27:21.709601,633.8,294521.0,211246.0
2025-06-20 10:27:25.353212,633.8,294521.0,211246.0
2025-06-20 10:27:26.531430,633.8,293772.0,211298.0
2025-06-20 10:27:28.748999,633.75,293772.0,211298.0
2025-06-20 10:27:33.333212,633.75,292999.0,211757.0
2025-06-20 10:27:35.672364,633.85,292999.0,211757.0
2025-06-20 10:27:38.721882,633.45,292999.0,211757.0
2025-06-20 10:27:39.843582,633.45,292864.0,211986.0
2025-06-20 10:27:41.671619,633.45,292864.0,211986.0
2025-06-20 10:27:42.660572,633.45,292864.0,211986.0
2025-06-20 10:27:43.019119,633.45,292864.0,211986.0
2025-06-20 10:27:44.235607,633.45,292864.0,211986.0
2025-06-20 10:27:45.266486,633.45,292864.0,211986.0
2025-06-20 10:27:45.682910,633.3,292864.0,211986.0
2025-06-20 10:27:45.738345,633.3,292864.0,211986.0
2025-06-20 10:27:46.245790,633.5,291286.0,215732.0
2025-06-20 10:27:46.280824,633.5,291286.0,215732.0
2025-06-20 10:27:47.678659,633.5,291286.0,215732.0
2025-06-20 10:27:49.003989,633.5,291286.0,215732.0
2025-06-20 10:27:49.683656,633.5,291286.0,215732.0
2025-06-20 10:27:50.018005,633.5,291286.0,215732.0
2025-06-20 10:27:51.499623,633.5,291286.0,215732.0
2025-06-20 10:27:51.685324,633.45,291286.0,215732.0
2025-06-20 10:27:52.551247,633.45,291608.0,215705.0
2025-06-20 10:27:52.833306,633.45,291608.0,215705.0
2025-06-20 10:27:54.020649,633.45,291608.0,215705.0
2025-06-20 10:27:55.610826,633.45,291608.0,215705.0
2025-06-20 10:27:55.719362,633.6,291608.0,215705.0
2025-06-20 10:27:57.693230,633.25,291608.0,215705.0
2025-06-20 10:27:59.054919,633.55,291954.0,215653.0
2025-06-20 10:28:00.672167,633.55,291954.0,215653.0
2025-06-20 10:28:02.704462,633.25,291954.0,215653.0
2025-06-20 10:28:05.163011,633.25,292514.0,213309.0
2025-06-20 10:28:08.677166,633.25,292514.0,213309.0
2025-06-20 10:28:10.678727,633.25,292514.0,213309.0
2025-06-20 10:28:11.265408,633.25,291295.0,218489.0
2025-06-20 10:28:17.297659,633.45,291375.0,217721.0
2025-06-20 10:28:18.677211,633.45,291375.0,217721.0
2025-06-20 10:28:23.274155,633.2,291751.0,218866.0
2025-06-20 10:28:24.679745,633.45,291751.0,218866.0
2025-06-20 10:28:29.279105,633.45,292292.0,214060.0
2025-06-20 10:28:30.676747,633.45,292292.0,214060.0
2025-06-20 10:28:33.754415,633.45,292292.0,214060.0
2025-06-20 10:28:35.486945,633.45,293477.0,212684.0
2025-06-20 10:28:39.696035,633.85,293477.0,212684.0
2025-06-20 10:28:41.498273,633.45,293509.0,213000.0
2025-06-20 10:28:41.689397,633.45,293509.0,213000.0
2025-06-20 10:28:44.682462,633.45,293509.0,213000.0
2025-06-20 10:28:47.788239,633.55,292112.0,213742.0
2025-06-20 10:28:48.676002,633.55,292112.0,213742.0
2025-06-20 10:28:54.089569,633.55,291946.0,215270.0
2025-06-20 10:28:56.711366,633.55,291946.0,215270.0
2025-06-20 10:28:59.995204,633.55,291996.0,214852.0
2025-06-20 10:29:03.676225,633.6,291996.0,214852.0
2025-06-20 10:29:05.906610,633.6,292541.0,213656.0
2025-06-20 10:29:09.685070,633.75,292541.0,213656.0
2025-06-20 10:29:11.696324,633.75,292541.0,213656.0
2025-06-20 10:29:12.105007,633.65,292719.0,209889.0
2025-06-20 10:29:13.681703,633.65,292719.0,209889.0
2025-06-20 10:29:15.686701,633.9,292719.0,209889.0
2025-06-20 10:29:18.373600,633.9,292476.0,212514.0
2025-06-20 10:29:19.698921,633.75,292476.0,212514.0
2025-06-20 10:29:24.110621,633.75,292872.0,212105.0
2025-06-20 10:29:27.690550,633.6,292872.0,212105.0
2025-06-20 10:29:29.729520,633.6,292298.0,213484.0
2025-06-20 10:29:31.696596,633.1,292298.0,213484.0
2025-06-20 10:29:35.321706,633.55,292862.0,215648.0
2025-06-20 10:29:35.686441,633.55,292862.0,215648.0
2025-06-20 10:29:41.227254,633.35,292683.0,215289.0
2025-06-20 10:29:42.682686,633.35,292683.0,215289.0
2025-06-20 10:29:44.829555,633.6,292683.0,215289.0
2025-06-20 10:29:47.229034,633.6,292759.0,215708.0
2025-06-20 10:29:53.231424,633.55,292664.0,215704.0
2025-06-20 10:29:53.719362,633.55,292664.0,215704.0
2025-06-20 10:29:58.751192,633.55,292726.0,215616.0
2025-06-20 10:29:59.692249,633.55,292726.0,215616.0
2025-06-20 10:30:01.712496,633.55,292726.0,215616.0
2025-06-20 10:30:04.246363,633.55,292765.0,216716.0
2025-06-20 10:30:07.697474,633.6,292765.0,216716.0
2025-06-20 10:30:10.349363,633.6,293482.0,216544.0
2025-06-20 10:30:11.707790,633.35,293482.0,216544.0
2025-06-20 10:30:15.730756,633.35,293482.0,216544.0
2025-06-20 10:30:16.350045,633.4,292558.0,216640.0
2025-06-20 10:30:17.697668,633.4,292558.0,216640.0
2025-06-20 10:30:22.255275,633.4,292519.0,216479.0
2025-06-20 10:30:23.728046,633.6,292519.0,216479.0
2025-06-20 10:30:27.994566,633.6,292543.0,215036.0
2025-06-20 10:30:33.565556,633.6,292543.0,216474.0
2025-06-20 10:30:34.696321,633.4,292543.0,216474.0
2025-06-20 10:30:39.480962,633.6,292607.0,216497.0
2025-06-20 10:30:39.698378,633.6,292607.0,216497.0
2025-06-20 10:30:42.690794,633.4,292607.0,216497.0
2025-06-20 10:30:43.171406,633.4,292607.0,216497.0
2025-06-20 10:30:44.211086,633.4,292607.0,216497.0
2025-06-20 10:30:45.186421,633.4,292208.0,216590.0
2025-06-20 10:30:45.302908,633.4,292208.0,216590.0
2025-06-20 10:30:46.460425,633.4,292208.0,216590.0
2025-06-20 10:30:47.656136,633.4,292208.0,216590.0
2025-06-20 10:30:48.378536,633.4,292208.0,216590.0
2025-06-20 10:30:48.684880,633.6,292208.0,216590.0
2025-06-20 10:30:49.723983,633.6,292208.0,216590.0
2025-06-20 10:30:50.744636,633.6,292208.0,216590.0
2025-06-20 10:30:50.776555,633.95,293156.0,212926.0
2025-06-20 10:30:51.691014,633.65,293156.0,212926.0
2025-06-20 10:30:52.248401,633.65,293156.0,212926.0
2025-06-20 10:30:53.525505,633.65,293156.0,212926.0
2025-06-20 10:30:54.691676,633.85,293156.0,212926.0
2025-06-20 10:30:54.799297,633.85,293156.0,212926.0
2025-06-20 10:30:56.376676,633.9,293107.0,212940.0
2025-06-20 10:30:56.453922,633.9,293107.0,212940.0
2025-06-20 10:30:57.731392,633.9,293107.0,212940.0
2025-06-20 10:31:00.692009,633.95,293107.0,212940.0
2025-06-20 10:31:02.581363,633.95,293329.0,212580.0
2025-06-20 10:31:04.697507,634.0,293329.0,212580.0
2025-06-20 10:31:06.723660,633.9,293329.0,212580.0
2025-06-20 10:31:08.887443,634.0,292500.0,210373.0
2025-06-20 10:31:10.708434,634.2,292500.0,210373.0
2025-06-20 10:31:12.710388,634.2,292500.0,210373.0
2025-06-20 10:31:15.001476,634.45,293659.0,211916.0
2025-06-20 10:31:16.707540,634.4,293659.0,211916.0
2025-06-20 10:31:19.698403,634.6,293659.0,211916.0
2025-06-20 10:31:21.004439,634.5,296181.0,209003.0
2025-06-20 10:31:21.716226,634.95,296181.0,209003.0
2025-06-20 10:31:25.687746,634.95,296181.0,209003.0
2025-06-20 10:31:26.908187,634.95,296531.0,208845.0
2025-06-20 10:31:28.741241,634.95,296531.0,208845.0
2025-06-20 10:31:31.762160,635.0,296531.0,208845.0
2025-06-20 10:31:32.632731,634.5,298327.0,209035.0
2025-06-20 10:31:34.744286,634.5,298327.0,209035.0
2025-06-20 10:31:37.703434,634.75,298327.0,209035.0
2025-06-20 10:31:38.814902,634.5,298710.0,210129.0
2025-06-20 10:31:41.044180,634.5,298710.0,210129.0
2025-06-20 10:31:43.734953,634.7,298710.0,210129.0
2025-06-20 10:31:44.736868,634.7,298458.0,209900.0
2025-06-20 10:31:50.635906,634.8,298519.0,211243.0
2025-06-20 10:31:51.702922,634.85,298519.0,211243.0
2025-06-20 10:31:55.743265,634.8,298519.0,211243.0
2025-06-20 10:31:56.517030,634.4,297805.0,210876.0
2025-06-20 10:31:57.739946,634.4,297805.0,210876.0
2025-06-20 10:32:00.743305,634.3,297805.0,210876.0
2025-06-20 10:32:02.226809,634.6,298106.0,213432.0
2025-06-20 10:32:04.757138,634.35,298106.0,213432.0
2025-06-20 10:32:08.656155,634.7,300502.0,211464.0
2025-06-20 10:32:08.700178,634.7,300502.0,211464.0
2025-06-20 10:32:12.694914,634.5,300502.0,211464.0
2025-06-20 10:32:14.840719,634.5,300104.0,212077.0
2025-06-20 10:32:16.698924,634.8,300104.0,212077.0
2025-06-20 10:32:20.715503,634.75,300104.0,212077.0
2025-06-20 10:32:21.235929,634.75,300419.0,211918.0
2025-06-20 10:32:24.698953,634.5,300419.0,211918.0
2025-06-20 10:32:27.465566,634.5,300269.0,211955.0
2025-06-20 10:32:30.743828,634.5,300269.0,211955.0
2025-06-20 10:32:33.646159,634.45,298710.0,213105.0
2025-06-20 10:32:33.693866,634.45,298710.0,213105.0
2025-06-20 10:32:36.736825,634.65,298710.0,213105.0
2025-06-20 10:32:39.736656,634.45,298710.0,213105.0
2025-06-20 10:32:39.849228,634.45,299880.0,214722.0
2025-06-20 10:32:42.729653,634.6,299880.0,214722.0
2025-06-20 10:32:45.728517,634.45,299880.0,214722.0
2025-06-20 10:32:45.758446,634.45,300152.0,214229.0
2025-06-20 10:32:49.691664,634.7,300152.0,214229.0
2025-06-20 10:32:51.875377,634.45,300830.0,214438.0
2025-06-20 10:32:52.731999,634.45,300830.0,214438.0
2025-06-20 10:32:57.703386,634.7,300830.0,214438.0
2025-06-20 10:32:58.058096,634.7,301310.0,214443.0
2025-06-20 10:33:03.892072,634.7,301045.0,212080.0
2025-06-20 10:33:09.151832,634.7,301045.0,212080.0
2025-06-20 10:33:09.491437,634.7,302292.0,212053.0
2025-06-20 10:33:10.844854,634.5,302292.0,212053.0
2025-06-20 10:33:12.700076,634.5,302292.0,212053.0
2025-06-20 10:33:15.365913,634.5,302494.0,212346.0
2025-06-20 10:33:16.695579,634.5,302494.0,212346.0
2025-06-20 10:33:18.707710,634.5,302494.0,212346.0
2025-06-20 10:33:20.693533,634.7,302494.0,212346.0
2025-06-20 10:33:21.276236,634.7,303026.0,212143.0
2025-06-20 10:33:24.693590,634.5,303026.0,212143.0
2025-06-20 10:33:27.283052,634.8,302606.0,212434.0
2025-06-20 10:33:28.759257,634.8,302606.0,212434.0
2025-06-20 10:33:33.391326,634.8,302865.0,210836.0
2025-06-20 10:33:36.707775,634.5,302865.0,210836.0
2025-06-20 10:33:39.381314,634.5,302545.0,213343.0
2025-06-20 10:33:43.643903,634.5,302545.0,213343.0
2025-06-20 10:33:43.720720,634.8,302545.0,213343.0
2025-06-20 10:33:44.031956,634.8,302545.0,213343.0
2025-06-20 10:33:45.023227,634.8,302545.0,213343.0
2025-06-20 10:33:45.285702,634.8,302736.0,212266.0
2025-06-20 10:33:45.302395,634.8,302736.0,212266.0
2025-06-20 10:33:46.374258,634.8,302736.0,212266.0
2025-06-20 10:33:47.410663,634.8,302736.0,212266.0
2025-06-20 10:33:48.824200,634.8,302736.0,212266.0
2025-06-20 10:33:50.130285,634.8,302736.0,212266.0
2025-06-20 10:33:51.077778,634.8,302340.0,217506.0
2025-06-20 10:33:51.345164,634.8,302340.0,217506.0
2025-06-20 10:33:51.698534,634.8,302340.0,217506.0
2025-06-20 10:33:52.662073,634.8,302340.0,217506.0
2025-06-20 10:33:53.948808,634.8,302340.0,217506.0
2025-06-20 10:33:54.742164,634.8,302340.0,217506.0
2025-06-20 10:33:55.226494,634.8,302340.0,217506.0
2025-06-20 10:33:56.827191,634.8,302340.0,217506.0
2025-06-20 10:33:57.002188,634.8,302375.0,217408.0
2025-06-20 10:34:00.698419,634.8,302375.0,217408.0
2025-06-20 10:34:02.727467,634.8,302417.0,217111.0
2025-06-20 10:34:07.694227,634.55,302417.0,217111.0
2025-06-20 10:34:08.509818,634.55,302546.0,216762.0
2025-06-20 10:34:10.746081,634.6,302546.0,216762.0
2025-06-20 10:34:13.693792,634.6,302546.0,216762.0
2025-06-20 10:34:14.512179,634.6,302914.0,217084.0
2025-06-20 10:34:15.730121,634.85,302914.0,217084.0
2025-06-20 10:34:20.232664,634.85,303050.0,216947.0
2025-06-20 10:34:24.739634,634.85,303050.0,216947.0
2025-06-20 10:34:25.729744,634.85,301690.0,216857.0
2025-06-20 10:34:27.749796,634.6,301690.0,216857.0
2025-06-20 10:34:31.427973,634.75,302859.0,215710.0
2025-06-20 10:34:31.702234,634.75,302859.0,215710.0
2025-06-20 10:34:37.119468,634.4,301394.0,219425.0
2025-06-20 10:34:37.694976,634.4,301394.0,219425.0
2025-06-20 10:34:39.733990,634.3,301394.0,219425.0
2025-06-20 10:34:42.743814,634.2,301394.0,219425.0
2025-06-20 10:34:42.821040,634.2,300517.0,222606.0
2025-06-20 10:34:45.753526,634.35,300517.0,222606.0
2025-06-20 10:34:48.528256,634.4,301791.0,221814.0
2025-06-20 10:34:48.705593,634.4,301791.0,221814.0
2025-06-20 10:34:54.039438,634.4,301785.0,222160.0
2025-06-20 10:34:56.765561,634.45,301785.0,222160.0
2025-06-20 10:34:59.461056,634.45,301991.0,222059.0
2025-06-20 10:35:02.712180,634.2,301991.0,222059.0
2025-06-20 10:35:04.699663,634.25,301991.0,222059.0
2025-06-20 10:35:04.747715,634.25,301754.0,221661.0
2025-06-20 10:35:10.483211,634.25,301592.0,221910.0
2025-06-20 10:35:13.704945,634.4,301592.0,221910.0
2025-06-20 10:35:16.248234,634.25,302153.0,220103.0
2025-06-20 10:35:19.694321,634.45,302153.0,220103.0
2025-06-20 10:35:21.700388,634.2,302153.0,220103.0
2025-06-20 10:35:22.151955,634.2,301782.0,219657.0
2025-06-20 10:35:25.706147,634.2,301782.0,219657.0
2025-06-20 10:35:27.706070,634.25,301782.0,219657.0
2025-06-20 10:35:27.994979,634.25,302000.0,220657.0
2025-06-20 10:35:29.705020,634.3,302000.0,220657.0
2025-06-20 10:35:31.708244,634.2,302000.0,220657.0
2025-06-20 10:35:33.705210,634.15,302000.0,220657.0
2025-06-20 10:35:33.970621,634.15,301510.0,221333.0
2025-06-20 10:35:35.703843,634.3,301510.0,221333.0
2025-06-20 10:35:37.702846,634.1,301510.0,221333.0
2025-06-20 10:35:39.667278,634.1,300049.0,225504.0
2025-06-20 10:35:39.749030,634.1,300049.0,225504.0
2025-06-20 10:35:41.699372,633.95,300049.0,225504.0
2025-06-20 10:35:43.737074,634.2,300049.0,225504.0
2025-06-20 10:35:45.478100,634.2,300971.0,223331.0
2025-06-20 10:35:51.499248,634.2,301005.0,223541.0
2025-06-20 10:35:51.710479,634.2,301005.0,223541.0
2025-06-20 10:35:53.718314,634.1,301005.0,223541.0
2025-06-20 10:35:57.271538,634.2,300969.0,223567.0
2025-06-20 10:35:57.715403,634.2,300969.0,223567.0
2025-06-20 10:35:59.718937,634.2,300969.0,223567.0
2025-06-20 10:36:01.725862,633.85,300969.0,223567.0
2025-06-20 10:36:02.999267,633.85,300768.0,224000.0
2025-06-20 10:36:08.736177,634.15,300768.0,224000.0
2025-06-20 10:36:08.897446,634.15,300856.0,224231.0
2025-06-20 10:36:12.697042,633.8,300856.0,224231.0
2025-06-20 10:36:14.986376,634.1,300561.0,224274.0
2025-06-20 10:36:17.750714,634.1,300561.0,224274.0
2025-06-20 10:36:20.779143,634.1,299981.0,224458.0
2025-06-20 10:36:23.714798,634.15,299981.0,224458.0
2025-06-20 10:36:26.727065,633.6,299981.0,224458.0
2025-06-20 10:36:26.788011,633.6,293741.0,224529.0
2025-06-20 10:36:29.728038,633.75,293741.0,224529.0
2025-06-20 10:36:32.890705,633.55,298496.0,228234.0
2025-06-20 10:36:33.707092,633.55,298496.0,228234.0
2025-06-20 10:36:35.718813,633.3,298496.0,228234.0
2025-06-20 10:36:39.093829,633.6,298271.0,228173.0
2025-06-20 10:36:41.717924,633.5,298271.0,228173.0
2025-06-20 10:36:44.138993,633.5,298271.0,228173.0
2025-06-20 10:36:44.708321,633.5,298179.0,228639.0
2025-06-20 10:36:44.838896,633.5,298179.0,228639.0
2025-06-20 10:36:45.223382,633.5,298179.0,228639.0
2025-06-20 10:36:46.280202,633.5,298179.0,228639.0
2025-06-20 10:36:46.710288,633.5,298179.0,228639.0
2025-06-20 10:36:46.934190,633.5,298179.0,228639.0
2025-06-20 10:36:47.401024,633.5,298179.0,228639.0
2025-06-20 10:36:48.385101,633.5,298179.0,228639.0
2025-06-20 10:36:48.704388,633.5,298179.0,228639.0
2025-06-20 10:36:49.342475,633.5,298179.0,228639.0
2025-06-20 10:36:50.413106,633.3,298139.0,229233.0
2025-06-20 10:36:50.682470,633.3,298139.0,229233.0
2025-06-20 10:36:50.726907,633.3,298139.0,229233.0
2025-06-20 10:36:51.682562,633.3,298139.0,229233.0
2025-06-20 10:36:53.218141,633.3,298139.0,229233.0
2025-06-20 10:36:54.508588,633.3,298139.0,229233.0
2025-06-20 10:36:55.749208,633.3,298139.0,229233.0
2025-06-20 10:36:56.101398,633.25,295839.0,228541.0
2025-06-20 10:36:56.705993,633.45,295839.0,228541.0
2025-06-20 10:36:57.366942,633.45,295839.0,228541.0
2025-06-20 10:37:00.705422,633.05,295839.0,228541.0
2025-06-20 10:37:01.716261,633.05,295694.0,231678.0
2025-06-20 10:37:04.711967,633.05,295694.0,231678.0
2025-06-20 10:37:06.724577,633.65,295694.0,231678.0
2025-06-20 10:37:07.917999,633.65,296495.0,224815.0
2025-06-20 10:37:10.717145,633.4,296495.0,224815.0
2025-06-20 10:37:12.715824,633.7,296495.0,224815.0
2025-06-20 10:37:13.738741,633.7,296497.0,224148.0
2025-06-20 10:37:19.317368,633.8,296715.0,223960.0
2025-06-20 10:37:20.707457,633.8,296715.0,223960.0
2025-06-20 10:37:24.937381,633.8,296480.0,224601.0
2025-06-20 10:37:25.709510,633.45,296480.0,224601.0
2025-06-20 10:37:28.763858,633.65,296480.0,224601.0
2025-06-20 10:37:30.530895,633.45,293998.0,227677.0
2025-06-20 10:37:32.706158,633.45,293998.0,227677.0
2025-06-20 10:37:36.127619,633.35,295803.0,227438.0
2025-06-20 10:37:37.734677,633.35,295803.0,227438.0
2025-06-20 10:37:41.708150,633.2,295803.0,227438.0
2025-06-20 10:37:41.746109,633.2,296383.0,226720.0
2025-06-20 10:37:43.745837,633.35,296383.0,226720.0
2025-06-20 10:37:46.717868,633.15,296383.0,226720.0
2025-06-20 10:37:47.442576,633.15,296260.0,226826.0
2025-06-20 10:37:49.750672,633.15,296260.0,226826.0
2025-06-20 10:37:52.759172,633.2,296260.0,226826.0
2025-06-20 10:37:53.180528,633.2,295283.0,228990.0
2025-06-20 10:37:58.744185,633.2,295959.0,226723.0
2025-06-20 10:38:02.711269,633.6,295959.0,226723.0
2025-06-20 10:38:04.250987,633.6,295857.0,226824.0
2025-06-20 10:38:07.717255,633.55,295857.0,226824.0
2025-06-20 10:38:10.072956,633.55,295709.0,226910.0
2025-06-20 10:38:11.763302,633.3,295709.0,226910.0
2025-06-20 10:38:15.686326,633.55,296180.0,226444.0
2025-06-20 10:38:15.729035,633.55,296180.0,226444.0
2025-06-20 10:38:21.184389,633.55,296402.0,226817.0
2025-06-20 10:38:23.722552,633.5,296402.0,226817.0
2025-06-20 10:38:26.669476,633.5,296608.0,228495.0
2025-06-20 10:38:27.712730,633.5,296608.0,228495.0
2025-06-20 10:38:29.715901,633.5,296608.0,228495.0
2025-06-20 10:38:31.777662,633.5,296608.0,228495.0
2025-06-20 10:38:32.192649,633.5,295967.0,228699.0
2025-06-20 10:38:35.720726,633.5,295967.0,228699.0
2025-06-20 10:38:37.678929,633.3,296130.0,228580.0
2025-06-20 10:38:37.729578,633.3,296130.0,228580.0
2025-06-20 10:38:39.729434,633.5,296130.0,228580.0
2025-06-20 10:38:41.722098,633.3,296130.0,228580.0
2025-06-20 10:38:43.583773,633.3,296044.0,228813.0
2025-06-20 10:38:47.735483,633.55,296044.0,228813.0
2025-06-20 10:38:49.184300,633.55,296091.0,229090.0
2025-06-20 10:38:54.742360,633.55,296375.0,229175.0
2025-06-20 10:38:55.715720,633.45,296375.0,229175.0
2025-06-20 10:38:57.762566,633.05,296375.0,229175.0
2025-06-20 10:39:00.017478,633.05,297059.0,223364.0
2025-06-20 10:39:03.749529,633.4,297059.0,223364.0
2025-06-20 10:39:05.805766,633.4,296787.0,226405.0
2025-06-20 10:39:07.747651,633.45,296787.0,226405.0
2025-06-20 10:39:09.719229,633.55,296787.0,226405.0
2025-06-20 10:39:11.601711,633.55,296949.0,226281.0
2025-06-20 10:39:11.727546,633.55,296949.0,226281.0
2025-06-20 10:39:17.019306,633.55,296866.0,226263.0
2025-06-20 10:39:19.717344,633.55,296866.0,226263.0
2025-06-20 10:39:21.720252,633.55,296866.0,226263.0
2025-06-20 10:39:22.519392,633.55,298330.0,223993.0
2025-06-20 10:39:27.719599,633.6,298330.0,223993.0
2025-06-20 10:39:28.117653,633.6,298068.0,223538.0
2025-06-20 10:39:34.358920,633.6,298497.0,222393.0
2025-06-20 10:39:35.724572,633.7,298497.0,222393.0
2025-06-20 10:39:40.469743,633.7,296515.0,225114.0
2025-06-20 10:39:41.725742,633.55,296515.0,225114.0
2025-06-20 10:39:43.728964,633.6,296515.0,225114.0
2025-06-20 10:39:44.633165,633.6,296515.0,225114.0
2025-06-20 10:39:45.038258,633.6,296515.0,225114.0
2025-06-20 10:39:46.054792,633.6,296515.0,225114.0
2025-06-20 10:39:46.541154,633.6,297279.0,222177.0
2025-06-20 10:39:46.954710,633.6,297279.0,222177.0
2025-06-20 10:39:47.418251,633.6,297279.0,222177.0
2025-06-20 10:39:48.440484,633.6,297279.0,222177.0
2025-06-20 10:39:49.807025,633.6,297279.0,222177.0
2025-06-20 10:39:51.245609,633.6,297279.0,222177.0
2025-06-20 10:39:51.720706,633.65,297279.0,222177.0
2025-06-20 10:39:52.160491,633.65,297279.0,222177.0
2025-06-20 10:39:52.537103,633.65,297611.0,220971.0
2025-06-20 10:39:53.827900,633.65,297611.0,220971.0
2025-06-20 10:39:55.029758,633.65,297611.0,220971.0
2025-06-20 10:39:56.232002,633.65,297611.0,220971.0
2025-06-20 10:39:57.872621,633.65,297611.0,220971.0
2025-06-20 10:39:58.446366,633.65,298364.0,218134.0
2025-06-20 10:39:59.726629,633.85,298364.0,218134.0
2025-06-20 10:40:04.248000,633.85,298338.0,218293.0
2025-06-20 10:40:07.732974,633.9,298338.0,218293.0
2025-06-20 10:40:10.253840,633.9,298349.0,216661.0
2025-06-20 10:40:11.731410,633.9,298349.0,216661.0
2025-06-20 10:40:16.364526,633.65,291681.0,216977.0
2025-06-20 10:40:17.727126,633.65,291681.0,216977.0
2025-06-20 10:40:22.165290,633.65,298354.0,217696.0
2025-06-20 10:40:24.738353,633.75,298354.0,217696.0
2025-06-20 10:40:27.980067,633.45,298795.0,217336.0
2025-06-20 10:40:28.741378,633.45,298795.0,217336.0
2025-06-20 10:40:30.759935,633.35,298795.0,217336.0
2025-06-20 10:40:32.742575,633.75,298795.0,217336.0
2025-06-20 10:40:33.710985,633.75,298798.0,219388.0
2025-06-20 10:40:39.074361,633.7,298744.0,218805.0
2025-06-20 10:40:40.742922,633.5,298744.0,218805.0
2025-06-20 10:40:44.678619,633.5,299223.0,219092.0
2025-06-20 10:40:48.752802,633.85,299223.0,219092.0
2025-06-20 10:40:50.420956,633.85,297574.0,216234.0
2025-06-20 10:40:54.744224,633.9,297574.0,216234.0
2025-06-20 10:40:56.190428,633.9,299396.0,215969.0
2025-06-20 10:40:57.726770,633.6,299396.0,215969.0
2025-06-20 10:41:02.106652,633.9,299263.0,216094.0
2025-06-20 10:41:03.737764,633.9,299263.0,216094.0
2025-06-20 10:41:07.736275,633.75,299263.0,216094.0
2025-06-20 10:41:08.296149,633.75,298949.0,216593.0
2025-06-20 10:41:10.740022,633.7,298949.0,216593.0
2025-06-20 10:41:12.745000,633.95,298949.0,216593.0
2025-06-20 10:41:14.407844,633.95,298894.0,217083.0
2025-06-20 10:41:18.757860,633.7,298894.0,217083.0
2025-06-20 10:41:20.307388,633.95,299035.0,217197.0
2025-06-20 10:41:21.745871,633.7,299035.0,217197.0
2025-06-20 10:41:25.949010,633.7,297582.0,216757.0
2025-06-20 10:41:27.751992,633.95,297582.0,216757.0
2025-06-20 10:41:31.734168,633.85,297582.0,216757.0
2025-06-20 10:41:32.115308,633.85,298694.0,217344.0
2025-06-20 10:41:35.764352,633.95,298694.0,217344.0
2025-06-20 10:41:38.577040,633.95,299220.0,216738.0
2025-06-20 10:41:42.727192,633.7,299220.0,216738.0
2025-06-20 10:41:44.744676,633.95,299220.0,216738.0
2025-06-20 10:41:44.746069,633.95,298988.0,216989.0
2025-06-20 10:41:50.322910,633.95,298887.0,217096.0
2025-06-20 10:41:52.762861,633.7,298887.0,217096.0
2025-06-20 10:41:55.638170,633.7,298457.0,218552.0
2025-06-20 10:41:56.767340,633.7,298457.0,218552.0
2025-06-20 10:42:00.727252,633.85,298589.0,219025.0
2025-06-20 10:42:00.740360,633.85,298589.0,219025.0
2025-06-20 10:42:04.736314,633.7,298589.0,219025.0
2025-06-20 10:42:06.065989,633.7,296937.0,219626.0
2025-06-20 10:42:08.733989,633.85,296937.0,219626.0
2025-06-20 10:42:10.777611,633.7,296937.0,219626.0
2025-06-20 10:42:11.650122,633.7,297018.0,219507.0
2025-06-20 10:42:16.742224,633.85,297018.0,219507.0
2025-06-20 10:42:17.140296,633.85,297231.0,218088.0
2025-06-20 10:42:23.055509,633.85,297010.0,218893.0
2025-06-20 10:42:24.731163,633.85,297010.0,218893.0
2025-06-20 10:42:28.845937,633.85,296989.0,218948.0
2025-06-20 10:42:32.783790,633.85,296989.0,218948.0
2025-06-20 10:42:34.762665,633.7,296989.0,218948.0
2025-06-20 10:42:34.855288,633.7,296948.0,219553.0
2025-06-20 10:42:40.467310,633.85,296947.0,219648.0
2025-06-20 10:42:40.777642,633.7,296947.0,219648.0
2025-06-20 10:42:43.779676,633.7,296947.0,219648.0
2025-06-20 10:42:45.067863,633.7,296947.0,219648.0
2025-06-20 10:42:46.126212,633.7,296947.0,219648.0
2025-06-20 10:42:46.357388,633.5,295507.0,221636.0
2025-06-20 10:42:46.693764,633.5,295507.0,221636.0
2025-06-20 10:42:46.804722,633.5,295507.0,221636.0
2025-06-20 10:42:47.395302,633.5,295507.0,221636.0
2025-06-20 10:42:48.067494,633.5,295507.0,221636.0
2025-06-20 10:42:49.082831,633.5,295507.0,221636.0
2025-06-20 10:42:49.784860,633.6,295507.0,221636.0
2025-06-20 10:42:50.477997,633.6,295507.0,221636.0
2025-06-20 10:42:51.769335,633.5,295507.0,221636.0
2025-06-20 10:42:51.866634,633.5,295507.0,221636.0
2025-06-20 10:42:52.259572,633.5,295734.0,222308.0
2025-06-20 10:42:52.854048,633.5,295734.0,222308.0
2025-06-20 10:42:54.354886,633.5,295734.0,222308.0
2025-06-20 10:42:55.633514,633.5,295734.0,222308.0
2025-06-20 10:42:55.744875,633.65,295734.0,222308.0
2025-06-20 10:42:56.889589,633.65,295734.0,222308.0
2025-06-20 10:42:57.959689,633.65,296182.0,220599.0
2025-06-20 10:42:58.543226,633.65,296182.0,220599.0
2025-06-20 10:43:03.266205,633.65,296071.0,220311.0
2025-06-20 10:43:03.744087,633.65,296071.0,220311.0
2025-06-20 10:43:05.746056,633.7,296071.0,220311.0
2025-06-20 10:43:08.668592,633.6,296440.0,220352.0
2025-06-20 10:43:09.749981,633.6,296440.0,220352.0
2025-06-20 10:43:11.770482,633.75,296440.0,220352.0
2025-06-20 10:43:13.970112,633.75,296469.0,219909.0
2025-06-20 10:43:15.743041,633.55,296469.0,219909.0
2025-06-20 10:43:19.671971,633.85,297597.0,217866.0
2025-06-20 10:43:19.739600,633.85,297597.0,217866.0
2025-06-20 10:43:25.438555,633.65,296847.0,218357.0
2025-06-20 10:43:25.742764,633.65,296847.0,218357.0
2025-06-20 10:43:27.826638,633.75,296847.0,218357.0
2025-06-20 10:43:30.892182,633.75,296715.0,219871.0
2025-06-20 10:43:31.740169,633.75,296715.0,219871.0
2025-06-20 10:43:35.752359,633.75,296715.0,219871.0
2025-06-20 10:43:36.588270,633.65,296579.0,221137.0
2025-06-20 10:43:37.765790,633.65,296579.0,221137.0
2025-06-20 10:43:39.740125,633.75,296579.0,221137.0
2025-06-20 10:43:41.754139,633.65,296579.0,221137.0
2025-06-20 10:43:42.004419,633.65,296617.0,221034.0
2025-06-20 10:43:43.774796,633.8,296617.0,221034.0
2025-06-20 10:43:47.191556,633.85,296507.0,220670.0
2025-06-20 10:43:47.795923,633.85,296507.0,220670.0
2025-06-20 10:43:51.782761,633.85,296507.0,220670.0
2025-06-20 10:43:52.898201,633.85,296612.0,220679.0
2025-06-20 10:43:58.607969,633.85,296429.0,220775.0
2025-06-20 10:43:59.747942,633.8,296429.0,220775.0
2025-06-20 10:44:01.752999,633.8,296429.0,220775.0
2025-06-20 10:44:04.109078,633.8,296432.0,220619.0
2025-06-20 10:44:07.765287,633.8,296432.0,220619.0
2025-06-20 10:44:09.609026,633.8,296434.0,220573.0
2025-06-20 10:44:09.753605,633.8,296434.0,220573.0
2025-06-20 10:44:11.758721,633.65,296434.0,220573.0
2025-06-20 10:44:15.114801,633.8,296601.0,221298.0
2025-06-20 10:44:15.771601,633.8,296601.0,221298.0
2025-06-20 10:44:20.951210,633.8,296568.0,220931.0
2025-06-20 10:44:23.783994,633.8,296568.0,220931.0
2025-06-20 10:44:26.567349,633.65,296598.0,220635.0
2025-06-20 10:44:27.750732,633.65,296598.0,220635.0
2025-06-20 10:44:29.764241,633.65,296598.0,220635.0
2025-06-20 10:44:31.756399,633.8,296598.0,220635.0
2025-06-20 10:44:32.125666,633.8,296480.0,220757.0
2025-06-20 10:44:37.538675,633.8,296433.0,220845.0
2025-06-20 10:44:39.764264,633.8,296433.0,220845.0
2025-06-20 10:44:41.751483,633.65,296433.0,220845.0
2025-06-20 10:44:43.067049,633.65,297192.0,220261.0
2025-06-20 10:44:45.804814,633.8,297192.0,220261.0
2025-06-20 10:44:47.807957,633.8,297192.0,220261.0
2025-06-20 10:44:48.442388,633.8,298695.0,220160.0
2025-06-20 10:44:51.754233,633.65,298695.0,220160.0
2025-06-20 10:44:53.635567,633.65,298165.0,220340.0
2025-06-20 10:44:55.767626,633.65,298165.0,220340.0
2025-06-20 10:44:57.768839,633.65,298165.0,220340.0
2025-06-20 10:44:58.751422,633.65,304721.0,227730.0
2025-06-20 10:44:59.773438,633.65,304721.0,227730.0
2025-06-20 10:45:01.775395,633.5,304721.0,227730.0
2025-06-20 10:45:04.251899,633.8,305136.0,226625.0
2025-06-20 10:45:04.757253,633.8,305136.0,226625.0
2025-06-20 10:45:09.649550,633.65,304664.0,226947.0
2025-06-20 10:45:10.783056,633.65,304664.0,226947.0
2025-06-20 10:45:13.758510,633.8,304664.0,226947.0
2025-06-20 10:45:15.095567,633.45,304306.0,226998.0
2025-06-20 10:45:16.786052,633.65,304306.0,226998.0
2025-06-20 10:45:19.767610,633.8,304306.0,226998.0
2025-06-20 10:45:20.773086,633.8,304520.0,227244.0
2025-06-20 10:45:26.363611,633.8,304609.0,227386.0
2025-06-20 10:45:27.796242,633.8,304609.0,227386.0
2025-06-20 10:45:31.572411,633.8,304583.0,227449.0
2025-06-20 10:45:35.766892,633.8,304583.0,227449.0
2025-06-20 10:45:36.578515,633.8,304511.0,227468.0
2025-06-20 10:45:41.761450,633.65,304511.0,227468.0
2025-06-20 10:45:42.273711,633.65,304650.0,227451.0
2025-06-20 10:45:43.758479,633.8,304650.0,227451.0
2025-06-20 10:45:45.439261,633.8,304650.0,227451.0
2025-06-20 10:45:45.768560,633.6,304650.0,227451.0
2025-06-20 10:45:45.821675,633.6,304650.0,227451.0
2025-06-20 10:45:46.166782,633.6,304650.0,227451.0
2025-06-20 10:45:47.177246,633.6,304650.0,227451.0
2025-06-20 10:45:47.593982,633.65,304735.0,227218.0
2025-06-20 10:45:47.761430,633.65,304735.0,227218.0
2025-06-20 10:45:48.241389,633.65,304735.0,227218.0
2025-06-20 10:45:49.299303,633.65,304735.0,227218.0
2025-06-20 10:45:50.680256,633.65,304735.0,227218.0
2025-06-20 10:45:51.758443,633.8,304735.0,227218.0
2025-06-20 10:45:52.147213,633.8,304735.0,227218.0
2025-06-20 10:45:53.076303,633.8,304735.0,227218.0
2025-06-20 10:45:53.113926,633.8,304971.0,227107.0
2025-06-20 10:45:54.633703,633.8,304971.0,227107.0
2025-06-20 10:45:55.872997,633.8,304971.0,227107.0
2025-06-20 10:45:57.194150,633.8,304971.0,227107.0
2025-06-20 10:45:58.787393,633.8,304971.0,227107.0
2025-06-20 10:45:58.856358,633.95,305869.0,222292.0
2025-06-20 10:45:59.752509,633.95,305869.0,222292.0
2025-06-20 10:46:03.989995,633.95,305548.0,224068.0
2025-06-20 10:46:05.755689,633.95,305548.0,224068.0
2025-06-20 10:46:07.756413,634.1,305548.0,224068.0
2025-06-20 10:46:09.300013,634.1,305749.0,223966.0
2025-06-20 10:46:11.753163,633.95,305749.0,223966.0
2025-06-20 10:46:13.755416,634.1,305749.0,223966.0
2025-06-20 10:46:14.801430,634.1,306687.0,222501.0
2025-06-20 10:46:15.766033,634.2,306687.0,222501.0
2025-06-20 10:46:20.101116,634.2,306110.0,223338.0
2025-06-20 10:46:24.776861,634.15,306110.0,223338.0
2025-06-20 10:46:26.046135,634.15,305662.0,221679.0
2025-06-20 10:46:27.766322,633.85,305662.0,221679.0
2025-06-20 10:46:30.786147,633.95,305662.0,221679.0
2025-06-20 10:46:31.921100,633.95,305462.0,225513.0
2025-06-20 10:46:33.765464,633.95,305462.0,225513.0
2025-06-20 10:46:36.784210,633.95,305462.0,225513.0
2025-06-20 10:46:37.276424,633.95,305520.0,225590.0
2025-06-20 10:46:40.783735,633.85,305520.0,225590.0
2025-06-20 10:46:42.537083,633.85,305584.0,225593.0
2025-06-20 10:46:42.758143,633.95,305584.0,225593.0
2025-06-20 10:46:44.758957,633.85,305584.0,225593.0
2025-06-20 10:46:46.762546,633.85,305584.0,225593.0
2025-06-20 10:46:47.825223,633.95,305378.0,225375.0
2025-06-20 10:46:48.831242,633.95,305378.0,225375.0
2025-06-20 10:46:53.285878,633.95,305378.0,225428.0
2025-06-20 10:46:56.830319,633.85,305378.0,225428.0
2025-06-20 10:46:58.630117,633.85,305334.0,225390.0
2025-06-20 10:46:58.805000,633.85,305334.0,225390.0
2025-06-20 10:47:03.828298,633.95,305565.0,225238.0
2025-06-20 10:47:04.771807,633.85,305565.0,225238.0
2025-06-20 10:47:09.132905,633.85,305423.0,225296.0
2025-06-20 10:47:10.759568,634.05,305423.0,225296.0
2025-06-20 10:47:12.771746,634.35,305423.0,225296.0
2025-06-20 10:47:14.444808,634.35,306707.0,221472.0
2025-06-20 10:47:14.783576,634.25,306707.0,221472.0
2025-06-20 10:47:16.777517,634.2,306707.0,221472.0
2025-06-20 10:47:18.796362,633.95,306707.0,221472.0
2025-06-20 10:47:19.845783,634.25,306057.0,222985.0
2025-06-20 10:47:20.783519,634.1,306057.0,222985.0
2025-06-20 10:47:26.145839,634.1,306062.0,224925.0
2025-06-20 10:47:29.790361,634.05,306062.0,224925.0
2025-06-20 10:47:32.064897,634.1,306094.0,224538.0
2025-06-20 10:47:32.770030,634.1,306094.0,224538.0
2025-06-20 10:47:35.784082,634.1,306094.0,224538.0
2025-06-20 10:47:37.584126,633.85,305866.0,224598.0
2025-06-20 10:47:38.760986,633.85,305866.0,224598.0
2025-06-20 10:47:40.767112,633.85,305866.0,224598.0
2025-06-20 10:47:42.859035,633.85,305903.0,224801.0
2025-06-20 10:47:44.796928,634.05,305903.0,224801.0
2025-06-20 10:47:46.764531,633.85,305903.0,224801.0
2025-06-20 10:47:48.267101,633.85,306293.0,225165.0
2025-06-20 10:47:52.761774,633.65,306293.0,225165.0
2025-06-20 10:47:53.963861,633.65,304817.0,225306.0
2025-06-20 10:47:59.789229,634.0,306158.0,225456.0
2025-06-20 10:48:00.763508,634.0,306158.0,225456.0
2025-06-20 10:48:05.373653,634.0,306132.0,225254.0
2025-06-20 10:48:08.822165,633.85,306132.0,225254.0
2025-06-20 10:48:10.771427,633.85,306132.0,225254.0
2025-06-20 10:48:10.875089,633.85,306371.0,225620.0
2025-06-20 10:48:12.808092,633.85,306371.0,225620.0
2025-06-20 10:48:16.175515,634.0,306160.0,225144.0
2025-06-20 10:48:16.765045,634.0,306160.0,225144.0
2025-06-20 10:48:18.762550,633.85,306160.0,225144.0
2025-06-20 10:48:21.713138,633.85,306301.0,224910.0
2025-06-20 10:48:24.766159,634.05,306301.0,224910.0
2025-06-20 10:48:27.286694,634.05,306372.0,225109.0
2025-06-20 10:48:30.769844,633.85,306372.0,225109.0
2025-06-20 10:48:32.812246,634.0,306372.0,225109.0
2025-06-20 10:48:32.886887,634.0,306065.0,225367.0
2025-06-20 10:48:34.787417,633.85,306065.0,225367.0
2025-06-20 10:48:36.773371,633.85,306065.0,225367.0
2025-06-20 10:48:38.188668,633.85,306114.0,225770.0
2025-06-20 10:48:40.807676,633.85,306114.0,225770.0
2025-06-20 10:48:43.891988,633.85,306093.0,225554.0
2025-06-20 10:48:44.769952,633.8,306093.0,225554.0
2025-06-20 10:48:45.969399,633.8,306093.0,225554.0
2025-06-20 10:48:46.352062,633.8,306093.0,225554.0
2025-06-20 10:48:47.091554,633.8,306093.0,225554.0
2025-06-20 10:48:48.102258,633.8,306093.0,225554.0
2025-06-20 10:48:48.768640,633.85,306093.0,225554.0
2025-06-20 10:48:48.848504,633.85,306093.0,225554.0
2025-06-20 10:48:49.317822,633.85,306093.0,225554.0
2025-06-20 10:48:49.498141,633.85,305821.0,228409.0
2025-06-20 10:48:49.879758,633.85,305821.0,228409.0
2025-06-20 10:48:50.306704,633.85,305821.0,228409.0
2025-06-20 10:48:50.772739,633.6,305821.0,228409.0
2025-06-20 10:48:51.268343,633.6,305821.0,228409.0
2025-06-20 10:48:52.689904,633.6,305821.0,228409.0
2025-06-20 10:48:52.793377,633.8,305821.0,228409.0
2025-06-20 10:48:53.609245,633.8,305821.0,228409.0
2025-06-20 10:48:54.800172,633.8,305879.0,228208.0
2025-06-20 10:48:55.168802,633.8,305879.0,228208.0
2025-06-20 10:48:55.787614,633.85,305879.0,228208.0
2025-06-20 10:48:56.486980,633.85,305879.0,228208.0
2025-06-20 10:48:57.707409,633.85,305879.0,228208.0
2025-06-20 10:48:59.322340,633.85,305879.0,228208.0
2025-06-20 10:49:00.311299,633.85,305759.0,228569.0
2025-06-20 10:49:04.796878,633.85,305759.0,228569.0
2025-06-20 10:49:06.017197,633.85,305814.0,228712.0
2025-06-20 10:49:10.790411,633.7,305814.0,228712.0
2025-06-20 10:49:11.715131,633.85,306033.0,225042.0
2025-06-20 10:49:13.782245,633.85,306033.0,225042.0
2025-06-20 10:49:16.798772,634.0,306033.0,225042.0
2025-06-20 10:49:17.217748,634.0,306141.0,225081.0
2025-06-20 10:49:19.772226,634.0,306141.0,225081.0
2025-06-20 10:49:22.726219,634.0,305976.0,225337.0
2025-06-20 10:49:27.836614,634.0,305976.0,225337.0
2025-06-20 10:49:28.326286,634.0,306013.0,224748.0
2025-06-20 10:49:34.072080,634.0,305957.0,224567.0
2025-06-20 10:49:35.779401,633.95,305957.0,224567.0
2025-06-20 10:49:39.331893,633.95,305907.0,224707.0
2025-06-20 10:49:41.774874,633.75,305907.0,224707.0
2025-06-20 10:49:43.789588,633.75,305907.0,224707.0
2025-06-20 10:49:44.644618,633.75,306001.0,224615.0
2025-06-20 10:49:50.055198,633.75,306092.0,224550.0
2025-06-20 10:49:51.837075,633.95,306092.0,224550.0
2025-06-20 10:49:55.349599,633.95,306273.0,224323.0
2025-06-20 10:49:59.826952,634.05,306273.0,224323.0
2025-06-20 10:50:00.558958,634.05,306112.0,224103.0
2025-06-20 10:50:05.963693,634.05,306130.0,224101.0
2025-06-20 10:50:07.834003,634.1,306130.0,224101.0
2025-06-20 10:50:11.100740,633.8,306235.0,224026.0
2025-06-20 10:50:12.044153,633.8,306235.0,224026.0
2025-06-20 10:50:15.799606,634.1,306235.0,224026.0
2025-06-20 10:50:16.749934,633.75,305731.0,224024.0
2025-06-20 10:50:17.815929,633.75,305731.0,224024.0
2025-06-20 10:50:19.813803,633.75,305731.0,224024.0
2025-06-20 10:50:22.367662,633.75,305909.0,223928.0
2025-06-20 10:50:23.834616,634.05,305909.0,223928.0
2025-06-20 10:50:27.674411,634.05,305544.0,220379.0
2025-06-20 10:50:31.774165,634.1,305544.0,220379.0
2025-06-20 10:50:32.975785,634.1,306245.0,224673.0
2025-06-20 10:50:38.481966,634.1,306275.0,224620.0
2025-06-20 10:50:41.833428,633.75,306275.0,224620.0
2025-06-20 10:50:44.093121,633.75,306164.0,224710.0
2025-06-20 10:50:44.841943,633.75,306164.0,224710.0
2025-06-20 10:50:48.021513,634.1,306164.0,224710.0
2025-06-20 10:50:49.690373,634.1,306311.0,224377.0
2025-06-20 10:50:55.097234,634.1,310435.0,224441.0
2025-06-20 10:50:55.790936,634.1,310435.0,224441.0
2025-06-20 10:50:59.811363,633.8,310435.0,224441.0
2025-06-20 10:51:00.495992,633.8,310440.0,224437.0
2025-06-20 10:51:03.782141,634.1,310440.0,224437.0
2025-06-20 10:51:05.789982,633.85,310440.0,224437.0
2025-06-20 10:51:05.909510,633.85,310145.0,224715.0
2025-06-20 10:51:07.805009,634.1,310145.0,224715.0
2025-06-20 10:51:11.504051,634.1,310163.0,224914.0
2025-06-20 10:51:11.784541,634.1,310163.0,224914.0
2025-06-20 10:51:16.820385,634.1,310569.0,225150.0
2025-06-20 10:51:19.800219,634.1,310569.0,225150.0
2025-06-20 10:51:21.802459,633.8,310569.0,225150.0
2025-06-20 10:51:22.212225,633.8,310112.0,225148.0
2025-06-20 10:51:27.832940,633.8,310112.0,225148.0
2025-06-20 10:51:27.926856,633.8,310141.0,224940.0
2025-06-20 10:51:29.838463,633.8,310141.0,224940.0
2025-06-20 10:51:31.800680,633.8,310141.0,224940.0
2025-06-20 10:51:33.216230,633.8,309994.0,225389.0
2025-06-20 10:51:33.813567,633.8,309994.0,225389.0
2025-06-20 10:51:35.801375,633.9,309994.0,225389.0
2025-06-20 10:51:37.792885,633.95,309994.0,225389.0
2025-06-20 10:51:38.944131,633.95,309861.0,226284.0
2025-06-20 10:51:41.787244,633.8,309861.0,226284.0
2025-06-20 10:51:43.801310,634.0,309861.0,226284.0
2025-06-20 10:51:44.324225,634.0,309925.0,224218.0
2025-06-20 10:51:46.463900,634.0,309925.0,224218.0
2025-06-20 10:51:47.182420,634.0,309925.0,224218.0
2025-06-20 10:51:48.204761,634.0,309925.0,224218.0
2025-06-20 10:51:49.278477,634.0,309925.0,224218.0
2025-06-20 10:51:50.229728,634.0,310099.0,225869.0
2025-06-20 10:51:50.326700,634.0,310099.0,225869.0
2025-06-20 10:51:51.772971,634.0,310099.0,225869.0
2025-06-20 10:51:51.831234,633.95,310099.0,225869.0
2025-06-20 10:51:53.274643,633.95,310099.0,225869.0
2025-06-20 10:51:54.029459,633.95,310099.0,225869.0
2025-06-20 10:51:55.618266,633.95,310099.0,225869.0
2025-06-20 10:51:55.789384,633.8,310099.0,225869.0
2025-06-20 10:51:55.965611,633.8,308060.0,226439.0
2025-06-20 10:51:56.841335,633.8,308060.0,226439.0
2025-06-20 10:51:57.809337,633.8,308060.0,226439.0
2025-06-20 10:51:58.104320,633.8,308060.0,226439.0
2025-06-20 10:51:59.730426,633.8,308060.0,226439.0
2025-06-20 10:51:59.804620,633.95,308060.0,226439.0
2025-06-20 10:52:01.637987,633.8,307918.0,226467.0
2025-06-20 10:52:01.820224,633.8,307918.0,226467.0
2025-06-20 10:52:05.809029,634.0,307918.0,226467.0
2025-06-20 10:52:07.446576,634.0,309637.0,226134.0
2025-06-20 10:52:07.811368,634.0,309637.0,226134.0
2025-06-20 10:52:11.791983,633.8,309637.0,226134.0
2025-06-20 10:52:13.142597,633.8,309934.0,226121.0
2025-06-20 10:52:15.799862,634.0,309934.0,226121.0
2025-06-20 10:52:17.827410,633.8,309934.0,226121.0
2025-06-20 10:52:18.743741,633.8,310068.0,226263.0
2025-06-20 10:52:21.783988,634.0,310068.0,226263.0
2025-06-20 10:52:23.852448,634.1,310068.0,226263.0
2025-06-20 10:52:24.247645,634.1,311021.0,222812.0
2025-06-20 10:52:29.582261,634.1,310977.0,222826.0
2025-06-20 10:52:31.807631,634.1,310977.0,222826.0
2025-06-20 10:52:34.952553,633.85,310381.0,223620.0
2025-06-20 10:52:35.841851,633.85,310381.0,223620.0
2025-06-20 10:52:39.810554,633.9,310381.0,223620.0
2025-06-20 10:52:40.570829,633.8,310735.0,225448.0
2025-06-20 10:52:41.802084,633.8,310735.0,225448.0
2025-06-20 10:52:45.790641,633.8,310735.0,225448.0
2025-06-20 10:52:45.866932,633.8,310582.0,225689.0
2025-06-20 10:52:47.815631,633.9,310582.0,225689.0
2025-06-20 10:52:51.275174,633.75,310439.0,225605.0
2025-06-20 10:52:51.844582,633.75,310439.0,225605.0
2025-06-20 10:52:55.809511,633.9,310439.0,225605.0
2025-06-20 10:52:56.676991,633.9,310446.0,225754.0
2025-06-20 10:53:01.825045,633.85,310446.0,225754.0
2025-06-20 10:53:02.113433,633.85,310052.0,225247.0
2025-06-20 10:53:03.791635,633.9,310052.0,225247.0
2025-06-20 10:53:07.801307,633.95,310052.0,225247.0
2025-06-20 10:53:08.179487,633.95,310292.0,226237.0
2025-06-20 10:53:11.823715,634.1,310292.0,226237.0
2025-06-20 10:53:14.281508,634.1,310684.0,224587.0
2025-06-20 10:53:15.823506,633.9,310684.0,224587.0
2025-06-20 10:53:19.796308,633.9,310684.0,224587.0
2025-06-20 10:53:19.797155,633.9,310407.0,227402.0
2025-06-20 10:53:21.789334,633.9,310407.0,227402.0
2025-06-20 10:53:25.288780,633.9,310805.0,226231.0
2025-06-20 10:53:27.801930,633.9,310805.0,226231.0
2025-06-20 10:53:29.794474,633.9,310805.0,226231.0
2025-06-20 10:53:30.805108,633.9,310773.0,226218.0
2025-06-20 10:53:35.796425,633.9,310773.0,226218.0
2025-06-20 10:53:36.199029,633.85,310442.0,226297.0
2025-06-20 10:53:37.849500,633.85,310442.0,226297.0
2025-06-20 10:53:41.808061,633.85,310442.0,226297.0
2025-06-20 10:53:41.936921,633.85,310554.0,226837.0
2025-06-20 10:53:43.816644,633.9,310554.0,226837.0
2025-06-20 10:53:45.795655,633.9,310554.0,226837.0
2025-06-20 10:53:47.308137,633.9,311685.0,225324.0
2025-06-20 10:53:49.797120,633.95,311685.0,225324.0
2025-06-20 10:53:51.797903,634.1,311685.0,225324.0
2025-06-20 10:53:52.822291,634.1,311414.0,225329.0
2025-06-20 10:53:53.816229,634.1,311414.0,225329.0
2025-06-20 10:53:55.827643,634.15,311414.0,225329.0
2025-06-20 10:53:57.806422,634.2,311414.0,225329.0
2025-06-20 10:53:58.425317,634.2,310687.0,224497.0
2025-06-20 10:53:59.800087,634.25,310687.0,224497.0
2025-06-20 10:54:03.851261,634.0,310687.0,224497.0
2025-06-20 10:54:04.016506,634.0,310698.0,224097.0
2025-06-20 10:54:07.816685,634.25,310698.0,224097.0
2025-06-20 10:54:09.618530,634.25,310907.0,224231.0
2025-06-20 10:54:09.799429,634.4,310907.0,224231.0
2025-06-20 10:54:11.800682,634.55,310907.0,224231.0
2025-06-20 10:54:13.836862,634.4,310907.0,224231.0
2025-06-20 10:54:14.950880,634.45,311478.0,222039.0
2025-06-20 10:54:15.801729,634.45,311478.0,222039.0
2025-06-20 10:54:19.800770,634.55,311478.0,222039.0
2025-06-20 10:54:20.325413,634.55,311942.0,221802.0
2025-06-20 10:54:21.797158,634.55,311942.0,221802.0
2025-06-20 10:54:23.796049,634.6,311942.0,221802.0
2025-06-20 10:54:25.528668,634.6,312549.0,220870.0
2025-06-20 10:54:25.804528,634.6,312549.0,220870.0
2025-06-20 10:54:27.803075,634.55,312549.0,220870.0
2025-06-20 10:54:30.978963,634.5,311460.0,222320.0
2025-06-20 10:54:31.795244,634.5,311460.0,222320.0
2025-06-20 10:54:36.336412,634.6,313065.0,222032.0
2025-06-20 10:54:37.801864,634.6,313065.0,222032.0
2025-06-20 10:54:39.791882,634.65,313065.0,222032.0
2025-06-20 10:54:41.742463,634.3,313304.0,221129.0
2025-06-20 10:54:41.813118,634.3,313304.0,221129.0
2025-06-20 10:54:43.797475,634.4,313304.0,221129.0
2025-06-20 10:54:47.357214,634.4,313304.0,221129.0
2025-06-20 10:54:47.405674,634.7,313054.0,221318.0
2025-06-20 10:54:47.488449,634.7,313054.0,221318.0
2025-06-20 10:54:47.825847,634.7,313054.0,221318.0
2025-06-20 10:54:47.837179,634.7,313054.0,221318.0
2025-06-20 10:54:48.248811,634.7,313054.0,221318.0
2025-06-20 10:54:49.278015,634.7,313054.0,221318.0
2025-06-20 10:54:49.811461,634.4,313054.0,221318.0
2025-06-20 10:54:49.950986,634.4,313054.0,221318.0
2025-06-20 10:54:50.614496,634.4,313054.0,221318.0
2025-06-20 10:54:51.156061,634.4,313054.0,221318.0
2025-06-20 10:54:52.519615,634.4,313054.0,221318.0
2025-06-20 10:54:52.647551,634.4,313110.0,221722.0
2025-06-20 10:54:53.849998,634.4,313110.0,221722.0
2025-06-20 10:54:53.883226,634.4,313110.0,221722.0
2025-06-20 10:54:54.857282,634.4,313110.0,221722.0
2025-06-20 10:54:55.833230,634.7,313110.0,221722.0
2025-06-20 10:54:56.416437,634.7,313110.0,221722.0
2025-06-20 10:54:57.685870,634.7,313110.0,221722.0
2025-06-20 10:54:57.955953,634.7,313121.0,221613.0
2025-06-20 10:54:58.990905,634.7,313121.0,221613.0
2025-06-20 10:55:00.614600,634.7,313121.0,221613.0
2025-06-20 10:55:01.803047,634.4,313121.0,221613.0
2025-06-20 10:55:03.357025,634.7,313107.0,221619.0
2025-06-20 10:55:03.814805,634.7,313107.0,221619.0
2025-06-20 10:55:07.812827,634.4,313107.0,221619.0
2025-06-20 10:55:08.966479,634.4,313167.0,221645.0
2025-06-20 10:55:11.814917,634.7,313167.0,221645.0
2025-06-20 10:55:14.662373,634.7,312979.0,222082.0
2025-06-20 10:55:15.825491,634.4,312979.0,222082.0
2025-06-20 10:55:17.849578,634.4,312979.0,222082.0
2025-06-20 10:55:19.801053,634.65,312979.0,222082.0
2025-06-20 10:55:20.371152,634.65,312833.0,222093.0
2025-06-20 10:55:25.802662,634.6,312833.0,222093.0
2025-06-20 10:55:25.874201,634.6,312906.0,222071.0
2025-06-20 10:55:27.803259,634.7,312906.0,222071.0
2025-06-20 10:55:31.778162,634.4,312995.0,222163.0
2025-06-20 10:55:31.802630,634.4,312995.0,222163.0
2025-06-20 10:55:35.799913,634.7,312995.0,222163.0
2025-06-20 10:55:37.282891,634.7,313046.0,221968.0
2025-06-20 10:55:41.800580,634.4,313046.0,221968.0
2025-06-20 10:55:42.485678,634.4,313189.0,222358.0
2025-06-20 10:55:43.803398,634.7,313189.0,222358.0
2025-06-20 10:55:47.690075,634.7,313189.0,222371.0
2025-06-20 10:55:49.805522,634.4,313189.0,222371.0
2025-06-20 10:55:52.435934,634.7,313189.0,222371.0
2025-06-20 10:55:53.343845,634.7,313092.0,222129.0
2025-06-20 10:55:57.893339,634.7,313044.0,222176.0
2025-06-20 10:55:59.799301,634.7,313044.0,222176.0
2025-06-20 10:56:01.811484,634.4,313044.0,222176.0
2025-06-20 10:56:02.899197,634.4,313176.0,222082.0
2025-06-20 10:56:05.841828,634.4,313176.0,222082.0
2025-06-20 10:56:07.817207,634.75,313176.0,222082.0
2025-06-20 10:56:08.108824,634.75,312071.0,222149.0
2025-06-20 10:56:09.802491,634.7,312071.0,222149.0
2025-06-20 10:56:11.827216,634.4,312071.0,222149.0
2025-06-20 10:56:13.304425,634.4,312085.0,222128.0
2025-06-20 10:56:15.844768,634.7,312085.0,222128.0
2025-06-20 10:56:18.520929,634.7,312083.0,222121.0
2025-06-20 11:07:08.575477,634.6,309192.0,224178.0
2025-06-20 12:03:29.513878,633.8,288305.0,253892.0
2025-06-20 12:03:31.096352,633.5,288305.0,253892.0
2025-06-20 12:03:33.096419,633.5,288305.0,253892.0
2025-06-20 12:03:33.678349,633.5,288262.0,253920.0
2025-06-20 12:03:35.130781,633.7,288262.0,253920.0
2025-06-20 12:03:37.098931,633.5,288262.0,253920.0
2025-06-20 12:03:38.491169,633.5,288006.0,254533.0
2025-06-20 12:03:39.085243,633.5,288006.0,254533.0
2025-06-20 12:03:41.233507,633.5,288006.0,254533.0
2025-06-20 12:03:43.117255,633.65,288006.0,254533.0
2025-06-20 12:03:43.278507,633.65,288114.0,254711.0
2025-06-20 12:03:48.177901,633.65,288216.0,254711.0
2025-06-20 12:03:51.099715,633.7,288216.0,254711.0
2025-06-20 12:03:53.180522,633.7,288273.0,253964.0
2025-06-20 12:03:57.106475,633.3,288273.0,253964.0
2025-06-20 12:03:58.385892,633.3,288273.0,253964.0
2025-06-20 12:03:58.398851,633.3,288430.0,253986.0
2025-06-20 12:03:59.065040,633.3,288430.0,253986.0
2025-06-20 12:03:59.090119,633.65,288430.0,253986.0
2025-06-20 12:03:59.389939,633.65,288430.0,253986.0
2025-06-20 12:04:00.305576,633.65,288430.0,253986.0
2025-06-20 12:04:01.121711,633.65,288430.0,253986.0
2025-06-20 12:04:02.306810,633.65,288430.0,253986.0
2025-06-20 12:04:03.341395,633.65,288430.0,253986.0
2025-06-20 12:04:03.691837,633.65,288603.0,253951.0
2025-06-20 12:04:04.332254,633.65,288603.0,253951.0
2025-06-20 12:04:05.657719,633.65,288603.0,253951.0
2025-06-20 12:04:06.686653,633.65,288603.0,253951.0
2025-06-20 12:04:07.080311,633.7,288603.0,253951.0
2025-06-20 12:04:08.299951,633.7,288603.0,253951.0
2025-06-20 12:04:09.023309,633.7,288774.0,253857.0
2025-06-20 12:04:09.641084,633.7,288774.0,253857.0
2025-06-20 12:04:10.959192,633.7,288774.0,253857.0
2025-06-20 12:04:11.085302,633.5,288774.0,253857.0
2025-06-20 12:04:12.740662,633.5,288774.0,253857.0
2025-06-20 12:04:14.294731,633.5,288186.0,253862.0
2025-06-20 12:04:15.101872,633.7,288186.0,253862.0
2025-06-20 12:04:19.107406,633.7,288424.0,253962.0
2025-06-20 12:04:21.078178,633.7,288424.0,253962.0
2025-06-20 12:04:23.101597,633.7,288424.0,253962.0
2025-06-20 12:04:24.403293,633.7,288212.0,253864.0
2025-06-20 12:04:27.087915,633.5,288212.0,253864.0
2025-06-20 12:04:30.112145,633.5,288504.0,253492.0
2025-06-20 12:04:31.101411,633.65,288504.0,253492.0
2025-06-20 12:04:35.925921,633.65,288422.0,253647.0
2025-06-20 12:04:39.100061,633.65,288422.0,253647.0
2025-06-20 12:04:41.090615,633.5,288422.0,253647.0
2025-06-20 12:04:41.626008,633.5,288490.0,253673.0
2025-06-20 12:04:46.820042,633.5,288501.0,253752.0
2025-06-20 12:04:47.083385,633.65,288501.0,253752.0
2025-06-20 12:04:49.141348,633.65,288501.0,253752.0
2025-06-20 12:04:51.963528,633.65,288889.0,253248.0
2025-06-20 12:04:55.085064,633.65,288889.0,253248.0
2025-06-20 12:04:57.033269,633.65,289392.0,252902.0
2025-06-20 12:05:01.823636,633.65,289625.0,252756.0
2025-06-20 12:05:03.086997,633.7,289625.0,252756.0
2025-06-20 12:05:06.728244,633.7,289562.0,252662.0
2025-06-20 12:05:09.085956,633.5,289562.0,252662.0
2025-06-20 12:05:11.082581,633.65,289562.0,252662.0
2025-06-20 12:05:11.440593,633.65,289035.0,252473.0
2025-06-20 12:05:16.451962,633.5,289055.0,252485.0
2025-06-20 12:05:17.087712,633.5,289055.0,252485.0
2025-06-20 12:05:19.086307,633.65,289055.0,252485.0
2025-06-20 12:05:21.448197,633.65,288960.0,252633.0
2025-06-20 12:05:23.091248,633.5,288960.0,252633.0
2025-06-20 12:05:26.341438,633.5,288950.0,252644.0
2025-06-20 12:05:27.096918,633.7,288950.0,252644.0
2025-06-20 12:05:31.250302,633.7,288958.0,252443.0
2025-06-20 12:05:35.088562,633.7,288958.0,252443.0
2025-06-20 12:05:36.542648,633.7,288728.0,252625.0
2025-06-20 12:05:39.095737,633.7,288728.0,252625.0
2025-06-20 12:05:41.099427,633.5,288728.0,252625.0
2025-06-20 12:05:42.145922,633.5,288759.0,252534.0
2025-06-20 12:05:43.089444,633.7,288759.0,252534.0
2025-06-20 12:05:45.095260,633.5,288759.0,252534.0
2025-06-20 12:05:47.349440,633.5,288759.0,252522.0
2025-06-20 12:05:49.120252,633.5,288759.0,252522.0
2025-06-20 12:05:51.094012,633.7,288759.0,252522.0
2025-06-20 12:05:52.253240,633.7,288749.0,252447.0
2025-06-20 12:05:57.254286,633.7,288570.0,252657.0
2025-06-20 12:05:59.093538,633.7,288570.0,252657.0
2025-06-20 12:06:02.255627,633.7,288571.0,252797.0
2025-06-20 12:06:05.091997,633.5,288571.0,252797.0
2025-06-20 12:06:07.094293,633.7,288571.0,252797.0
2025-06-20 12:06:07.165290,633.7,288435.0,252920.0
2025-06-20 12:06:11.098523,633.5,288435.0,252920.0
2025-06-20 12:06:12.481779,633.5,288465.0,252667.0
2025-06-20 12:06:13.091420,633.5,288465.0,252667.0
2025-06-20 12:06:15.098322,633.7,288465.0,252667.0
2025-06-20 12:06:17.875004,633.7,288531.0,252633.0
2025-06-20 12:06:23.074664,633.7,288676.0,252584.0
2025-06-20 12:06:23.101217,633.7,288676.0,252584.0
2025-06-20 12:06:28.019141,633.7,288759.0,252802.0
2025-06-20 12:06:31.114264,633.7,288759.0,252802.0
2025-06-20 12:06:32.585091,633.7,287403.0,252614.0
2025-06-20 12:06:37.182769,633.7,287403.0,252609.0
2025-06-20 12:06:39.094705,633.7,287403.0,252609.0
2025-06-20 12:06:41.110565,633.5,287403.0,252609.0
2025-06-20 12:06:42.003511,633.5,287401.0,252594.0
2025-06-20 12:06:46.593254,633.5,287034.0,252847.0
2025-06-20 12:06:47.113440,633.7,287034.0,252847.0
2025-06-20 12:06:51.301436,633.5,286974.0,252822.0
2025-06-20 12:06:53.104514,633.5,286974.0,252822.0
2025-06-20 12:06:55.107385,633.7,286974.0,252822.0
2025-06-20 12:06:56.200954,633.5,286867.0,252849.0
2025-06-20 12:06:57.102230,633.5,286867.0,252849.0
2025-06-20 12:06:58.860768,633.5,286867.0,252849.0
2025-06-20 12:06:59.270890,633.5,286867.0,252849.0
2025-06-20 12:07:00.337247,633.5,286867.0,252849.0
2025-06-20 12:07:01.058036,633.5,286867.0,252849.0
2025-06-20 12:07:01.100288,633.5,286867.0,252849.0
2025-06-20 12:07:01.543012,633.5,286867.0,252849.0
2025-06-20 12:07:01.551594,633.5,287155.0,252870.0
2025-06-20 12:07:02.182860,633.5,287155.0,252870.0
2025-06-20 12:07:03.099421,633.7,287155.0,252870.0
2025-06-20 12:07:03.234541,633.7,287155.0,252870.0
2025-06-20 12:07:04.632494,633.7,287155.0,252870.0
2025-06-20 12:07:06.235723,633.7,287155.0,252870.0
2025-06-20 12:07:06.820373,633.7,286779.0,252870.0
2025-06-20 12:07:06.986704,633.7,286779.0,252870.0
2025-06-20 12:07:08.573803,633.7,286779.0,252870.0
2025-06-20 12:07:09.836669,633.7,286779.0,252870.0
2025-06-20 12:07:11.095792,633.5,286779.0,252870.0
2025-06-20 12:07:11.127728,633.5,286779.0,252870.0
2025-06-20 12:07:12.206136,633.5,285926.0,253996.0
2025-06-20 12:07:12.764312,633.5,285926.0,253996.0
2025-06-20 12:07:13.109340,633.6,285926.0,253996.0
2025-06-20 12:07:17.057556,633.6,285993.0,253759.0
2025-06-20 12:07:19.108598,633.6,285993.0,253759.0
2025-06-20 12:07:21.829864,633.6,286158.0,253555.0
2025-06-20 12:07:23.099013,633.6,286158.0,253555.0
2025-06-20 12:07:26.734595,633.6,286201.0,253574.0
2025-06-20 12:07:27.123619,633.6,286201.0,253574.0
2025-06-20 12:07:31.540458,633.6,286232.0,253804.0
2025-06-20 12:07:35.110847,633.6,286232.0,253804.0
2025-06-20 12:07:36.837825,633.6,286223.0,253754.0
2025-06-20 12:07:41.107823,633.5,286223.0,253754.0
2025-06-20 12:07:42.338148,633.65,286201.0,253479.0
2025-06-20 12:07:43.106704,633.65,286201.0,253479.0
2025-06-20 12:07:47.099477,633.5,286201.0,253479.0
2025-06-20 12:07:47.747616,633.5,286098.0,253617.0
2025-06-20 12:07:51.137152,633.65,286098.0,253617.0
2025-06-20 12:07:53.314831,633.65,286119.0,253595.0
2025-06-20 12:07:58.351610,633.65,286316.0,253543.0
2025-06-20 12:07:59.116091,633.65,286316.0,253543.0
2025-06-20 12:08:03.554337,633.65,286426.0,253569.0
2025-06-20 12:08:07.160284,633.65,286426.0,253569.0
2025-06-20 12:08:08.760306,633.65,286496.0,253348.0
2025-06-20 12:08:09.350409,633.7,286496.0,253348.0
2025-06-20 12:08:11.147051,633.5,286496.0,253348.0
2025-06-20 12:08:13.664641,633.5,286553.0,253399.0
2025-06-20 12:08:15.109823,633.7,286553.0,253399.0
2025-06-20 12:08:18.762749,633.7,286379.0,252961.0
2025-06-20 12:08:21.094189,633.5,286379.0,252961.0
2025-06-20 12:08:23.108098,633.7,286379.0,252961.0
2025-06-20 12:08:23.768613,633.5,286317.0,252898.0
2025-06-20 12:08:25.098625,633.5,286317.0,252898.0
2025-06-20 12:08:28.685488,633.5,286301.0,252998.0
2025-06-20 12:08:31.095782,633.7,286301.0,252998.0
2025-06-20 12:08:33.472800,633.7,286314.0,253084.0
2025-06-20 12:08:37.102932,633.5,286314.0,253084.0
2025-06-20 12:08:38.275449,633.5,285952.0,253472.0
2025-06-20 12:08:39.096602,633.7,285952.0,253472.0
2025-06-20 12:08:41.095821,633.5,285952.0,253472.0
2025-06-20 12:08:43.080039,633.5,286009.0,253657.0
2025-06-20 12:08:47.099629,633.7,286009.0,253657.0
2025-06-20 12:08:47.885515,633.7,286177.0,253256.0
2025-06-20 12:08:51.097196,633.5,286177.0,253256.0
2025-06-20 12:08:53.220380,633.5,285965.0,253306.0
2025-06-20 12:08:55.125175,633.75,285965.0,253306.0
2025-06-20 12:08:58.116546,633.75,286002.0,252803.0
2025-06-20 12:09:02.897997,633.75,285900.0,253027.0
2025-06-20 12:09:03.120929,633.75,285900.0,253027.0
2025-06-20 12:09:05.125582,633.75,285900.0,253027.0
2025-06-20 12:09:08.030652,633.75,285921.0,252979.0
2025-06-20 12:09:11.106916,633.75,285921.0,252979.0
2025-06-20 12:09:13.298541,633.75,285955.0,252294.0
2025-06-20 12:09:18.123391,633.75,285970.0,252329.0
2025-06-20 12:09:19.111947,633.8,285970.0,252329.0
2025-06-20 12:09:22.907369,633.8,286037.0,252223.0
2025-06-20 12:09:27.122803,633.6,286037.0,252223.0
2025-06-20 12:09:27.916658,633.6,285970.0,252069.0
2025-06-20 12:09:29.115990,633.6,285970.0,252069.0
2025-06-20 12:09:32.714008,633.6,286010.0,251988.0
2025-06-20 12:09:35.113000,634.0,286010.0,251988.0
2025-06-20 12:09:37.719385,634.0,286290.0,250357.0
2025-06-20 12:09:41.127404,633.75,286290.0,250357.0
2025-06-20 12:09:42.556485,634.0,286598.0,252342.0
2025-06-20 12:09:43.140080,634.0,286598.0,252342.0
2025-06-20 12:09:47.221740,634.0,286466.0,252310.0
2025-06-20 12:09:51.119790,634.0,286466.0,252310.0
2025-06-20 12:09:52.227712,634.0,286396.0,252166.0
2025-06-20 12:09:55.114788,634.0,286396.0,252166.0
2025-06-20 12:09:57.443139,634.0,286435.0,252189.0
2025-06-20 12:09:59.108412,634.0,286435.0,252189.0
2025-06-20 12:09:59.290075,634.0,286435.0,252189.0
2025-06-20 12:10:00.054101,634.0,286435.0,252189.0
2025-06-20 12:10:01.243060,634.0,286435.0,252189.0
2025-06-20 12:10:02.336252,634.0,286442.0,252061.0
2025-06-20 12:10:02.362410,634.0,286442.0,252061.0
2025-06-20 12:10:03.449200,634.0,286442.0,252061.0
2025-06-20 12:10:04.858916,634.0,286442.0,252061.0
2025-06-20 12:10:06.247212,634.0,286442.0,252061.0
2025-06-20 12:10:07.116285,634.0,286442.0,252061.0
2025-06-20 12:10:07.235816,634.0,286442.0,252061.0
2025-06-20 12:10:07.458029,634.0,286478.0,252034.0
2025-06-20 12:10:08.867152,634.0,286478.0,252034.0
2025-06-20 12:10:10.135440,634.0,286478.0,252034.0
2025-06-20 12:10:11.109481,633.75,286478.0,252034.0
2025-06-20 12:10:11.407489,633.75,286478.0,252034.0
2025-06-20 12:10:13.051247,633.75,286718.0,251781.0
2025-06-20 12:10:13.058037,633.75,286718.0,251781.0
2025-06-20 12:10:15.121264,634.0,286718.0,251781.0
2025-06-20 12:10:17.124209,633.75,286718.0,251781.0
2025-06-20 12:10:18.452776,633.75,286478.0,252320.0
2025-06-20 12:10:23.110287,633.95,286478.0,252320.0
2025-06-20 12:10:23.571597,633.95,286560.0,252247.0
2025-06-20 12:10:28.652292,633.95,286673.0,253583.0
2025-06-20 12:10:29.136713,633.95,286673.0,253583.0
2025-06-20 12:10:31.124385,633.95,286673.0,253583.0
2025-06-20 12:10:33.654254,633.95,286388.0,253495.0
2025-06-20 12:10:38.659648,633.95,286918.0,253548.0
2025-06-20 12:10:39.114272,634.0,286918.0,253548.0
2025-06-20 12:10:41.116776,633.75,286918.0,253548.0
2025-06-20 12:10:43.473974,633.75,287088.0,253479.0
2025-06-20 12:10:47.117392,634.0,287088.0,253479.0
2025-06-20 12:10:48.265550,633.75,286953.0,253521.0
2025-06-20 12:10:49.125929,633.75,286953.0,253521.0
2025-06-20 12:10:52.966227,633.75,286766.0,253480.0
2025-06-20 12:10:55.118593,634.0,286766.0,253480.0
2025-06-20 12:10:57.270102,634.0,286882.0,252039.0
2025-06-20 12:11:01.481188,634.0,286815.0,252051.0
2025-06-20 12:11:03.128182,634.0,286815.0,252051.0
2025-06-20 12:11:05.203206,634.0,286815.0,252051.0
2025-06-20 12:11:06.076304,633.75,287127.0,251906.0
2025-06-20 12:11:07.146820,633.75,287127.0,251906.0
2025-06-20 12:11:10.982923,634.0,287198.0,251924.0
2025-06-20 12:11:11.152059,634.0,287198.0,251924.0
2025-06-20 12:11:16.184993,634.0,287660.0,251889.0
2025-06-20 12:11:19.132004,634.0,287660.0,251889.0
2025-06-20 12:11:21.191649,634.0,287649.0,251825.0
2025-06-20 12:11:25.991211,634.0,287729.0,251826.0
2025-06-20 12:11:27.135464,634.0,287729.0,251826.0
2025-06-20 12:11:30.694935,633.8,287451.0,251871.0
2025-06-20 12:11:31.117750,633.8,287451.0,251871.0
2025-06-20 12:11:35.121361,634.0,287451.0,251871.0
2025-06-20 12:11:35.597290,634.0,286781.0,251965.0
2025-06-20 12:11:40.805518,633.8,286791.0,251952.0
2025-06-20 12:11:41.130645,633.8,286791.0,251952.0
2025-06-20 12:11:43.134631,634.0,286791.0,251952.0
2025-06-20 12:11:45.606120,634.0,286978.0,251944.0
2025-06-20 12:11:50.606621,633.8,286893.0,251943.0
2025-06-20 12:11:51.142976,634.0,286893.0,251943.0
2025-06-20 12:11:55.615485,634.0,286773.0,252168.0
2025-06-20 12:11:57.151066,633.8,286773.0,252168.0
2025-06-20 12:11:59.119651,633.8,286773.0,252168.0
2025-06-20 12:12:00.309316,633.8,286705.0,252137.0
2025-06-20 12:12:05.128126,633.8,286705.0,252137.0
2025-06-20 12:12:05.210069,633.8,286767.0,252072.0
2025-06-20 12:12:07.120666,634.0,286767.0,252072.0
2025-06-20 12:12:10.209560,634.0,286914.0,252070.0
2025-06-20 12:12:11.134761,633.8,286914.0,252070.0
2025-06-20 12:12:13.145125,633.8,286914.0,252070.0
2025-06-20 12:12:15.151426,634.0,286914.0,252070.0
2025-06-20 12:12:15.213165,634.0,286956.0,251994.0
2025-06-20 12:12:19.932474,634.0,286991.0,252040.0
2025-06-20 12:12:21.127836,633.8,286991.0,252040.0
2025-06-20 12:12:23.126921,634.0,286991.0,252040.0
2025-06-20 12:12:24.645471,634.0,286999.0,252014.0
2025-06-20 12:12:29.537068,634.0,287022.0,251869.0
2025-06-20 12:12:31.123928,634.0,287022.0,251869.0
2025-06-20 12:12:34.326730,634.0,287060.0,251819.0
2025-06-20 12:12:37.122069,634.0,287060.0,251819.0
2025-06-20 12:12:39.129244,634.0,287060.0,251819.0
2025-06-20 12:12:39.229831,634.0,287415.0,251732.0
2025-06-20 12:12:41.132205,633.8,287415.0,251732.0
2025-06-20 12:12:43.146339,633.8,287415.0,251732.0
2025-06-20 12:12:44.231628,633.8,287459.0,251420.0
2025-06-20 12:12:47.152277,634.0,287459.0,251420.0
2025-06-20 12:12:49.071970,633.8,287412.0,251551.0
2025-06-20 12:12:49.123731,633.8,287412.0,251551.0
2025-06-20 12:12:51.155742,633.8,287412.0,251551.0
2025-06-20 12:12:53.844288,633.8,287654.0,251484.0
2025-06-20 12:12:55.130619,634.0,287654.0,251484.0
2025-06-20 12:12:58.742351,634.0,287717.0,251455.0
2025-06-20 12:12:59.818998,634.0,287717.0,251455.0
2025-06-20 12:13:00.216898,634.0,287717.0,251455.0
2025-06-20 12:13:01.338847,634.0,287717.0,251455.0
2025-06-20 12:13:02.092573,634.0,287717.0,251455.0
2025-06-20 12:13:03.133771,634.1,287717.0,251455.0
2025-06-20 12:13:03.186335,634.1,287717.0,251455.0
2025-06-20 12:13:03.563555,634.1,287850.0,251139.0
2025-06-20 12:13:03.673511,634.1,287850.0,251139.0
2025-06-20 12:13:04.272494,634.1,287850.0,251139.0
2025-06-20 12:13:05.689529,634.1,287850.0,251139.0
2025-06-20 12:13:07.090212,634.1,287850.0,251139.0
2025-06-20 12:13:08.100859,634.1,287850.0,251139.0
2025-06-20 12:13:08.349827,634.15,288662.0,247678.0
2025-06-20 12:13:09.127863,634.15,288662.0,247678.0
2025-06-20 12:13:09.655008,634.15,288662.0,247678.0
2025-06-20 12:13:10.960684,634.15,288662.0,247678.0
2025-06-20 12:13:11.127300,634.2,288662.0,247678.0
2025-06-20 12:13:12.240989,634.2,288662.0,247678.0
2025-06-20 12:13:13.121709,634.4,288662.0,247678.0
2025-06-20 12:13:13.580646,634.4,288683.0,245771.0
2025-06-20 12:13:13.878820,634.4,288683.0,245771.0
2025-06-20 12:13:17.137225,634.4,288683.0,245771.0
2025-06-20 12:13:18.656149,634.4,288585.0,246172.0
2025-06-20 12:13:19.127181,634.4,288585.0,246172.0
2025-06-20 12:13:21.137746,634.25,288585.0,246172.0
2025-06-20 12:13:23.170871,633.9,288585.0,246172.0
2025-06-20 12:13:23.866415,633.9,287414.0,246474.0
2025-06-20 12:13:27.134870,634.25,287414.0,246474.0
2025-06-20 12:13:29.162115,634.25,287124.0,249403.0
2025-06-20 12:13:34.068447,634.25,287127.0,250810.0
2025-06-20 12:13:35.126694,634.15,287127.0,250810.0
2025-06-20 12:13:37.133567,633.95,287127.0,250810.0
2025-06-20 12:13:38.978721,633.95,286901.0,250456.0
2025-06-20 12:13:41.130206,633.95,286901.0,250456.0
2025-06-20 12:13:43.131760,634.05,286901.0,250456.0
2025-06-20 12:13:43.980151,634.05,287311.0,250030.0
2025-06-20 12:13:47.132351,634.15,287311.0,250030.0
2025-06-20 12:13:49.080949,634.15,287689.0,249965.0
2025-06-20 12:13:51.141106,634.2,287689.0,249965.0
2025-06-20 12:13:53.881583,634.2,287759.0,250010.0
2025-06-20 12:13:57.134353,633.95,287759.0,250010.0
2025-06-20 12:13:59.085810,634.15,287266.0,250003.0
2025-06-20 12:13:59.133384,634.15,287266.0,250003.0
2025-06-20 12:14:04.185655,634.15,287234.0,250324.0
2025-06-20 12:14:07.135306,634.15,287234.0,250324.0
2025-06-20 12:14:09.094519,634.15,287314.0,250229.0
2025-06-20 12:14:11.135503,633.95,287314.0,250229.0
2025-06-20 12:14:13.794309,633.95,286094.0,251510.0
2025-06-20 12:14:15.138906,634.0,286094.0,251510.0
2025-06-20 12:14:18.597615,633.95,286432.0,251299.0
2025-06-20 12:14:19.126799,633.95,286432.0,251299.0
2025-06-20 12:14:23.136267,634.1,286432.0,251299.0
2025-06-20 12:14:23.311110,634.1,286773.0,251241.0
2025-06-20 12:14:27.156133,633.95,286773.0,251241.0
2025-06-20 12:14:28.014787,633.95,286701.0,250382.0
2025-06-20 12:14:31.125140,634.15,286701.0,250382.0
2025-06-20 12:14:32.506029,634.15,286976.0,249640.0
2025-06-20 12:14:37.415226,634.15,286971.0,249799.0
2025-06-20 12:14:39.137684,634.15,286971.0,249799.0
2025-06-20 12:14:41.131052,633.95,286971.0,249799.0
2025-06-20 12:14:42.117238,633.95,286707.0,249914.0
2025-06-20 12:14:46.927998,634.15,286606.0,249931.0
2025-06-20 12:14:47.146154,634.15,286606.0,249931.0
2025-06-20 12:14:49.136474,634.15,286606.0,249931.0
2025-06-20 12:14:51.132550,633.95,286606.0,249931.0
2025-06-20 12:14:52.036269,633.95,286599.0,250140.0
2025-06-20 12:14:55.136617,634.15,286599.0,250140.0
2025-06-20 12:14:56.725209,634.15,287125.0,250741.0
2025-06-20 12:15:01.160167,634.15,287154.0,250650.0
2025-06-20 12:15:03.153537,634.15,287154.0,250650.0
2025-06-20 12:15:05.830430,634.15,287182.0,250682.0
2025-06-20 12:15:10.445145,634.15,287280.0,250676.0
2025-06-20 12:15:11.150808,634.15,287280.0,250676.0
2025-06-20 12:15:15.080581,634.15,287334.0,250666.0
2025-06-20 12:15:17.140547,633.95,287334.0,250666.0
2025-06-20 12:15:19.134735,634.15,287334.0,250666.0
2025-06-20 12:15:20.149279,634.15,287331.0,250845.0
2025-06-20 12:15:25.245208,634.15,287329.0,250913.0
2025-06-20 12:15:27.143565,634.15,287329.0,250913.0
2025-06-20 12:15:30.168131,634.15,287330.0,250904.0
2025-06-20 12:15:31.153344,633.95,287330.0,250904.0
2025-06-20 12:15:35.265855,634.15,287531.0,250676.0
2025-06-20 12:15:35.301487,634.15,287531.0,250676.0
2025-06-20 12:15:41.138008,633.95,287531.0,250676.0
2025-06-20 12:15:43.141501,634.15,287531.0,250676.0
2025-06-20 12:15:44.353004,634.15,287341.0,250792.0
2025-06-20 12:15:49.257828,634.15,286817.0,250830.0
2025-06-20 12:15:51.143876,634.1,286817.0,250830.0
2025-06-20 12:15:54.169547,634.1,286803.0,250753.0
2025-06-20 12:15:58.862285,634.1,287012.0,251026.0
2025-06-20 12:15:59.183173,634.1,287012.0,251026.0
2025-06-20 12:16:00.358323,634.1,287012.0,251026.0
2025-06-20 12:16:01.171079,634.1,287012.0,251026.0
2025-06-20 12:16:02.322631,634.1,287012.0,251026.0
2025-06-20 12:16:03.456046,634.1,287012.0,251026.0
2025-06-20 12:16:03.663062,634.1,286834.0,251496.0
2025-06-20 12:16:03.955187,634.1,286834.0,251496.0
2025-06-20 12:16:04.566088,634.1,286834.0,251496.0
2025-06-20 12:16:05.986720,634.1,286834.0,251496.0
2025-06-20 12:16:07.188033,633.95,286834.0,251496.0
2025-06-20 12:16:07.357850,633.95,286834.0,251496.0
2025-06-20 12:16:08.266376,633.8,286107.0,253706.0
2025-06-20 12:16:08.373330,633.8,286107.0,253706.0
2025-06-20 12:16:09.155674,633.8,286107.0,253706.0
2025-06-20 12:16:09.989819,633.8,286107.0,253706.0
2025-06-20 12:16:11.149713,633.8,286107.0,253706.0
2025-06-20 12:16:11.289957,633.8,286107.0,253706.0
2025-06-20 12:16:12.588077,633.8,286107.0,253706.0
2025-06-20 12:16:13.082797,633.8,286006.0,253764.0
2025-06-20 12:16:14.254222,633.8,286006.0,253764.0
2025-06-20 12:16:15.142556,633.95,286006.0,253764.0
2025-06-20 12:16:17.981748,633.95,285914.0,254110.0
2025-06-20 12:16:20.138246,633.8,285914.0,254110.0
2025-06-20 12:16:23.377498,633.9,286029.0,253223.0
2025-06-20 12:16:24.143489,633.9,286029.0,253223.0
2025-06-20 12:16:28.091184,633.9,286470.0,252038.0
2025-06-20 12:16:28.162378,633.9,286470.0,252038.0
2025-06-20 12:16:32.142532,634.2,286470.0,252038.0
2025-06-20 12:16:32.889241,634.2,287321.0,246950.0
2025-06-20 12:16:36.156604,634.3,287321.0,246950.0
2025-06-20 12:16:38.097900,634.3,287471.0,245594.0
2025-06-20 12:16:40.139666,634.3,287471.0,245594.0
2025-06-20 12:16:42.143372,634.35,287471.0,245594.0
2025-06-20 12:16:43.207181,634.35,288131.0,243690.0
2025-06-20 12:16:44.140364,634.4,288131.0,243690.0
2025-06-20 12:16:47.897642,634.4,287654.0,243623.0
2025-06-20 12:16:48.139063,634.4,287654.0,243623.0
2025-06-20 12:16:52.899634,634.4,287553.0,243587.0
2025-06-20 12:16:56.137153,634.25,287553.0,243587.0
2025-06-20 12:16:58.503963,634.3,287261.0,243693.0
2025-06-20 12:17:00.139782,634.3,287261.0,243693.0
2025-06-20 12:17:03.811200,634.45,286772.0,243701.0
2025-06-20 12:17:04.142464,634.45,286772.0,243701.0
2025-06-20 12:17:08.141320,634.45,286772.0,243701.0
2025-06-20 12:17:09.409284,634.45,286979.0,243990.0
2025-06-20 12:17:12.136594,634.5,286979.0,243990.0
2025-06-20 12:17:14.918600,634.5,287001.0,244145.0
2025-06-20 12:17:18.146545,634.2,287001.0,244145.0
2025-06-20 12:17:19.925482,634.35,285958.0,246992.0
2025-06-20 12:17:20.142743,634.35,285958.0,246992.0
2025-06-20 12:17:25.124044,634.35,286115.0,246947.0
2025-06-20 12:17:26.187965,634.1,286115.0,246947.0
2025-06-20 12:17:28.141072,634.1,286115.0,246947.0
2025-06-20 12:17:30.473016,634.1,286869.0,249734.0
2025-06-20 12:17:34.151223,633.9,286869.0,249734.0
2025-06-20 12:17:36.144214,634.05,286234.0,249611.0
2025-06-20 12:17:36.145453,634.05,286234.0,249611.0
2025-06-20 12:17:41.637272,633.85,287189.0,247999.0
2025-06-20 12:17:42.147953,633.85,287189.0,247999.0
2025-06-20 12:17:44.150895,634.05,287189.0,247999.0
2025-06-20 12:17:46.146786,634.1,287189.0,247999.0
2025-06-20 12:17:47.238550,634.0,286436.0,249311.0
2025-06-20 12:17:48.144132,634.0,286436.0,249311.0
2025-06-20 12:17:52.149504,634.0,286436.0,249311.0
2025-06-20 12:17:52.739835,634.0,285887.0,249579.0
2025-06-20 12:17:56.158862,634.0,285887.0,249579.0
2025-06-20 12:17:57.954756,634.0,285956.0,249940.0
2025-06-20 12:18:00.148715,634.2,285956.0,249940.0
2025-06-20 12:18:02.151352,634.2,285956.0,249940.0
2025-06-20 12:18:02.852792,634.0,285497.0,251596.0
2025-06-20 12:18:04.156562,634.0,285497.0,251596.0
2025-06-20 12:18:08.267072,634.05,286102.0,250973.0
2025-06-20 12:18:08.302846,634.05,286102.0,250973.0
2025-06-20 12:18:12.146430,633.85,286102.0,250973.0
2025-06-20 12:18:13.253983,633.85,286047.0,250996.0
2025-06-20 12:18:16.143124,633.85,286047.0,250996.0
2025-06-20 12:18:18.147152,633.7,286047.0,250996.0
2025-06-20 12:18:18.160495,633.7,284644.0,255581.0
2025-06-20 12:18:23.460199,633.8,285164.0,253585.0
2025-06-20 12:18:24.149984,633.8,285164.0,253585.0
2025-06-20 12:18:26.143759,633.55,285164.0,253585.0
2025-06-20 12:18:28.156052,633.45,285164.0,253585.0
2025-06-20 12:18:28.363248,633.45,284701.0,254011.0
2025-06-20 12:18:30.164033,633.75,284701.0,254011.0
2025-06-20 12:18:32.155896,633.75,284701.0,254011.0
2025-06-20 12:18:33.079606,633.75,284684.0,253791.0
2025-06-20 12:18:36.146668,633.4,284684.0,253791.0
2025-06-20 12:18:37.581255,633.4,284425.0,254210.0
2025-06-20 12:18:40.141418,633.45,284425.0,254210.0
2025-06-20 12:18:42.147721,633.45,284425.0,254210.0
2025-06-20 12:18:42.583979,633.45,284382.0,254036.0
2025-06-20 12:18:44.148437,633.45,284382.0,254036.0
2025-06-20 12:18:47.495403,633.75,284268.0,254204.0
2025-06-20 12:18:48.160886,633.75,284268.0,254204.0
2025-06-20 12:18:52.673516,633.75,284465.0,254197.0
2025-06-20 12:18:56.163137,633.75,284465.0,254197.0
2025-06-20 12:18:58.033093,633.75,284573.0,254207.0
2025-06-20 12:19:00.892465,633.75,284573.0,254207.0
2025-06-20 12:19:01.277484,633.75,284573.0,254207.0
2025-06-20 12:19:02.111482,633.75,284573.0,254207.0
2025-06-20 12:19:02.178234,633.75,284573.0,254207.0
2025-06-20 12:19:02.613516,633.75,284573.0,254207.0
2025-06-20 12:19:02.884271,633.8,285067.0,253359.0
2025-06-20 12:19:02.947977,633.8,285067.0,253359.0
2025-06-20 12:19:03.388676,633.8,285067.0,253359.0
2025-06-20 12:19:04.167002,633.8,285067.0,253359.0
2025-06-20 12:19:04.260957,633.8,285067.0,253359.0
2025-06-20 12:19:04.680161,633.8,285067.0,253359.0
2025-06-20 12:19:05.180696,633.8,285067.0,253359.0
2025-06-20 12:19:06.621830,633.8,285067.0,253359.0
2025-06-20 12:19:07.940543,633.8,285067.0,253359.0
2025-06-20 12:19:08.488835,633.8,284918.0,253043.0
2025-06-20 12:19:08.939719,633.8,284918.0,253043.0
2025-06-20 12:19:10.507429,633.8,284918.0,253043.0
2025-06-20 12:19:11.798740,633.8,284918.0,253043.0
2025-06-20 12:19:12.155655,633.8,284918.0,253043.0
2025-06-20 12:19:13.116818,633.8,284918.0,253043.0
2025-06-20 12:19:13.697228,633.8,284865.0,253403.0
2025-06-20 12:19:14.704005,633.8,284865.0,253403.0
2025-06-20 12:19:18.752683,633.8,284873.0,253403.0
2025-06-20 12:19:20.173504,633.8,284873.0,253403.0
2025-06-20 12:19:23.399129,633.8,284866.0,253401.0
2025-06-20 12:19:26.162525,633.55,284866.0,253401.0
2025-06-20 12:19:28.154364,633.8,284866.0,253401.0
2025-06-20 12:19:28.500216,633.8,284631.0,253587.0
2025-06-20 12:19:33.807386,633.8,284741.0,254195.0
2025-06-20 12:19:36.169155,633.75,284741.0,254195.0
2025-06-20 12:19:38.906411,633.75,284709.0,253960.0
2025-06-20 12:19:42.155978,633.55,284709.0,253960.0
2025-06-20 12:19:43.707268,633.75,284595.0,254501.0
2025-06-20 12:19:44.165410,633.75,284595.0,254501.0
2025-06-20 12:19:48.938344,633.75,284470.0,254494.0
2025-06-20 12:19:52.199720,633.75,284470.0,254494.0
2025-06-20 12:19:54.215243,633.75,284834.0,254380.0
2025-06-20 12:19:56.148767,633.55,284834.0,254380.0
2025-06-20 12:19:59.427746,633.75,284259.0,255279.0
2025-06-20 12:20:00.161845,633.75,284259.0,255279.0
2025-06-20 12:20:04.625173,633.75,284300.0,255050.0
2025-06-20 12:20:08.157354,633.7,284300.0,255050.0
2025-06-20 12:20:09.826433,633.7,284320.0,255043.0
2025-06-20 12:20:12.156198,633.55,284320.0,255043.0
2025-06-20 12:20:14.627782,633.55,284558.0,255037.0
2025-06-20 12:20:16.157311,633.55,284558.0,255037.0
2025-06-20 12:20:19.527770,633.55,284617.0,255285.0
2025-06-20 12:20:24.156613,633.7,284617.0,255285.0
2025-06-20 12:20:24.532176,633.7,284755.0,255216.0
2025-06-20 12:20:29.034642,633.7,284734.0,254944.0
2025-06-20 12:20:32.156985,633.7,284734.0,254944.0
2025-06-20 12:20:33.877392,633.7,284680.0,254904.0
2025-06-20 12:20:38.663764,633.55,284734.0,255032.0
2025-06-20 12:20:40.200426,633.7,284734.0,255032.0
2025-06-20 12:20:42.219394,633.55,284734.0,255032.0
2025-06-20 12:20:43.515072,633.7,284927.0,255123.0
2025-06-20 12:20:44.229919,633.7,284927.0,255123.0
2025-06-20 12:20:48.220171,633.7,284927.0,255123.0
2025-06-20 12:20:48.603591,633.7,284783.0,255097.0
2025-06-20 12:20:50.153777,633.5,284783.0,255097.0
2025-06-20 12:20:52.154186,633.35,284783.0,255097.0
2025-06-20 12:20:53.553172,633.35,277693.0,256803.0
2025-06-20 12:20:56.172339,633.5,277693.0,256803.0
