timestamp,ltp,bid_qty,ask_qty
2025-06-20 10:10:48.253412,263.69,819226.0,1201827.0
2025-06-20 10:10:49.592916,263.66,819226.0,1201827.0
2025-06-20 10:10:50.866494,263.66,823125.0,1231168.0
2025-06-20 10:10:51.597653,263.67,823125.0,1231168.0
2025-06-20 10:10:53.587569,263.76,823125.0,1231168.0
2025-06-20 10:10:56.570878,263.7,833852.0,1218753.0
2025-06-20 10:10:57.598061,263.7,833852.0,1218753.0
2025-06-20 10:10:59.595470,263.69,833852.0,1218753.0
2025-06-20 10:11:01.661838,263.69,833852.0,1218753.0
2025-06-20 10:11:01.882171,263.69,826453.0,1229474.0
2025-06-20 10:11:03.604556,263.76,826453.0,1229474.0
2025-06-20 10:11:05.603865,263.77,826453.0,1229474.0
2025-06-20 10:11:07.621016,263.69,826453.0,1229474.0
2025-06-20 10:11:07.973412,263.69,831398.0,1221145.0
2025-06-20 10:11:09.629147,263.75,831398.0,1221145.0
2025-06-20 10:11:11.843886,263.69,831398.0,1221145.0
2025-06-20 10:11:13.643128,263.75,831398.0,1221145.0
2025-06-20 10:11:13.888439,263.75,830337.0,1226587.0
2025-06-20 10:11:15.639828,263.75,830337.0,1226587.0
2025-06-20 10:11:17.620208,263.75,830337.0,1226587.0
2025-06-20 10:11:19.314924,263.69,833439.0,1194615.0
2025-06-20 10:11:19.636932,263.69,833439.0,1194615.0
2025-06-20 10:11:21.659417,263.7,833439.0,1194615.0
2025-06-20 10:11:24.392115,263.75,835034.0,1219413.0
2025-06-20 10:11:26.258623,263.75,835034.0,1219413.0
2025-06-20 10:11:27.667594,263.7,835034.0,1219413.0
2025-06-20 10:11:29.702166,263.69,835034.0,1219413.0
2025-06-20 10:11:30.088529,263.69,830964.0,1195456.0
2025-06-20 10:11:31.603634,263.7,830964.0,1195456.0
2025-06-20 10:11:35.608940,263.7,830964.0,1195456.0
2025-06-20 10:11:35.633127,263.7,829623.0,1220541.0
2025-06-20 10:11:37.611034,263.7,829623.0,1220541.0
2025-06-20 10:11:41.498298,263.7,823321.0,1235554.0
2025-06-20 10:11:41.597781,263.69,823321.0,1235554.0
2025-06-20 10:11:43.604002,263.64,823321.0,1235554.0
2025-06-20 10:11:45.599326,263.64,823321.0,1235554.0
2025-06-20 10:11:47.501097,263.64,806134.0,1249058.0
2025-06-20 10:11:47.597411,263.64,806134.0,1249058.0
2025-06-20 10:11:49.604554,263.68,806134.0,1249058.0
2025-06-20 10:11:51.606344,263.57,806134.0,1249058.0
2025-06-20 10:11:53.531260,263.64,806263.0,1243007.0
2025-06-20 10:11:53.622767,263.64,806263.0,1243007.0
2025-06-20 10:11:55.603861,263.64,806263.0,1243007.0
2025-06-20 10:11:57.602777,263.69,806263.0,1243007.0
2025-06-20 10:11:59.206671,263.77,834612.0,1209649.0
2025-06-20 10:11:59.602835,263.8,834612.0,1209649.0
2025-06-20 10:12:03.605712,263.83,834612.0,1209649.0
2025-06-20 10:12:05.721969,263.83,843780.0,1189533.0
2025-06-20 10:12:07.599564,264.0,843780.0,1189533.0
2025-06-20 10:12:09.602345,263.91,843780.0,1189533.0
2025-06-20 10:12:12.424303,264.0,863559.0,1170488.0
2025-06-20 10:12:13.601322,264.03,863559.0,1170488.0
2025-06-20 10:12:15.609671,264.05,863559.0,1170488.0
2025-06-20 10:12:18.615134,264.06,863559.0,1170488.0
2025-06-20 10:12:18.754791,264.06,861258.0,1182820.0
2025-06-20 10:12:22.600511,264.05,861258.0,1182820.0
2025-06-20 10:12:24.929497,264.05,860843.0,1187746.0
2025-06-20 10:12:25.614248,263.93,860843.0,1187746.0
2025-06-20 10:12:27.635077,264.02,860843.0,1187746.0
2025-06-20 10:12:29.594071,264.0,860843.0,1187746.0
2025-06-20 10:12:31.129026,264.04,863566.0,1187209.0
2025-06-20 10:12:31.604689,264.04,863566.0,1187209.0
2025-06-20 10:12:33.602980,264.05,863566.0,1187209.0
2025-06-20 10:12:35.644654,264.05,863566.0,1187209.0
2025-06-20 10:12:37.133152,264.06,860007.0,1165759.0
2025-06-20 10:12:37.611198,264.05,860007.0,1165759.0
2025-06-20 10:12:39.603907,264.01,860007.0,1165759.0
2025-06-20 10:12:40.510996,264.01,860007.0,1165759.0
2025-06-20 10:12:41.130967,264.01,860007.0,1165759.0
2025-06-20 10:12:41.608709,263.97,860007.0,1165759.0
2025-06-20 10:12:41.691576,263.97,860007.0,1165759.0
2025-06-20 10:12:42.284315,263.97,860007.0,1165759.0
2025-06-20 10:12:42.961413,264.15,869528.0,1186592.0
2025-06-20 10:12:43.426645,264.15,869528.0,1186592.0
2025-06-20 10:12:43.600580,264.15,869528.0,1186592.0
2025-06-20 10:12:43.933425,264.15,869528.0,1186592.0
2025-06-20 10:12:44.631147,264.15,869528.0,1186592.0
2025-06-20 10:12:45.310805,264.15,869528.0,1186592.0
2025-06-20 10:12:45.642052,264.1,869528.0,1186592.0
2025-06-20 10:12:46.647988,264.1,869528.0,1186592.0
2025-06-20 10:12:47.609780,264.15,869528.0,1186592.0
2025-06-20 10:12:47.654710,264.15,869528.0,1186592.0
2025-06-20 10:12:48.873650,264.04,871312.0,1193090.0
2025-06-20 10:12:49.146828,264.04,871312.0,1193090.0
2025-06-20 10:12:49.604494,264.04,871312.0,1193090.0
2025-06-20 10:12:50.470886,264.04,871312.0,1193090.0
2025-06-20 10:12:51.619333,264.15,871312.0,1193090.0
2025-06-20 10:12:51.693345,264.15,871312.0,1193090.0
2025-06-20 10:12:53.252460,264.15,871312.0,1193090.0
2025-06-20 10:12:53.620199,264.08,871312.0,1193090.0
2025-06-20 10:12:54.653066,264.08,868707.0,1195129.0
2025-06-20 10:12:55.605581,264.16,868707.0,1195129.0
2025-06-20 10:12:57.643008,264.16,868707.0,1195129.0
2025-06-20 10:12:59.607067,264.04,868707.0,1195129.0
2025-06-20 10:13:00.376561,264.04,864145.0,1200672.0
2025-06-20 10:13:01.598934,264.13,864145.0,1200672.0
2025-06-20 10:13:01.657645,264.13,866323.0,1194057.0
2025-06-20 10:13:02.601817,264.13,866323.0,1194057.0
2025-06-20 10:13:02.656042,264.13,866063.0,1194028.0
2025-06-20 10:13:03.603945,264.08,866063.0,1194028.0
2025-06-20 10:13:03.750384,264.08,865154.0,1197512.0
2025-06-20 10:13:04.601557,264.12,865154.0,1197512.0
2025-06-20 10:13:04.880691,264.13,864059.0,1194749.0
2025-06-20 10:13:05.606526,264.1,864059.0,1194749.0
2025-06-20 10:13:05.957582,264.1,866339.0,1194789.0
2025-06-20 10:13:06.602978,264.1,866339.0,1194789.0
2025-06-20 10:13:07.092563,264.01,866229.0,1196191.0
2025-06-20 10:13:07.601593,264.12,866229.0,1196191.0
2025-06-20 10:13:08.153024,264.12,866492.0,1195766.0
2025-06-20 10:13:08.603293,264.08,866492.0,1195766.0
2025-06-20 10:13:09.255365,264.08,861096.0,1203702.0
2025-06-20 10:13:09.642725,264.08,861096.0,1203702.0
2025-06-20 10:13:10.608641,264.08,861096.0,1203702.0
2025-06-20 10:13:10.884137,264.08,864333.0,1204122.0
2025-06-20 10:13:11.597408,264.08,864333.0,1204122.0
2025-06-20 10:13:11.869461,264.08,865648.0,1203728.0
2025-06-20 10:13:12.602426,264.08,865648.0,1203728.0
2025-06-20 10:13:12.960261,264.08,864523.0,1202061.0
2025-06-20 10:13:13.605270,264.08,864523.0,1202061.0
2025-06-20 10:13:14.070552,264.08,863863.0,1202140.0
2025-06-20 10:13:14.604834,264.08,863863.0,1202140.0
2025-06-20 10:13:15.257985,264.08,864211.0,1201891.0
2025-06-20 10:13:15.604883,264.08,864211.0,1201891.0
2025-06-20 10:13:16.263836,264.08,863864.0,1201908.0
2025-06-20 10:13:16.610467,264.08,863864.0,1201908.0
2025-06-20 10:13:17.403575,264.08,873973.0,1192699.0
2025-06-20 10:13:17.602123,264.08,873973.0,1192699.0
2025-06-20 10:13:18.466789,264.08,876554.0,1193746.0
2025-06-20 10:13:19.465917,264.15,876826.0,1193454.0
2025-06-20 10:13:19.605723,264.15,876826.0,1193454.0
2025-06-20 10:13:20.465824,264.14,865436.0,1196914.0
2025-06-20 10:13:20.604256,264.14,865436.0,1196914.0
2025-06-20 10:13:21.463906,264.14,865913.0,1196558.0
2025-06-20 10:13:21.603698,264.14,865913.0,1196558.0
2025-06-20 10:13:22.564969,264.2,867987.0,1194512.0
2025-06-20 10:13:22.609581,264.2,867987.0,1194512.0
2025-06-20 10:13:23.575958,264.2,871576.0,1192396.0
2025-06-20 10:13:24.570377,264.2,871585.0,1192656.0
2025-06-20 10:13:25.567832,264.03,869720.0,1195297.0
2025-06-20 10:13:25.601393,264.18,869720.0,1195297.0
2025-06-20 10:13:26.569391,264.15,874676.0,1189477.0
2025-06-20 10:13:26.610010,264.15,874676.0,1189477.0
2025-06-20 10:13:27.569928,264.15,875746.0,1189406.0
2025-06-20 10:13:28.569021,264.08,867341.0,1196838.0
2025-06-20 10:13:28.600244,264.08,867341.0,1196838.0
2025-06-20 10:13:29.603481,264.1,867341.0,1196838.0
2025-06-20 10:13:29.668357,264.1,867992.0,1196818.0
2025-06-20 10:13:30.674770,264.1,868275.0,1197278.0
2025-06-20 10:13:31.773272,264.1,870301.0,1196979.0
2025-06-20 10:13:32.895244,264.1,871525.0,1199978.0
2025-06-20 10:13:33.596597,264.13,871525.0,1199978.0
2025-06-20 10:13:33.971565,264.13,869910.0,1195802.0
2025-06-20 10:13:35.077960,264.13,872376.0,1197574.0
2025-06-20 10:13:35.601854,264.13,872376.0,1197574.0
2025-06-20 10:13:36.176694,264.08,871005.0,1194082.0
2025-06-20 10:13:36.607255,264.08,871005.0,1194082.0
2025-06-20 10:13:37.173547,264.08,872261.0,1194001.0
2025-06-20 10:13:38.273732,264.08,871712.0,1197964.0
2025-06-20 10:13:39.388227,264.08,871908.0,1197270.0
2025-06-20 10:13:40.478019,264.08,871544.0,1200560.0
2025-06-20 10:13:41.577829,264.1,871673.0,1192495.0
2025-06-20 10:13:41.606564,264.1,871673.0,1192495.0
2025-06-20 10:13:42.677386,264.1,871805.0,1197110.0
2025-06-20 10:13:43.579174,264.1,871805.0,1197112.0
2025-06-20 10:13:44.608326,264.08,871805.0,1197112.0
2025-06-20 10:13:44.677266,264.08,872252.0,1192653.0
2025-06-20 10:13:45.779630,264.08,872510.0,1192729.0
2025-06-20 10:13:46.601390,264.08,872510.0,1192729.0
2025-06-20 10:13:46.889288,264.08,872457.0,1190495.0
2025-06-20 10:13:47.635321,264.08,872457.0,1190495.0
2025-06-20 10:13:47.979414,264.08,872225.0,1192648.0
2025-06-20 10:13:48.607388,264.08,872225.0,1192648.0
2025-06-20 10:13:49.078295,264.08,875161.0,1192438.0
2025-06-20 10:13:49.645483,264.08,875161.0,1192438.0
2025-06-20 10:13:50.182276,264.08,877153.0,1193323.0
2025-06-20 10:13:50.612411,264.1,877153.0,1193323.0
2025-06-20 10:13:51.284450,264.14,876403.0,1193394.0
2025-06-20 10:13:51.599817,264.14,876403.0,1193394.0
2025-06-20 10:13:52.416448,264.15,880545.0,1193837.0
2025-06-20 10:13:52.612478,264.08,880545.0,1193837.0
2025-06-20 10:13:53.485000,264.08,872053.0,1199382.0
2025-06-20 10:13:53.609208,264.08,872053.0,1199382.0
2025-06-20 10:13:54.585186,264.08,875543.0,1199666.0
2025-06-20 10:13:54.599476,264.08,875543.0,1199666.0
2025-06-20 10:13:55.586393,264.08,875543.0,1199288.0
2025-06-20 10:13:55.597955,264.08,875543.0,1199288.0
2025-06-20 10:13:56.607383,264.08,875543.0,1199288.0
2025-06-20 10:13:56.686049,264.08,875452.0,1200261.0
2025-06-20 10:13:57.787790,264.08,868000.0,1204284.0
2025-06-20 10:13:58.915880,264.08,868473.0,1205045.0
2025-06-20 10:13:59.994452,264.08,870258.0,1204937.0
2025-06-20 10:14:01.606039,264.08,870258.0,1204937.0
2025-06-20 10:14:03.609893,264.08,870258.0,1204937.0
2025-06-20 10:14:04.694247,264.08,859308.0,1206878.0
2025-06-20 10:14:05.654442,264.08,859308.0,1206878.0
2025-06-20 10:14:07.631910,264.08,859308.0,1206878.0
2025-06-20 10:14:09.623949,264.1,859308.0,1206878.0
2025-06-20 10:14:10.492981,264.1,857668.0,1202872.0
2025-06-20 10:14:11.623367,264.13,857668.0,1202872.0
2025-06-20 10:14:13.631095,264.0,857668.0,1202872.0
2025-06-20 10:14:15.618963,264.02,857668.0,1202872.0
2025-06-20 10:14:16.303317,264.02,862907.0,1207197.0
2025-06-20 10:14:17.602235,264.02,862907.0,1207197.0
2025-06-20 10:14:19.654016,264.11,862907.0,1207197.0
2025-06-20 10:14:21.620101,264.1,862907.0,1207197.0
2025-06-20 10:14:22.106077,264.1,856250.0,1216587.0
2025-06-20 10:14:23.617303,264.1,856250.0,1216587.0
2025-06-20 10:14:25.610506,264.1,856250.0,1216587.0
2025-06-20 10:14:27.613193,264.05,856250.0,1216587.0
2025-06-20 10:14:28.208002,264.05,858690.0,1218327.0
2025-06-20 10:14:29.605920,264.02,858690.0,1218327.0
2025-06-20 10:14:31.668607,264.05,858690.0,1218327.0
2025-06-20 10:14:33.613222,264.05,858690.0,1218327.0
2025-06-20 10:14:34.023167,264.0,856861.0,1219164.0
2025-06-20 10:14:35.622700,264.02,856861.0,1219164.0
2025-06-20 10:14:37.606578,264.0,856861.0,1219164.0
2025-06-20 10:14:39.419044,264.0,857234.0,1218030.0
2025-06-20 10:14:39.609442,264.0,857234.0,1218030.0
2025-06-20 10:14:41.611625,263.97,857234.0,1218030.0
2025-06-20 10:14:43.618786,263.97,857234.0,1218030.0
2025-06-20 10:14:45.252232,263.97,838615.0,1225379.0
2025-06-20 10:14:45.664766,263.97,838615.0,1225379.0
2025-06-20 10:14:49.610999,264.03,838615.0,1225379.0
2025-06-20 10:14:50.852622,263.94,839188.0,1226784.0
2025-06-20 10:14:51.615354,263.9,839188.0,1226784.0
2025-06-20 10:14:53.601782,263.9,839188.0,1226784.0
2025-06-20 10:14:55.638236,263.97,839188.0,1226784.0
2025-06-20 10:14:56.860326,264.0,841154.0,1217146.0
2025-06-20 10:14:57.633282,264.0,841154.0,1217146.0
2025-06-20 10:15:01.681511,263.97,841154.0,1217146.0
2025-06-20 10:15:03.231285,263.97,840939.0,1186638.0
2025-06-20 10:15:03.664369,263.97,840939.0,1186638.0
2025-06-20 10:15:05.620042,264.3,840939.0,1186638.0
2025-06-20 10:15:07.619406,264.3,840939.0,1186638.0
2025-06-20 10:15:09.614435,264.19,840939.0,1186638.0
2025-06-20 10:15:09.732097,264.19,866398.0,1180227.0
2025-06-20 10:15:11.615496,264.3,866398.0,1180227.0
2025-06-20 10:15:13.612149,264.22,866398.0,1180227.0
2025-06-20 10:15:15.618524,264.39,866398.0,1180227.0
2025-06-20 10:15:15.938810,264.39,874982.0,1166957.0
2025-06-20 10:15:17.615012,264.32,874982.0,1166957.0
2025-06-20 10:15:19.613457,264.26,874982.0,1166957.0
2025-06-20 10:15:21.624231,264.09,874982.0,1166957.0
2025-06-20 10:15:22.356255,264.22,858746.0,1196750.0
2025-06-20 10:15:23.609856,264.22,858746.0,1196750.0
2025-06-20 10:15:25.616943,264.14,858746.0,1196750.0
2025-06-20 10:15:27.658014,264.18,858746.0,1196750.0
2025-06-20 10:15:28.859910,264.22,861550.0,1191584.0
2025-06-20 10:15:29.622593,264.24,861550.0,1191584.0
2025-06-20 10:15:31.622480,264.36,861550.0,1191584.0
2025-06-20 10:15:33.609245,264.39,861550.0,1191584.0
2025-06-20 10:15:34.874254,264.39,867104.0,1177589.0
2025-06-20 10:15:37.621142,264.37,867104.0,1177589.0
2025-06-20 10:15:39.639602,264.39,867104.0,1177589.0
2025-06-20 10:15:40.868512,264.39,864727.0,1184144.0
2025-06-20 10:15:40.958328,264.39,864727.0,1184144.0
2025-06-20 10:15:41.387714,264.39,864727.0,1184144.0
2025-06-20 10:15:41.617075,264.38,864727.0,1184144.0
2025-06-20 10:15:41.909178,264.38,864727.0,1184144.0
2025-06-20 10:15:42.157534,264.38,864727.0,1184144.0
2025-06-20 10:15:43.421302,264.38,864727.0,1184144.0
2025-06-20 10:15:43.618469,264.28,864727.0,1184144.0
2025-06-20 10:15:43.851923,264.28,864727.0,1184144.0
2025-06-20 10:15:44.447365,264.28,864727.0,1184144.0
2025-06-20 10:15:45.617575,264.35,864727.0,1184144.0
2025-06-20 10:15:45.759186,264.35,864727.0,1184144.0
2025-06-20 10:15:46.662532,264.35,869721.0,1189746.0
2025-06-20 10:15:47.097099,264.35,869721.0,1189746.0
2025-06-20 10:15:47.616729,264.37,869721.0,1189746.0
2025-06-20 10:15:48.072217,264.37,869721.0,1189746.0
2025-06-20 10:15:49.582846,264.37,869721.0,1189746.0
2025-06-20 10:15:50.615661,264.24,869721.0,1189746.0
2025-06-20 10:15:50.870816,264.24,869721.0,1189746.0
2025-06-20 10:15:52.099264,264.24,869721.0,1189746.0
2025-06-20 10:15:52.871137,264.19,868284.0,1186686.0
2025-06-20 10:15:53.612238,264.19,868284.0,1186686.0
2025-06-20 10:15:53.684356,264.19,868284.0,1186686.0
2025-06-20 10:15:55.847845,264.24,868284.0,1186686.0
2025-06-20 10:15:59.371655,264.28,882722.0,1184262.0
2025-06-20 10:15:59.616855,264.35,882722.0,1184262.0
2025-06-20 10:16:01.272604,264.39,883370.0,1169698.0
2025-06-20 10:16:01.617478,264.39,883370.0,1169698.0
2025-06-20 10:16:02.618370,264.4,883370.0,1169698.0
2025-06-20 10:16:02.775456,264.4,881704.0,1173951.0
2025-06-20 10:16:03.872239,264.4,882243.0,1176055.0
2025-06-20 10:16:04.622317,264.4,882243.0,1176055.0
2025-06-20 10:16:04.972521,264.35,883123.0,1176142.0
2025-06-20 10:16:05.666194,264.35,883123.0,1176142.0
2025-06-20 10:16:06.072780,264.35,882356.0,1175274.0
2025-06-20 10:16:06.617740,264.4,882356.0,1175274.0
2025-06-20 10:16:06.972786,264.4,882438.0,1176565.0
2025-06-20 10:16:07.617316,264.39,882438.0,1176565.0
2025-06-20 10:16:07.972125,264.35,877606.0,1176127.0
2025-06-20 10:16:08.609185,264.32,877606.0,1176127.0
2025-06-20 10:16:09.072390,264.4,878363.0,1177262.0
2025-06-20 10:16:09.616489,264.4,878363.0,1177262.0
2025-06-20 10:16:10.074294,264.4,877380.0,1179256.0
2025-06-20 10:16:11.176544,264.4,880296.0,1179387.0
2025-06-20 10:16:12.274116,264.35,879543.0,1178706.0
2025-06-20 10:16:12.616661,264.35,879543.0,1178706.0
2025-06-20 10:16:13.575382,264.37,873347.0,1180828.0
2025-06-20 10:16:13.613163,264.37,873347.0,1180828.0
2025-06-20 10:16:14.381207,264.37,874109.0,1180732.0
2025-06-20 10:16:15.389629,264.24,874216.0,1187290.0
2025-06-20 10:16:15.616873,264.24,874216.0,1187290.0
2025-06-20 10:16:16.385128,264.32,874229.0,1187220.0
2025-06-20 10:16:16.615580,264.32,874229.0,1187220.0
2025-06-20 10:16:17.390271,264.32,874796.0,1187179.0
2025-06-20 10:16:18.575279,264.18,874040.0,1186113.0
2025-06-20 10:16:18.622674,264.18,874040.0,1186113.0
2025-06-20 10:16:19.614707,264.32,874040.0,1186113.0
2025-06-20 10:16:19.684114,264.32,876031.0,1186907.0
2025-06-20 10:16:20.775590,264.32,876718.0,1186632.0
2025-06-20 10:16:21.614932,264.32,876718.0,1186632.0
2025-06-20 10:16:21.882695,264.22,877013.0,1187725.0
2025-06-20 10:16:22.618469,264.22,877013.0,1187725.0
2025-06-20 10:16:22.977180,264.22,876388.0,1188435.0
2025-06-20 10:16:24.081580,264.18,875123.0,1190045.0
2025-06-20 10:16:24.628207,264.32,875123.0,1190045.0
2025-06-20 10:16:25.180484,264.32,876618.0,1191222.0
2025-06-20 10:16:25.616956,264.32,876618.0,1191222.0
2025-06-20 10:16:26.182432,264.32,879589.0,1190788.0
2025-06-20 10:16:27.291249,264.32,878867.0,1189544.0
2025-06-20 10:16:27.625051,264.21,878867.0,1189544.0
2025-06-20 10:16:28.282548,264.32,879199.0,1188145.0
2025-06-20 10:16:28.610557,264.32,879199.0,1188145.0
2025-06-20 10:16:29.398936,264.21,880172.0,1190136.0
2025-06-20 10:16:29.616007,264.21,880172.0,1190136.0
2025-06-20 10:16:30.393688,264.3,880868.0,1190982.0
2025-06-20 10:16:30.614232,264.3,880868.0,1190982.0
2025-06-20 10:16:31.417895,264.3,880040.0,1191374.0
2025-06-20 10:16:31.645073,264.3,880040.0,1191374.0
2025-06-20 10:16:32.284796,264.19,875623.0,1195775.0
2025-06-20 10:16:32.614975,264.24,875623.0,1195775.0
2025-06-20 10:16:33.287239,264.24,876033.0,1192558.0
2025-06-20 10:16:34.414334,264.24,875756.0,1192027.0
2025-06-20 10:16:34.663022,264.18,875756.0,1192027.0
2025-06-20 10:16:35.487974,264.18,878479.0,1161498.0
2025-06-20 10:16:35.616491,264.18,878479.0,1161498.0
2025-06-20 10:16:36.602194,264.24,878589.0,1161410.0
2025-06-20 10:16:36.626951,264.24,878589.0,1161410.0
2025-06-20 10:16:37.691626,264.24,878501.0,1187361.0
2025-06-20 10:16:38.689001,264.24,876234.0,1192148.0
2025-06-20 10:16:39.652237,264.24,876234.0,1192148.0
2025-06-20 10:16:39.789719,264.24,876246.0,1192550.0
2025-06-20 10:16:40.616347,264.31,876246.0,1192550.0
2025-06-20 10:16:40.791565,264.21,877794.0,1188991.0
2025-06-20 10:16:41.619740,264.25,877794.0,1188991.0
2025-06-20 10:16:41.793084,264.25,882231.0,1191560.0
2025-06-20 10:16:42.792801,264.24,883429.0,1192848.0
2025-06-20 10:16:43.615974,264.24,883429.0,1192848.0
2025-06-20 10:16:43.795847,264.24,883446.0,1192312.0
2025-06-20 10:16:44.667249,264.24,883446.0,1192312.0
2025-06-20 10:16:44.792495,264.24,886354.0,1192306.0
2025-06-20 10:16:45.796499,264.24,885620.0,1192851.0
2025-06-20 10:16:46.617931,264.24,885620.0,1192851.0
2025-06-20 10:16:46.794892,264.24,885186.0,1192687.0
2025-06-20 10:16:47.620192,264.2,885186.0,1192687.0
2025-06-20 10:16:47.796527,264.2,873800.0,1199141.0
2025-06-20 10:16:48.621713,264.2,873800.0,1199141.0
2025-06-20 10:16:48.795930,264.2,875478.0,1199385.0
2025-06-20 10:16:49.618968,264.22,875478.0,1199385.0
2025-06-20 10:16:49.800847,264.22,882192.0,1192977.0
2025-06-20 10:16:50.928002,264.22,884761.0,1190628.0
2025-06-20 10:16:51.617862,264.3,884761.0,1190628.0
2025-06-20 10:16:51.928334,264.3,884751.0,1194322.0
2025-06-20 10:16:52.619401,264.29,884751.0,1194322.0
2025-06-20 10:16:52.922846,264.29,884286.0,1193501.0
2025-06-20 10:16:53.914142,264.29,884618.0,1193990.0
2025-06-20 10:16:54.675085,264.29,884618.0,1193990.0
2025-06-20 10:16:54.916593,264.18,882650.0,1193891.0
2025-06-20 10:16:55.619131,264.18,882650.0,1193891.0
2025-06-20 10:16:56.004274,264.18,881679.0,1195199.0
2025-06-20 10:16:56.619413,264.16,881679.0,1195199.0
2025-06-20 10:16:57.105448,264.16,878868.0,1197069.0
2025-06-20 10:16:58.104473,264.16,876181.0,1199100.0
2025-06-20 10:16:59.206792,264.16,878938.0,1199911.0
2025-06-20 10:17:00.204948,264.18,878512.0,1197430.0
2025-06-20 10:17:01.619688,264.22,878512.0,1197430.0
2025-06-20 10:17:01.707943,264.22,880891.0,1197038.0
2025-06-20 10:17:03.617793,264.2,880891.0,1197038.0
2025-06-20 10:17:05.622168,264.19,880891.0,1197038.0
2025-06-20 10:17:07.623131,264.22,880891.0,1197038.0
2025-06-20 10:17:07.712929,264.22,880140.0,1196802.0
2025-06-20 10:17:09.632108,264.22,880140.0,1196802.0
2025-06-20 10:17:11.631330,264.2,880140.0,1196802.0
2025-06-20 10:17:13.620243,264.22,880140.0,1196802.0
2025-06-20 10:17:13.825042,264.22,882240.0,1196462.0
2025-06-20 10:17:17.635552,264.2,882240.0,1196462.0
2025-06-20 10:17:19.628518,264.2,882240.0,1196462.0
2025-06-20 10:17:19.926204,264.2,881637.0,1196042.0
2025-06-20 10:17:21.622681,264.2,881637.0,1196042.0
2025-06-20 10:17:25.641411,264.28,881637.0,1196042.0
2025-06-20 10:17:25.652548,264.28,888074.0,1183085.0
2025-06-20 10:17:27.628814,264.29,888074.0,1183085.0
2025-06-20 10:17:31.628589,264.2,888074.0,1183085.0
2025-06-20 10:17:31.929904,264.2,883868.0,1190664.0
2025-06-20 10:17:33.642671,264.3,883868.0,1190664.0
2025-06-20 10:17:37.619389,264.33,883868.0,1190664.0
2025-06-20 10:17:37.933440,264.4,897946.0,1167999.0
2025-06-20 10:17:39.631614,264.4,897946.0,1167999.0
2025-06-20 10:17:42.628986,264.48,897946.0,1167999.0
2025-06-20 10:17:43.733620,264.33,895134.0,1172873.0
2025-06-20 10:17:45.635369,264.45,895134.0,1172873.0
2025-06-20 10:17:48.627766,264.4,895134.0,1172873.0
2025-06-20 10:17:49.649222,264.4,893909.0,1174355.0
2025-06-20 10:17:51.633522,264.45,893909.0,1174355.0
2025-06-20 10:17:55.947145,264.45,895270.0,1173783.0
2025-06-20 10:17:58.627771,264.4,895270.0,1173783.0
2025-06-20 10:18:00.631650,264.36,895270.0,1173783.0
2025-06-20 10:18:02.244664,264.38,895991.0,1167824.0
2025-06-20 10:18:04.624899,264.38,895991.0,1167824.0
2025-06-20 10:18:07.622062,264.45,895991.0,1167824.0
2025-06-20 10:18:08.548900,264.38,895860.0,1163976.0
2025-06-20 10:18:09.633984,264.38,895860.0,1163976.0
2025-06-20 10:18:13.627757,264.37,895860.0,1163976.0
2025-06-20 10:18:14.450726,264.45,908301.0,1168400.0
2025-06-20 10:18:16.624666,264.45,908301.0,1168400.0
2025-06-20 10:18:18.644164,264.39,908301.0,1168400.0
2025-06-20 10:18:20.257916,264.45,913391.0,1164865.0
2025-06-20 10:18:21.630139,264.37,913391.0,1164865.0
2025-06-20 10:18:25.634757,264.44,913391.0,1164865.0
2025-06-20 10:18:27.057736,264.42,918003.0,1160695.0
2025-06-20 10:18:28.628279,264.46,918003.0,1160695.0
2025-06-20 10:18:30.664863,264.42,918003.0,1160695.0
2025-06-20 10:18:33.662005,264.41,914016.0,1166836.0
2025-06-20 10:18:34.639242,264.41,914016.0,1166836.0
2025-06-20 10:18:37.627668,264.5,914016.0,1166836.0
2025-06-20 10:18:39.577788,264.42,918537.0,1165778.0
2025-06-20 10:18:39.636667,264.42,918537.0,1165778.0
2025-06-20 10:18:41.340464,264.42,918537.0,1165778.0
2025-06-20 10:18:42.118160,264.42,918537.0,1165778.0
2025-06-20 10:18:42.684682,264.5,918537.0,1165778.0
2025-06-20 10:18:42.724974,264.5,918537.0,1165778.0
2025-06-20 10:18:43.298776,264.5,918537.0,1165778.0
2025-06-20 10:18:44.433151,264.5,918537.0,1165778.0
2025-06-20 10:18:45.418625,264.5,918537.0,1165778.0
2025-06-20 10:18:45.466623,264.5,921241.0,1161724.0
2025-06-20 10:18:45.653030,264.45,921241.0,1161724.0
2025-06-20 10:18:46.336231,264.45,921241.0,1161724.0
2025-06-20 10:18:47.676257,264.45,921241.0,1161724.0
2025-06-20 10:18:48.681706,264.45,921241.0,1161724.0
2025-06-20 10:18:49.657035,264.45,921241.0,1161724.0
2025-06-20 10:18:50.196682,264.45,921241.0,1161724.0
2025-06-20 10:18:51.272444,264.5,916500.0,1163072.0
2025-06-20 10:18:51.454887,264.5,916500.0,1163072.0
2025-06-20 10:18:51.638942,264.5,916500.0,1163072.0
2025-06-20 10:18:52.711462,264.5,916500.0,1163072.0
2025-06-20 10:18:54.338001,264.5,916500.0,1163072.0
2025-06-20 10:18:54.666236,264.55,916500.0,1163072.0
2025-06-20 10:18:57.196356,264.52,919681.0,1152341.0
2025-06-20 10:18:57.643035,264.52,919681.0,1152341.0
2025-06-20 10:19:00.646074,264.45,919681.0,1152341.0
2025-06-20 10:19:03.617483,264.4,912971.0,1175792.0
2025-06-20 10:19:04.642272,264.42,912971.0,1175792.0
2025-06-20 10:19:07.663585,264.4,912971.0,1175792.0
2025-06-20 10:19:09.635531,264.45,912971.0,1175792.0
2025-06-20 10:19:09.980443,264.45,916454.0,1173045.0
2025-06-20 10:19:13.651373,264.45,916454.0,1173045.0
2025-06-20 10:19:15.893295,264.42,917007.0,1172584.0
2025-06-20 10:19:16.652112,264.45,917007.0,1172584.0
2025-06-20 10:19:18.785591,264.4,917007.0,1172584.0
2025-06-20 10:19:21.990013,264.45,912446.0,1173608.0
2025-06-20 10:19:22.685189,264.45,912446.0,1173608.0
2025-06-20 10:19:24.911191,264.42,912446.0,1173608.0
2025-06-20 10:19:27.699439,264.45,912446.0,1173608.0
2025-06-20 10:19:27.996080,264.45,907519.0,1152806.0
2025-06-20 10:19:31.671934,264.45,907519.0,1152806.0
2025-06-20 10:19:34.207074,264.45,907262.0,1184255.0
2025-06-20 10:19:34.644921,264.45,907262.0,1184255.0
2025-06-20 10:19:37.704731,264.45,907262.0,1184255.0
2025-06-20 10:19:40.311235,264.45,909910.0,1184157.0
2025-06-20 10:19:43.633016,264.42,909910.0,1184157.0
2025-06-20 10:19:45.641607,264.42,909910.0,1184157.0
2025-06-20 10:19:46.234055,264.45,905166.0,1184698.0
2025-06-20 10:19:48.646980,264.42,905166.0,1184698.0
2025-06-20 10:19:51.719305,264.45,902940.0,1187879.0
2025-06-20 10:19:52.703295,264.45,902940.0,1187879.0
2025-06-20 10:19:54.683208,264.4,902940.0,1187879.0
2025-06-20 10:19:57.668696,264.4,902940.0,1187879.0
2025-06-20 10:19:57.735605,264.4,901810.0,1189765.0
2025-06-20 10:20:00.671153,264.4,901810.0,1189765.0
2025-06-20 10:20:02.685306,264.45,901810.0,1189765.0
2025-06-20 10:20:03.841631,264.45,902055.0,1183418.0
2025-06-20 10:20:05.679540,264.4,902055.0,1183418.0
2025-06-20 10:20:08.681168,264.45,902055.0,1183418.0
2025-06-20 10:20:10.539972,264.45,898849.0,1187626.0
2025-06-20 10:20:12.679493,264.4,898849.0,1187626.0
2025-06-20 10:20:14.688769,264.44,898849.0,1187626.0
2025-06-20 10:20:17.040513,264.33,897255.0,1195291.0
2025-06-20 10:20:18.640271,264.33,897255.0,1195291.0
2025-06-20 10:20:23.147031,264.44,905902.0,1188124.0
2025-06-20 10:20:23.652145,264.35,905902.0,1188124.0
2025-06-20 10:20:27.708793,264.35,905902.0,1188124.0
2025-06-20 10:20:28.959498,264.35,906275.0,1186143.0
2025-06-20 10:20:30.645015,264.34,906275.0,1186143.0
2025-06-20 10:20:32.716901,264.42,906275.0,1186143.0
2025-06-20 10:20:35.260329,264.48,907242.0,1163284.0
2025-06-20 10:20:36.669728,264.48,907242.0,1163284.0
2025-06-20 10:20:39.657320,264.48,907242.0,1163284.0
2025-06-20 10:20:41.463243,264.46,906570.0,1168495.0
2025-06-20 10:20:41.648717,264.46,906570.0,1168495.0
2025-06-20 10:20:44.652679,264.55,906570.0,1168495.0
2025-06-20 10:20:47.269644,264.55,915094.0,1165717.0
2025-06-20 10:20:48.649929,264.55,915094.0,1165717.0
2025-06-20 10:20:51.647401,264.54,915094.0,1165717.0
2025-06-20 10:20:53.610549,264.54,912760.0,1171492.0
2025-06-20 10:20:53.663439,264.54,912760.0,1171492.0
2025-06-20 10:20:57.650945,264.55,912760.0,1171492.0
2025-06-20 10:20:59.662577,264.55,912760.0,1171492.0
2025-06-20 10:20:59.684044,264.55,911855.0,1173650.0
2025-06-20 10:21:03.653812,264.55,911855.0,1173650.0
2025-06-20 10:21:05.653387,264.55,911855.0,1173650.0
2025-06-20 10:21:05.973610,264.55,913197.0,1173861.0
2025-06-20 10:21:08.676509,264.6,913197.0,1173861.0
2025-06-20 10:21:12.285622,264.55,909349.0,1181673.0
2025-06-20 10:21:12.649800,264.55,909349.0,1181673.0
2025-06-20 10:21:14.659123,264.55,909349.0,1181673.0
2025-06-20 10:21:18.485815,264.45,896145.0,1195535.0
2025-06-20 10:21:18.648432,264.45,896145.0,1195535.0
2025-06-20 10:21:20.703913,264.45,896145.0,1195535.0
2025-06-20 10:21:23.664106,264.46,896145.0,1195535.0
2025-06-20 10:21:24.290505,264.46,895910.0,1201717.0
2025-06-20 10:21:26.652841,264.51,895910.0,1201717.0
2025-06-20 10:21:29.660534,264.46,895910.0,1201717.0
2025-06-20 10:21:30.431551,264.55,897775.0,1190457.0
2025-06-20 10:21:32.697647,264.41,897775.0,1190457.0
2025-06-20 10:21:35.657869,264.37,897775.0,1190457.0
2025-06-20 10:21:36.443210,264.37,899964.0,1191299.0
2025-06-20 10:21:41.812476,264.37,899964.0,1191299.0
2025-06-20 10:21:42.166059,264.37,899964.0,1191299.0
2025-06-20 10:21:42.302459,264.4,899715.0,1196961.0
2025-06-20 10:21:42.476073,264.4,899715.0,1196961.0
2025-06-20 10:21:42.663458,264.4,899715.0,1196961.0
2025-06-20 10:21:42.791273,264.4,899715.0,1196961.0
2025-06-20 10:21:43.087728,264.4,899715.0,1196961.0
2025-06-20 10:21:44.431228,264.4,899715.0,1196961.0
2025-06-20 10:21:44.651808,264.46,899715.0,1196961.0
2025-06-20 10:21:44.834847,264.46,899715.0,1196961.0
2025-06-20 10:21:45.452298,264.46,899715.0,1196961.0
2025-06-20 10:21:46.818959,264.46,899715.0,1196961.0
2025-06-20 10:21:48.104908,264.46,899362.0,1197672.0
2025-06-20 10:21:48.129599,264.46,899362.0,1197672.0
2025-06-20 10:21:48.663354,264.46,899362.0,1197672.0
2025-06-20 10:21:49.106880,264.46,899362.0,1197672.0
2025-06-20 10:21:50.695310,264.46,899362.0,1197672.0
2025-06-20 10:21:51.947238,264.46,899362.0,1197672.0
2025-06-20 10:21:53.182607,264.46,899362.0,1197672.0
2025-06-20 10:21:53.709242,264.46,900751.0,1187783.0
2025-06-20 10:21:54.682029,264.51,900751.0,1187783.0
2025-06-20 10:21:54.788843,264.51,900751.0,1187783.0
2025-06-20 10:21:56.662420,264.51,900751.0,1187783.0
2025-06-20 10:21:59.314789,264.49,900303.0,1192477.0
2025-06-20 10:21:59.712397,264.49,900303.0,1192477.0
2025-06-20 10:22:02.697290,264.51,900303.0,1192477.0
2025-06-20 10:22:05.214263,264.52,901322.0,1188903.0
2025-06-20 10:22:06.664100,264.52,901322.0,1188903.0
2025-06-20 10:22:08.723891,264.49,901322.0,1188903.0
2025-06-20 10:22:11.512040,264.51,896032.0,1195036.0
2025-06-20 10:22:12.694209,264.52,896032.0,1195036.0
2025-06-20 10:22:15.654147,264.49,896032.0,1195036.0
2025-06-20 10:22:17.219992,264.51,903171.0,1160429.0
2025-06-20 10:22:17.684816,264.51,903171.0,1160429.0
2025-06-20 10:22:21.665561,264.51,903171.0,1160429.0
2025-06-20 10:22:23.327170,264.49,900991.0,1191628.0
2025-06-20 10:22:23.659609,264.55,900991.0,1191628.0
2025-06-20 10:22:29.679864,264.51,901271.0,1193506.0
2025-06-20 10:22:29.695198,264.51,901271.0,1193506.0
2025-06-20 10:22:35.529585,264.42,917608.0,1193749.0
2025-06-20 10:22:35.677692,264.42,917608.0,1193749.0
2025-06-20 10:22:38.677484,264.5,917608.0,1193749.0
2025-06-20 10:22:40.937456,264.51,917608.0,1193749.0
2025-06-20 10:22:41.243724,264.51,918164.0,1199209.0
2025-06-20 10:22:42.704592,264.55,918164.0,1199209.0
2025-06-20 10:22:44.693198,264.44,918164.0,1199209.0
2025-06-20 10:22:46.684836,264.5,918164.0,1199209.0
2025-06-20 10:22:46.837853,264.5,917499.0,1204646.0
2025-06-20 10:22:48.665698,264.44,917499.0,1204646.0
2025-06-20 10:22:50.656332,264.46,917499.0,1204646.0
2025-06-20 10:22:52.559511,264.5,918575.0,1167068.0
2025-06-20 10:22:52.658679,264.5,918575.0,1167068.0
2025-06-20 10:22:56.687730,264.5,918575.0,1167068.0
2025-06-20 10:22:58.756107,264.5,918096.0,1168952.0
2025-06-20 10:23:02.656923,264.44,918096.0,1168952.0
2025-06-20 10:23:04.665258,264.5,918096.0,1168952.0
2025-06-20 10:23:04.748713,264.5,915380.0,1171410.0
2025-06-20 10:23:06.663619,264.5,915380.0,1171410.0
2025-06-20 10:23:08.661334,264.54,915380.0,1171410.0
2025-06-20 10:23:10.553697,264.43,912401.0,1169761.0
2025-06-20 10:23:10.658557,264.43,912401.0,1169761.0
2025-06-20 10:23:12.662896,264.42,912401.0,1169761.0
2025-06-20 10:23:14.659555,264.43,912401.0,1169761.0
2025-06-20 10:23:16.053881,264.43,912398.0,1201626.0
2025-06-20 10:23:16.660104,264.5,912398.0,1201626.0
2025-06-20 10:23:18.715731,264.5,912398.0,1201626.0
2025-06-20 10:23:20.660771,264.42,912398.0,1201626.0
2025-06-20 10:23:21.959524,264.55,915184.0,1195520.0
2025-06-20 10:23:22.657973,264.55,915184.0,1195520.0
2025-06-20 10:23:24.659660,264.55,915184.0,1195520.0
2025-06-20 10:23:26.661105,264.46,915184.0,1195520.0
2025-06-20 10:23:27.871453,264.46,916562.0,1194353.0
2025-06-20 10:23:28.677824,264.54,916562.0,1194353.0
2025-06-20 10:23:30.658501,264.55,916562.0,1194353.0
2025-06-20 10:23:32.668292,264.55,916562.0,1194353.0
2025-06-20 10:23:33.592994,264.48,916057.0,1197758.0
2025-06-20 10:23:34.668788,264.48,916057.0,1197758.0
2025-06-20 10:23:38.664345,264.54,916057.0,1197758.0
2025-06-20 10:23:39.400459,264.54,918534.0,1191951.0
2025-06-20 10:23:42.663443,264.54,918534.0,1191951.0
2025-06-20 10:23:45.477634,264.54,918384.0,1192367.0
2025-06-20 10:23:46.668275,264.54,918384.0,1192367.0
2025-06-20 10:23:48.678710,264.5,918384.0,1192367.0
2025-06-20 10:23:50.669139,264.54,918384.0,1192367.0
2025-06-20 10:23:51.391369,264.54,908736.0,1195693.0
2025-06-20 10:23:52.659940,264.54,908736.0,1195693.0
2025-06-20 10:23:54.670998,264.48,908736.0,1195693.0
2025-06-20 10:23:56.664884,264.54,908736.0,1195693.0
2025-06-20 10:23:56.981267,264.54,910460.0,1198404.0
2025-06-20 10:24:02.634120,264.54,908459.0,1200512.0
2025-06-20 10:24:02.672536,264.54,908459.0,1200512.0
2025-06-20 10:24:04.666602,264.54,908459.0,1200512.0
2025-06-20 10:24:08.089622,264.54,908482.0,1200881.0
2025-06-20 10:24:10.933520,264.54,908482.0,1200881.0
2025-06-20 10:24:12.844905,264.54,908482.0,1200881.0
2025-06-20 10:24:14.166488,264.54,908113.0,1202692.0
2025-06-20 10:24:14.714862,264.54,908113.0,1202692.0
2025-06-20 10:24:16.773818,264.54,908113.0,1202692.0
2025-06-20 10:24:18.703994,264.48,908113.0,1202692.0
2025-06-20 10:24:19.497043,264.44,910605.0,1204291.0
2025-06-20 10:24:20.703263,264.54,910605.0,1204291.0
2025-06-20 10:24:22.661731,264.45,910605.0,1204291.0
2025-06-20 10:24:25.004716,264.45,905761.0,1203357.0
2025-06-20 10:24:30.697874,264.45,905761.0,1203357.0
2025-06-20 10:24:30.803960,264.45,908803.0,1206873.0
2025-06-20 10:24:34.668613,264.45,908803.0,1206873.0
2025-06-20 10:24:36.607003,264.49,908757.0,1207650.0
2025-06-20 10:24:36.697247,264.49,908757.0,1207650.0
2025-06-20 10:24:38.665136,264.49,908757.0,1207650.0
2025-06-20 10:24:42.289829,264.49,908757.0,1207650.0
2025-06-20 10:24:42.511353,264.49,905375.0,1212077.0
2025-06-20 10:24:42.655402,264.49,905375.0,1212077.0
2025-06-20 10:24:42.697964,264.49,905375.0,1212077.0
2025-06-20 10:24:42.950286,264.49,905375.0,1212077.0
2025-06-20 10:24:43.493173,264.49,905375.0,1212077.0
2025-06-20 10:24:44.032584,264.49,905375.0,1212077.0
2025-06-20 10:24:44.708012,264.49,905375.0,1212077.0
2025-06-20 10:24:45.053427,264.49,905375.0,1212077.0
2025-06-20 10:24:45.670557,264.48,905375.0,1212077.0
2025-06-20 10:24:46.073654,264.48,905375.0,1212077.0
2025-06-20 10:24:47.643805,264.48,905375.0,1212077.0
2025-06-20 10:24:48.312415,264.4,926570.0,1216009.0
2025-06-20 10:24:48.667322,264.49,926570.0,1216009.0
2025-06-20 10:24:48.783116,264.49,926570.0,1216009.0
2025-06-20 10:24:49.782046,264.49,926570.0,1216009.0
2025-06-20 10:24:50.662713,264.49,926570.0,1216009.0
2025-06-20 10:24:51.291045,264.49,926570.0,1216009.0
2025-06-20 10:24:52.565923,264.49,926570.0,1216009.0
2025-06-20 10:24:52.696521,264.4,926570.0,1216009.0
2025-06-20 10:24:53.829569,264.4,926570.0,1216009.0
2025-06-20 10:24:54.015951,264.49,923665.0,1214409.0
2025-06-20 10:24:54.666115,264.4,923665.0,1214409.0
2025-06-20 10:24:55.421802,264.4,923665.0,1214409.0
2025-06-20 10:24:56.660397,264.4,923665.0,1214409.0
2025-06-20 10:24:58.665082,264.4,923665.0,1214409.0
2025-06-20 10:24:59.818473,264.34,924554.0,1220853.0
2025-06-20 10:25:00.658872,264.34,924554.0,1220853.0
2025-06-20 10:25:02.662654,264.43,924554.0,1220853.0
2025-06-20 10:25:05.823688,264.52,927502.0,1204027.0
2025-06-20 10:25:06.663653,264.43,927502.0,1204027.0
2025-06-20 10:25:08.670436,264.53,927502.0,1204027.0
2025-06-20 10:25:10.720068,264.49,927502.0,1204027.0
2025-06-20 10:25:12.029719,264.53,929832.0,1209429.0
2025-06-20 10:25:14.664963,264.42,929832.0,1209429.0
2025-06-20 10:25:17.661826,264.54,929832.0,1209429.0
2025-06-20 10:25:18.134814,264.54,931045.0,1207275.0
2025-06-20 10:25:20.355453,264.54,931045.0,1207275.0
2025-06-20 10:25:23.666176,264.5,931045.0,1207275.0
2025-06-20 10:25:24.242833,264.5,932505.0,1207702.0
2025-06-20 10:25:25.684414,264.5,932505.0,1207702.0
2025-06-20 10:25:29.659811,264.53,932505.0,1207702.0
2025-06-20 10:25:30.266675,264.53,929497.0,1205770.0
2025-06-20 10:25:32.666437,264.45,929497.0,1205770.0
2025-06-20 10:25:35.668319,264.45,929497.0,1205770.0
2025-06-20 10:25:36.455020,264.57,923020.0,1209569.0
2025-06-20 10:25:37.666062,264.43,923020.0,1209569.0
2025-06-20 10:25:41.661190,264.54,923020.0,1209569.0
2025-06-20 10:25:42.848334,264.54,926892.0,1210038.0
2025-06-20 10:25:44.671451,264.42,926892.0,1210038.0
2025-06-20 10:25:47.666710,264.54,926892.0,1210038.0
2025-06-20 10:25:48.963545,264.54,927725.0,1212297.0
2025-06-20 10:25:50.671475,264.53,927725.0,1212297.0
2025-06-20 10:25:53.665228,264.54,927725.0,1212297.0
2025-06-20 10:25:55.015960,264.54,935332.0,1209700.0
2025-06-20 10:25:56.665787,264.54,935332.0,1209700.0
2025-06-20 10:25:58.676365,264.48,935332.0,1209700.0
2025-06-20 10:26:00.665809,264.54,936123.0,1204991.0
2025-06-20 10:26:01.669627,264.54,936123.0,1204991.0
2025-06-20 10:26:05.663221,264.45,936123.0,1204991.0
2025-06-20 10:26:06.769933,264.52,930474.0,1212341.0
2025-06-20 10:26:08.667384,264.45,930474.0,1212341.0
2025-06-20 10:26:11.662302,264.54,930474.0,1212341.0
2025-06-20 10:26:13.175968,264.42,933518.0,1213125.0
2025-06-20 10:26:13.668194,264.42,933518.0,1213125.0
2025-06-20 10:26:16.671546,264.49,933518.0,1213125.0
2025-06-20 10:26:19.482497,264.49,936576.0,1209618.0
2025-06-20 10:26:19.671021,264.49,936576.0,1209618.0
2025-06-20 10:26:22.670510,264.54,936576.0,1209618.0
2025-06-20 10:26:25.701852,264.44,933033.0,1211941.0
2025-06-20 10:26:26.670077,264.42,933033.0,1211941.0
2025-06-20 10:26:28.674992,264.49,933033.0,1211941.0
2025-06-20 10:26:31.782461,264.63,936292.0,1193648.0
2025-06-20 10:26:32.672260,264.63,936292.0,1193648.0
2025-06-20 10:26:35.682377,264.56,936292.0,1193648.0
2025-06-20 10:26:38.087390,264.64,934783.0,1194629.0
2025-06-20 10:26:38.719563,264.64,934783.0,1194629.0
2025-06-20 10:26:40.670975,264.56,934783.0,1194629.0
2025-06-20 10:26:43.712938,264.64,934783.0,1194629.0
2025-06-20 10:26:44.591304,264.64,936605.0,1195352.0
2025-06-20 10:26:47.691274,264.64,936605.0,1195352.0
2025-06-20 10:26:49.717911,264.52,936605.0,1195352.0
2025-06-20 10:26:50.721760,264.65,933088.0,1194348.0
2025-06-20 10:26:52.918546,264.65,933088.0,1194348.0
2025-06-20 10:26:56.103644,264.69,933088.0,1194348.0
2025-06-20 10:26:57.018751,264.69,937879.0,1184073.0
2025-06-20 10:26:58.703622,264.75,937879.0,1184073.0
2025-06-20 10:27:01.701693,264.7,937879.0,1184073.0
2025-06-20 10:27:03.012502,264.77,938263.0,1153120.0
2025-06-20 10:27:05.698200,264.77,938263.0,1153120.0
2025-06-20 10:27:08.714024,264.72,938263.0,1153120.0
2025-06-20 10:27:09.614994,264.77,935543.0,1153214.0
2025-06-20 10:27:11.675655,264.85,935543.0,1153214.0
2025-06-20 10:27:13.741366,264.94,935543.0,1153214.0
2025-06-20 10:27:16.317595,264.82,924340.0,1142406.0
2025-06-20 10:27:17.669687,264.86,924340.0,1142406.0
2025-06-20 10:27:20.674961,264.94,924340.0,1142406.0
2025-06-20 10:27:22.821219,264.97,933491.0,1134830.0
2025-06-20 10:27:24.168329,264.97,933491.0,1134830.0
2025-06-20 10:27:26.672148,264.9,933491.0,1134830.0
2025-06-20 10:27:29.457508,264.9,934774.0,1176816.0
2025-06-20 10:27:29.809059,264.9,934774.0,1176816.0
2025-06-20 10:27:33.668229,264.97,934774.0,1176816.0
2025-06-20 10:27:35.678877,264.9,934774.0,1176816.0
2025-06-20 10:27:36.136235,264.9,930053.0,1181549.0
2025-06-20 10:27:39.697756,264.92,930053.0,1181549.0
2025-06-20 10:27:42.659754,264.92,930053.0,1181549.0
2025-06-20 10:27:42.740153,264.89,930053.0,1181549.0
2025-06-20 10:27:42.751208,264.89,934225.0,1153951.0
2025-06-20 10:27:43.018633,264.89,934225.0,1153951.0
2025-06-20 10:27:44.235030,264.89,934225.0,1153951.0
2025-06-20 10:27:45.265660,264.89,934225.0,1153951.0
2025-06-20 10:27:46.280242,264.89,934225.0,1153951.0
2025-06-20 10:27:46.734277,264.89,934225.0,1153951.0
2025-06-20 10:27:46.735182,264.89,934225.0,1153951.0
2025-06-20 10:27:47.678216,264.89,934225.0,1153951.0
2025-06-20 10:27:49.003878,264.89,934225.0,1153951.0
2025-06-20 10:27:49.048009,264.85,929798.0,1184370.0
2025-06-20 10:27:50.017806,264.85,929798.0,1184370.0
2025-06-20 10:27:50.687955,264.9,929798.0,1184370.0
2025-06-20 10:27:51.497591,264.9,929798.0,1184370.0
2025-06-20 10:27:52.683323,264.94,929798.0,1184370.0
2025-06-20 10:27:52.832917,264.94,929798.0,1184370.0
2025-06-20 10:27:54.020557,264.94,929798.0,1184370.0
2025-06-20 10:27:55.487309,264.92,931410.0,1184561.0
2025-06-20 10:27:55.610267,264.92,931410.0,1184561.0
2025-06-20 10:27:56.679563,264.91,931410.0,1184561.0
2025-06-20 10:27:58.676420,264.85,931410.0,1184561.0
2025-06-20 10:28:01.743803,264.89,931410.0,1184561.0
2025-06-20 10:28:01.757271,264.89,927392.0,1195625.0
2025-06-20 10:28:03.687649,264.86,927392.0,1195625.0
2025-06-20 10:28:05.677325,264.77,927392.0,1195625.0
2025-06-20 10:28:07.681062,264.85,927392.0,1195625.0
2025-06-20 10:28:07.866031,264.87,931558.0,1186881.0
2025-06-20 10:28:09.674316,264.87,931558.0,1186881.0
2025-06-20 10:28:11.675387,264.77,931558.0,1186881.0
2025-06-20 10:28:13.680097,264.88,931558.0,1186881.0
2025-06-20 10:28:13.769307,264.88,927292.0,1200884.0
2025-06-20 10:28:15.678744,264.85,927292.0,1200884.0
2025-06-20 10:28:19.743657,264.77,927292.0,1200884.0
2025-06-20 10:28:20.049193,264.77,924641.0,1203084.0
2025-06-20 10:28:21.676533,264.85,924641.0,1203084.0
2025-06-20 10:28:25.677255,264.77,924641.0,1203084.0
2025-06-20 10:28:25.910769,264.77,920395.0,1207033.0
2025-06-20 10:28:27.676489,264.68,920395.0,1207033.0
2025-06-20 10:28:32.111583,264.68,924796.0,1227218.0
2025-06-20 10:28:34.675991,264.66,924796.0,1227218.0
2025-06-20 10:28:37.675851,264.69,924796.0,1227218.0
2025-06-20 10:28:38.137566,264.79,921482.0,1226138.0
2025-06-20 10:28:40.678862,264.79,921482.0,1226138.0
2025-06-20 10:28:42.678468,264.67,921482.0,1226138.0
2025-06-20 10:28:44.287693,264.8,922259.0,1196768.0
2025-06-20 10:28:45.683768,264.81,922259.0,1196768.0
2025-06-20 10:28:49.690271,264.74,922259.0,1196768.0
2025-06-20 10:28:50.706476,264.74,927671.0,1197302.0
2025-06-20 10:28:51.708880,264.85,927671.0,1197302.0
2025-06-20 10:28:54.682014,264.76,927671.0,1197302.0
2025-06-20 10:28:56.721317,264.76,920657.0,1193263.0
2025-06-20 10:29:00.684390,264.76,920657.0,1193263.0
2025-06-20 10:29:02.685184,264.84,920657.0,1193263.0
2025-06-20 10:29:02.727747,264.84,922345.0,1193018.0
2025-06-20 10:29:04.718419,264.8,922345.0,1193018.0
2025-06-20 10:29:08.601702,264.84,926984.0,1194671.0
2025-06-20 10:29:08.678005,264.84,926984.0,1194671.0
2025-06-20 10:29:10.683853,264.8,926984.0,1194671.0
2025-06-20 10:29:12.721988,264.84,926984.0,1194671.0
2025-06-20 10:29:14.683675,264.84,926984.0,1194671.0
2025-06-20 10:29:14.928952,264.84,929075.0,1213981.0
2025-06-20 10:29:16.687932,264.83,929075.0,1213981.0
2025-06-20 10:29:18.988206,264.84,929075.0,1213981.0
2025-06-20 10:29:20.718293,264.84,929075.0,1213981.0
2025-06-20 10:29:21.011163,264.84,930523.0,1218097.0
2025-06-20 10:29:22.695542,264.85,930523.0,1218097.0
2025-06-20 10:29:24.714528,264.87,930523.0,1218097.0
2025-06-20 10:29:26.517197,264.87,933338.0,1207234.0
2025-06-20 10:29:26.689432,264.87,933338.0,1207234.0
2025-06-20 10:29:28.688485,264.9,933338.0,1207234.0
2025-06-20 10:29:30.729095,264.9,933338.0,1207234.0
2025-06-20 10:29:32.219008,264.9,927656.0,1209478.0
2025-06-20 10:29:32.685339,264.9,927656.0,1209478.0
2025-06-20 10:29:34.683035,264.9,927656.0,1209478.0
2025-06-20 10:29:36.681809,264.9,927656.0,1209478.0
2025-06-20 10:29:38.045250,264.89,936654.0,1206273.0
2025-06-20 10:29:40.681607,265.0,936654.0,1206273.0
2025-06-20 10:29:42.692082,265.0,936654.0,1206273.0
2025-06-20 10:29:43.938077,265.0,937570.0,1147242.0
2025-06-20 10:29:45.714122,264.98,937570.0,1147242.0
2025-06-20 10:29:48.826057,265.0,937570.0,1147242.0
2025-06-20 10:29:49.838565,265.0,940262.0,1170634.0
2025-06-20 10:29:51.717464,264.96,940262.0,1170634.0
2025-06-20 10:29:54.689566,265.0,940262.0,1170634.0
2025-06-20 10:29:55.662301,265.0,937859.0,1182674.0
2025-06-20 10:29:57.711968,264.96,937859.0,1182674.0
2025-06-20 10:30:00.703524,265.0,937859.0,1182674.0
2025-06-20 10:30:01.045417,264.96,937868.0,1152454.0
2025-06-20 10:30:03.686744,264.96,937868.0,1152454.0
2025-06-20 10:30:06.682698,265.0,937868.0,1152454.0
2025-06-20 10:30:06.958228,265.0,938132.0,1151284.0
2025-06-20 10:30:08.689939,265.0,938132.0,1151284.0
2025-06-20 10:30:10.710613,265.05,938132.0,1151284.0
2025-06-20 10:30:12.724101,265.05,938132.0,1151284.0
2025-06-20 10:30:13.050961,265.05,936644.0,1144251.0
2025-06-20 10:30:16.964568,265.01,936644.0,1144251.0
2025-06-20 10:30:18.794435,265.05,936644.0,1144251.0
2025-06-20 10:30:18.851826,265.05,934657.0,1149378.0
2025-06-20 10:30:20.687130,265.05,934657.0,1149378.0
2025-06-20 10:30:22.686835,265.05,934657.0,1149378.0
2025-06-20 10:30:24.728169,265.01,934657.0,1149378.0
2025-06-20 10:30:24.754577,265.01,936688.0,1151789.0
2025-06-20 10:30:26.732177,265.05,936688.0,1151789.0
2025-06-20 10:30:28.723267,265.0,936688.0,1151789.0
2025-06-20 10:30:30.492317,265.05,934240.0,1153403.0
2025-06-20 10:30:32.713778,265.0,934240.0,1153403.0
2025-06-20 10:30:35.689735,265.05,934240.0,1153403.0
2025-06-20 10:30:36.175502,265.05,935943.0,1153669.0
2025-06-20 10:30:40.698107,265.0,935943.0,1153669.0
2025-06-20 10:30:41.982860,265.05,933467.0,1153792.0
2025-06-20 10:30:43.170936,265.05,933467.0,1153792.0
2025-06-20 10:30:43.687781,265.05,933467.0,1153792.0
2025-06-20 10:30:43.847891,265.05,933467.0,1153792.0
2025-06-20 10:30:44.210854,265.05,933467.0,1153792.0
2025-06-20 10:30:45.302509,265.05,933467.0,1153792.0
2025-06-20 10:30:46.459825,265.05,933467.0,1153792.0
2025-06-20 10:30:46.680419,265.05,933467.0,1153792.0
2025-06-20 10:30:47.017690,265.05,933467.0,1153792.0
2025-06-20 10:30:47.655265,265.05,933467.0,1153792.0
2025-06-20 10:30:47.704585,265.1,936881.0,1150373.0
2025-06-20 10:30:48.378058,265.1,936881.0,1150373.0
2025-06-20 10:30:49.691249,265.1,936881.0,1150373.0
2025-06-20 10:30:49.723785,265.1,936881.0,1150373.0
2025-06-20 10:30:50.744165,265.1,936881.0,1150373.0
2025-06-20 10:30:52.247822,265.1,936881.0,1150373.0
2025-06-20 10:30:52.704343,265.1,936881.0,1150373.0
2025-06-20 10:30:53.200521,265.1,941718.0,1148804.0
2025-06-20 10:30:53.525256,265.1,941718.0,1148804.0
2025-06-20 10:30:54.799166,265.1,941718.0,1148804.0
2025-06-20 10:30:55.699336,265.1,941718.0,1148804.0
2025-06-20 10:30:56.453260,265.1,941718.0,1148804.0
2025-06-20 10:30:59.079710,265.12,933537.0,1147637.0
2025-06-20 10:30:59.692017,265.12,933537.0,1147637.0
2025-06-20 10:31:01.703277,265.13,933537.0,1147637.0
2025-06-20 10:31:05.379778,265.26,936270.0,1138195.0
2025-06-20 10:31:05.697300,265.29,936270.0,1138195.0
2025-06-20 10:31:08.697092,265.2,936270.0,1138195.0
2025-06-20 10:31:11.730937,265.28,936270.0,1138195.0
2025-06-20 10:31:11.732100,265.28,932042.0,1146879.0
2025-06-20 10:31:13.767084,265.3,932042.0,1146879.0
2025-06-20 10:31:17.697190,265.33,932042.0,1146879.0
2025-06-20 10:31:17.701788,265.33,933861.0,1138776.0
2025-06-20 10:31:20.697324,265.33,933861.0,1138776.0
2025-06-20 10:31:22.744036,265.4,933861.0,1138776.0
2025-06-20 10:31:23.597305,265.4,934412.0,1154808.0
2025-06-20 10:31:26.693707,265.4,934412.0,1154808.0
2025-06-20 10:31:29.520624,265.3,948230.0,1155065.0
2025-06-20 10:31:29.749654,265.3,948230.0,1155065.0
2025-06-20 10:31:32.759512,265.32,948230.0,1155065.0
2025-06-20 10:31:35.317098,265.35,937247.0,1165268.0
2025-06-20 10:31:35.718624,265.36,937247.0,1165268.0
2025-06-20 10:31:38.717787,265.38,937247.0,1165268.0
2025-06-20 10:31:41.507178,265.34,933076.0,1167818.0
2025-06-20 10:31:41.737886,265.33,933076.0,1167818.0
2025-06-20 10:31:44.703417,265.33,933076.0,1167818.0
2025-06-20 10:31:47.318690,265.35,933559.0,1163867.0
2025-06-20 10:31:47.826253,265.37,933559.0,1163867.0
2025-06-20 10:31:49.707151,265.3,933559.0,1163867.0
2025-06-20 10:31:53.229550,265.28,930860.0,1199429.0
2025-06-20 10:31:53.693897,265.3,930860.0,1199429.0
2025-06-20 10:31:56.721159,265.25,930860.0,1199429.0
2025-06-20 10:31:58.715289,265.27,930860.0,1199429.0
2025-06-20 10:31:59.121808,265.12,918898.0,1192416.0
2025-06-20 10:32:01.539486,265.12,915341.0,1191130.0
2025-06-20 10:32:01.703730,265.12,915341.0,1191130.0
2025-06-20 10:32:02.350701,265.19,910805.0,1191643.0
2025-06-20 10:32:02.701293,265.19,910805.0,1191643.0
2025-06-20 10:32:03.335476,265.18,895359.0,1220699.0
2025-06-20 10:32:03.698864,265.14,895359.0,1220699.0
2025-06-20 10:32:04.348100,265.14,907456.0,1225517.0
2025-06-20 10:32:04.702867,265.13,907456.0,1225517.0
2025-06-20 10:32:05.547872,265.11,906312.0,1230468.0
2025-06-20 10:32:05.695921,265.11,906312.0,1230468.0
2025-06-20 10:32:06.554281,265.08,907144.0,1234835.0
2025-06-20 10:32:06.939901,265.08,907144.0,1234835.0
2025-06-20 10:32:07.368405,265.1,905628.0,1236115.0
2025-06-20 10:32:07.710413,265.09,905628.0,1236115.0
2025-06-20 10:32:08.334346,265.09,905732.0,1235861.0
2025-06-20 10:32:08.693545,265.09,905732.0,1235861.0
2025-06-20 10:32:09.335052,265.17,915710.0,1191460.0
2025-06-20 10:32:09.693734,265.17,915710.0,1191460.0
2025-06-20 10:32:10.400551,265.14,905151.0,1195710.0
2025-06-20 10:32:10.701472,265.14,905151.0,1195710.0
2025-06-20 10:32:11.337102,265.14,905958.0,1196114.0
2025-06-20 10:32:11.701981,265.14,905958.0,1196114.0
2025-06-20 10:32:12.336055,265.12,908410.0,1197186.0
2025-06-20 10:32:12.687777,265.1,908410.0,1197186.0
2025-06-20 10:32:13.229551,265.1,906400.0,1198022.0
2025-06-20 10:32:13.687512,265.12,906400.0,1198022.0
2025-06-20 10:32:14.130449,265.12,913479.0,1195352.0
2025-06-20 10:32:14.687257,265.17,913479.0,1195352.0
2025-06-20 10:32:15.131609,265.17,913277.0,1223126.0
2025-06-20 10:32:15.707694,265.17,913277.0,1223126.0
2025-06-20 10:32:16.133331,265.16,910592.0,1228582.0
2025-06-20 10:32:16.686764,265.17,910592.0,1228582.0
2025-06-20 10:32:17.132786,265.16,910556.0,1227124.0
2025-06-20 10:32:17.689458,265.13,910556.0,1227124.0
2025-06-20 10:32:18.134153,265.11,906717.0,1231354.0
2025-06-20 10:32:18.685790,265.11,906717.0,1231354.0
2025-06-20 10:32:19.036900,265.11,910719.0,1229911.0
2025-06-20 10:32:19.689160,265.11,910719.0,1229911.0
2025-06-20 10:32:20.037637,265.11,910665.0,1229148.0
2025-06-20 10:32:20.712314,265.11,910665.0,1229148.0
2025-06-20 10:32:21.038996,265.11,905019.0,1202509.0
2025-06-20 10:32:21.690086,265.1,905019.0,1202509.0
2025-06-20 10:32:22.089057,265.1,908346.0,1204759.0
2025-06-20 10:32:22.705574,265.1,908346.0,1204759.0
2025-06-20 10:32:23.037397,265.1,909397.0,1205050.0
2025-06-20 10:32:23.689828,265.1,909397.0,1205050.0
2025-06-20 10:32:24.038294,265.1,909804.0,1202648.0
2025-06-20 10:32:24.692474,265.1,909804.0,1202648.0
2025-06-20 10:32:25.035497,265.1,908548.0,1204685.0
2025-06-20 10:32:25.734378,265.1,908548.0,1204685.0
2025-06-20 10:32:25.948333,265.1,909308.0,1205600.0
2025-06-20 10:32:26.689391,265.1,909308.0,1205600.0
2025-06-20 10:32:26.967773,265.09,899775.0,1206561.0
2025-06-20 10:32:27.689344,265.09,899775.0,1206561.0
2025-06-20 10:32:28.167268,265.09,899953.0,1208511.0
2025-06-20 10:32:28.693780,265.09,899953.0,1208511.0
2025-06-20 10:32:29.165245,265.09,903181.0,1234961.0
2025-06-20 10:32:29.899039,265.1,903181.0,1234961.0
2025-06-20 10:32:29.954575,265.1,903382.0,1235764.0
2025-06-20 10:32:30.709604,265.1,903382.0,1235764.0
2025-06-20 10:32:30.951913,265.1,903629.0,1234947.0
2025-06-20 10:32:31.695403,265.1,903629.0,1234947.0
2025-06-20 10:32:31.846835,265.1,905637.0,1233060.0
2025-06-20 10:32:32.723434,265.1,905637.0,1233060.0
2025-06-20 10:32:32.927841,265.1,907312.0,1197633.0
2025-06-20 10:32:33.686216,265.1,907312.0,1197633.0
2025-06-20 10:32:33.848334,265.1,905722.0,1199871.0
2025-06-20 10:32:34.688435,265.1,905722.0,1199871.0
2025-06-20 10:32:34.753253,265.1,904177.0,1200922.0
2025-06-20 10:32:35.646188,265.1,905742.0,1202154.0
2025-06-20 10:32:35.720770,265.1,905742.0,1202154.0
2025-06-20 10:32:36.543862,265.1,902609.0,1205736.0
2025-06-20 10:32:36.690877,265.1,902609.0,1205736.0
2025-06-20 10:32:37.547459,265.1,899616.0,1207833.0
2025-06-20 10:32:37.690021,265.1,899616.0,1207833.0
2025-06-20 10:32:38.458079,265.1,902729.0,1208486.0
2025-06-20 10:32:38.912955,265.1,902729.0,1208486.0
2025-06-20 10:32:39.458639,265.11,905587.0,1197031.0
2025-06-20 10:32:39.731028,265.17,905587.0,1197031.0
2025-06-20 10:32:40.459021,265.17,905907.0,1197324.0
2025-06-20 10:32:40.730081,265.17,905907.0,1197324.0
2025-06-20 10:32:41.461161,265.17,905304.0,1197557.0
2025-06-20 10:32:41.687032,265.17,905304.0,1197557.0
2025-06-20 10:32:42.345799,265.17,903514.0,1198851.0
2025-06-20 10:32:42.686565,265.17,903514.0,1198851.0
2025-06-20 10:32:43.249934,265.07,903499.0,1198666.0
2025-06-20 10:32:43.691917,265.17,903499.0,1198666.0
2025-06-20 10:32:44.246809,265.17,903627.0,1200614.0
2025-06-20 10:32:44.690725,265.17,903627.0,1200614.0
2025-06-20 10:32:45.148384,265.17,903343.0,1200101.0
2025-06-20 10:32:45.724120,265.18,903343.0,1200101.0
2025-06-20 10:32:46.049821,265.18,903727.0,1200068.0
2025-06-20 10:32:46.978136,265.11,904407.0,1200928.0
2025-06-20 10:32:47.726665,265.11,904407.0,1200928.0
2025-06-20 10:32:47.991057,265.11,906023.0,1192289.0
2025-06-20 10:32:48.709052,265.17,906023.0,1192289.0
2025-06-20 10:32:48.962771,265.17,908998.0,1193223.0
2025-06-20 10:32:49.853384,265.17,906774.0,1194343.0
2025-06-20 10:32:50.691926,265.12,906774.0,1194343.0
2025-06-20 10:32:50.851741,265.12,907341.0,1189948.0
2025-06-20 10:32:51.869745,265.17,907341.0,1189948.0
2025-06-20 10:32:51.931824,265.17,908149.0,1183706.0
2025-06-20 10:32:52.693078,265.17,908149.0,1183706.0
2025-06-20 10:32:52.752485,265.17,908563.0,1182103.0
2025-06-20 10:32:53.654476,265.13,907293.0,1184183.0
2025-06-20 10:32:53.739546,265.13,907293.0,1184183.0
2025-06-20 10:32:54.553606,265.16,906831.0,1183954.0
2025-06-20 10:32:54.694482,265.16,906831.0,1183954.0
2025-06-20 10:32:55.469490,265.16,907213.0,1181354.0
2025-06-20 10:32:55.692056,265.19,907213.0,1181354.0
2025-06-20 10:32:56.469645,265.19,910483.0,1183465.0
2025-06-20 10:32:56.748754,265.17,910483.0,1183465.0
2025-06-20 10:32:57.467204,265.17,906942.0,1186482.0
2025-06-20 10:32:57.689188,265.12,906942.0,1186482.0
2025-06-20 10:32:58.481273,265.1,906186.0,1189015.0
2025-06-20 10:32:58.693515,265.1,906186.0,1189015.0
2025-06-20 10:32:59.471556,265.1,906123.0,1187535.0
2025-06-20 10:33:00.358415,265.19,908425.0,1184594.0
2025-06-20 10:33:01.485181,265.14,906643.0,1186409.0
2025-06-20 10:33:01.712755,265.14,906643.0,1186409.0
2025-06-20 10:33:02.699452,265.19,906643.0,1186409.0
2025-06-20 10:33:02.757813,265.19,907971.0,1187345.0
2025-06-20 10:33:03.784537,265.13,907971.0,1187345.0
2025-06-20 10:33:03.884280,265.13,907248.0,1189921.0
2025-06-20 10:33:04.713953,265.13,907248.0,1189921.0
2025-06-20 10:33:04.975536,265.13,906951.0,1189063.0
2025-06-20 10:33:05.699817,265.13,906951.0,1189063.0
2025-06-20 10:33:06.060620,265.13,908728.0,1189325.0
2025-06-20 10:33:06.709736,265.13,908728.0,1189325.0
2025-06-20 10:33:07.162768,265.19,910720.0,1179997.0
2025-06-20 10:33:07.740594,265.19,910720.0,1179997.0
2025-06-20 10:33:08.060399,265.19,911396.0,1181202.0
2025-06-20 10:33:09.148681,265.19,911396.0,1181202.0
2025-06-20 10:33:09.166744,265.19,910922.0,1181427.0
2025-06-20 10:33:10.362807,265.19,910180.0,1183597.0
2025-06-20 10:33:11.564607,265.19,910482.0,1182827.0
2025-06-20 10:33:11.707468,265.19,910482.0,1182827.0
2025-06-20 10:33:12.563168,265.19,910587.0,1182577.0
2025-06-20 10:33:12.697481,265.19,910587.0,1182577.0
2025-06-20 10:33:13.611535,265.19,912154.0,1184174.0
2025-06-20 10:33:14.664156,265.14,912153.0,1184439.0
2025-06-20 10:33:14.694178,265.14,912153.0,1184439.0
2025-06-20 10:33:15.694138,265.19,912153.0,1184439.0
2025-06-20 10:33:15.768913,265.19,911414.0,1212249.0
2025-06-20 10:33:16.692391,265.19,911414.0,1212249.0
2025-06-20 10:33:16.769654,265.19,911607.0,1211296.0
2025-06-20 10:33:17.702665,265.19,911607.0,1211296.0
2025-06-20 10:33:17.872499,265.19,911459.0,1212079.0
2025-06-20 10:33:18.875115,265.19,913521.0,1213955.0
2025-06-20 10:33:19.727591,265.19,913521.0,1213955.0
2025-06-20 10:33:19.870597,265.11,905671.0,1217924.0
2025-06-20 10:33:20.690767,265.19,905671.0,1217924.0
2025-06-20 10:33:20.876089,265.19,906182.0,1218054.0
2025-06-20 10:33:21.696198,265.19,906182.0,1218054.0
2025-06-20 10:33:21.876651,265.19,909898.0,1216389.0
2025-06-20 10:33:22.743603,265.19,909898.0,1216389.0
2025-06-20 10:33:22.981932,265.19,907544.0,1216966.0
2025-06-20 10:33:23.984014,265.19,908010.0,1217294.0
2025-06-20 10:33:24.689817,265.19,908010.0,1217294.0
2025-06-20 10:33:24.876237,265.19,908445.0,1215789.0
2025-06-20 10:33:25.753756,265.19,908445.0,1215789.0
2025-06-20 10:33:25.952559,265.19,909159.0,1217496.0
2025-06-20 10:33:26.880030,265.19,903316.0,1229527.0
2025-06-20 10:33:27.692940,265.14,903316.0,1229527.0
2025-06-20 10:33:27.986847,265.14,906488.0,1230512.0
2025-06-20 10:33:28.756637,265.16,906488.0,1230512.0
2025-06-20 10:33:29.078702,265.16,908623.0,1227584.0
2025-06-20 10:33:30.178916,265.16,908925.0,1227881.0
2025-06-20 10:33:31.179494,265.14,912143.0,1232120.0
2025-06-20 10:33:31.698511,265.01,912143.0,1232120.0
2025-06-20 10:33:32.251800,265.01,910787.0,1237712.0
2025-06-20 10:33:32.833331,265.01,910787.0,1237712.0
2025-06-20 10:33:33.179455,265.01,912726.0,1235412.0
2025-06-20 10:33:34.180427,265.01,917086.0,1235787.0
2025-06-20 10:33:35.179230,265.01,918381.0,1235755.0
2025-06-20 10:33:35.777020,265.1,918381.0,1235755.0
2025-06-20 10:33:36.280187,265.01,919996.0,1236223.0
2025-06-20 10:33:36.702907,265.01,919996.0,1236223.0
2025-06-20 10:33:37.179954,265.01,920525.0,1235828.0
2025-06-20 10:33:37.695852,265.1,920525.0,1235828.0
2025-06-20 10:33:38.279967,265.01,922142.0,1236693.0
2025-06-20 10:33:38.691092,265.01,922142.0,1236693.0
2025-06-20 10:33:39.380591,265.01,923224.0,1236374.0
2025-06-20 10:33:40.583402,265.01,924599.0,1234728.0
2025-06-20 10:33:40.699596,265.1,924599.0,1234728.0
2025-06-20 10:33:41.582097,265.1,924345.0,1235353.0
2025-06-20 10:33:42.688019,265.01,924345.0,1235353.0
2025-06-20 10:33:42.691167,265.01,925916.0,1235959.0
2025-06-20 10:33:43.583444,265.0,925438.0,1235928.0
2025-06-20 10:33:43.643468,265.0,925438.0,1235928.0
2025-06-20 10:33:43.720007,265.0,925438.0,1235928.0
2025-06-20 10:33:44.031317,265.0,925438.0,1235928.0
2025-06-20 10:33:44.690815,265.02,925438.0,1235928.0
2025-06-20 10:33:44.693116,265.02,930959.0,1235700.0
2025-06-20 10:33:44.726670,265.02,930959.0,1235700.0
2025-06-20 10:33:45.022838,265.02,930959.0,1235700.0
2025-06-20 10:33:45.796553,265.02,931742.0,1236354.0
2025-06-20 10:33:46.373747,265.02,931742.0,1236354.0
2025-06-20 10:33:46.887632,265.02,933998.0,1237202.0
2025-06-20 10:33:47.410126,265.02,933998.0,1237202.0
2025-06-20 10:33:47.992752,265.02,922492.0,1242644.0
2025-06-20 10:33:48.823971,265.02,922492.0,1242644.0
2025-06-20 10:33:48.886789,265.02,924075.0,1246666.0
2025-06-20 10:33:49.991649,264.99,907312.0,1260161.0
2025-06-20 10:33:50.129668,264.99,907312.0,1260161.0
2025-06-20 10:33:50.768176,264.99,907312.0,1260161.0
2025-06-20 10:33:51.171733,264.95,915979.0,1293502.0
2025-06-20 10:33:51.344591,264.95,915979.0,1293502.0
2025-06-20 10:33:51.693149,264.99,915979.0,1293502.0
2025-06-20 10:33:52.191490,264.99,920674.0,1293347.0
2025-06-20 10:33:52.661674,264.99,920674.0,1293347.0
2025-06-20 10:33:53.290837,264.99,921682.0,1289570.0
2025-06-20 10:33:53.692303,264.99,921682.0,1289570.0
2025-06-20 10:33:53.948478,264.99,921682.0,1289570.0
2025-06-20 10:33:54.291217,264.99,922144.0,1289887.0
2025-06-20 10:33:55.226339,264.99,922144.0,1289887.0
2025-06-20 10:33:55.231017,264.95,922624.0,1287311.0
2025-06-20 10:33:55.690234,264.95,922624.0,1287311.0
2025-06-20 10:33:56.292956,264.91,923007.0,1286928.0
2025-06-20 10:33:56.689206,264.91,923007.0,1286928.0
2025-06-20 10:33:56.826968,264.91,923007.0,1286928.0
2025-06-20 10:33:57.402755,264.91,926674.0,1250275.0
2025-06-20 10:33:58.498384,265.05,930322.0,1247968.0
2025-06-20 10:33:58.693205,265.0,930322.0,1247968.0
2025-06-20 10:33:59.596443,265.0,926157.0,1248761.0
2025-06-20 10:34:01.699239,265.02,926157.0,1248761.0
2025-06-20 10:34:05.101470,265.05,927137.0,1247891.0
2025-06-20 10:34:05.695160,265.05,927137.0,1247891.0
2025-06-20 10:34:08.697265,265.05,927137.0,1247891.0
2025-06-20 10:34:11.104174,265.0,927678.0,1239326.0
2025-06-20 10:34:11.719095,265.0,927678.0,1239326.0
2025-06-20 10:34:13.698517,265.0,927678.0,1239326.0
2025-06-20 10:34:17.106482,265.05,926192.0,1242605.0
2025-06-20 10:34:17.694878,265.05,926192.0,1242605.0
2025-06-20 10:34:22.810606,265.1,923507.0,1240355.0
2025-06-20 10:34:23.740388,265.05,923507.0,1240355.0
2025-06-20 10:34:25.728695,265.05,923507.0,1240355.0
2025-06-20 10:34:28.310590,265.1,926931.0,1242082.0
2025-06-20 10:34:28.722343,265.1,926931.0,1242082.0
2025-06-20 10:34:32.696782,265.1,926931.0,1242082.0
2025-06-20 10:34:33.925260,265.1,927151.0,1242183.0
2025-06-20 10:34:34.707545,265.1,927151.0,1242183.0
2025-06-20 10:34:38.742036,265.09,927151.0,1242183.0
2025-06-20 10:34:39.622199,265.05,924800.0,1243598.0
2025-06-20 10:34:41.751450,265.05,924800.0,1243598.0
2025-06-20 10:34:44.082042,265.05,924800.0,1243598.0
2025-06-20 10:34:45.422806,265.05,927114.0,1245958.0
2025-06-20 10:34:47.736829,265.07,927114.0,1245958.0
2025-06-20 10:34:49.753519,265.05,927114.0,1245958.0
2025-06-20 10:34:50.838592,265.05,927536.0,1246806.0
2025-06-20 10:34:53.744615,265.0,927536.0,1246806.0
2025-06-20 10:34:55.754807,265.09,927536.0,1246806.0
2025-06-20 10:34:56.550457,265.09,928701.0,1246992.0
2025-06-20 10:34:57.741386,265.01,928701.0,1246992.0
2025-06-20 10:34:59.708274,265.1,928701.0,1246992.0
2025-06-20 10:35:01.638006,265.05,932579.0,1240732.0
2025-06-20 10:35:01.695180,265.05,932579.0,1240732.0
2025-06-20 10:35:03.702333,265.04,932579.0,1240732.0
2025-06-20 10:35:05.705996,265.1,932579.0,1240732.0
2025-06-20 10:35:07.249855,265.1,929486.0,1238320.0
2025-06-20 10:35:07.703408,265.1,929486.0,1238320.0
2025-06-20 10:35:10.706278,265.06,929486.0,1238320.0
2025-06-20 10:35:13.048058,265.1,933421.0,1234457.0
2025-06-20 10:35:14.701997,265.1,933421.0,1234457.0
2025-06-20 10:35:17.005520,265.1,933421.0,1234457.0
2025-06-20 10:35:19.382074,265.09,927085.0,1234940.0
2025-06-20 10:35:20.700625,265.15,927085.0,1234940.0
2025-06-20 10:35:22.805939,265.17,927085.0,1234940.0
2025-06-20 10:35:24.702387,265.1,927085.0,1234940.0
2025-06-20 10:35:24.760736,265.1,931711.0,1238036.0
2025-06-20 10:35:28.708023,265.1,931711.0,1238036.0
2025-06-20 10:35:30.557397,265.1,932337.0,1235184.0
2025-06-20 10:35:30.708247,265.1,932337.0,1235184.0
2025-06-20 10:35:32.710874,265.1,932337.0,1235184.0
2025-06-20 10:35:34.728947,265.1,932337.0,1235184.0
2025-06-20 10:35:36.560815,265.15,931465.0,1268157.0
2025-06-20 10:35:36.705105,265.15,931465.0,1268157.0
2025-06-20 10:35:38.709396,265.15,931465.0,1268157.0
2025-06-20 10:35:40.706873,265.1,931465.0,1268157.0
2025-06-20 10:35:42.364988,265.1,932447.0,1269314.0
2025-06-20 10:35:42.700766,265.1,932447.0,1269314.0
2025-06-20 10:35:44.715024,265.1,932447.0,1269314.0
2025-06-20 10:35:46.712041,265.17,932447.0,1269314.0
2025-06-20 10:35:48.171088,265.07,926318.0,1279709.0
2025-06-20 10:35:48.700640,265.07,926318.0,1279709.0
2025-06-20 10:35:50.704464,265.07,926318.0,1279709.0
2025-06-20 10:35:52.754803,265.15,926318.0,1279709.0
2025-06-20 10:35:54.187331,265.15,929235.0,1242822.0
2025-06-20 10:35:58.700681,265.1,929235.0,1242822.0
2025-06-20 10:35:59.883810,265.17,930134.0,1238905.0
2025-06-20 10:36:00.697251,265.1,930134.0,1238905.0
2025-06-20 10:36:02.706246,265.1,930134.0,1238905.0
2025-06-20 10:36:04.705036,265.15,930134.0,1238905.0
2025-06-20 10:36:05.574012,265.1,923261.0,1278280.0
2025-06-20 10:36:06.719552,265.14,923261.0,1278280.0
2025-06-20 10:36:10.700368,265.07,923261.0,1278280.0
2025-06-20 10:36:11.680009,265.07,927040.0,1244898.0
2025-06-20 10:36:13.714255,265.07,927040.0,1244898.0
2025-06-20 10:36:15.703028,265.15,927040.0,1244898.0
2025-06-20 10:36:17.679320,265.07,926993.0,1245635.0
2025-06-20 10:36:19.700839,265.07,926993.0,1245635.0
2025-06-20 10:36:21.706484,265.1,926993.0,1245635.0
2025-06-20 10:36:23.490641,265.11,931228.0,1239688.0
2025-06-20 10:36:24.721450,265.17,931228.0,1239688.0
2025-06-20 10:36:27.704966,265.14,931228.0,1239688.0
2025-06-20 10:36:29.491627,265.08,926289.0,1275190.0
2025-06-20 10:36:30.727259,265.13,926289.0,1275190.0
2025-06-20 10:36:34.708807,265.13,926289.0,1275190.0
2025-06-20 10:36:35.691129,265.13,925311.0,1247372.0
2025-06-20 10:36:39.705649,265.07,925311.0,1247372.0
2025-06-20 10:36:41.711534,265.13,928019.0,1246999.0
2025-06-20 10:36:42.730806,265.07,928019.0,1246999.0
2025-06-20 10:36:44.138756,265.07,928019.0,1246999.0
2025-06-20 10:36:45.223037,265.07,928019.0,1246999.0
2025-06-20 10:36:45.706798,265.17,928019.0,1246999.0
2025-06-20 10:36:45.882180,265.17,928019.0,1246999.0
2025-06-20 10:36:46.279771,265.17,928019.0,1246999.0
2025-06-20 10:36:47.306657,265.02,927147.0,1258252.0
2025-06-20 10:36:47.400731,265.02,927147.0,1258252.0
2025-06-20 10:36:47.700388,265.01,927147.0,1258252.0
2025-06-20 10:36:47.990302,265.01,927147.0,1258252.0
2025-06-20 10:36:48.384828,265.01,927147.0,1258252.0
2025-06-20 10:36:49.342367,265.01,927147.0,1258252.0
2025-06-20 10:36:50.682141,265.01,927147.0,1258252.0
2025-06-20 10:36:51.682308,265.01,927147.0,1258252.0
2025-06-20 10:36:51.711779,265.15,927147.0,1258252.0
2025-06-20 10:36:53.102169,265.11,930209.0,1253356.0
2025-06-20 10:36:53.217669,265.11,930209.0,1253356.0
2025-06-20 10:36:53.710393,265.06,930209.0,1253356.0
2025-06-20 10:36:54.508373,265.06,930209.0,1253356.0
2025-06-20 10:36:55.708388,265.03,930209.0,1253356.0
2025-06-20 10:36:55.748763,265.03,930209.0,1253356.0
2025-06-20 10:36:57.366381,265.03,930209.0,1253356.0
2025-06-20 10:36:57.709668,265.11,930209.0,1253356.0
2025-06-20 10:36:58.506778,265.09,926758.0,1299348.0
2025-06-20 10:36:59.714776,265.09,926758.0,1299348.0
2025-06-20 10:37:01.708965,265.03,926758.0,1299348.0
2025-06-20 10:37:03.712672,265.06,926758.0,1299348.0
2025-06-20 10:37:04.443055,265.03,927542.0,1257202.0
2025-06-20 10:37:05.709433,265.11,927542.0,1257202.0
2025-06-20 10:37:07.714218,265.15,927542.0,1257202.0
2025-06-20 10:37:09.712393,265.09,927542.0,1257202.0
2025-06-20 10:37:10.517614,265.09,929862.0,1250744.0
2025-06-20 10:37:11.722255,265.15,929862.0,1250744.0
2025-06-20 10:37:13.736767,265.09,929862.0,1250744.0
2025-06-20 10:37:16.217528,265.09,929679.0,1254243.0
2025-06-20 10:37:17.708124,265.15,929679.0,1254243.0
2025-06-20 10:37:21.708611,265.15,929679.0,1254243.0
2025-06-20 10:37:21.735314,265.15,928792.0,1256099.0
2025-06-20 10:37:23.714120,265.09,928792.0,1256099.0
2025-06-20 10:37:26.711532,265.15,928792.0,1256099.0
2025-06-20 10:37:27.525599,265.15,923379.0,1254892.0
2025-06-20 10:37:29.720708,265.1,923379.0,1254892.0
2025-06-20 10:37:33.036707,265.09,921529.0,1293085.0
2025-06-20 10:37:33.706611,265.09,921529.0,1293085.0
2025-06-20 10:37:35.714341,265.1,921529.0,1293085.0
2025-06-20 10:37:38.531956,265.1,921941.0,1263773.0
2025-06-20 10:37:42.713182,265.02,921941.0,1263773.0
2025-06-20 10:37:44.241044,265.1,922304.0,1270052.0
2025-06-20 10:37:44.714385,265.1,922304.0,1270052.0
2025-06-20 10:37:48.710449,265.08,922304.0,1270052.0
2025-06-20 10:37:50.005195,265.04,922094.0,1271669.0
2025-06-20 10:37:50.713965,265.09,922094.0,1271669.0
2025-06-20 10:37:53.716364,265.08,922094.0,1271669.0
2025-06-20 10:37:55.452789,265.08,920942.0,1270087.0
2025-06-20 10:37:57.711626,265.09,920942.0,1270087.0
2025-06-20 10:38:01.146584,265.04,916524.0,1268297.0
2025-06-20 10:38:03.708837,265.02,916524.0,1268297.0
2025-06-20 10:38:05.713610,265.04,916524.0,1268297.0
2025-06-20 10:38:06.850606,265.09,917135.0,1267974.0
2025-06-20 10:38:08.712336,265.09,917135.0,1267974.0
2025-06-20 10:38:12.657447,265.02,914132.0,1297548.0
2025-06-20 10:38:12.713168,265.02,914132.0,1297548.0
2025-06-20 10:38:14.714837,265.02,914132.0,1297548.0
2025-06-20 10:38:16.716619,264.96,914132.0,1297548.0
2025-06-20 10:38:18.062819,264.91,900644.0,1320782.0
2025-06-20 10:38:18.714455,264.91,900644.0,1320782.0
2025-06-20 10:38:20.718112,264.84,900644.0,1320782.0
2025-06-20 10:38:22.718237,264.81,900644.0,1320782.0
2025-06-20 10:38:23.566833,264.81,898580.0,1330305.0
2025-06-20 10:38:24.710081,264.81,898580.0,1330305.0
2025-06-20 10:38:26.714143,264.9,898580.0,1330305.0
2025-06-20 10:38:28.713838,264.81,898580.0,1330305.0
2025-06-20 10:38:29.069747,264.81,894066.0,1308675.0
2025-06-20 10:38:30.712290,264.76,894066.0,1308675.0
2025-06-20 10:38:32.711213,264.86,894066.0,1308675.0
2025-06-20 10:38:34.575735,264.87,899276.0,1300883.0
2025-06-20 10:38:34.714134,264.87,899276.0,1300883.0
2025-06-20 10:38:36.734721,264.81,899276.0,1300883.0
2025-06-20 10:38:38.712145,264.75,899276.0,1300883.0
2025-06-20 10:38:40.282050,264.75,896215.0,1307776.0
2025-06-20 10:38:42.712616,264.75,896215.0,1307776.0
2025-06-20 10:38:44.791085,264.73,896215.0,1307776.0
2025-06-20 10:38:46.086257,264.8,895717.0,1360404.0
2025-06-20 10:38:46.719261,264.8,895717.0,1360404.0
2025-06-20 10:38:48.711925,264.8,895717.0,1360404.0
2025-06-20 10:38:50.724035,264.79,895717.0,1360404.0
2025-06-20 10:38:51.499873,264.8,896448.0,1362358.0
2025-06-20 10:38:52.711132,264.8,896448.0,1362358.0
2025-06-20 10:38:54.765962,264.77,896448.0,1362358.0
2025-06-20 10:38:56.788407,264.69,896448.0,1362358.0
2025-06-20 10:38:57.022430,264.69,894674.0,1364417.0
2025-06-20 10:38:58.715003,264.75,894674.0,1364417.0
2025-06-20 10:39:00.711423,264.64,894674.0,1364417.0
2025-06-20 10:39:01.708727,264.64,897426.0,1383309.0
2025-06-20 10:39:02.712609,264.7,897426.0,1383309.0
2025-06-20 10:39:02.797688,264.7,898795.0,1383272.0
2025-06-20 10:39:03.694173,264.66,893848.0,1380766.0
2025-06-20 10:39:03.742174,264.66,893848.0,1380766.0
2025-06-20 10:39:04.712834,264.68,893848.0,1380766.0
2025-06-20 10:39:04.794160,264.68,896553.0,1380325.0
2025-06-20 10:39:05.720746,264.68,896553.0,1380325.0
2025-06-20 10:39:05.805186,264.68,896493.0,1380853.0
2025-06-20 10:39:06.719134,264.8,896493.0,1380853.0
2025-06-20 10:39:06.802352,264.8,907303.0,1362572.0
2025-06-20 10:39:07.714532,264.88,907303.0,1362572.0
2025-06-20 10:39:07.910837,264.78,899273.0,1365292.0
2025-06-20 10:39:08.711516,264.86,899273.0,1365292.0
2025-06-20 10:39:09.009341,264.86,900146.0,1369153.0
2025-06-20 10:39:09.713462,264.85,900146.0,1369153.0
2025-06-20 10:39:09.905485,264.85,901129.0,1422460.0
2025-06-20 10:39:10.714000,264.76,901129.0,1422460.0
2025-06-20 10:39:10.908614,264.76,901963.0,1422527.0
2025-06-20 10:39:11.712893,264.87,901963.0,1422527.0
2025-06-20 10:39:11.912524,264.87,900261.0,1418575.0
2025-06-20 10:39:12.714578,264.73,900261.0,1418575.0
2025-06-20 10:39:13.033342,264.85,904027.0,1422894.0
2025-06-20 10:39:13.729693,264.86,904027.0,1422894.0
2025-06-20 10:39:14.105566,264.86,902076.0,1423783.0
2025-06-20 10:39:14.720015,264.72,902076.0,1423783.0
2025-06-20 10:39:15.106733,264.72,898591.0,1425159.0
2025-06-20 10:39:16.215917,264.72,900892.0,1424442.0
2025-06-20 10:39:16.714598,264.72,900892.0,1424442.0
2025-06-20 10:39:17.420422,264.74,898953.0,1423972.0
2025-06-20 10:39:17.717748,264.84,898953.0,1423972.0
2025-06-20 10:39:18.517705,264.84,898393.0,1426247.0
2025-06-20 10:39:19.713618,264.84,898393.0,1426247.0
2025-06-20 10:39:20.110560,264.84,898393.0,1422925.0
2025-06-20 10:39:20.714774,264.84,898393.0,1422925.0
2025-06-20 10:39:21.020272,264.84,901558.0,1422822.0
2025-06-20 10:39:21.714788,264.85,901558.0,1422822.0
2025-06-20 10:39:22.021989,264.75,901101.0,1424317.0
2025-06-20 10:39:22.710086,264.85,901101.0,1424317.0
2025-06-20 10:39:23.037374,264.85,901391.0,1425148.0
2025-06-20 10:39:24.019265,264.75,900980.0,1425182.0
2025-06-20 10:39:24.711419,264.75,900980.0,1425182.0
2025-06-20 10:39:25.121080,264.75,901890.0,1423048.0
2025-06-20 10:39:25.713535,264.81,901890.0,1423048.0
2025-06-20 10:39:26.019792,264.85,901426.0,1422761.0
2025-06-20 10:39:26.711370,264.85,901426.0,1422761.0
2025-06-20 10:39:27.028852,264.85,901562.0,1423182.0
2025-06-20 10:39:27.712655,264.84,901562.0,1423182.0
2025-06-20 10:39:28.026200,264.84,899303.0,1425651.0
2025-06-20 10:39:29.116903,264.84,889996.0,1432314.0
2025-06-20 10:39:29.716593,264.75,889996.0,1432314.0
2025-06-20 10:39:30.120350,264.78,894867.0,1430892.0
2025-06-20 10:39:30.714133,264.78,894867.0,1430892.0
2025-06-20 10:39:31.120772,264.8,893169.0,1429196.0
2025-06-20 10:39:31.726034,264.8,893169.0,1429196.0
2025-06-20 10:39:32.037265,264.84,895703.0,1413600.0
2025-06-20 10:39:32.711558,264.78,895703.0,1413600.0
2025-06-20 10:39:33.119615,264.84,896885.0,1422964.0
2025-06-20 10:39:33.718889,264.84,896885.0,1422964.0
2025-06-20 10:39:34.120373,264.84,896886.0,1422947.0
2025-06-20 10:39:34.711047,264.84,896886.0,1422947.0
2025-06-20 10:39:35.121598,264.69,895180.0,1427497.0
2025-06-20 10:39:35.717795,264.69,895180.0,1427497.0
2025-06-20 10:39:36.035621,264.69,892799.0,1436825.0
2025-06-20 10:39:37.028300,264.69,890595.0,1440504.0
2025-06-20 10:39:37.934421,264.69,893456.0,1438787.0
2025-06-20 10:39:38.714324,264.76,893456.0,1438787.0
2025-06-20 10:39:39.031687,264.76,888459.0,1441596.0
2025-06-20 10:39:39.719239,264.65,888459.0,1441596.0
2025-06-20 10:39:40.035747,264.65,891986.0,1440895.0
2025-06-20 10:39:41.032997,264.65,892141.0,1436483.0
2025-06-20 10:39:42.037562,264.7,890157.0,1437214.0
2025-06-20 10:39:42.730010,264.7,890157.0,1437214.0
2025-06-20 10:39:43.046461,264.7,890526.0,1437820.0
2025-06-20 10:39:44.034597,264.7,890489.0,1437869.0
2025-06-20 10:39:44.632804,264.7,890489.0,1437869.0
2025-06-20 10:39:44.711408,264.69,890489.0,1437869.0
2025-06-20 10:39:45.037723,264.69,890489.0,1437869.0
2025-06-20 10:39:45.043464,264.69,893951.0,1437018.0
2025-06-20 10:39:45.355935,264.69,893951.0,1437018.0
2025-06-20 10:39:46.040638,264.69,893457.0,1437543.0
2025-06-20 10:39:46.054311,264.69,893457.0,1437543.0
2025-06-20 10:39:46.795612,264.68,893457.0,1437543.0
2025-06-20 10:39:46.953946,264.68,893457.0,1437543.0
2025-06-20 10:39:47.119930,264.68,893427.0,1437294.0
2025-06-20 10:39:47.417613,264.68,893427.0,1437294.0
2025-06-20 10:39:48.038986,264.77,891240.0,1438248.0
2025-06-20 10:39:48.439881,264.77,891240.0,1438248.0
2025-06-20 10:39:48.762942,264.77,891240.0,1438248.0
2025-06-20 10:39:48.857214,264.77,891240.0,1438248.0
2025-06-20 10:39:49.033811,264.77,891539.0,1439251.0
2025-06-20 10:39:49.770902,264.77,891539.0,1439251.0
2025-06-20 10:39:49.806815,264.77,891539.0,1439251.0
2025-06-20 10:39:49.949247,264.77,891014.0,1439994.0
2025-06-20 10:39:50.796389,264.69,891014.0,1439994.0
2025-06-20 10:39:50.906479,264.69,887824.0,1440294.0
2025-06-20 10:39:51.245146,264.69,887824.0,1440294.0
2025-06-20 10:39:51.715929,264.76,887824.0,1440294.0
2025-06-20 10:39:51.937740,264.76,890794.0,1437931.0
2025-06-20 10:39:52.160334,264.76,890794.0,1437931.0
2025-06-20 10:39:53.135200,264.65,888500.0,1439843.0
2025-06-20 10:39:53.827654,264.65,888500.0,1439843.0
2025-06-20 10:39:53.842801,264.65,888500.0,1439843.0
2025-06-20 10:39:54.236353,264.75,887636.0,1439387.0
2025-06-20 10:39:54.726188,264.75,887636.0,1439387.0
2025-06-20 10:39:55.029020,264.75,887636.0,1439387.0
2025-06-20 10:39:55.235935,264.75,890837.0,1439804.0
2025-06-20 10:39:55.727456,264.75,890837.0,1439804.0
2025-06-20 10:39:56.138029,264.76,885891.0,1440742.0
2025-06-20 10:39:56.231545,264.76,885891.0,1440742.0
2025-06-20 10:39:56.712716,264.64,885891.0,1440742.0
2025-06-20 10:39:57.045821,264.75,889414.0,1442099.0
2025-06-20 10:39:57.732842,264.75,889414.0,1442099.0
2025-06-20 10:39:57.871635,264.75,889414.0,1442099.0
2025-06-20 10:39:58.051067,264.64,887844.0,1444847.0
2025-06-20 10:39:58.727429,264.64,887844.0,1444847.0
2025-06-20 10:39:59.242039,264.64,884502.0,1446563.0
2025-06-20 10:40:00.245860,264.64,887247.0,1446071.0
2025-06-20 10:40:01.554659,264.69,887178.0,1444267.0
2025-06-20 10:40:01.772688,264.69,887178.0,1444267.0
2025-06-20 10:40:02.554422,264.69,888597.0,1443132.0
2025-06-20 10:40:03.552758,264.69,888368.0,1443868.0
2025-06-20 10:40:03.727529,264.69,888368.0,1443868.0
2025-06-20 10:40:04.764769,264.58,888368.0,1443868.0
2025-06-20 10:40:05.548785,264.58,869389.0,1492274.0
2025-06-20 10:40:05.721105,264.58,869389.0,1492274.0
2025-06-20 10:40:06.546480,264.58,869950.0,1492124.0
2025-06-20 10:40:07.730055,264.51,869950.0,1492124.0
2025-06-20 10:40:07.933216,264.51,870051.0,1492374.0
2025-06-20 10:40:08.730532,264.56,870051.0,1492374.0
2025-06-20 10:40:09.353610,264.56,868740.0,1494686.0
2025-06-20 10:40:10.252781,264.56,862607.0,1495970.0
2025-06-20 10:40:11.152525,264.56,866758.0,1494134.0
2025-06-20 10:40:11.725910,264.56,866758.0,1494134.0
2025-06-20 10:40:12.729667,264.5,866758.0,1494134.0
2025-06-20 10:40:13.153899,264.43,846325.0,1470093.0
2025-06-20 10:40:13.734067,264.53,846325.0,1470093.0
2025-06-20 10:40:14.052400,264.53,864566.0,1471430.0
2025-06-20 10:40:15.052715,264.42,864555.0,1471179.0
2025-06-20 10:40:15.733939,264.37,864555.0,1471179.0
2025-06-20 10:40:15.970844,264.37,862674.0,1472897.0
2025-06-20 10:40:16.858710,264.37,858749.0,1469805.0
2025-06-20 10:40:17.724189,264.49,858749.0,1469805.0
2025-06-20 10:40:18.659381,264.42,858679.0,1471664.0
2025-06-20 10:40:18.735086,264.36,858679.0,1471664.0
2025-06-20 10:40:19.697789,264.34,852388.0,1476607.0
2025-06-20 10:40:19.749028,264.42,852388.0,1476607.0
2025-06-20 10:40:20.564887,264.33,847932.0,1483209.0
2025-06-20 10:40:20.736759,264.39,847932.0,1483209.0
2025-06-20 10:40:21.720102,264.4,847932.0,1483209.0
2025-06-20 10:40:22.560248,264.33,847120.0,1480961.0
2025-06-20 10:40:22.730046,264.29,847120.0,1480961.0
2025-06-20 10:40:23.562596,264.38,845580.0,1481692.0
2025-06-20 10:40:24.179540,264.38,845580.0,1481692.0
2025-06-20 10:40:24.737680,264.32,845580.0,1481692.0
2025-06-20 10:40:25.577182,264.37,842101.0,1485493.0
2025-06-20 10:40:25.723936,264.37,842101.0,1485493.0
2025-06-20 10:40:26.817375,264.37,848805.0,1480654.0
2025-06-20 10:40:27.695053,264.37,848035.0,1480784.0
2025-06-20 10:40:28.737159,264.3,848035.0,1480784.0
2025-06-20 10:40:29.565458,264.24,846858.0,1485365.0
2025-06-20 10:40:29.745417,264.22,846858.0,1485365.0
2025-06-20 10:40:30.567766,264.3,848586.0,1485941.0
2025-06-20 10:40:30.755860,264.3,848586.0,1485941.0
2025-06-20 10:40:31.489902,264.3,848741.0,1485781.0
2025-06-20 10:40:32.568472,264.23,848349.0,1485998.0
2025-06-20 10:40:32.726461,264.23,848349.0,1485998.0
2025-06-20 10:40:33.720951,264.23,848349.0,1485998.0
2025-06-20 10:40:34.671714,264.3,848532.0,1486837.0
2025-06-20 10:40:34.741399,264.3,848532.0,1486837.0
2025-06-20 10:40:35.757455,264.3,848532.0,1486837.0
2025-06-20 10:40:37.374985,264.25,837657.0,1491513.0
2025-06-20 10:40:37.722869,264.25,837657.0,1491513.0
2025-06-20 10:40:38.272629,264.2,835722.0,1493786.0
2025-06-20 10:40:38.723722,264.28,835722.0,1493786.0
2025-06-20 10:40:39.175813,264.28,835533.0,1494373.0
2025-06-20 10:40:39.737747,264.28,835533.0,1494373.0
2025-06-20 10:40:40.733393,264.2,835533.0,1494373.0
2025-06-20 10:40:41.728505,264.21,835533.0,1494373.0
2025-06-20 10:40:42.413909,264.21,838837.0,1490022.0
2025-06-20 10:40:42.725747,264.2,838837.0,1490022.0
2025-06-20 10:40:43.727514,264.2,838837.0,1490022.0
2025-06-20 10:40:44.076393,264.2,837559.0,1492818.0
2025-06-20 10:40:45.880372,264.2,844361.0,1490799.0
2025-06-20 10:40:46.786403,264.2,844361.0,1490536.0
2025-06-20 10:40:47.740023,264.25,844361.0,1490536.0
2025-06-20 10:40:47.793215,264.25,846158.0,1489023.0
2025-06-20 10:40:48.736788,264.25,846158.0,1489023.0
2025-06-20 10:40:48.884208,264.25,844758.0,1490208.0
2025-06-20 10:40:49.723070,264.25,844758.0,1490208.0
2025-06-20 10:40:49.783789,264.25,845286.0,1490982.0
2025-06-20 10:40:50.682010,264.25,844653.0,1490635.0
2025-06-20 10:40:51.721518,264.25,844653.0,1490635.0
2025-06-20 10:40:51.782770,264.25,844635.0,1491935.0
2025-06-20 10:40:52.688168,264.25,844736.0,1492291.0
2025-06-20 10:40:53.887126,264.25,846304.0,1491914.0
2025-06-20 10:40:54.732875,264.3,846304.0,1491914.0
2025-06-20 10:40:55.511097,264.3,847555.0,1491019.0
2025-06-20 10:40:56.724836,264.25,847555.0,1491019.0
2025-06-20 10:40:57.389741,264.25,844177.0,1484971.0
2025-06-20 10:40:58.390639,264.3,844287.0,1485341.0
2025-06-20 10:40:58.737847,264.3,844287.0,1485341.0
2025-06-20 10:40:59.290427,264.3,848874.0,1484132.0
2025-06-20 10:40:59.734809,264.3,848874.0,1484132.0
2025-06-20 10:41:00.400200,264.3,849260.0,1482652.0
2025-06-20 10:41:00.735167,264.3,849260.0,1482652.0
2025-06-20 10:41:01.291286,264.31,851889.0,1479332.0
2025-06-20 10:41:01.732418,264.31,851889.0,1479332.0
2025-06-20 10:41:02.291554,264.31,851893.0,1478970.0
2025-06-20 10:41:02.734150,264.37,851893.0,1478970.0
2025-06-20 10:41:03.292427,264.31,852066.0,1479007.0
2025-06-20 10:41:03.728445,264.31,852066.0,1479007.0
2025-06-20 10:41:04.307447,264.31,853253.0,1471201.0
2025-06-20 10:41:05.192056,264.31,846489.0,1477436.0
2025-06-20 10:41:05.728448,264.37,846489.0,1477436.0
2025-06-20 10:41:06.194452,264.37,849155.0,1477423.0
2025-06-20 10:41:07.192736,264.31,850672.0,1477696.0
2025-06-20 10:41:07.726880,264.4,850672.0,1477696.0
2025-06-20 10:41:08.196695,264.31,848216.0,1478867.0
2025-06-20 10:41:08.722535,264.31,848216.0,1478867.0
2025-06-20 10:41:09.196618,264.31,848968.0,1479133.0
2025-06-20 10:41:09.771703,264.29,848968.0,1479133.0
2025-06-20 10:41:10.196419,264.29,848348.0,1480238.0
2025-06-20 10:41:10.725531,264.38,848348.0,1480238.0
2025-06-20 10:41:11.097813,264.31,848295.0,1480018.0
2025-06-20 10:41:11.735789,264.31,848295.0,1480018.0
2025-06-20 10:41:12.026655,264.31,847856.0,1482112.0
2025-06-20 10:41:13.228442,264.37,848399.0,1481937.0
2025-06-20 10:41:13.723339,264.37,848399.0,1481937.0
2025-06-20 10:41:14.035014,264.37,848983.0,1477728.0
2025-06-20 10:41:14.906679,264.37,848199.0,1478092.0
2025-06-20 10:41:15.722517,264.39,848199.0,1478092.0
2025-06-20 10:41:15.948950,264.39,849345.0,1479775.0
2025-06-20 10:41:16.912723,264.39,850221.0,1477971.0
2025-06-20 10:41:17.803230,264.39,849825.0,1478491.0
2025-06-20 10:41:18.910571,264.39,851907.0,1478166.0
2025-06-20 10:41:19.803813,264.39,851643.0,1475781.0
2025-06-20 10:41:20.705471,264.39,852857.0,1475212.0
2025-06-20 10:41:21.705317,264.39,851999.0,1475233.0
2025-06-20 10:41:21.732039,264.39,851999.0,1475233.0
2025-06-20 10:41:22.707549,264.39,853856.0,1469736.0
2025-06-20 10:41:22.724799,264.39,853856.0,1469736.0
2025-06-20 10:41:23.613871,264.39,853626.0,1471837.0
2025-06-20 10:41:24.635462,264.37,849055.0,1471931.0
2025-06-20 10:41:24.739436,264.37,849055.0,1471931.0
2025-06-20 10:41:25.618829,264.39,846917.0,1473719.0
2025-06-20 10:41:25.724253,264.39,846917.0,1473719.0
2025-06-20 10:41:26.631039,264.4,849898.0,1474950.0
2025-06-20 10:41:26.723102,264.4,849898.0,1474950.0
2025-06-20 10:41:27.617528,264.42,857288.0,1459251.0
2025-06-20 10:41:27.726584,264.42,857288.0,1459251.0
2025-06-20 10:41:28.585639,264.42,857410.0,1458516.0
2025-06-20 10:41:29.583488,264.49,857933.0,1457810.0
2025-06-20 10:41:29.725897,264.49,857933.0,1457810.0
2025-06-20 10:41:30.731039,264.42,857933.0,1457810.0
2025-06-20 10:41:31.643533,264.43,856103.0,1465002.0
2025-06-20 10:41:31.728946,264.43,856103.0,1465002.0
2025-06-20 10:41:32.318522,264.43,856570.0,1465214.0
2025-06-20 10:41:32.734735,264.39,856570.0,1465214.0
2025-06-20 10:41:33.315755,264.38,857066.0,1464466.0
2025-06-20 10:41:33.732487,264.38,857066.0,1464466.0
2025-06-20 10:41:34.216936,264.43,860957.0,1462820.0
2025-06-20 10:41:34.736302,264.39,860957.0,1462820.0
2025-06-20 10:41:35.223553,264.43,869701.0,1458657.0
2025-06-20 10:41:35.760962,264.64,869701.0,1458657.0
2025-06-20 10:41:36.123507,264.64,888510.0,1445384.0
2025-06-20 10:41:36.729396,264.64,888510.0,1445384.0
2025-06-20 10:41:37.118531,264.55,889767.0,1443386.0
2025-06-20 10:41:37.732094,264.55,889767.0,1443386.0
2025-06-20 10:41:38.031292,264.55,888585.0,1443238.0
2025-06-20 10:41:38.955517,264.55,876448.0,1451521.0
2025-06-20 10:41:39.733048,264.55,876448.0,1451521.0
2025-06-20 10:41:39.827249,264.47,869686.0,1463660.0
2025-06-20 10:41:40.731092,264.39,869686.0,1463660.0
2025-06-20 10:41:40.820940,264.39,873231.0,1463394.0
2025-06-20 10:41:41.820198,264.39,874324.0,1461912.0
2025-06-20 10:41:42.724464,264.5,874324.0,1461912.0
2025-06-20 10:41:42.755697,264.5,876760.0,1461138.0
2025-06-20 10:41:43.728643,264.49,876760.0,1461138.0
2025-06-20 10:41:43.732092,264.49,874851.0,1462533.0
2025-06-20 10:41:44.627405,264.49,878311.0,1457513.0
2025-06-20 10:41:45.621648,264.54,878714.0,1457962.0
2025-06-20 10:41:45.733078,264.54,878714.0,1457962.0
2025-06-20 10:41:46.621766,264.54,878737.0,1456446.0
2025-06-20 10:41:47.622971,264.54,878728.0,1456747.0
2025-06-20 10:41:48.571297,264.54,879865.0,1455901.0
2025-06-20 10:41:49.683993,264.54,874461.0,1457849.0
2025-06-20 10:41:50.650235,264.54,876568.0,1457871.0
2025-06-20 10:41:51.632927,264.52,876249.0,1458907.0
2025-06-20 10:41:51.729254,264.52,876249.0,1458907.0
2025-06-20 10:41:52.733632,264.53,876249.0,1458907.0
2025-06-20 10:41:52.765188,264.53,876578.0,1458274.0
2025-06-20 10:41:53.623926,264.42,877805.0,1458761.0
2025-06-20 10:41:53.734320,264.42,877805.0,1458761.0
2025-06-20 10:41:54.858707,264.51,877805.0,1458761.0
2025-06-20 10:41:54.891386,264.51,877626.0,1458559.0
2025-06-20 10:41:55.727068,264.53,877626.0,1458559.0
2025-06-20 10:41:55.821384,264.53,878014.0,1458520.0
2025-06-20 10:41:56.741016,264.43,878014.0,1458520.0
2025-06-20 10:41:56.823654,264.43,879576.0,1455855.0
2025-06-20 10:41:57.750550,264.43,879576.0,1455855.0
2025-06-20 10:41:58.036803,264.43,879467.0,1456569.0
2025-06-20 10:41:58.723438,264.51,879467.0,1456569.0
2025-06-20 10:41:59.187065,264.51,879200.0,1458154.0
2025-06-20 10:41:59.734208,264.51,879200.0,1458154.0
2025-06-20 10:42:00.062856,264.51,876812.0,1458215.0
2025-06-20 10:42:01.568159,264.5,878463.0,1461674.0
2025-06-20 10:42:01.751712,264.5,878463.0,1461674.0
2025-06-20 10:42:02.542338,264.5,877005.0,1462986.0
2025-06-20 10:42:02.755228,264.48,877005.0,1462986.0
2025-06-20 10:42:03.655680,264.48,877683.0,1462536.0
2025-06-20 10:42:04.735795,264.48,877683.0,1462536.0
2025-06-20 10:42:05.044028,264.48,877510.0,1463078.0
2025-06-20 10:42:06.131825,264.48,874424.0,1462910.0
2025-06-20 10:42:06.728632,264.45,874424.0,1462910.0
2025-06-20 10:42:07.240431,264.43,873276.0,1464054.0
2025-06-20 10:42:07.745418,264.43,873276.0,1464054.0
2025-06-20 10:42:08.333515,264.43,871896.0,1466931.0
2025-06-20 10:42:09.445015,264.43,871484.0,1468228.0
2025-06-20 10:42:10.546480,264.47,871340.0,1468345.0
2025-06-20 10:42:10.771824,264.47,871340.0,1468345.0
2025-06-20 10:42:11.648720,264.47,870679.0,1468899.0
2025-06-20 10:42:11.734860,264.47,870679.0,1468899.0
2025-06-20 10:42:12.746786,264.47,870679.0,1468899.0
2025-06-20 10:42:12.758875,264.47,870839.0,1468943.0
2025-06-20 10:42:13.740388,264.43,870839.0,1468943.0
2025-06-20 10:42:13.840383,264.43,871244.0,1469047.0
2025-06-20 10:42:14.742157,264.47,871244.0,1469047.0
2025-06-20 10:42:14.945450,264.47,873314.0,1470286.0
2025-06-20 10:42:16.044812,264.47,873465.0,1470288.0
2025-06-20 10:42:17.139411,264.47,872670.0,1467656.0
2025-06-20 10:42:17.733712,264.47,872670.0,1467656.0
2025-06-20 10:42:18.239676,264.47,871866.0,1467411.0
2025-06-20 10:42:18.735601,264.47,871866.0,1467411.0
2025-06-20 10:42:19.344489,264.47,872825.0,1467081.0
2025-06-20 10:42:19.749181,264.47,872825.0,1467081.0
2025-06-20 10:42:20.452516,264.47,871418.0,1467346.0
2025-06-20 10:42:20.731434,264.47,871418.0,1467346.0
2025-06-20 10:42:21.454553,264.47,871757.0,1467445.0
2025-06-20 10:42:21.731135,264.47,871757.0,1467445.0
2025-06-20 10:42:22.555239,264.47,872263.0,1467204.0
2025-06-20 10:42:23.556382,264.47,872264.0,1467502.0
2025-06-20 10:42:24.645940,264.4,872160.0,1467769.0
2025-06-20 10:42:24.728415,264.4,872160.0,1467769.0
2025-06-20 10:42:25.730428,264.47,872160.0,1467769.0
2025-06-20 10:42:25.758013,264.47,865286.0,1469056.0
2025-06-20 10:42:26.760211,264.47,865669.0,1468514.0
2025-06-20 10:42:27.744776,264.46,865669.0,1468514.0
2025-06-20 10:42:27.770080,264.46,864493.0,1469793.0
2025-06-20 10:42:28.734031,264.46,864493.0,1469793.0
2025-06-20 10:42:28.844461,264.46,866179.0,1470097.0
2025-06-20 10:42:29.946219,264.46,866457.0,1470132.0
2025-06-20 10:42:31.053188,264.46,865949.0,1472325.0
2025-06-20 10:42:31.782014,264.32,865949.0,1472325.0
2025-06-20 10:42:32.054814,264.32,860219.0,1472658.0
2025-06-20 10:42:32.771211,264.44,860219.0,1472658.0
2025-06-20 10:42:32.950381,264.44,861086.0,1472554.0
2025-06-20 10:42:33.775494,264.44,861086.0,1472554.0
2025-06-20 10:42:34.051965,264.44,860468.0,1472519.0
2025-06-20 10:42:34.750594,264.44,860468.0,1472519.0
2025-06-20 10:42:35.159162,264.31,858537.0,1473705.0
2025-06-20 10:42:35.775906,264.31,858537.0,1473705.0
2025-06-20 10:42:36.154415,264.31,862697.0,1473672.0
2025-06-20 10:42:37.252750,264.31,862440.0,1473935.0
2025-06-20 10:42:38.251630,264.4,861951.0,1473938.0
2025-06-20 10:42:38.787075,264.4,861951.0,1473938.0
2025-06-20 10:42:39.253367,264.4,862438.0,1473956.0
2025-06-20 10:42:39.795047,264.4,862438.0,1473956.0
2025-06-20 10:42:40.353197,264.4,849220.0,1483681.0
2025-06-20 10:42:41.463453,264.4,853780.0,1483196.0
2025-06-20 10:42:42.469570,264.31,854077.0,1483374.0
2025-06-20 10:42:42.784298,264.31,854077.0,1483374.0
2025-06-20 10:42:43.461386,264.31,854615.0,1483905.0
2025-06-20 10:42:43.770721,264.39,854615.0,1483905.0
2025-06-20 10:42:44.476986,264.39,851663.0,1485863.0
2025-06-20 10:42:45.067688,264.39,851663.0,1485863.0
2025-06-20 10:42:46.125547,264.39,851663.0,1485863.0
2025-06-20 10:42:46.167928,264.31,851914.0,1485761.0
2025-06-20 10:42:46.445278,264.31,851914.0,1485761.0
2025-06-20 10:42:46.802915,264.31,851914.0,1485761.0
2025-06-20 10:42:47.257170,264.38,851910.0,1485843.0
2025-06-20 10:42:47.395186,264.38,851910.0,1485843.0
2025-06-20 10:42:47.798949,264.38,851910.0,1485843.0
2025-06-20 10:42:48.066318,264.38,851910.0,1485843.0
2025-06-20 10:42:48.358360,264.38,851867.0,1484859.0
2025-06-20 10:42:48.552220,264.38,851867.0,1484859.0
2025-06-20 10:42:49.082245,264.38,851867.0,1484859.0
2025-06-20 10:42:49.459459,264.38,851802.0,1484921.0
2025-06-20 10:42:49.543801,264.38,851802.0,1484921.0
2025-06-20 10:42:50.477629,264.38,851802.0,1484921.0
2025-06-20 10:42:50.554030,264.38,851560.0,1485429.0
2025-06-20 10:42:51.559440,264.38,854275.0,1481189.0
2025-06-20 10:42:51.759732,264.31,854275.0,1481189.0
2025-06-20 10:42:51.866323,264.31,854275.0,1481189.0
2025-06-20 10:42:52.570781,264.38,852360.0,1483756.0
2025-06-20 10:42:52.799852,264.38,852360.0,1483756.0
2025-06-20 10:42:52.853286,264.38,852360.0,1483756.0
2025-06-20 10:42:53.783463,264.3,852360.0,1483756.0
2025-06-20 10:42:54.161756,264.3,850932.0,1489386.0
2025-06-20 10:42:54.354349,264.3,850932.0,1489386.0
2025-06-20 10:42:55.262161,264.3,850931.0,1489273.0
2025-06-20 10:42:55.632857,264.3,850931.0,1489273.0
2025-06-20 10:42:56.260657,264.3,851231.0,1489085.0
2025-06-20 10:42:56.733323,264.3,851231.0,1489085.0
2025-06-20 10:42:56.889348,264.3,851231.0,1489085.0
2025-06-20 10:42:57.362758,264.3,851482.0,1488400.0
2025-06-20 10:42:57.745101,264.3,851482.0,1488400.0
2025-06-20 10:42:58.469114,264.25,851699.0,1489330.0
2025-06-20 10:42:58.542327,264.25,851699.0,1489330.0
2025-06-20 10:42:58.740610,264.25,851699.0,1489330.0
2025-06-20 10:43:01.178140,264.25,851091.0,1489500.0
2025-06-20 10:43:01.249760,264.3,851091.0,1489500.0
2025-06-20 10:43:02.754074,264.25,851091.0,1489500.0
2025-06-20 10:43:04.735089,264.25,851091.0,1489500.0
2025-06-20 10:43:05.665592,264.25,851085.0,1488265.0
2025-06-20 10:43:06.745231,264.25,851085.0,1488265.0
2025-06-20 10:43:10.742521,264.25,851085.0,1488265.0
2025-06-20 10:43:10.965461,264.25,850847.0,1490691.0
2025-06-20 10:43:12.748838,264.32,850847.0,1490691.0
2025-06-20 10:43:14.759303,264.3,850847.0,1490691.0
2025-06-20 10:43:16.374714,264.34,849901.0,1486593.0
2025-06-20 10:43:16.751945,264.34,849901.0,1486593.0
2025-06-20 10:43:18.748490,264.34,849901.0,1486593.0
2025-06-20 10:43:20.747519,264.25,849901.0,1486593.0
2025-06-20 10:43:22.176851,264.25,855105.0,1488962.0
2025-06-20 10:43:22.745024,264.34,855105.0,1488962.0
2025-06-20 10:43:24.739103,264.25,855105.0,1488962.0
2025-06-20 10:43:26.736692,264.25,855105.0,1488962.0
2025-06-20 10:43:27.828166,264.34,854949.0,1489324.0
2025-06-20 10:43:28.766789,264.34,854949.0,1489324.0
2025-06-20 10:43:30.770418,264.25,854949.0,1489324.0
2025-06-20 10:43:32.757235,264.25,854949.0,1489324.0
2025-06-20 10:43:33.385692,264.3,847226.0,1496599.0
2025-06-20 10:43:34.740784,264.25,847226.0,1496599.0
2025-06-20 10:43:36.766268,264.29,847226.0,1496599.0
2025-06-20 10:43:38.747226,264.25,847226.0,1496599.0
2025-06-20 10:43:39.017789,264.25,844073.0,1498226.0
2025-06-20 10:43:40.740519,264.29,844073.0,1498226.0
2025-06-20 10:43:42.776602,264.29,844073.0,1498226.0
2025-06-20 10:43:44.297916,264.25,844285.0,1495578.0
2025-06-20 10:43:44.739886,264.29,844285.0,1495578.0
2025-06-20 10:43:46.771256,264.29,844285.0,1495578.0
2025-06-20 10:43:49.724312,264.29,844104.0,1495746.0
2025-06-20 10:43:50.753553,264.21,844104.0,1495746.0
2025-06-20 10:43:52.743815,264.21,844104.0,1495746.0
2025-06-20 10:43:54.762530,264.21,844104.0,1495746.0
2025-06-20 10:43:55.732639,264.21,841415.0,1496564.0
2025-06-20 10:43:56.755233,264.26,841415.0,1496564.0
2025-06-20 10:43:58.746609,264.25,841415.0,1496564.0
2025-06-20 10:44:00.977139,264.25,841415.0,1496564.0
2025-06-20 10:44:00.979469,264.25,841091.0,1497133.0
2025-06-20 10:44:02.756618,264.21,841091.0,1497133.0
2025-06-20 10:44:04.775861,264.21,841091.0,1497133.0
2025-06-20 10:44:06.534398,264.21,839638.0,1496375.0
2025-06-20 10:44:06.762447,264.21,839638.0,1496375.0
2025-06-20 10:44:08.747029,264.21,839638.0,1496375.0
2025-06-20 10:44:11.921497,264.25,837156.0,1501003.0
2025-06-20 10:44:12.763499,264.18,837156.0,1501003.0
2025-06-20 10:44:14.757414,264.1,837156.0,1501003.0
2025-06-20 10:44:16.780924,264.17,837156.0,1501003.0
2025-06-20 10:44:17.817012,264.17,823445.0,1515075.0
2025-06-20 10:44:18.759417,264.17,823445.0,1515075.0
2025-06-20 10:44:20.785262,264.1,823445.0,1515075.0
2025-06-20 10:44:22.787678,264.1,823445.0,1515075.0
2025-06-20 10:44:23.441876,264.1,817052.0,1512372.0
2025-06-20 10:44:24.760771,264.1,817052.0,1512372.0
2025-06-20 10:44:28.762636,264.0,817052.0,1512372.0
2025-06-20 10:44:29.032388,264.0,817562.0,1516483.0
2025-06-20 10:44:30.766616,264.1,817562.0,1516483.0
2025-06-20 10:44:34.550925,264.1,816423.0,1516707.0
2025-06-20 10:44:34.953634,264.1,816423.0,1516707.0
2025-06-20 10:44:36.763178,264.01,816423.0,1516707.0
2025-06-20 10:44:38.793094,264.01,816423.0,1516707.0
2025-06-20 10:44:40.048828,264.09,816745.0,1518682.0
2025-06-20 10:44:40.759348,264.09,816745.0,1518682.0
2025-06-20 10:44:42.749440,264.09,816745.0,1518682.0
2025-06-20 10:44:44.747409,264.01,816745.0,1518682.0
2025-06-20 10:44:45.442327,264.01,818733.0,1520289.0
2025-06-20 10:44:48.759937,264.01,818733.0,1520289.0
2025-06-20 10:44:50.740115,264.13,822688.0,1518001.0
2025-06-20 10:44:50.793086,264.13,822688.0,1518001.0
2025-06-20 10:44:52.745373,264.02,822688.0,1518001.0
2025-06-20 10:44:54.745426,264.11,822688.0,1518001.0
2025-06-20 10:44:55.837227,264.11,819357.0,1517466.0
2025-06-20 10:44:58.750536,264.21,819357.0,1517466.0
2025-06-20 10:45:00.744633,264.14,819357.0,1517466.0
2025-06-20 10:45:00.953269,264.14,831759.0,1495077.0
2025-06-20 10:45:02.761792,264.15,831759.0,1495077.0
2025-06-20 10:45:05.776764,264.3,831759.0,1495077.0
2025-06-20 10:45:06.754014,264.22,833429.0,1487289.0
2025-06-20 10:45:08.752706,264.19,833429.0,1487289.0
2025-06-20 10:45:12.076850,264.19,851431.0,1502581.0
2025-06-20 10:45:12.777345,264.3,851431.0,1502581.0
2025-06-20 10:45:14.777835,264.2,851431.0,1502581.0
2025-06-20 10:45:17.584359,264.2,852726.0,1503505.0
2025-06-20 10:45:23.358845,264.3,859408.0,1500192.0
2025-06-20 10:45:23.781342,264.3,859408.0,1500192.0
2025-06-20 10:45:26.764527,264.29,859408.0,1500192.0
2025-06-20 10:45:28.666417,264.29,856252.0,1504950.0
2025-06-20 10:45:28.762124,264.29,856252.0,1504950.0
2025-06-20 10:45:30.766778,264.2,856252.0,1504950.0
2025-06-20 10:45:32.797200,264.18,856252.0,1504950.0
2025-06-20 10:45:33.795464,264.18,857703.0,1504446.0
2025-06-20 10:45:34.760468,264.18,857703.0,1504446.0
2025-06-20 10:45:38.759101,264.17,857703.0,1504446.0
2025-06-20 10:45:38.975419,264.17,858009.0,1507420.0
2025-06-20 10:45:40.756035,264.29,858009.0,1507420.0
2025-06-20 10:45:42.760515,264.18,858009.0,1507420.0
2025-06-20 10:45:44.684147,264.18,860467.0,1504311.0
2025-06-20 10:45:44.752114,264.18,860467.0,1504311.0
2025-06-20 10:45:45.438913,264.18,860467.0,1504311.0
2025-06-20 10:45:46.166361,264.18,860467.0,1504311.0
2025-06-20 10:45:46.766433,264.2,860467.0,1504311.0
2025-06-20 10:45:46.872632,264.2,860467.0,1504311.0
2025-06-20 10:45:47.176816,264.2,860467.0,1504311.0
2025-06-20 10:45:48.240908,264.2,860467.0,1504311.0
2025-06-20 10:45:49.299043,264.2,860467.0,1504311.0
2025-06-20 10:45:49.931935,264.29,861275.0,1502468.0
2025-06-20 10:45:50.679657,264.29,861275.0,1502468.0
2025-06-20 10:45:50.752821,264.29,861275.0,1502468.0
2025-06-20 10:45:52.146425,264.29,861275.0,1502468.0
2025-06-20 10:45:52.750622,264.29,861275.0,1502468.0
2025-06-20 10:45:53.075713,264.29,861275.0,1502468.0
2025-06-20 10:45:54.633399,264.29,861275.0,1502468.0
2025-06-20 10:45:54.743894,264.29,861275.0,1502468.0
2025-06-20 10:45:55.674318,264.2,859690.0,1503677.0
2025-06-20 10:45:55.872885,264.2,859690.0,1503677.0
2025-06-20 10:45:56.752893,264.2,859690.0,1503677.0
2025-06-20 10:45:57.193154,264.2,859690.0,1503677.0
2025-06-20 10:45:58.749282,264.2,859690.0,1503677.0
2025-06-20 10:45:58.786862,264.2,859690.0,1503677.0
2025-06-20 10:46:00.743864,264.29,859690.0,1503677.0
2025-06-20 10:46:01.088861,264.29,858893.0,1504148.0
2025-06-20 10:46:02.808750,264.29,858893.0,1504148.0
2025-06-20 10:46:04.750482,264.24,858893.0,1504148.0
2025-06-20 10:46:06.291426,264.24,864080.0,1496243.0
2025-06-20 10:46:08.760802,264.24,864080.0,1496243.0
2025-06-20 10:46:10.753843,264.21,864080.0,1496243.0
2025-06-20 10:46:11.803988,264.21,859453.0,1497950.0
2025-06-20 10:46:12.763683,264.21,859453.0,1497950.0
2025-06-20 10:46:14.752915,264.29,859453.0,1497950.0
2025-06-20 10:46:16.752552,264.3,859453.0,1497950.0
2025-06-20 10:46:17.203760,264.3,859764.0,1501888.0
2025-06-20 10:46:18.799344,264.21,859764.0,1501888.0
2025-06-20 10:46:20.757351,264.22,859764.0,1501888.0
2025-06-20 10:46:22.701910,264.21,858899.0,1500822.0
