Timestamp,LTP,Volume,OI,LastQty,BidQty,AskQty
2025-06-09 10:18:05.135000,57240.0,57225,212660,35,665,630
2025-06-09 10:18:06.000000,57240.0,57225,212660,35,945,630
2025-06-09 10:18:06.336000,57240.0,57225,212660,35,945,630
2025-06-09 10:18:07.000000,57240.0,57225,212660,35,1085,630
2025-06-09 10:18:07.539000,57240.0,57225,212660,35,1085,630
2025-06-09 10:18:08.000000,57226.8,57225,212660,35,1085,630
2025-06-09 10:18:08.337000,57226.8,57225,212660,35,1085,630
2025-06-09 10:18:08.000000,57240.0,57295,212660,35,1085,245
2025-06-09 10:18:08.741000,57240.0,57295,212660,35,1085,245
2025-06-09 10:18:09.000000,57240.0,57295,212660,35,1085,245
2025-06-09 10:18:09.338000,57240.0,57295,212660,35,1085,245
2025-06-09 10:18:09.000000,57240.0,57295,212660,35,1085,245
2025-06-09 10:18:09.944000,57240.0,57295,212660,35,1085,245
2025-06-09 10:18:11.000000,57240.0,57295,212660,35,1295,245
2025-06-09 10:18:11.145000,57240.0,57295,212660,35,1295,245
2025-06-09 10:18:12.000000,57240.0,57295,212660,35,1085,245
2025-06-09 10:18:12.348000,57240.0,57295,212660,35,1085,245
2025-06-09 10:18:13.000000,57240.0,57295,212660,35,665,280
2025-06-09 10:18:13.550000,57240.0,57295,212660,35,665,280
2025-06-09 10:18:14.000000,57240.0,57295,212660,35,805,280
2025-06-09 10:18:14.748000,57240.0,57295,212660,35,805,280
2025-06-09 10:18:15.000000,57240.0,57295,212660,35,805,280
2025-06-09 10:18:15.742000,57240.0,57295,212660,35,805,280
2025-06-09 10:18:15.000000,57240.0,57330,212660,35,1120,595
2025-06-09 10:18:15.951000,57240.0,57330,212660,35,1120,595
2025-06-09 10:18:17.000000,57240.0,57330,212660,35,595,560
2025-06-09 10:18:17.154000,57240.0,57330,212660,35,595,560
2025-06-09 10:18:18.000000,57240.0,57330,212660,35,595,595
2025-06-09 10:18:18.356000,57240.0,57330,212660,35,595,595
2025-06-09 10:18:19.000000,57240.0,57330,212660,35,595,560
2025-06-09 10:18:19.756000,57240.0,57330,212660,35,595,560
2025-06-09 10:18:20.000000,57240.0,57330,212660,35,595,560
2025-06-09 10:18:20.959000,57240.0,57330,212660,35,595,560
2025-06-09 10:18:22.000000,57240.0,57330,212660,35,595,595
2025-06-09 10:18:22.161000,57240.0,57330,212660,35,595,595
2025-06-09 10:18:23.000000,57240.0,57330,212660,35,595,595
2025-06-09 10:18:23.364000,57240.0,57330,212660,35,595,595
2025-06-09 10:18:24.000000,57240.0,57330,212660,35,595,210
2025-06-09 10:18:24.763000,57240.0,57330,212660,35,595,210
2025-06-09 10:18:25.000000,57240.0,57330,212660,35,595,210
2025-06-09 10:18:25.966000,57240.0,57330,212660,35,595,210
2025-06-09 10:18:27.000000,57240.0,57330,212660,35,595,210
2025-06-09 10:18:27.168000,57240.0,57330,212660,35,595,210
2025-06-09 10:18:28.000000,57240.0,57330,212660,35,595,245
2025-06-09 10:18:28.371000,57240.0,57330,212660,35,595,245
2025-06-09 10:18:29.000000,57240.0,57330,212660,35,595,210
2025-06-09 10:18:29.573000,57240.0,57330,212660,35,595,210
2025-06-09 10:18:30.000000,57240.0,57330,212660,35,595,210
2025-06-09 10:18:30.000000,57240.0,57330,212660,35,665,210
2025-06-09 10:18:30.973000,57240.0,57330,212660,35,665,210
2025-06-09 10:18:32.000000,57240.0,57330,212660,35,665,210
2025-06-09 10:18:32.176000,57240.0,57330,212660,35,665,210
2025-06-09 10:18:32.000000,57235.6,57330,212660,35,665,210
2025-06-09 10:18:32.350000,57235.6,57330,212660,35,665,210
2025-06-09 10:18:33.000000,57235.6,57365,212660,35,630,525
2025-06-09 10:18:33.378000,57235.6,57365,212660,35,630,525
2025-06-09 10:18:34.000000,57235.6,57365,212660,35,910,525
2025-06-09 10:18:34.580000,57235.6,57365,212660,35,910,525
2025-06-09 10:18:35.000000,57235.6,57365,212660,35,700,525
2025-06-09 10:18:35.980000,57235.6,57365,212660,35,700,525
2025-06-09 10:18:36.000000,57235.0,57365,212870,35,700,525
2025-06-09 10:18:36.354000,57235.0,57365,212870,35,700,525
2025-06-09 10:18:37.000000,57235.0,57400,212870,35,630,490
2025-06-09 10:18:37.182000,57235.0,57400,212870,35,630,490
2025-06-09 10:18:38.000000,57235.0,57400,212870,35,770,490
2025-06-09 10:18:38.385000,57235.0,57400,212870,35,770,490
2025-06-09 10:18:39.000000,57235.0,57400,212870,35,805,490
2025-06-09 10:18:39.593000,57235.0,57400,212870,35,805,490
2025-06-09 10:18:40.000000,57235.0,57400,212870,35,630,490
2025-06-09 10:18:40.987000,57235.0,57400,212870,35,630,490
2025-06-09 10:18:42.000000,57235.0,57400,212870,35,630,490
2025-06-09 10:18:42.189000,57235.0,57400,212870,35,630,490
2025-06-09 10:18:43.000000,57235.0,57400,212870,35,210,490
2025-06-09 10:18:43.392000,57235.0,57400,212870,35,210,490
2025-06-09 10:18:44.000000,57235.0,57400,212870,35,210,490
2025-06-09 10:18:44.595000,57235.0,57400,212870,35,210,490
2025-06-09 10:18:45.000000,57230.4,57400,212870,35,210,490
2025-06-09 10:18:45.161000,57230.4,57400,212870,35,210,490
2025-06-09 10:18:45.000000,57235.0,57400,212870,35,210,490
2025-06-09 10:18:45.360000,57235.0,57400,212870,35,210,490
2025-06-09 10:18:45.000000,57235.0,57505,212870,35,700,455
2025-06-09 10:18:45.995000,57235.0,57505,212870,35,700,455
2025-06-09 10:18:47.000000,57235.0,57505,212870,35,630,490
2025-06-09 10:18:47.197000,57235.0,57505,212870,35,630,490
2025-06-09 10:18:47.000000,57235.0,57505,212870,35,630,490
2025-06-09 10:18:47.561000,57235.0,57505,212870,35,630,490
2025-06-09 10:18:48.000000,57235.0,57540,212870,35,630,455
2025-06-09 10:18:48.400000,57235.0,57540,212870,35,630,455
2025-06-09 10:18:49.000000,57235.0,57540,212870,35,455,490
2025-06-09 10:18:49.603000,57235.0,57540,212870,35,455,490
2025-06-09 10:18:50.000000,57235.0,57540,212870,35,490,420
2025-06-09 10:18:51.001000,57235.0,57540,212870,35,490,420
2025-06-09 10:18:52.000000,57235.0,57540,212870,35,490,420
2025-06-09 10:18:52.205000,57235.0,57540,212870,35,490,420
2025-06-09 10:18:53.000000,57235.0,57540,212870,35,490,420
2025-06-09 10:18:53.164000,57235.0,57540,212870,35,490,420
2025-06-09 10:18:53.000000,57235.0,57575,212870,35,490,385
2025-06-09 10:18:53.407000,57235.0,57575,212870,35,490,385
2025-06-09 10:18:53.000000,57230.6,57575,212870,35,490,385
2025-06-09 10:18:53.565000,57230.6,57575,212870,35,490,385
2025-06-09 10:18:54.000000,57230.6,57610,212870,35,455,420
2025-06-09 10:18:54.610000,57230.6,57610,212870,35,455,420
2025-06-09 10:18:56.000000,57230.6,57610,212870,35,385,420
2025-06-09 10:18:56.010000,57230.6,57610,212870,35,385,420
2025-06-09 10:18:57.000000,57230.6,57610,212870,35,455,420
2025-06-09 10:18:57.212000,57230.6,57610,212870,35,455,420
2025-06-09 10:18:58.000000,57230.6,57610,212870,35,455,385
2025-06-09 10:18:58.415000,57230.6,57610,212870,35,455,385
2025-06-09 10:18:59.000000,57230.6,57610,212870,35,455,420
2025-06-09 10:18:59.618000,57230.6,57610,212870,35,455,420
2025-06-09 10:19:00.000000,57230.6,57610,212870,35,455,420
2025-06-09 10:19:01.000000,57230.6,57610,212870,35,455,420
2025-06-09 10:19:01.017000,57230.6,57610,212870,35,455,420
2025-06-09 10:19:02.000000,57230.6,57610,212870,35,455,420
2025-06-09 10:19:02.219000,57230.6,57610,212870,35,455,420
2025-06-09 10:19:03.000000,57230.6,57610,212870,35,455,420
2025-06-09 10:19:03.422000,57230.6,57610,212870,35,455,420
2025-06-09 10:19:04.000000,57230.6,57610,212870,35,385,420
2025-06-09 10:19:04.625000,57230.6,57610,212870,35,385,420
2025-06-09 10:19:06.000000,57230.6,57610,212870,35,455,420
2025-06-09 10:19:06.025000,57230.6,57610,212870,35,455,420
2025-06-09 10:19:07.000000,57230.6,57610,212870,35,455,420
2025-06-09 10:19:07.227000,57230.6,57610,212870,35,455,420
2025-06-09 10:19:07.000000,57230.6,57610,212870,35,455,420
2025-06-09 10:19:07.772000,57230.6,57610,212870,35,455,420
2025-06-09 10:19:08.000000,57230.6,57645,212870,35,630,385
2025-06-09 10:19:08.430000,57230.6,57645,212870,35,630,385
2025-06-09 10:19:09.000000,57230.6,57645,212870,35,630,385
2025-06-09 10:19:09.633000,57230.6,57645,212870,35,630,385
2025-06-09 10:19:11.000000,57230.6,57645,212870,35,630,385
2025-06-09 10:19:11.032000,57230.6,57645,212870,35,630,385
2025-06-09 10:19:12.000000,57230.6,57645,212870,35,735,385
2025-06-09 10:19:12.239000,57230.6,57645,212870,35,735,385
2025-06-09 10:19:12.000000,57225.4,57645,212870,105,735,385
2025-06-09 10:19:12.775000,57225.4,57645,212870,105,735,385
2025-06-09 10:19:13.000000,57235.0,57645,212870,35,735,385
2025-06-09 10:19:13.376000,57235.0,57645,212870,35,735,385
2025-06-09 10:19:13.000000,57235.0,57855,212870,35,805,350
2025-06-09 10:19:13.438000,57235.0,57855,212870,35,805,350
2025-06-09 10:19:14.000000,57235.0,57855,212870,35,560,350
2025-06-09 10:19:14.640000,57235.0,57855,212870,35,560,350
2025-06-09 10:19:15.000000,57235.0,57855,212870,35,735,350
2025-06-09 10:19:15.841000,57235.0,57855,212870,35,735,350
2025-06-09 10:19:17.000000,57235.0,57855,212870,35,735,350
2025-06-09 10:19:17.044000,57235.0,57855,212870,35,735,350
2025-06-09 10:19:18.000000,57235.0,57855,212870,35,735,350
2025-06-09 10:19:18.443000,57235.0,57855,212870,35,735,350
2025-06-09 10:19:19.000000,57235.0,57855,212870,35,840,350
2025-06-09 10:19:19.646000,57235.0,57855,212870,35,840,350
2025-06-09 10:19:20.000000,57235.0,57855,212870,35,1015,350
2025-06-09 10:19:20.849000,57235.0,57855,212870,35,1015,350
2025-06-09 10:19:21.000000,57235.0,57855,212870,70,1015,350
2025-06-09 10:19:21.381000,57235.0,57855,212870,70,1015,350
2025-06-09 10:19:22.000000,57235.0,57925,212870,70,1015,280
2025-06-09 10:19:22.052000,57235.0,57925,212870,70,1015,280
2025-06-09 10:19:23.000000,57235.0,57925,212870,70,1015,280
2025-06-09 10:19:23.451000,57235.0,57925,212870,70,1015,280
2025-06-09 10:19:24.000000,57235.0,57925,212870,70,525,280
2025-06-09 10:19:24.654000,57235.0,57925,212870,70,525,280
2025-06-09 10:19:25.000000,57235.0,57925,212870,70,665,280
2025-06-09 10:19:25.856000,57235.0,57925,212870,70,665,280
2025-06-09 10:19:27.000000,57235.0,57925,212870,70,525,280
2025-06-09 10:19:27.059000,57235.0,57925,212870,70,525,280
2025-06-09 10:19:28.000000,57235.0,57925,212870,70,490,280
2025-06-09 10:19:28.458000,57235.0,57925,212870,70,490,280
2025-06-09 10:19:29.000000,57235.0,57925,212870,70,455,280
2025-06-09 10:19:29.661000,57235.0,57925,212870,70,455,280
2025-06-09 10:19:30.000000,57235.0,57925,212870,70,455,280
2025-06-09 10:19:30.000000,57235.0,57925,212870,70,455,280
2025-06-09 10:19:30.863000,57235.0,57925,212870,70,455,280
2025-06-09 10:19:32.000000,57235.0,57925,212870,70,945,280
2025-06-09 10:19:32.067000,57235.0,57925,212870,70,945,280
2025-06-09 10:19:33.000000,57235.0,57925,212870,70,735,280
2025-06-09 10:19:33.269000,57235.0,57925,212870,70,735,280
2025-06-09 10:19:34.000000,57235.0,57925,212870,70,490,315
2025-06-09 10:19:34.667000,57235.0,57925,212870,70,490,315
2025-06-09 10:19:35.000000,57235.0,57925,212870,70,595,315
2025-06-09 10:19:35.870000,57235.0,57925,212870,70,595,315
2025-06-09 10:19:37.000000,57235.0,57925,212870,70,420,315
2025-06-09 10:19:37.074000,57235.0,57925,212870,70,420,315
2025-06-09 10:19:37.000000,57227.0,57925,212870,35,420,315
2025-06-09 10:19:37.990000,57227.0,57925,212870,35,420,315
2025-06-09 10:19:38.000000,57227.0,57995,212870,35,595,315
2025-06-09 10:19:38.276000,57227.0,57995,212870,35,595,315
2025-06-09 10:19:39.000000,57227.0,57995,212870,35,455,315
2025-06-09 10:19:39.676000,57227.0,57995,212870,35,455,315
2025-06-09 10:19:40.000000,57227.0,57995,212870,35,455,315
2025-06-09 10:19:40.879000,57227.0,57995,212870,35,455,315
2025-06-09 10:19:42.000000,57227.0,57995,212870,35,595,315
2025-06-09 10:19:42.082000,57227.0,57995,212870,35,595,315
2025-06-09 10:19:43.000000,57227.0,57995,212870,35,1015,315
2025-06-09 10:19:43.289000,57227.0,57995,212870,35,1015,315
2025-06-09 10:19:44.000000,57227.0,57995,212870,35,945,315
2025-06-09 10:19:44.683000,57227.0,57995,212870,35,945,315
2025-06-09 10:19:45.000000,57234.6,57995,212870,35,945,315
2025-06-09 10:19:45.397000,57234.6,57995,212870,35,945,315
2025-06-09 10:19:45.000000,57234.6,58030,212870,35,840,315
2025-06-09 10:19:45.886000,57234.6,58030,212870,35,840,315
2025-06-09 10:19:47.000000,57234.6,58030,212870,35,1295,350
2025-06-09 10:19:47.089000,57234.6,58030,212870,35,1295,350
2025-06-09 10:19:48.000000,57234.6,58030,212870,35,1295,315
2025-06-09 10:19:48.292000,57234.6,58030,212870,35,1295,315
2025-06-09 10:19:49.000000,57234.6,58030,212870,35,1155,315
2025-06-09 10:19:49.494000,57234.6,58030,212870,35,1155,315
2025-06-09 10:19:50.000000,57234.6,58030,212870,35,1155,315
2025-06-09 10:19:50.893000,57234.6,58030,212870,35,1155,315
2025-06-09 10:19:52.000000,57234.6,58030,212870,35,1155,315
2025-06-09 10:19:52.096000,57234.6,58030,212870,35,1155,315
2025-06-09 10:19:53.000000,57234.6,58030,212870,35,1575,315
2025-06-09 10:19:53.299000,57234.6,58030,212870,35,1575,315
2025-06-09 10:19:54.000000,57234.0,58100,212870,70,1295,280
2025-06-09 10:19:54.501000,57234.0,58100,212870,70,1295,280
2025-06-09 10:19:54.000000,57234.0,58100,212870,70,1295,280
2025-06-09 10:19:54.602000,57234.0,58100,212870,70,1295,280
2025-06-09 10:19:55.000000,57234.0,58100,212870,70,1505,280
2025-06-09 10:19:55.900000,57234.0,58100,212870,70,1505,280
2025-06-09 10:19:57.000000,57234.0,58100,212870,70,1085,280
2025-06-09 10:19:57.103000,57234.0,58100,212870,70,1085,280
2025-06-09 10:19:58.000000,57234.0,58100,212870,70,1260,280
2025-06-09 10:19:58.307000,57234.0,58100,212870,70,1260,280
2025-06-09 10:19:59.000000,57234.0,58100,212870,70,1260,315
2025-06-09 10:19:59.509000,57234.0,58100,212870,70,1260,315
2025-06-09 10:20:00.000000,57234.0,58100,212870,70,1260,315
2025-06-09 10:20:00.000000,57234.0,58100,212870,70,840,280
2025-06-09 10:20:00.908000,57234.0,58100,212870,70,840,280
2025-06-09 10:20:02.000000,57234.0,58100,212870,70,1225,280
2025-06-09 10:20:02.111000,57234.0,58100,212870,70,1225,280
2025-06-09 10:20:03.000000,57234.0,58100,212870,70,1260,315
2025-06-09 10:20:03.314000,57234.0,58100,212870,70,1260,315
2025-06-09 10:20:03.000000,57235.0,58100,212870,35,1260,315
2025-06-09 10:20:03.606000,57235.0,58100,212870,35,1260,315
2025-06-09 10:20:04.000000,57235.0,58205,212870,35,1155,245
2025-06-09 10:20:04.517000,57235.0,58205,212870,35,1155,245
2025-06-09 10:20:05.000000,57235.0,58205,212870,35,1155,245
2025-06-09 10:20:05.916000,57235.0,58205,212870,35,1155,245
2025-06-09 10:20:06.000000,57235.0,58205,212870,35,1155,245
2025-06-09 10:20:06.607000,57235.0,58205,212870,35,1155,245
2025-06-09 10:20:07.000000,57235.0,58310,212870,35,1155,210
2025-06-09 10:20:07.119000,57235.0,58310,212870,35,1155,210
2025-06-09 10:20:07.000000,57235.0,58310,212870,35,1155,210
2025-06-09 10:20:07.407000,57235.0,58310,212870,35,1155,210
2025-06-09 10:20:08.000000,57235.0,58310,212870,35,1470,210
2025-06-09 10:20:08.322000,57235.0,58310,212870,35,1470,210
2025-06-09 10:20:09.000000,57245.0,58310,212870,35,1470,210
2025-06-09 10:20:09.409000,57245.0,58310,212870,35,1470,210
2025-06-09 10:20:09.000000,57245.0,58345,212870,35,1470,315
2025-06-09 10:20:09.525000,57245.0,58345,212870,35,1470,315
2025-06-09 10:20:10.000000,57246.0,58345,212870,35,1470,315
2025-06-09 10:20:10.410000,57246.0,58345,212870,35,1470,315
2025-06-09 10:20:10.000000,57246.0,58380,212870,35,1470,315
2025-06-09 10:20:10.924000,57246.0,58380,212870,35,1470,315
2025-06-09 10:20:12.000000,57246.0,58380,212870,35,1470,315
2025-06-09 10:20:12.127000,57246.0,58380,212870,35,1470,315
2025-06-09 10:20:13.000000,57246.0,58380,212870,35,1085,350
2025-06-09 10:20:13.330000,57246.0,58380,212870,35,1085,350
2025-06-09 10:20:14.000000,57246.0,58380,212870,35,1470,210
2025-06-09 10:20:14.730000,57246.0,58380,212870,35,1470,210
2025-06-09 10:20:15.000000,57246.0,58380,212870,35,1085,210
2025-06-09 10:20:15.933000,57246.0,58380,212870,35,1085,210
2025-06-09 10:20:17.000000,57246.0,58380,212870,35,1505,315
2025-06-09 10:20:17.135000,57246.0,58380,212870,35,1505,315
2025-06-09 10:20:18.000000,57246.0,58380,212870,35,1225,385
2025-06-09 10:20:18.339000,57246.0,58380,212870,35,1225,385
2025-06-09 10:20:19.000000,57246.0,58380,212870,35,1225,315
2025-06-09 10:20:19.541000,57246.0,58380,212870,35,1225,315
2025-06-09 10:20:20.000000,57250.0,58380,212870,35,1225,315
2025-06-09 10:20:20.419000,57250.0,58380,212870,35,1225,315
2025-06-09 10:20:20.000000,57250.0,58415,212870,35,1120,280
2025-06-09 10:20:20.940000,57250.0,58415,212870,35,1120,280
2025-06-09 10:20:22.000000,57250.0,58415,212870,35,1470,280
2025-06-09 10:20:22.143000,57250.0,58415,212870,35,1470,280
2025-06-09 10:20:23.000000,57250.0,58415,212870,35,1470,280
2025-06-09 10:20:23.346000,57250.0,58415,212870,35,1470,280
2025-06-09 10:20:24.000000,57250.0,58415,212870,35,1470,315
2025-06-09 10:20:24.549000,57250.0,58415,212870,35,1470,315
2025-06-09 10:20:25.000000,57250.0,58415,212870,35,1470,315
2025-06-09 10:20:25.949000,57250.0,58415,212870,35,1470,315
2025-06-09 10:20:27.000000,57250.0,58415,212870,35,1470,280
2025-06-09 10:20:27.152000,57250.0,58415,212870,35,1470,280
2025-06-09 10:20:28.000000,57250.0,58415,212870,35,1540,280
2025-06-09 10:20:28.354000,57250.0,58415,212870,35,1540,280
2025-06-09 10:20:29.000000,57250.0,58450,212870,35,945,350
2025-06-09 10:20:29.557000,57250.0,58450,212870,35,945,350
2025-06-09 10:20:29.000000,57250.0,58450,212870,35,945,350
2025-06-09 10:20:29.624000,57250.0,58450,212870,35,945,350
2025-06-09 10:20:30.000000,57250.0,58450,212870,35,945,350
2025-06-09 10:20:30.000000,57255.0,58485,212870,35,1225,315
2025-06-09 10:20:30.957000,57255.0,58485,212870,35,1225,315
2025-06-09 10:20:31.000000,57255.0,58485,212870,35,1225,315
2025-06-09 10:20:31.024000,57255.0,58485,212870,35,1225,315
2025-06-09 10:20:31.000000,57255.0,58485,212870,70,1225,315
2025-06-09 10:20:31.824000,57255.0,58485,212870,70,1225,315
2025-06-09 10:20:32.000000,57255.0,58625,212870,35,1225,350
2025-06-09 10:20:32.159000,57255.0,58625,212870,35,1225,350
2025-06-09 10:20:32.000000,57255.0,58625,212870,35,1225,350
2025-06-09 10:20:32.425000,57255.0,58625,212870,35,1225,350
2025-06-09 10:20:33.000000,57255.0,58625,212870,35,1225,245
2025-06-09 10:20:33.362000,57255.0,58625,212870,35,1225,245
2025-06-09 10:20:34.000000,57255.0,58625,212870,35,1225,245
2025-06-09 10:20:34.565000,57255.0,58625,212870,35,1225,245
2025-06-09 10:20:35.000000,57255.0,58625,212870,35,1225,245
2025-06-09 10:20:35.768000,57255.0,58625,212870,35,1225,245
2025-06-09 10:20:37.000000,57255.0,58625,212870,35,875,245
2025-06-09 10:20:37.167000,57255.0,58625,212870,35,875,245
2025-06-09 10:20:38.000000,57255.0,58625,212870,35,875,245
2025-06-09 10:20:38.370000,57255.0,58625,212870,35,875,245
2025-06-09 10:20:39.000000,57255.0,58625,212870,35,875,210
2025-06-09 10:20:39.573000,57255.0,58625,212870,35,875,210
2025-06-09 10:20:40.000000,57255.0,58625,212870,35,875,245
2025-06-09 10:20:40.775000,57255.0,58625,212870,35,875,245
2025-06-09 10:20:41.000000,57255.0,58625,212870,35,875,245
2025-06-09 10:20:41.978000,57255.0,58625,212870,35,875,245
2025-06-09 10:20:43.000000,57255.0,58625,212870,35,1330,210
2025-06-09 10:20:43.376000,57255.0,58625,212870,35,1330,210
2025-06-09 10:20:44.000000,57255.0,58625,212870,35,1330,210
2025-06-09 10:20:44.579000,57255.0,58625,212870,35,1330,210
2025-06-09 10:20:45.000000,57255.0,58625,212870,35,1330,210
2025-06-09 10:20:45.781000,57255.0,58625,212870,35,1330,210
2025-06-09 10:20:46.000000,57255.0,58625,212870,35,1610,210
2025-06-09 10:20:46.983000,57255.0,58625,212870,35,1610,210
2025-06-09 10:20:48.000000,57255.0,58625,212870,35,1155,245
2025-06-09 10:20:48.186000,57255.0,58625,212870,35,1155,245
2025-06-09 10:20:49.000000,57255.0,58625,212870,35,875,245
2025-06-09 10:20:49.584000,57255.0,58625,212870,35,875,245
2025-06-09 10:20:50.000000,57255.0,58625,212870,35,735,245
2025-06-09 10:20:50.786000,57255.0,58625,212870,35,735,245
2025-06-09 10:20:51.000000,57255.0,58625,212870,35,875,245
2025-06-09 10:20:51.989000,57255.0,58625,212870,35,875,245
2025-06-09 10:20:53.000000,57255.0,58625,212870,35,875,245
2025-06-09 10:20:53.192000,57255.0,58625,212870,35,875,245
2025-06-09 10:20:54.000000,57255.0,58625,212870,35,875,245
2025-06-09 10:20:54.592000,57255.0,58625,212870,35,875,245
2025-06-09 10:20:55.000000,57255.0,58625,212870,35,875,245
2025-06-09 10:20:55.793000,57255.0,58625,212870,35,875,245
2025-06-09 10:20:56.000000,57255.0,58625,212870,35,1155,245
2025-06-09 10:20:56.996000,57255.0,58625,212870,35,1155,245
2025-06-09 10:20:58.000000,57255.0,58625,212870,35,1260,245
2025-06-09 10:20:58.198000,57255.0,58625,212870,35,1260,245
2025-06-09 10:20:59.000000,57255.0,58625,212870,35,910,245
2025-06-09 10:20:59.597000,57255.0,58625,212870,35,910,245
2025-06-09 10:21:00.000000,57255.0,58625,212870,35,910,245
2025-06-09 10:21:00.000000,57255.0,58625,212870,35,1190,315
2025-06-09 10:21:00.799000,57255.0,58625,212870,35,1190,315
2025-06-09 10:21:01.000000,57255.0,58625,212870,35,1260,280
2025-06-09 10:21:02.002000,57255.0,58625,212870,35,1260,280
2025-06-09 10:21:03.000000,57255.0,58625,212870,35,1190,280
2025-06-09 10:21:03.205000,57255.0,58625,212870,35,1190,280
2025-06-09 10:21:04.000000,57254.8,58660,212870,35,1190,245
2025-06-09 10:21:04.605000,57254.8,58660,212870,35,1190,245
2025-06-09 10:21:04.000000,57254.8,58660,212870,35,1190,245
2025-06-09 10:21:04.644000,57254.8,58660,212870,35,1190,245
2025-06-09 10:21:05.000000,57254.8,58660,212870,35,1190,245
2025-06-09 10:21:05.806000,57254.8,58660,212870,35,1190,245
2025-06-09 10:21:06.000000,57246.6,58660,212870,35,1190,245
2025-06-09 10:21:06.444000,57246.6,58660,212870,35,1190,245
2025-06-09 10:21:07.000000,57246.6,58695,212870,35,700,245
2025-06-09 10:21:07.009000,57246.6,58695,212870,35,700,245
2025-06-09 10:21:08.000000,57246.6,58695,212870,35,980,245
2025-06-09 10:21:08.212000,57246.6,58695,212870,35,980,245
2025-06-09 10:21:09.000000,57246.6,58695,212870,35,980,245
2025-06-09 10:21:09.610000,57246.6,58695,212870,35,980,245
2025-06-09 10:21:10.000000,57246.6,58695,212870,35,1435,245
2025-06-09 10:21:10.813000,57246.6,58695,212870,35,1435,245
2025-06-09 10:21:11.000000,57246.6,58695,212870,35,1435,245
2025-06-09 10:21:11.047000,57246.6,58695,212870,35,1435,245
2025-06-09 10:21:12.000000,57246.6,58730,212870,35,945,245
2025-06-09 10:21:12.016000,57246.6,58730,212870,35,945,245
2025-06-09 10:21:13.000000,57246.6,58730,212870,35,945,245
2025-06-09 10:21:13.218000,57246.6,58730,212870,35,945,245
2025-06-09 10:21:14.000000,57246.6,58730,212870,35,945,245
2025-06-09 10:21:14.419000,57246.6,58730,212870,35,945,245
2025-06-09 10:21:15.000000,57246.6,58730,212870,35,945,280
2025-06-09 10:21:15.621000,57246.6,58730,212870,35,945,280
2025-06-09 10:21:16.000000,57246.6,58730,212870,35,945,245
2025-06-09 10:21:16.823000,57246.6,58730,212870,35,945,245
2025-06-09 10:21:18.000000,57246.6,58730,212870,35,945,245
2025-06-09 10:21:18.222000,57246.6,58730,212870,35,945,245
2025-06-09 10:21:19.000000,57246.6,58730,212870,35,770,245
2025-06-09 10:21:19.423000,57246.6,58730,212870,35,770,245
2025-06-09 10:21:20.000000,57246.6,58730,212870,35,455,245
2025-06-09 10:21:20.626000,57246.6,58730,212870,35,455,245
2025-06-09 10:21:21.000000,57246.6,58730,212870,35,455,245
2025-06-09 10:21:21.829000,57246.6,58730,212870,35,455,245
2025-06-09 10:21:24.000000,57246.6,58730,212870,35,455,245
2025-06-09 10:21:24.430000,57246.6,58730,212870,35,455,245
2025-06-09 10:21:25.000000,57246.6,58730,212870,35,455,280
2025-06-09 10:21:25.632000,57246.6,58730,212870,35,455,280
2025-06-09 10:21:26.000000,57246.6,58730,212870,35,455,245
2025-06-09 10:21:26.835000,57246.6,58730,212870,35,455,245
2025-06-09 10:21:28.000000,57246.6,58730,212870,35,455,245
2025-06-09 10:21:28.038000,57246.6,58730,212870,35,455,245
2025-06-09 10:21:29.000000,57246.6,58730,212870,35,455,245
2025-06-09 10:21:29.437000,57246.6,58730,212870,35,455,245
2025-06-09 10:21:29.000000,57251.4,58730,212870,35,455,245
2025-06-09 10:21:29.860000,57251.4,58730,212870,35,455,245
2025-06-09 10:21:30.000000,57251.4,58730,212870,35,455,245
2025-06-09 10:21:30.000000,57251.4,58800,212870,35,700,315
2025-06-09 10:21:30.640000,57251.4,58800,212870,35,700,315
2025-06-09 10:21:31.000000,57251.4,58800,212870,35,700,315
2025-06-09 10:21:31.841000,57251.4,58800,212870,35,700,315
2025-06-09 10:21:33.000000,57251.4,58800,212870,35,700,315
2025-06-09 10:21:33.044000,57251.4,58800,212870,35,700,315
2025-06-09 10:21:33.000000,57250.0,58800,212870,35,700,315
2025-06-09 10:21:33.263000,57250.0,58800,212870,35,700,315
2025-06-09 10:21:34.000000,57250.0,58835,212870,35,700,245
2025-06-09 10:21:34.247000,57250.0,58835,212870,35,700,245
2025-06-09 10:21:34.000000,57245.2,58835,212870,35,700,245
2025-06-09 10:21:34.263000,57245.2,58835,212870,35,700,245
2025-06-09 10:21:35.000000,57245.2,58870,212870,35,700,245
2025-06-09 10:21:35.645000,57245.2,58870,212870,35,700,245
2025-06-09 10:21:36.000000,57245.2,58870,212870,35,700,245
2025-06-09 10:21:36.848000,57245.2,58870,212870,35,700,245
2025-06-09 10:21:38.000000,57245.2,58870,212870,35,560,245
2025-06-09 10:21:38.051000,57245.2,58870,212870,35,560,245
2025-06-09 10:21:39.000000,57245.2,58870,212870,35,700,245
2025-06-09 10:21:39.254000,57245.2,58870,212870,35,700,245
2025-06-09 10:21:40.000000,57245.2,58870,212870,35,700,280
2025-06-09 10:21:40.652000,57245.2,58870,212870,35,700,280
2025-06-09 10:21:41.000000,57250.0,58940,212870,35,700,245
2025-06-09 10:21:41.855000,57250.0,58940,212870,35,700,245
2025-06-09 10:21:41.000000,57250.0,58940,213010,35,700,245
2025-06-09 10:21:41.866000,57250.0,58940,213010,35,700,245
2025-06-09 10:21:43.000000,57250.0,58975,213010,35,700,245
2025-06-09 10:21:43.058000,57250.0,58975,213010,35,700,245
2025-06-09 10:21:44.000000,57250.0,58975,213010,35,770,245
2025-06-09 10:21:44.260000,57250.0,58975,213010,35,770,245
2025-06-09 10:21:45.000000,57250.0,58975,213010,35,770,245
2025-06-09 10:21:45.462000,57250.0,58975,213010,35,770,245
2025-06-09 10:21:46.000000,57250.0,58975,213010,35,770,245
2025-06-09 10:21:46.861000,57250.0,58975,213010,35,770,245
2025-06-09 10:21:48.000000,57250.0,58975,213010,35,770,245
2025-06-09 10:21:48.064000,57250.0,58975,213010,35,770,245
2025-06-09 10:21:49.000000,57250.0,58975,213010,35,770,245
2025-06-09 10:21:49.266000,57250.0,58975,213010,35,770,245
2025-06-09 10:21:50.000000,57250.0,58975,213010,35,1050,210
2025-06-09 10:21:50.469000,57250.0,58975,213010,35,1050,210
2025-06-09 10:21:51.000000,57250.0,58975,213010,35,1050,280
2025-06-09 10:21:51.671000,57250.0,58975,213010,35,1050,280
2025-06-09 10:21:53.000000,57250.0,58975,213010,35,1050,245
2025-06-09 10:21:53.070000,57250.0,58975,213010,35,1050,245
2025-06-09 10:21:54.000000,57250.0,58975,213010,35,840,210
2025-06-09 10:21:54.273000,57250.0,58975,213010,35,840,210
2025-06-09 10:21:55.000000,57253.6,58975,213010,35,840,210
2025-06-09 10:21:55.074000,57253.6,58975,213010,35,840,210
2025-06-09 10:21:55.000000,57253.6,59010,213010,35,700,210
2025-06-09 10:21:55.476000,57253.6,59010,213010,35,700,210
2025-06-09 10:21:56.000000,57253.6,59010,213010,35,840,210
2025-06-09 10:21:56.678000,57253.6,59010,213010,35,840,210
2025-06-09 10:21:57.000000,57253.6,59010,213010,35,700,175
2025-06-09 10:21:57.880000,57253.6,59010,213010,35,700,175
2025-06-09 10:21:58.000000,57244.4,59010,213010,35,700,175
2025-06-09 10:21:58.277000,57244.4,59010,213010,35,700,175
2025-06-09 10:21:59.000000,57244.4,59115,213010,35,735,175
2025-06-09 10:21:59.279000,57244.4,59115,213010,35,735,175
2025-06-09 10:22:00.000000,57244.4,59115,213010,35,735,175
2025-06-09 10:22:00.000000,57244.4,59115,213010,35,735,175
2025-06-09 10:22:00.482000,57244.4,59115,213010,35,735,175
2025-06-09 10:22:01.000000,57244.4,59115,213010,35,735,175
2025-06-09 10:22:01.687000,57244.4,59115,213010,35,735,175
2025-06-09 10:22:02.000000,57244.4,59115,213010,35,735,175
2025-06-09 10:22:02.888000,57244.4,59115,213010,35,735,175
2025-06-09 10:22:04.000000,57244.4,59115,213010,35,735,175
2025-06-09 10:22:04.287000,57244.4,59115,213010,35,735,175
2025-06-09 10:22:05.000000,57253.8,59115,213010,35,735,175
2025-06-09 10:22:05.481000,57253.8,59115,213010,35,735,175
2025-06-09 10:22:05.000000,57253.8,59150,213010,35,735,175
2025-06-09 10:22:05.490000,57253.8,59150,213010,35,735,175
2025-06-09 10:22:06.000000,57253.8,59150,213010,35,735,210
2025-06-09 10:22:06.693000,57253.8,59150,213010,35,735,210
2025-06-09 10:22:07.000000,57253.8,59150,213010,35,735,210
2025-06-09 10:22:07.895000,57253.8,59150,213010,35,735,210
2025-06-09 10:22:09.000000,57253.8,59150,213010,35,735,175
2025-06-09 10:22:09.295000,57253.8,59150,213010,35,735,175
2025-06-09 10:22:10.000000,57253.8,59150,213010,35,735,245
2025-06-09 10:22:10.497000,57253.8,59150,213010,35,735,245
2025-06-09 10:22:11.000000,57253.8,59150,213010,35,735,245
2025-06-09 10:22:11.700000,57253.8,59150,213010,35,735,245
2025-06-09 10:22:12.000000,57253.8,59150,213010,35,735,175
2025-06-09 10:22:12.902000,57253.8,59150,213010,35,735,175
2025-06-09 10:22:14.000000,57253.8,59150,213010,35,735,175
2025-06-09 10:22:14.105000,57253.8,59150,213010,35,735,175
2025-06-09 10:22:15.000000,57253.8,59150,213010,35,735,245
2025-06-09 10:22:15.306000,57253.8,59150,213010,35,735,245
2025-06-09 10:22:16.000000,57253.8,59150,213010,35,1050,210
2025-06-09 10:22:16.705000,57253.8,59150,213010,35,1050,210
2025-06-09 10:22:17.000000,57253.8,59150,213010,35,1085,210
2025-06-09 10:22:17.907000,57253.8,59150,213010,35,1085,210
2025-06-09 10:22:19.000000,57253.8,59150,213010,35,1050,210
2025-06-09 10:22:19.111000,57253.8,59150,213010,35,1050,210
2025-06-09 10:22:20.000000,57253.8,59150,213010,35,1260,210
2025-06-09 10:22:20.312000,57253.8,59150,213010,35,1260,210
2025-06-09 10:22:21.000000,57253.8,59150,213010,35,980,245
2025-06-09 10:22:21.515000,57253.8,59150,213010,35,980,245
2025-06-09 10:22:22.000000,57253.8,59150,213010,35,980,210
2025-06-09 10:22:22.718000,57253.8,59150,213010,35,980,210
2025-06-09 10:22:23.000000,57253.8,59150,213010,35,980,210
2025-06-09 10:22:23.920000,57253.8,59150,213010,35,980,210
2025-06-09 10:22:25.000000,57253.8,59150,213010,35,770,210
2025-06-09 10:22:25.319000,57253.8,59150,213010,35,770,210
2025-06-09 10:22:26.000000,57253.8,59150,213010,35,1050,210
2025-06-09 10:22:26.522000,57253.8,59150,213010,35,1050,210
2025-06-09 10:22:27.000000,57253.8,59150,213010,35,1050,210
2025-06-09 10:22:27.724000,57253.8,59150,213010,35,1050,210
2025-06-09 10:22:28.000000,57253.8,59150,213010,35,1050,245
2025-06-09 10:22:28.926000,57253.8,59150,213010,35,1050,245
2025-06-09 10:22:30.000000,57253.8,59150,213010,35,1050,245
2025-06-09 10:22:30.000000,57253.8,59150,213010,35,1015,245
2025-06-09 10:22:30.129000,57253.8,59150,213010,35,1015,245
2025-06-09 10:22:30.000000,57243.4,59150,213010,35,1015,245
2025-06-09 10:22:30.296000,57243.4,59150,213010,35,1015,245
2025-06-09 10:22:31.000000,57243.4,59185,213010,35,1050,210
2025-06-09 10:22:31.332000,57243.4,59185,213010,35,1050,210
2025-06-09 10:22:32.000000,57243.4,59185,213010,35,1050,210
2025-06-09 10:22:32.730000,57243.4,59185,213010,35,1050,210
2025-06-09 10:22:33.000000,57243.4,59185,213010,35,1050,210
2025-06-09 10:22:33.932000,57243.4,59185,213010,35,1050,210
2025-06-09 10:22:35.000000,57243.4,59185,213010,35,910,210
2025-06-09 10:22:35.134000,57243.4,59185,213010,35,910,210
2025-06-09 10:22:36.000000,57243.4,59185,213010,35,910,210
2025-06-09 10:22:36.337000,57243.4,59185,213010,35,910,210
2025-06-09 10:22:37.000000,57243.4,59185,213010,35,910,210
2025-06-09 10:22:37.540000,57243.4,59185,213010,35,910,210
2025-06-09 10:22:38.000000,57243.4,59185,213010,35,910,210
2025-06-09 10:22:38.741000,57243.4,59185,213010,35,910,210
2025-06-09 10:22:39.000000,57243.4,59185,213010,35,735,210
2025-06-09 10:22:39.944000,57243.4,59185,213010,35,735,210
2025-06-09 10:22:41.000000,57243.4,59185,213010,35,735,210
2025-06-09 10:22:41.147000,57243.4,59185,213010,35,735,210
2025-06-09 10:22:42.000000,57243.4,59185,213010,35,735,210
2025-06-09 10:22:42.348000,57243.4,59185,213010,35,735,210
2025-06-09 10:22:43.000000,57254.6,59185,213010,35,735,210
2025-06-09 10:22:43.502000,57254.6,59185,213010,35,735,210
2025-06-09 10:22:43.000000,57254.6,59220,213010,35,735,210
2025-06-09 10:22:43.550000,57254.6,59220,213010,35,735,210
2025-06-09 10:22:44.000000,57254.6,59220,213010,35,735,210
2025-06-09 10:22:44.753000,57254.6,59220,213010,35,735,210
2025-06-09 10:22:45.000000,57254.6,59220,213010,35,735,245
2025-06-09 10:22:45.955000,57254.6,59220,213010,35,735,245
2025-06-09 10:22:47.000000,57254.6,59220,213010,35,700,245
2025-06-09 10:22:47.355000,57254.6,59220,213010,35,700,245
2025-06-09 10:22:48.000000,57254.6,59220,213010,35,700,245
2025-06-09 10:22:48.556000,57254.6,59220,213010,35,700,245
2025-06-09 10:22:49.000000,57254.6,59220,213010,35,1015,315
2025-06-09 10:22:49.758000,57254.6,59220,213010,35,1015,315
2025-06-09 10:22:50.000000,57254.8,59220,213010,35,1015,315
2025-06-09 10:22:50.307000,57254.8,59220,213010,35,1015,315
2025-06-09 10:22:50.000000,57254.8,59255,213010,35,875,315
2025-06-09 10:22:50.961000,57254.8,59255,213010,35,875,315
2025-06-09 10:22:52.000000,57254.8,59255,213010,35,875,315
2025-06-09 10:22:52.163000,57254.8,59255,213010,35,875,315
2025-06-09 10:22:52.000000,57252.8,59255,213010,35,875,315
2025-06-09 10:22:52.708000,57252.8,59255,213010,35,875,315
2025-06-09 10:22:53.000000,57252.8,59290,213010,35,875,315
2025-06-09 10:22:53.365000,57252.8,59290,213010,35,875,315
2025-06-09 10:22:54.000000,57252.8,59290,213010,35,875,315
2025-06-09 10:22:54.568000,57252.8,59290,213010,35,875,315
2025-06-09 10:22:55.000000,57252.8,59290,213010,35,875,315
2025-06-09 10:22:55.771000,57252.8,59290,213010,35,875,315
2025-06-09 10:22:56.000000,57255.0,59290,213010,35,875,315
2025-06-09 10:22:56.712000,57255.0,59290,213010,35,875,315
2025-06-09 10:22:56.000000,57255.0,59360,213010,35,875,280
2025-06-09 10:22:56.973000,57255.0,59360,213010,35,875,280
2025-06-09 10:22:58.000000,57255.0,59360,213010,35,1155,280
2025-06-09 10:22:58.372000,57255.0,59360,213010,35,1155,280
2025-06-09 10:22:59.000000,57255.0,59360,213010,35,875,280
2025-06-09 10:22:59.574000,57255.0,59360,213010,35,875,280
2025-06-09 10:23:00.000000,57255.0,59360,213010,35,875,280
2025-06-09 10:23:00.000000,57255.0,59360,213010,35,875,280
2025-06-09 10:23:00.777000,57255.0,59360,213010,35,875,280
2025-06-09 10:23:01.000000,57255.0,59360,213010,35,875,280
2025-06-09 10:23:01.979000,57255.0,59360,213010,35,875,280
2025-06-09 10:23:03.000000,57255.0,59360,213010,35,1015,280
2025-06-09 10:23:03.182000,57255.0,59360,213010,35,1015,280
2025-06-09 10:23:04.000000,57255.0,59360,213010,35,945,280
2025-06-09 10:23:04.384000,57255.0,59360,213010,35,945,280
2025-06-09 10:23:05.000000,57255.0,59360,213010,35,1155,280
2025-06-09 10:23:05.587000,57255.0,59360,213010,35,1155,280
2025-06-09 10:23:06.000000,57255.0,59360,213010,35,1155,280
2025-06-09 10:23:06.986000,57255.0,59360,213010,35,1155,280
2025-06-09 10:23:08.000000,57255.0,59360,213010,35,1155,280
2025-06-09 10:23:08.189000,57255.0,59360,213010,35,1155,280
2025-06-09 10:23:09.000000,57255.0,59360,213010,35,910,280
2025-06-09 10:23:09.392000,57255.0,59360,213010,35,910,280
2025-06-09 10:23:10.000000,57255.0,59360,213010,35,910,280
2025-06-09 10:23:10.595000,57255.0,59360,213010,35,910,280
2025-06-09 10:23:11.000000,57255.0,59360,213010,35,630,280
2025-06-09 10:23:11.798000,57255.0,59360,213010,35,630,280
2025-06-09 10:23:13.000000,57255.0,59360,213010,35,945,280
2025-06-09 10:23:13.197000,57255.0,59360,213010,35,945,280
2025-06-09 10:23:14.000000,57255.0,59360,213010,35,875,280
2025-06-09 10:23:14.402000,57255.0,59360,213010,35,875,280
2025-06-09 10:23:15.000000,57255.0,59360,213010,35,875,280
2025-06-09 10:23:15.605000,57255.0,59360,213010,35,875,280
2025-06-09 10:23:16.000000,57255.0,59360,213010,35,875,280
2025-06-09 10:23:16.807000,57255.0,59360,213010,35,875,280
2025-06-09 10:23:17.000000,57260.0,59360,213010,35,875,280
2025-06-09 10:23:17.324000,57260.0,59360,213010,35,875,280
2025-06-09 10:23:18.000000,57260.0,59395,213010,35,875,245
2025-06-09 10:23:18.010000,57260.0,59395,213010,35,875,245
2025-06-09 10:23:18.000000,57260.0,59395,213010,35,875,245
2025-06-09 10:23:18.924000,57260.0,59395,213010,35,875,245
2025-06-09 10:23:19.000000,57260.0,59430,213010,35,630,315
2025-06-09 10:23:19.212000,57260.0,59430,213010,35,630,315
2025-06-09 10:23:20.000000,57260.0,59430,213010,35,700,280
2025-06-09 10:23:20.612000,57260.0,59430,213010,35,700,280
2025-06-09 10:23:20.000000,57265.0,59430,213010,35,700,280
2025-06-09 10:23:20.725000,57265.0,59430,213010,35,700,280
2025-06-09 10:23:21.000000,57265.0,59465,213010,35,700,245
2025-06-09 10:23:21.814000,57265.0,59465,213010,35,700,245
2025-06-09 10:23:23.000000,57265.0,59465,213010,35,455,245
2025-06-09 10:23:23.017000,57265.0,59465,213010,35,455,245
2025-06-09 10:23:24.000000,57265.0,59465,213010,35,455,245
2025-06-09 10:23:24.219000,57265.0,59465,213010,35,455,245
2025-06-09 10:23:25.000000,57265.0,59465,213010,35,245,245
2025-06-09 10:23:25.618000,57265.0,59465,213010,35,245,245
2025-06-09 10:23:26.000000,57265.0,59465,213010,35,245,245
2025-06-09 10:23:26.130000,57265.0,59465,213010,35,245,245
2025-06-09 10:23:26.000000,57265.0,59500,213010,35,490,210
2025-06-09 10:23:26.821000,57265.0,59500,213010,35,490,210
2025-06-09 10:23:28.000000,57265.0,59500,213010,35,490,210
2025-06-09 10:23:28.024000,57265.0,59500,213010,35,490,210
2025-06-09 10:23:29.000000,57265.0,59500,213010,35,245,210
2025-06-09 10:23:29.227000,57265.0,59500,213010,35,245,210
2025-06-09 10:23:30.000000,57265.0,59500,213010,35,245,210
2025-06-09 10:23:30.000000,57265.0,59500,213010,35,525,175
2025-06-09 10:23:30.626000,57265.0,59500,213010,35,525,175
2025-06-09 10:23:31.000000,57265.0,59500,213010,35,455,175
2025-06-09 10:23:31.828000,57265.0,59500,213010,35,455,175
2025-06-09 10:23:33.000000,57265.0,59500,213010,35,455,210
2025-06-09 10:23:33.031000,57265.0,59500,213010,35,455,210
2025-06-09 10:23:34.000000,57265.0,59500,213010,35,455,175
2025-06-09 10:23:34.233000,57265.0,59500,213010,35,455,175
2025-06-09 10:23:34.000000,57265.0,59500,213010,35,455,175
2025-06-09 10:23:34.536000,57265.0,59500,213010,35,455,175
2025-06-09 10:23:35.000000,57265.0,59535,213010,35,700,210
2025-06-09 10:23:35.436000,57265.0,59535,213010,35,700,210
2025-06-09 10:23:36.000000,57265.0,59535,213010,35,700,210
2025-06-09 10:23:36.835000,57265.0,59535,213010,35,700,210
2025-06-09 10:23:37.000000,57267.0,59535,213010,35,700,210
2025-06-09 10:23:37.337000,57267.0,59535,213010,35,700,210
2025-06-09 10:23:38.000000,57267.0,59570,213010,35,700,175
2025-06-09 10:23:38.038000,57267.0,59570,213010,35,700,175
2025-06-09 10:23:39.000000,57267.0,59570,213010,35,455,280
2025-06-09 10:23:39.240000,57267.0,59570,213010,35,455,280
2025-06-09 10:23:41.000000,57267.0,59570,213010,35,455,210
2025-06-09 10:23:41.842000,57267.0,59570,213010,35,455,210
2025-06-09 10:23:43.000000,57267.0,59570,213010,35,455,210
2025-06-09 10:23:43.045000,57267.0,59570,213010,35,455,210
2025-06-09 10:23:44.000000,57267.0,59570,213010,35,455,210
2025-06-09 10:23:44.247000,57267.0,59570,213010,35,455,210
2025-06-09 10:23:45.000000,57267.0,59570,213010,35,455,210
2025-06-09 10:23:45.450000,57267.0,59570,213010,35,455,210
2025-06-09 10:23:46.000000,57264.4,59675,213010,70,665,245
2025-06-09 10:23:46.849000,57264.4,59675,213010,70,665,245
2025-06-09 10:23:46.000000,57264.4,59675,213010,70,665,245
2025-06-09 10:23:46.942000,57264.4,59675,213010,70,665,245
2025-06-09 10:23:48.000000,57264.4,59675,213010,70,1155,280
2025-06-09 10:23:48.052000,57264.4,59675,213010,70,1155,280
2025-06-09 10:23:49.000000,57264.4,59675,213010,70,420,245
2025-06-09 10:23:49.255000,57264.4,59675,213010,70,420,245
2025-06-09 10:23:50.000000,57264.4,59675,213010,70,420,245
2025-06-09 10:23:50.458000,57264.4,59675,213010,70,420,245
2025-06-09 10:23:51.000000,57264.4,59675,213010,70,420,245
2025-06-09 10:23:51.857000,57264.4,59675,213010,70,420,245
2025-06-09 10:23:53.000000,57264.4,59675,213010,70,420,245
2025-06-09 10:23:53.059000,57264.4,59675,213010,70,420,245
2025-06-09 10:23:54.000000,57264.4,59675,213010,70,245,280
2025-06-09 10:23:54.262000,57264.4,59675,213010,70,245,280
2025-06-09 10:23:55.000000,57264.4,59675,213010,70,245,315
2025-06-09 10:23:55.464000,57264.4,59675,213010,70,245,315
2025-06-09 10:23:56.000000,57264.4,59675,213010,70,245,245
2025-06-09 10:23:56.667000,57264.4,59675,213010,70,245,245
2025-06-09 10:23:58.000000,57264.4,59675,213010,70,210,245
2025-06-09 10:23:58.066000,57264.4,59675,213010,70,210,245
2025-06-09 10:23:59.000000,57264.4,59675,213010,70,210,315
2025-06-09 10:23:59.269000,57264.4,59675,213010,70,210,315
2025-06-09 10:24:00.000000,57264.4,59675,213010,70,210,315
2025-06-09 10:24:00.000000,57264.4,59675,213010,70,210,210
2025-06-09 10:24:00.472000,57264.4,59675,213010,70,210,210
2025-06-09 10:24:01.000000,57264.4,59675,213010,70,210,315
2025-06-09 10:24:01.675000,57264.4,59675,213010,70,210,315
2025-06-09 10:24:03.000000,57264.4,59675,213010,70,210,315
2025-06-09 10:24:03.074000,57264.4,59675,213010,70,210,315
2025-06-09 10:24:04.000000,57264.4,59675,213010,70,210,210
2025-06-09 10:24:04.276000,57264.4,59675,213010,70,210,210
2025-06-09 10:24:05.000000,57264.4,59675,213010,70,210,210
2025-06-09 10:24:05.480000,57264.4,59675,213010,70,210,210
2025-06-09 10:24:06.000000,57264.4,59675,213010,70,455,210
2025-06-09 10:24:06.683000,57264.4,59675,213010,70,455,210
2025-06-09 10:24:08.000000,57264.4,59675,213010,70,455,280
2025-06-09 10:24:08.081000,57264.4,59675,213010,70,455,280
2025-06-09 10:24:09.000000,57264.4,59675,213010,70,455,280
2025-06-09 10:24:09.284000,57264.4,59675,213010,70,455,280
2025-06-09 10:24:10.000000,57264.4,59675,213010,70,455,280
2025-06-09 10:24:10.487000,57264.4,59675,213010,70,455,280
2025-06-09 10:24:11.000000,57264.4,59675,213010,70,455,280
2025-06-09 10:24:11.691000,57264.4,59675,213010,70,455,280
2025-06-09 10:24:13.000000,57264.4,59675,213010,70,455,280
2025-06-09 10:24:13.089000,57264.4,59675,213010,70,455,280
2025-06-09 10:24:14.000000,57264.4,59675,213010,70,455,210
2025-06-09 10:24:14.293000,57264.4,59675,213010,70,455,210
2025-06-09 10:24:15.000000,57264.4,59675,213010,70,455,245
2025-06-09 10:24:15.495000,57264.4,59675,213010,70,455,245
2025-06-09 10:24:16.000000,57264.4,59675,213010,70,420,245
2025-06-09 10:24:16.697000,57264.4,59675,213010,70,420,245
2025-06-09 10:24:17.000000,57264.4,59675,213010,70,420,245
2025-06-09 10:24:17.899000,57264.4,59675,213010,70,420,245
2025-06-09 10:24:18.000000,57265.0,59675,213010,35,420,245
2025-06-09 10:24:18.361000,57265.0,59675,213010,35,420,245
2025-06-09 10:24:19.000000,57265.0,59710,213010,35,420,245
2025-06-09 10:24:19.107000,57265.0,59710,213010,35,420,245
2025-06-09 10:24:20.000000,57265.0,59710,213010,35,665,245
2025-06-09 10:24:20.304000,57265.0,59710,213010,35,665,245
2025-06-09 10:24:21.000000,57265.0,59710,213010,35,455,245
2025-06-09 10:24:21.703000,57265.0,59710,213010,35,455,245
2025-06-09 10:24:22.000000,57265.0,59710,213010,35,490,315
2025-06-09 10:24:22.905000,57265.0,59710,213010,35,490,315
2025-06-09 10:24:24.000000,57265.0,59710,213010,35,490,245
2025-06-09 10:24:24.108000,57265.0,59710,213010,35,490,245
2025-06-09 10:24:24.000000,57272.0,59710,213010,35,490,245
2025-06-09 10:24:24.765000,57272.0,59710,213010,35,490,245
2025-06-09 10:24:25.000000,57272.0,59745,213010,35,735,245
2025-06-09 10:24:25.309000,57272.0,59745,213010,35,735,245
2025-06-09 10:24:26.000000,57272.0,59745,213010,35,945,210
2025-06-09 10:24:26.513000,57272.0,59745,213010,35,945,210
2025-06-09 10:24:27.000000,57272.0,59745,213010,35,910,245
2025-06-09 10:24:27.715000,57272.0,59745,213010,35,910,245
2025-06-09 10:24:28.000000,57272.0,59745,213010,35,910,245
2025-06-09 10:24:28.368000,57272.0,59745,213010,35,910,245
2025-06-09 10:24:28.000000,57272.0,59780,213010,35,700,245
2025-06-09 10:24:28.917000,57272.0,59780,213010,35,700,245
2025-06-09 10:24:30.000000,57272.0,59780,213010,35,700,245
2025-06-09 10:24:30.000000,57272.0,59780,213010,35,910,245
2025-06-09 10:24:30.119000,57272.0,59780,213010,35,910,245
2025-06-09 10:24:30.000000,57264.8,59780,213010,70,910,245
2025-06-09 10:24:30.970000,57264.8,59780,213010,70,910,245
2025-06-09 10:24:31.000000,57264.8,59850,213010,70,910,245
2025-06-09 10:24:31.321000,57264.8,59850,213010,70,910,245
2025-06-09 10:24:32.000000,57264.8,59850,213010,70,910,245
2025-06-09 10:24:32.524000,57264.8,59850,213010,70,910,245
2025-06-09 10:24:33.000000,57264.8,59850,213010,70,910,210
2025-06-09 10:24:33.726000,57264.8,59850,213010,70,910,210
2025-06-09 10:24:34.000000,57264.8,59850,213010,70,910,245
2025-06-09 10:24:34.928000,57264.8,59850,213010,70,910,245
2025-06-09 10:24:36.000000,57264.8,59850,213010,70,910,210
2025-06-09 10:24:36.327000,57264.8,59850,213010,70,910,210
2025-06-09 10:24:37.000000,57264.8,59850,213010,70,665,210
2025-06-09 10:24:37.529000,57264.8,59850,213010,70,665,210
2025-06-09 10:24:38.000000,57264.8,59850,213010,70,665,210
2025-06-09 10:24:38.732000,57264.8,59850,213010,70,665,210
2025-06-09 10:24:39.000000,57264.8,59850,213010,70,665,315
2025-06-09 10:24:39.934000,57264.8,59850,213010,70,665,315
2025-06-09 10:24:41.000000,57264.8,59850,213010,70,455,175
2025-06-09 10:24:41.137000,57264.8,59850,213010,70,455,175
2025-06-09 10:24:42.000000,57264.8,59850,213010,70,665,245
2025-06-09 10:24:42.339000,57264.8,59850,213010,70,665,245
2025-06-09 10:24:43.000000,57264.8,59850,213010,70,665,245
2025-06-09 10:24:43.542000,57264.8,59850,213010,70,665,245
2025-06-09 10:24:44.000000,57264.8,59850,213010,70,665,210
2025-06-09 10:24:44.744000,57264.8,59850,213010,70,665,210
2025-06-09 10:24:44.000000,57264.8,59850,213220,35,665,210
2025-06-09 10:24:44.978000,57264.8,59850,213220,35,665,210
2025-06-09 10:24:45.000000,57264.8,59885,213220,35,945,245
2025-06-09 10:24:45.946000,57264.8,59885,213220,35,945,245
2025-06-09 10:24:47.000000,57264.8,59885,213220,35,945,210
2025-06-09 10:24:47.345000,57264.8,59885,213220,35,945,210
2025-06-09 10:24:48.000000,57264.8,59885,213220,35,945,210
2025-06-09 10:24:48.547000,57264.8,59885,213220,35,945,210
2025-06-09 10:24:49.000000,57272.2,59885,213220,35,945,210
2025-06-09 10:24:49.380000,57272.2,59885,213220,35,945,210
2025-06-09 10:24:49.000000,57272.2,59920,213220,35,945,245
2025-06-09 10:24:49.750000,57272.2,59920,213220,35,945,245
2025-06-09 10:24:50.000000,57272.4,59920,213220,35,945,245
2025-06-09 10:24:50.381000,57272.4,59920,213220,35,945,245
2025-06-09 10:24:50.000000,57272.4,59955,213220,35,945,245
2025-06-09 10:24:50.953000,57272.4,59955,213220,35,945,245
2025-06-09 10:24:52.000000,57272.4,59955,213220,35,700,280
2025-06-09 10:24:52.155000,57272.4,59955,213220,35,700,280
2025-06-09 10:24:53.000000,57272.4,59955,213220,35,420,245
2025-06-09 10:24:53.358000,57272.4,59955,213220,35,420,245
2025-06-09 10:24:54.000000,57272.4,59955,213220,35,420,210
2025-06-09 10:24:54.758000,57272.4,59955,213220,35,420,210
2025-06-09 10:24:55.000000,57272.4,59955,213220,35,455,210
2025-06-09 10:24:55.961000,57272.4,59955,213220,35,455,210
2025-06-09 10:24:56.000000,57261.4,59955,213220,35,455,210
2025-06-09 10:24:56.183000,57261.4,59955,213220,35,455,210
2025-06-09 10:24:57.000000,57261.4,59990,213220,35,700,210
2025-06-09 10:24:57.163000,57261.4,59990,213220,35,700,210
2025-06-09 10:24:58.000000,57261.4,59990,213220,35,945,210
2025-06-09 10:24:58.366000,57261.4,59990,213220,35,945,210
2025-06-09 10:24:59.000000,57261.4,59990,213220,35,945,210
2025-06-09 10:24:59.568000,57261.4,59990,213220,35,945,210
2025-06-09 10:25:00.000000,57261.4,59990,213220,35,945,210
2025-06-09 10:25:00.000000,57261.4,59990,213220,35,945,245
2025-06-09 10:25:00.771000,57261.4,59990,213220,35,945,245
2025-06-09 10:25:01.000000,57261.4,59990,213220,35,945,315
2025-06-09 10:25:01.973000,57261.4,59990,213220,35,945,315
2025-06-09 10:25:03.000000,57261.4,59990,213220,35,945,315
2025-06-09 10:25:03.176000,57261.4,59990,213220,35,945,315
2025-06-09 10:25:04.000000,57261.4,59990,213220,35,945,315
2025-06-09 10:25:04.376000,57261.4,59990,213220,35,945,315
2025-06-09 10:25:04.000000,57262.2,59990,213220,35,945,315
2025-06-09 10:25:04.790000,57262.2,59990,213220,35,945,315
2025-06-09 10:25:05.000000,57262.2,60025,213220,35,665,350
2025-06-09 10:25:05.578000,57262.2,60025,213220,35,665,350
2025-06-09 10:25:06.000000,57262.2,60025,213220,35,665,350
2025-06-09 10:25:06.785000,57262.2,60025,213220,35,665,350
2025-06-09 10:25:07.000000,57262.2,60025,213220,35,665,280
2025-06-09 10:25:07.982000,57262.2,60025,213220,35,665,280
2025-06-09 10:25:09.000000,57262.2,60025,213220,35,945,210
2025-06-09 10:25:09.184000,57262.2,60025,213220,35,945,210
2025-06-09 10:25:10.000000,57262.2,60025,213220,35,665,210
2025-06-09 10:25:10.388000,57262.2,60025,213220,35,665,210
2025-06-09 10:25:11.000000,57262.2,60025,213220,35,665,315
2025-06-09 10:25:11.787000,57262.2,60025,213220,35,665,315
2025-06-09 10:25:12.000000,57262.2,60025,213220,35,175,280
2025-06-09 10:25:12.989000,57262.2,60025,213220,35,175,280
2025-06-09 10:25:14.000000,57262.2,60025,213220,35,175,210
2025-06-09 10:25:14.191000,57262.2,60025,213220,35,175,210
2025-06-09 10:25:15.000000,57262.2,60025,213220,35,175,210
2025-06-09 10:25:15.396000,57262.2,60025,213220,35,175,210
2025-06-09 10:25:16.000000,57262.2,60025,213220,35,455,350
2025-06-09 10:25:16.795000,57262.2,60025,213220,35,455,350
2025-06-09 10:25:17.000000,57262.2,60025,213220,35,455,315
2025-06-09 10:25:17.996000,57262.2,60025,213220,35,455,315
2025-06-09 10:25:19.000000,57262.2,60025,213220,35,455,245
2025-06-09 10:25:19.198000,57262.2,60025,213220,35,455,245
2025-06-09 10:25:20.000000,57262.2,60025,213220,35,420,280
2025-06-09 10:25:20.400000,57262.2,60025,213220,35,420,280
2025-06-09 10:25:21.000000,57262.2,60025,213220,35,420,245
2025-06-09 10:25:21.603000,57262.2,60025,213220,35,420,245
2025-06-09 10:25:22.000000,57259.0,60025,213220,35,420,245
2025-06-09 10:25:22.400000,57259.0,60025,213220,35,420,245
2025-06-09 10:25:22.000000,57259.0,60130,213220,35,840,245
2025-06-09 10:25:22.806000,57259.0,60130,213220,35,840,245
2025-06-09 10:25:24.000000,57259.0,60130,213220,35,1155,280
2025-06-09 10:25:24.206000,57259.0,60130,213220,35,1155,280
2025-06-09 10:25:25.000000,57259.0,60130,213220,35,945,210
2025-06-09 10:25:25.407000,57259.0,60130,213220,35,945,210
2025-06-09 10:25:26.000000,57259.0,60130,213220,35,875,210
2025-06-09 10:25:26.610000,57259.0,60130,213220,35,875,210
2025-06-09 10:25:27.000000,57259.0,60130,213220,35,875,210
2025-06-09 10:25:27.813000,57259.0,60130,213220,35,875,210
2025-06-09 10:25:29.000000,57259.0,60130,213220,35,875,210
2025-06-09 10:25:29.212000,57259.0,60130,213220,35,875,210
2025-06-09 10:25:30.000000,57259.0,60130,213220,35,875,210
2025-06-09 10:25:30.000000,57259.0,60130,213220,35,875,210
2025-06-09 10:25:30.414000,57259.0,60130,213220,35,875,210
2025-06-09 10:25:31.000000,57259.0,60130,213220,35,840,210
2025-06-09 10:25:31.617000,57259.0,60130,213220,35,840,210
2025-06-09 10:25:32.000000,57274.0,60130,213220,35,840,210
2025-06-09 10:25:32.206000,57274.0,60130,213220,35,840,210
2025-06-09 10:25:32.000000,57274.0,60165,213220,35,1085,245
2025-06-09 10:25:32.820000,57274.0,60165,213220,35,1085,245
2025-06-09 10:25:34.000000,57274.0,60165,213220,35,1085,245
2025-06-09 10:25:34.218000,57274.0,60165,213220,35,1085,245
2025-06-09 10:25:35.000000,57274.0,60165,213220,35,1085,210
2025-06-09 10:25:35.421000,57274.0,60165,213220,35,1085,210
2025-06-09 10:25:36.000000,57274.0,60165,213220,35,1155,280
2025-06-09 10:25:36.624000,57274.0,60165,213220,35,1155,280
2025-06-09 10:25:37.000000,57261.2,60165,213220,35,1155,280
2025-06-09 10:25:37.410000,57261.2,60165,213220,35,1155,280
2025-06-09 10:25:37.000000,57261.2,60200,213220,35,1155,315
2025-06-09 10:25:37.827000,57261.2,60200,213220,35,1155,315
2025-06-09 10:25:39.000000,57261.2,60200,213220,35,1155,245
2025-06-09 10:25:39.225000,57261.2,60200,213220,35,1155,245
2025-06-09 10:25:40.000000,57261.2,60200,213220,35,1155,210
2025-06-09 10:25:40.428000,57261.2,60200,213220,35,1155,210
2025-06-09 10:25:41.000000,57261.2,60200,213220,35,1155,245
2025-06-09 10:25:41.631000,57261.2,60200,213220,35,1155,245
2025-06-09 10:25:42.000000,57261.2,60200,213220,35,1155,315
2025-06-09 10:25:42.834000,57261.2,60200,213220,35,1155,315
2025-06-09 10:25:44.000000,57261.2,60200,213220,35,980,385
2025-06-09 10:25:44.233000,57261.2,60200,213220,35,980,385
2025-06-09 10:25:45.000000,57261.2,60200,213220,35,1015,280
2025-06-09 10:25:45.435000,57261.2,60200,213220,35,1015,280
2025-06-09 10:25:46.000000,57261.2,60200,213220,35,1015,315
2025-06-09 10:25:46.639000,57261.2,60200,213220,35,1015,315
2025-06-09 10:25:47.000000,57275.0,60200,213220,35,1015,315
2025-06-09 10:25:47.417000,57275.0,60200,213220,35,1015,315
2025-06-09 10:25:47.000000,57275.0,60375,213220,35,420,245
2025-06-09 10:25:47.841000,57275.0,60375,213220,35,420,245
2025-06-09 10:25:49.000000,57275.0,60375,213220,35,805,315
2025-06-09 10:25:49.240000,57275.0,60375,213220,35,805,315
2025-06-09 10:25:50.000000,57275.0,60375,213220,35,420,245
2025-06-09 10:25:50.443000,57275.0,60375,213220,35,420,245
2025-06-09 10:25:51.000000,57275.0,60375,213220,35,420,315
2025-06-09 10:25:51.646000,57275.0,60375,213220,35,420,315
2025-06-09 10:25:52.000000,57275.0,60375,213220,35,210,245
2025-06-09 10:25:52.848000,57275.0,60375,213220,35,210,245
2025-06-09 10:25:54.000000,57275.0,60375,213220,35,420,280
2025-06-09 10:25:54.247000,57275.0,60375,213220,35,420,280
2025-06-09 10:25:55.000000,57275.0,60375,213220,35,175,280
2025-06-09 10:25:55.450000,57275.0,60375,213220,35,175,280
2025-06-09 10:25:56.000000,57275.0,60375,213220,35,455,280
2025-06-09 10:25:56.652000,57275.0,60375,213220,35,455,280
2025-06-09 10:25:57.000000,57253.0,60375,213220,35,455,280
2025-06-09 10:25:57.422000,57253.0,60375,213220,35,455,280
2025-06-09 10:25:57.000000,57253.0,60410,213220,35,420,245
2025-06-09 10:25:57.855000,57253.0,60410,213220,35,420,245
2025-06-09 10:25:59.000000,57253.0,60410,213220,35,490,315
2025-06-09 10:25:59.255000,57253.0,60410,213220,35,490,315
2025-06-09 10:26:00.000000,57253.0,60410,213220,35,490,315
2025-06-09 10:26:00.000000,57253.0,60410,213220,35,245,280
2025-06-09 10:26:00.457000,57253.0,60410,213220,35,245,280
2025-06-09 10:26:01.000000,57253.0,60410,213220,35,490,315
2025-06-09 10:26:01.659000,57253.0,60410,213220,35,490,315
2025-06-09 10:26:02.000000,57253.0,60410,213220,35,490,245
2025-06-09 10:26:02.862000,57253.0,60410,213220,35,490,245
2025-06-09 10:26:04.000000,57253.0,60410,213220,35,490,315
2025-06-09 10:26:04.261000,57253.0,60410,213220,35,490,315
2025-06-09 10:26:05.000000,57253.0,60410,213220,35,770,280
2025-06-09 10:26:05.464000,57253.0,60410,213220,35,770,280
2025-06-09 10:26:06.000000,57253.0,60410,213220,35,770,280
2025-06-09 10:26:06.666000,57253.0,60410,213220,35,770,280
2025-06-09 10:26:07.000000,57253.0,60410,213220,35,735,315
2025-06-09 10:26:07.868000,57253.0,60410,213220,35,735,315
2025-06-09 10:26:09.000000,57253.0,60410,213220,35,735,210
2025-06-09 10:26:09.071000,57253.0,60410,213220,35,735,210
2025-06-09 10:26:10.000000,57253.0,60410,213220,35,735,350
2025-06-09 10:26:10.470000,57253.0,60410,213220,35,735,350
2025-06-09 10:26:11.000000,57253.0,60410,213220,35,980,315
2025-06-09 10:26:11.672000,57253.0,60410,213220,35,980,315
2025-06-09 10:26:12.000000,57253.0,60410,213220,35,735,315
2025-06-09 10:26:12.875000,57253.0,60410,213220,35,735,315
2025-06-09 10:26:14.000000,57253.0,60410,213220,35,735,350
2025-06-09 10:26:14.076000,57253.0,60410,213220,35,735,350
2025-06-09 10:26:14.000000,57261.8,60410,213220,35,735,350
2025-06-09 10:26:14.434000,57261.8,60410,213220,35,735,350
2025-06-09 10:26:15.000000,57261.8,60480,213220,35,735,315
2025-06-09 10:26:15.079000,57261.8,60480,213220,35,735,315
2025-06-09 10:26:16.000000,57261.8,60480,213220,35,525,280
2025-06-09 10:26:16.478000,57261.8,60480,213220,35,525,280
2025-06-09 10:26:17.000000,57261.8,60480,213220,35,455,315
2025-06-09 10:26:17.680000,57261.8,60480,213220,35,455,315
2025-06-09 10:26:18.000000,57261.8,60480,213220,35,455,245
2025-06-09 10:26:18.883000,57261.8,60480,213220,35,455,245
2025-06-09 10:26:20.000000,57261.8,60480,213220,35,455,245
2025-06-09 10:26:20.086000,57261.8,60480,213220,35,455,245
2025-06-09 10:26:21.000000,57261.8,60480,213220,35,210,210
2025-06-09 10:26:21.484000,57261.8,60480,213220,35,210,210
2025-06-09 10:26:21.000000,57264.4,60480,213220,35,210,210
2025-06-09 10:26:21.838000,57264.4,60480,213220,35,210,210
2025-06-09 10:26:22.000000,57264.4,60515,213220,35,1085,350
2025-06-09 10:26:22.687000,57264.4,60515,213220,35,1085,350
2025-06-09 10:26:23.000000,57264.4,60515,213220,35,455,350
2025-06-09 10:26:23.890000,57264.4,60515,213220,35,455,350
2025-06-09 10:26:25.000000,57264.4,60515,213220,35,455,315
2025-06-09 10:26:25.093000,57264.4,60515,213220,35,455,315
2025-06-09 10:26:26.000000,57264.4,60515,213220,35,770,350
2025-06-09 10:26:26.492000,57264.4,60515,213220,35,770,350
2025-06-09 10:26:27.000000,57264.4,60515,213220,35,700,210
2025-06-09 10:26:27.693000,57264.4,60515,213220,35,700,210
2025-06-09 10:26:28.000000,57264.4,60515,213220,35,700,350
2025-06-09 10:26:28.702000,57264.4,60515,213220,35,700,350
2025-06-09 10:26:30.000000,57264.4,60515,213220,35,700,350
2025-06-09 10:26:30.000000,57264.4,60515,213220,35,700,245
2025-06-09 10:26:30.096000,57264.4,60515,213220,35,700,245
2025-06-09 10:26:31.000000,57248.4,60515,213220,35,700,245
2025-06-09 10:26:31.042000,57248.4,60515,213220,35,700,245
2025-06-09 10:26:31.000000,57248.4,60550,213220,35,1050,280
2025-06-09 10:26:31.299000,57248.4,60550,213220,35,1050,280
2025-06-09 10:26:32.000000,57248.4,60550,213220,35,490,175
2025-06-09 10:26:32.502000,57248.4,60550,213220,35,490,175
2025-06-09 10:26:33.000000,57248.4,60550,213220,35,490,175
2025-06-09 10:26:33.705000,57248.4,60550,213220,35,490,175
2025-06-09 10:26:34.000000,57248.4,60550,213220,35,245,175
2025-06-09 10:26:34.907000,57248.4,60550,213220,35,245,175
2025-06-09 10:26:36.000000,57248.4,60550,213220,35,245,210
2025-06-09 10:26:36.306000,57248.4,60550,213220,35,245,210
2025-06-09 10:26:37.000000,57248.0,60550,213220,35,245,210
2025-06-09 10:26:37.246000,57248.0,60550,213220,35,245,210
2025-06-09 10:26:37.000000,57248.0,60585,213220,35,210,175
2025-06-09 10:26:37.507000,57248.0,60585,213220,35,210,175
2025-06-09 10:26:38.000000,57248.0,60585,213220,35,1050,245
2025-06-09 10:26:38.710000,57248.0,60585,213220,35,1050,245
2025-06-09 10:26:39.000000,57248.0,60585,213220,35,490,175
2025-06-09 10:26:39.912000,57248.0,60585,213220,35,490,175
2025-06-09 10:26:41.000000,57248.0,60585,213220,35,1050,175
2025-06-09 10:26:41.115000,57248.0,60585,213220,35,1050,175
2025-06-09 10:26:42.000000,57248.0,60585,213220,35,1050,210
2025-06-09 10:26:42.514000,57248.0,60585,213220,35,1050,210
2025-06-09 10:26:43.000000,57248.0,60585,213220,35,490,175
2025-06-09 10:26:43.717000,57248.0,60585,213220,35,490,175
2025-06-09 10:26:44.000000,57248.0,60585,213220,35,1050,175
2025-06-09 10:26:44.925000,57248.0,60585,213220,35,1050,175
2025-06-09 10:26:46.000000,57248.0,60585,213220,35,490,175
2025-06-09 10:26:46.123000,57248.0,60585,213220,35,490,175
2025-06-09 10:26:47.000000,57248.0,60585,213220,35,490,175
2025-06-09 10:26:47.522000,57248.0,60585,213220,35,490,175
2025-06-09 10:26:48.000000,57248.0,60585,213220,35,490,175
2025-06-09 10:26:48.723000,57248.0,60585,213220,35,490,175
2025-06-09 10:26:49.000000,57248.0,60585,213220,70,490,175
2025-06-09 10:26:49.054000,57248.0,60585,213220,70,490,175
2025-06-09 10:26:49.000000,57248.0,60655,213220,70,420,175
2025-06-09 10:26:49.926000,57248.0,60655,213220,70,420,175
2025-06-09 10:26:51.000000,57248.0,60655,213220,70,980,175
2025-06-09 10:26:51.129000,57248.0,60655,213220,70,980,175
2025-06-09 10:26:52.000000,57248.0,60655,213220,70,980,175
2025-06-09 10:26:52.332000,57248.0,60655,213220,70,980,175
2025-06-09 10:26:53.000000,57248.0,60655,213220,70,980,245
2025-06-09 10:26:53.731000,57248.0,60655,213220,70,980,245
2025-06-09 10:26:54.000000,57248.0,60655,213220,70,980,175
2025-06-09 10:26:54.933000,57248.0,60655,213220,70,980,175
2025-06-09 10:26:55.000000,57250.0,60655,213220,35,980,175
2025-06-09 10:26:55.458000,57250.0,60655,213220,35,980,175
2025-06-09 10:26:55.000000,57265.0,60655,213220,35,980,175
2025-06-09 10:26:55.858000,57265.0,60655,213220,35,980,175
2025-06-09 10:26:56.000000,57265.0,60725,213220,35,1085,175
2025-06-09 10:26:56.136000,57265.0,60725,213220,35,1085,175
2025-06-09 10:26:57.000000,57265.0,60725,213220,35,1050,175
2025-06-09 10:26:57.338000,57265.0,60725,213220,35,1050,175
2025-06-09 10:26:58.000000,57265.0,60725,213220,35,1015,175
2025-06-09 10:26:58.540000,57265.0,60725,213220,35,1015,175
2025-06-09 10:26:59.000000,57265.0,60725,213220,35,1015,175
2025-06-09 10:26:59.743000,57265.0,60725,213220,35,1015,175
2025-06-09 10:27:00.000000,57265.0,60725,213220,35,1015,175
2025-06-09 10:27:01.000000,57265.0,60725,213220,35,1050,175
2025-06-09 10:27:01.142000,57265.0,60725,213220,35,1050,175
2025-06-09 10:27:02.000000,57265.0,60725,213220,35,1050,175
2025-06-09 10:27:02.345000,57265.0,60725,213220,35,1050,175
2025-06-09 10:27:03.000000,57265.0,60725,213220,35,1015,175
2025-06-09 10:27:03.549000,57265.0,60725,213220,35,1015,175
2025-06-09 10:27:04.000000,57265.0,60725,213220,35,700,175
2025-06-09 10:27:04.749000,57265.0,60725,213220,35,700,175
2025-06-09 10:27:05.000000,57265.0,60725,213220,35,700,210
2025-06-09 10:27:05.952000,57265.0,60725,213220,35,700,210
2025-06-09 10:27:07.000000,57265.0,60725,213220,35,945,210
2025-06-09 10:27:07.155000,57265.0,60725,213220,35,945,210
2025-06-09 10:27:08.000000,57265.0,60725,213220,35,700,210
2025-06-09 10:27:08.554000,57265.0,60725,213220,35,700,210
2025-06-09 10:27:09.000000,57265.0,60725,213220,35,980,175
2025-06-09 10:27:09.755000,57265.0,60725,213220,35,980,175
2025-06-09 10:27:10.000000,57247.2,60725,213220,35,980,175
2025-06-09 10:27:10.266000,57247.2,60725,213220,35,980,175
2025-06-09 10:27:10.000000,57247.2,60760,213220,35,910,245
2025-06-09 10:27:10.958000,57247.2,60760,213220,35,910,245
2025-06-09 10:27:12.000000,57247.2,60760,213220,35,980,245
2025-06-09 10:27:12.162000,57247.2,60760,213220,35,980,245
2025-06-09 10:27:13.000000,57247.2,60760,213220,35,980,245
2025-06-09 10:27:13.363000,57247.2,60760,213220,35,980,245
2025-06-09 10:27:14.000000,57247.2,60760,213220,35,910,245
2025-06-09 10:27:14.565000,57247.2,60760,213220,35,910,245
2025-06-09 10:27:15.000000,57247.2,60760,213220,35,980,245
2025-06-09 10:27:15.766000,57247.2,60760,213220,35,980,245
2025-06-09 10:27:16.000000,57247.2,60760,213220,35,980,210
2025-06-09 10:27:16.969000,57247.2,60760,213220,35,980,210
2025-06-09 10:27:18.000000,57247.2,60760,213220,35,980,175
2025-06-09 10:27:18.172000,57247.2,60760,213220,35,980,175
2025-06-09 10:27:19.000000,57247.2,60760,213220,35,980,175
2025-06-09 10:27:19.571000,57247.2,60760,213220,35,980,175
2025-06-09 10:27:20.000000,57247.2,60760,213220,35,910,175
2025-06-09 10:27:20.774000,57247.2,60760,213220,35,910,175
2025-06-09 10:27:21.000000,57247.2,60760,213220,35,910,175
2025-06-09 10:27:21.976000,57247.2,60760,213220,35,910,175
2025-06-09 10:27:23.000000,57247.2,60760,213220,35,980,175
2025-06-09 10:27:23.179000,57247.2,60760,213220,35,980,175
2025-06-09 10:27:24.000000,57247.2,60760,213220,35,980,245
2025-06-09 10:27:24.381000,57247.2,60760,213220,35,980,245
2025-06-09 10:27:25.000000,57254.0,60760,213220,35,980,245
2025-06-09 10:27:25.076000,57254.0,60760,213220,35,980,245
2025-06-09 10:27:25.000000,57254.0,60795,213220,35,1085,175
2025-06-09 10:27:25.780000,57254.0,60795,213220,35,1085,175
2025-06-09 10:27:26.000000,57265.0,60830,213220,35,980,315
2025-06-09 10:27:26.983000,57265.0,60830,213220,35,980,315
2025-06-09 10:27:27.000000,57265.0,60830,213220,35,980,315
2025-06-09 10:27:27.077000,57265.0,60830,213220,35,980,315
2025-06-09 10:27:28.000000,57265.0,60830,213220,35,1120,315
2025-06-09 10:27:28.187000,57265.0,60830,213220,35,1120,315
2025-06-09 10:27:28.000000,57260.0,60830,213220,35,1120,315
2025-06-09 10:27:28.878000,57260.0,60830,213220,35,1120,315
2025-06-09 10:27:29.000000,57260.0,60865,213220,35,1190,315
2025-06-09 10:27:29.390000,57260.0,60865,213220,35,1190,315
2025-06-09 10:27:30.000000,57260.0,60865,213220,35,1190,315
2025-06-09 10:27:30.000000,57260.0,60865,213220,35,1260,315
2025-06-09 10:27:30.789000,57260.0,60865,213220,35,1260,315
2025-06-09 10:27:31.000000,57260.0,60865,213220,35,1120,315
2025-06-09 10:27:31.993000,57260.0,60865,213220,35,1120,315
2025-06-09 10:27:33.000000,57260.0,60865,213220,35,1120,315
2025-06-09 10:27:33.194000,57260.0,60865,213220,35,1120,315
2025-06-09 10:27:34.000000,57273.0,60865,213220,35,1120,315
2025-06-09 10:27:34.281000,57273.0,60865,213220,35,1120,315
2025-06-09 10:27:34.000000,57273.0,60935,213220,35,1050,525
2025-06-09 10:27:34.398000,57273.0,60935,213220,35,1050,525
2025-06-09 10:27:35.000000,57273.0,60935,213220,35,945,490
2025-06-09 10:27:35.796000,57273.0,60935,213220,35,945,490
2025-06-09 10:27:36.000000,57273.0,60935,213220,35,945,490
2025-06-09 10:27:36.999000,57273.0,60935,213220,35,945,490
2025-06-09 10:27:38.000000,57273.0,60935,213220,35,945,280
2025-06-09 10:27:38.202000,57273.0,60935,213220,35,945,280
2025-06-09 10:27:39.000000,57273.0,60935,213220,35,910,315
2025-06-09 10:27:39.405000,57273.0,60935,213220,35,910,315
2025-06-09 10:27:40.000000,57273.0,60935,213220,35,910,315
2025-06-09 10:27:40.606000,57273.0,60935,213220,35,910,315
2025-06-09 10:27:41.000000,57273.0,60935,213220,35,455,420
2025-06-09 10:27:41.809000,57273.0,60935,213220,35,455,420
2025-06-09 10:27:43.000000,57273.0,60935,213220,35,665,420
2025-06-09 10:27:43.011000,57273.0,60935,213220,35,665,420
2025-06-09 10:27:43.000000,57256.2,60935,213535,35,665,420
2025-06-09 10:27:43.485000,57256.2,60935,213535,35,665,420
2025-06-09 10:27:43.000000,57274.4,60935,213535,35,665,420
2025-06-09 10:27:43.685000,57274.4,60935,213535,35,665,420
2025-06-09 10:27:44.000000,57274.4,61005,213535,35,980,210
2025-06-09 10:27:44.410000,57274.4,61005,213535,35,980,210
2025-06-09 10:27:45.000000,57253.2,61005,213535,35,980,210
2025-06-09 10:27:45.086000,57253.2,61005,213535,35,980,210
2025-06-09 10:27:45.000000,57253.2,61040,213535,35,1015,210
2025-06-09 10:27:45.613000,57253.2,61040,213535,35,1015,210
2025-06-09 10:27:46.000000,57253.2,61040,213535,35,1015,175
2025-06-09 10:27:46.815000,57253.2,61040,213535,35,1015,175
2025-06-09 10:27:48.000000,57253.2,61040,213535,35,945,245
2025-06-09 10:27:48.018000,57253.2,61040,213535,35,945,245
2025-06-09 10:27:49.000000,57253.2,61040,213535,35,1015,245
2025-06-09 10:27:49.221000,57253.2,61040,213535,35,1015,245
2025-06-09 10:27:50.000000,57253.2,61040,213535,35,980,315
2025-06-09 10:27:50.620000,57253.2,61040,213535,35,980,315
2025-06-09 10:27:51.000000,57248.0,61040,213535,140,980,315
2025-06-09 10:27:51.090000,57248.0,61040,213535,140,980,315
2025-06-09 10:27:51.000000,57248.0,61180,213535,140,560,420
2025-06-09 10:27:51.821000,57248.0,61180,213535,140,560,420
2025-06-09 10:27:53.000000,57248.0,61180,213535,140,805,385
2025-06-09 10:27:53.025000,57248.0,61180,213535,140,805,385
2025-06-09 10:27:54.000000,57248.0,61180,213535,140,805,420
2025-06-09 10:27:54.228000,57248.0,61180,213535,140,805,420
2025-06-09 10:27:55.000000,57248.0,61180,213535,140,805,420
2025-06-09 10:27:55.431000,57248.0,61180,213535,140,805,420
2025-06-09 10:27:56.000000,57256.0,61180,213535,35,805,420
2025-06-09 10:27:56.494000,57256.0,61180,213535,35,805,420
2025-06-09 10:27:56.000000,57256.0,61355,213535,35,665,350
2025-06-09 10:27:56.633000,57256.0,61355,213535,35,665,350
2025-06-09 10:27:58.000000,57256.0,61355,213535,35,665,315
2025-06-09 10:27:58.032000,57256.0,61355,213535,35,665,315
2025-06-09 10:27:59.000000,57256.0,61355,213535,35,420,350
2025-06-09 10:27:59.234000,57256.0,61355,213535,35,420,350
2025-06-09 10:28:00.000000,57256.0,61355,213535,35,420,350
2025-06-09 10:28:00.000000,57256.0,61355,213535,35,420,350
2025-06-09 10:28:00.437000,57256.0,61355,213535,35,420,350
2025-06-09 10:28:01.000000,57256.0,61355,213535,35,665,385
2025-06-09 10:28:01.639000,57256.0,61355,213535,35,665,385
2025-06-09 10:28:02.000000,57256.0,61355,213535,35,420,350
2025-06-09 10:28:02.842000,57256.0,61355,213535,35,420,350
2025-06-09 10:28:03.000000,57245.0,61355,213535,35,420,350
2025-06-09 10:28:03.697000,57245.0,61355,213535,35,420,350
2025-06-09 10:28:04.000000,57245.0,61390,213535,35,735,385
2025-06-09 10:28:04.045000,57245.0,61390,213535,35,735,385
2025-06-09 10:28:05.000000,57245.0,61390,213535,35,735,350
2025-06-09 10:28:05.444000,57245.0,61390,213535,35,735,350
2025-06-09 10:28:06.000000,57245.0,61390,213535,35,665,350
2025-06-09 10:28:06.647000,57245.0,61390,213535,35,665,350
2025-06-09 10:28:07.000000,57245.0,61390,213535,35,175,350
2025-06-09 10:28:07.849000,57245.0,61390,213535,35,175,350
2025-06-09 10:28:09.000000,57245.0,61390,213535,35,175,420
2025-06-09 10:28:09.053000,57245.0,61390,213535,35,175,420
2025-06-09 10:28:09.000000,57240.2,61390,213535,35,175,420
2025-06-09 10:28:09.899000,57240.2,61390,213535,35,175,420
2025-06-09 10:28:10.000000,57240.2,61425,213535,35,210,350
2025-06-09 10:28:10.452000,57240.2,61425,213535,35,210,350
2025-06-09 10:28:10.000000,57244.6,61425,213535,35,210,350
2025-06-09 10:28:10.700000,57244.6,61425,213535,35,210,350
2025-06-09 10:28:11.000000,57240.2,61530,213535,35,175,280
2025-06-09 10:28:11.655000,57240.2,61530,213535,35,175,280
2025-06-09 10:28:11.000000,57240.2,61530,213535,35,175,280
2025-06-09 10:28:11.701000,57240.2,61530,213535,35,175,280
2025-06-09 10:28:12.000000,57240.2,61530,213535,35,420,280
2025-06-09 10:28:12.857000,57240.2,61530,213535,35,420,280
2025-06-09 10:28:14.000000,57240.2,61530,213535,35,175,280
2025-06-09 10:28:14.060000,57240.2,61530,213535,35,175,280
2025-06-09 10:28:15.000000,57240.2,61530,213535,35,420,315
2025-06-09 10:28:15.264000,57240.2,61530,213535,35,420,315
2025-06-09 10:28:16.000000,57240.2,61530,213535,35,665,350
2025-06-09 10:28:16.662000,57240.2,61530,213535,35,665,350
2025-06-09 10:28:17.000000,57240.2,61530,213535,35,665,280
2025-06-09 10:28:17.865000,57240.2,61530,213535,35,665,280
2025-06-09 10:28:19.000000,57240.2,61530,213535,35,420,245
2025-06-09 10:28:19.068000,57240.2,61530,213535,35,420,245
2025-06-09 10:28:20.000000,57240.2,61530,213535,35,665,315
2025-06-09 10:28:20.271000,57240.2,61530,213535,35,665,315
2025-06-09 10:28:21.000000,57240.2,61530,213535,35,665,280
2025-06-09 10:28:21.670000,57240.2,61530,213535,35,665,280
2025-06-09 10:28:22.000000,57240.2,61530,213535,35,665,280
2025-06-09 10:28:22.874000,57240.2,61530,213535,35,665,280
2025-06-09 10:28:24.000000,57249.2,61565,213535,35,665,245
2025-06-09 10:28:24.077000,57249.2,61565,213535,35,665,245
2025-06-09 10:28:24.000000,57249.2,61565,213535,35,665,245
2025-06-09 10:28:24.111000,57249.2,61565,213535,35,665,245
2025-06-09 10:28:24.000000,57240.0,61565,213535,35,665,245
2025-06-09 10:28:24.711000,57240.0,61565,213535,35,665,245
2025-06-09 10:28:25.000000,57240.0,61600,213535,35,1050,210
2025-06-09 10:28:25.280000,57240.0,61600,213535,35,1050,210
2025-06-09 10:28:26.000000,57240.0,61600,213535,35,1015,245
2025-06-09 10:28:26.684000,57240.0,61600,213535,35,1015,245
2025-06-09 10:28:27.000000,57240.0,61600,213535,35,980,245
2025-06-09 10:28:27.882000,57240.0,61600,213535,35,980,245
2025-06-09 10:28:29.000000,57240.0,61600,213535,35,910,280
2025-06-09 10:28:29.085000,57240.0,61600,213535,35,910,280
2025-06-09 10:28:30.000000,57240.0,61600,213535,35,910,280
2025-06-09 10:28:30.000000,57240.0,61600,213535,35,910,280
2025-06-09 10:28:30.288000,57240.0,61600,213535,35,910,280
2025-06-09 10:28:31.000000,57240.0,61600,213535,35,910,280
2025-06-09 10:28:31.688000,57240.0,61600,213535,35,910,280
2025-06-09 10:28:32.000000,57240.0,61600,213535,35,910,280
2025-06-09 10:28:32.891000,57240.0,61600,213535,35,910,280
2025-06-09 10:28:34.000000,57240.0,61600,213535,35,665,245
2025-06-09 10:28:34.094000,57240.0,61600,213535,35,665,245
2025-06-09 10:28:35.000000,57240.0,61600,213535,35,700,245
2025-06-09 10:28:35.296000,57240.0,61600,213535,35,700,245
2025-06-09 10:28:36.000000,57240.0,61600,213535,35,665,315
2025-06-09 10:28:36.499000,57240.0,61600,213535,35,665,315
2025-06-09 10:28:37.000000,57240.0,61600,213535,35,700,245
2025-06-09 10:28:37.897000,57240.0,61600,213535,35,700,245
2025-06-09 10:28:39.000000,57240.0,61600,213535,35,700,280
2025-06-09 10:28:39.101000,57240.0,61600,213535,35,700,280
2025-06-09 10:28:40.000000,57240.0,61600,213535,35,910,315
2025-06-09 10:28:40.304000,57240.0,61600,213535,35,910,315
2025-06-09 10:28:41.000000,57240.0,61600,213535,35,910,280
2025-06-09 10:28:41.507000,57240.0,61600,213535,35,910,280
2025-06-09 10:28:42.000000,57247.2,61600,213535,35,910,280
2025-06-09 10:28:42.319000,57247.2,61600,213535,35,910,280
2025-06-09 10:28:42.000000,57247.2,61635,213535,35,945,280
2025-06-09 10:28:42.906000,57247.2,61635,213535,35,945,280
2025-06-09 10:28:44.000000,57247.2,61635,213535,35,980,175
2025-06-09 10:28:44.108000,57247.2,61635,213535,35,980,175
2025-06-09 10:28:45.000000,57247.2,61635,213535,35,1050,210
2025-06-09 10:28:45.311000,57247.2,61635,213535,35,1050,210
2025-06-09 10:28:46.000000,57247.2,61635,213535,35,1085,245
2025-06-09 10:28:46.512000,57247.2,61635,213535,35,1085,245
2025-06-09 10:28:47.000000,57247.2,61635,213535,35,1120,210
2025-06-09 10:28:47.714000,57247.2,61635,213535,35,1120,210
2025-06-09 10:28:48.000000,57247.2,61635,213535,35,1015,210
2025-06-09 10:28:48.916000,57247.2,61635,213535,35,1015,210
2025-06-09 10:28:50.000000,57247.2,61635,213535,35,910,175
2025-06-09 10:28:50.117000,57247.2,61635,213535,35,910,175
2025-06-09 10:28:51.000000,57247.2,61635,213535,35,910,175
2025-06-09 10:28:51.319000,57247.2,61635,213535,35,910,175
2025-06-09 10:28:52.000000,57247.2,61635,213535,35,910,175
2025-06-09 10:28:52.522000,57247.2,61635,213535,35,910,175
2025-06-09 10:28:53.000000,57247.2,61635,213535,35,945,175
2025-06-09 10:28:53.724000,57247.2,61635,213535,35,945,175
2025-06-09 10:28:54.000000,57247.2,61635,213535,35,945,175
2025-06-09 10:28:54.925000,57247.2,61635,213535,35,945,175
2025-06-09 10:28:56.000000,57247.2,61635,213535,35,1015,175
2025-06-09 10:28:56.324000,57247.2,61635,213535,35,1015,175
2025-06-09 10:28:57.000000,57247.2,61635,213535,35,945,175
2025-06-09 10:28:57.526000,57247.2,61635,213535,35,945,175
2025-06-09 10:28:58.000000,57247.2,61635,213535,35,1015,175
2025-06-09 10:28:58.727000,57247.2,61635,213535,35,1015,175
2025-06-09 10:28:59.000000,57247.2,61635,213535,35,1015,175
2025-06-09 10:28:59.934000,57247.2,61635,213535,35,1015,175
2025-06-09 10:29:00.000000,57247.2,61635,213535,35,1015,175
2025-06-09 10:29:01.000000,57247.2,61635,213535,35,1085,175
2025-06-09 10:29:01.131000,57247.2,61635,213535,35,1085,175
2025-06-09 10:29:02.000000,57247.2,61635,213535,35,1050,175
2025-06-09 10:29:02.334000,57247.2,61635,213535,35,1050,175
2025-06-09 10:29:03.000000,57247.2,61635,213535,35,1050,175
2025-06-09 10:29:03.536000,57247.2,61635,213535,35,1050,175
2025-06-09 10:29:04.000000,57247.2,61635,213535,35,945,175
2025-06-09 10:29:04.738000,57247.2,61635,213535,35,945,175
2025-06-09 10:29:05.000000,57247.2,61635,213535,35,945,175
2025-06-09 10:29:05.940000,57247.2,61635,213535,35,945,175
2025-06-09 10:29:07.000000,57247.2,61635,213535,35,945,175
2025-06-09 10:29:07.338000,57247.2,61635,213535,35,945,175
2025-06-09 10:29:08.000000,57247.2,61635,213535,35,910,210
2025-06-09 10:29:08.540000,57247.2,61635,213535,35,910,210
2025-06-09 10:29:09.000000,57247.2,61635,213535,35,910,210
2025-06-09 10:29:09.743000,57247.2,61635,213535,35,910,210
2025-06-09 10:29:10.000000,57247.2,61635,213535,35,910,210
2025-06-09 10:29:10.944000,57247.2,61635,213535,35,910,210
2025-06-09 10:29:12.000000,57247.2,61635,213535,35,910,210
2025-06-09 10:29:12.145000,57247.2,61635,213535,35,910,210
2025-06-09 10:29:13.000000,57247.2,61635,213535,35,980,210
2025-06-09 10:29:13.149000,57247.2,61635,213535,35,980,210
2025-06-09 10:29:14.000000,57240.0,61635,213535,35,980,210
2025-06-09 10:29:14.339000,57240.0,61635,213535,35,980,210
2025-06-09 10:29:14.000000,57240.0,61670,213535,35,980,175
2025-06-09 10:29:14.349000,57240.0,61670,213535,35,980,175
2025-06-09 10:29:15.000000,57240.0,61670,213535,35,980,175
2025-06-09 10:29:15.552000,57240.0,61670,213535,35,980,175
2025-06-09 10:29:16.000000,57240.0,61670,213535,35,980,175
2025-06-09 10:29:16.753000,57240.0,61670,213535,35,980,175
2025-06-09 10:29:17.000000,57240.0,61670,213535,35,980,175
2025-06-09 10:29:17.955000,57240.0,61670,213535,35,980,175
2025-06-09 10:29:19.000000,57240.0,61670,213535,35,980,175
2025-06-09 10:29:19.158000,57240.0,61670,213535,35,980,175
2025-06-09 10:29:20.000000,57240.0,61670,213535,35,1085,175
2025-06-09 10:29:20.556000,57240.0,61670,213535,35,1085,175
2025-06-09 10:29:21.000000,57240.0,61670,213535,35,1085,175
2025-06-09 10:29:21.759000,57240.0,61670,213535,35,1085,175
2025-06-09 10:29:22.000000,57240.0,61670,213535,35,1120,175
2025-06-09 10:29:22.962000,57240.0,61670,213535,35,1120,175
2025-06-09 10:29:24.000000,57240.0,61670,213535,35,1085,175
2025-06-09 10:29:24.164000,57240.0,61670,213535,35,1085,175
2025-06-09 10:29:25.000000,57240.0,61670,213535,35,1085,175
2025-06-09 10:29:25.563000,57240.0,61670,213535,35,1085,175
2025-06-09 10:29:26.000000,57240.0,61670,213535,35,910,175
2025-06-09 10:29:26.766000,57240.0,61670,213535,35,910,175
2025-06-09 10:29:27.000000,57240.0,61670,213535,35,910,175
2025-06-09 10:29:27.969000,57240.0,61670,213535,35,910,175
2025-06-09 10:29:29.000000,57240.0,61670,213535,35,910,175
2025-06-09 10:29:29.170000,57240.0,61670,213535,35,910,175
2025-06-09 10:29:30.000000,57240.0,61670,213535,35,910,175
2025-06-09 10:29:30.000000,57240.0,61670,213535,35,980,175
2025-06-09 10:29:30.373000,57240.0,61670,213535,35,980,175
2025-06-09 10:29:31.000000,57240.0,61670,213535,35,980,210
2025-06-09 10:29:31.575000,57240.0,61670,213535,35,980,210
2025-06-09 10:29:32.000000,57240.0,61670,213535,35,980,210
2025-06-09 10:29:32.974000,57240.0,61670,213535,35,980,210
2025-06-09 10:29:34.000000,57240.0,61670,213535,35,980,210
2025-06-09 10:29:34.175000,57240.0,61670,213535,35,980,210
2025-06-09 10:29:35.000000,57240.0,61670,213535,35,980,210
2025-06-09 10:29:35.378000,57240.0,61670,213535,35,980,210
2025-06-09 10:29:36.000000,57240.0,61670,213535,35,980,210
2025-06-09 10:29:36.580000,57240.0,61670,213535,35,980,210
2025-06-09 10:29:37.000000,57240.0,61670,213535,35,980,210
2025-06-09 10:29:37.782000,57240.0,61670,213535,35,980,210
2025-06-09 10:29:38.000000,57240.0,61670,213535,35,980,210
2025-06-09 10:29:38.984000,57240.0,61670,213535,35,980,210
2025-06-09 10:29:40.000000,57240.0,61670,213535,35,980,210
2025-06-09 10:29:40.186000,57240.0,61670,213535,35,980,210
2025-06-09 10:29:41.000000,57240.0,61670,213535,35,945,525
2025-06-09 10:29:41.388000,57240.0,61670,213535,35,945,525
2025-06-09 10:29:42.000000,57240.0,61670,213535,35,945,525
2025-06-09 10:29:42.591000,57240.0,61670,213535,35,945,525
2025-06-09 10:29:43.000000,57240.0,61670,213535,35,1225,525
2025-06-09 10:29:43.990000,57240.0,61670,213535,35,1225,525
2025-06-09 10:29:45.000000,57240.0,61670,213535,35,910,525
2025-06-09 10:29:45.191000,57240.0,61670,213535,35,910,525
2025-06-09 10:29:45.000000,57234.2,61670,213535,35,910,525
2025-06-09 10:29:45.758000,57234.2,61670,213535,35,910,525
2025-06-09 10:29:46.000000,57240.0,61740,213535,35,875,490
2025-06-09 10:29:46.394000,57240.0,61740,213535,35,875,490
2025-06-09 10:29:46.000000,57240.0,61740,213535,35,875,490
2025-06-09 10:29:46.759000,57240.0,61740,213535,35,875,490
2025-06-09 10:29:47.000000,57240.0,61740,213535,35,1085,490
2025-06-09 10:29:47.597000,57240.0,61740,213535,35,1085,490
2025-06-09 10:29:47.000000,57240.0,61740,213535,35,1085,490
2025-06-09 10:29:47.960000,57240.0,61740,213535,35,1085,490
2025-06-09 10:29:48.000000,57240.0,61775,213535,35,1085,490
2025-06-09 10:29:48.799000,57240.0,61775,213535,35,1085,490
2025-06-09 10:29:49.000000,57240.0,61775,213535,35,1260,490
2025-06-09 10:29:50.001000,57240.0,61775,213535,35,1260,490
2025-06-09 10:29:51.000000,57240.0,61775,213535,35,1225,490
2025-06-09 10:29:51.400000,57240.0,61775,213535,35,1225,490
2025-06-09 10:29:52.000000,57240.0,61775,213535,35,980,490
2025-06-09 10:29:52.603000,57240.0,61775,213535,35,980,490
2025-06-09 10:29:53.000000,57240.0,61775,213535,35,980,490
2025-06-09 10:29:53.805000,57240.0,61775,213535,35,980,490
2025-06-09 10:29:55.000000,57240.0,61775,213535,35,945,490
2025-06-09 10:29:55.007000,57240.0,61775,213535,35,945,490
2025-06-09 10:29:55.000000,57236.0,61775,213535,175,945,490
2025-06-09 10:29:55.766000,57236.0,61775,213535,175,945,490
2025-06-09 10:29:56.000000,57236.0,61950,213535,175,770,490
2025-06-09 10:29:56.209000,57236.0,61950,213535,175,770,490
2025-06-09 10:29:57.000000,57236.0,61950,213535,175,770,490
2025-06-09 10:29:57.410000,57236.0,61950,213535,175,770,490
2025-06-09 10:29:58.000000,57236.0,61950,213535,175,770,490
2025-06-09 10:29:58.612000,57236.0,61950,213535,175,770,490
2025-06-09 10:29:59.000000,57236.0,61950,213535,175,770,490
2025-06-09 10:29:59.814000,57236.0,61950,213535,175,770,490
2025-06-09 10:30:00.000000,57236.0,61950,213535,175,770,490
2025-06-09 10:30:01.000000,57236.0,61950,213535,175,1015,525
2025-06-09 10:30:01.016000,57236.0,61950,213535,175,1015,525
2025-06-09 10:30:02.000000,57236.0,61950,213535,175,770,490
2025-06-09 10:30:02.216000,57236.0,61950,213535,175,770,490
2025-06-09 10:30:03.000000,57236.0,61950,213535,175,980,490
2025-06-09 10:30:03.419000,57236.0,61950,213535,175,980,490
2025-06-09 10:30:03.000000,57236.0,61950,213535,35,980,490
2025-06-09 10:30:03.772000,57236.0,61950,213535,35,980,490
2025-06-09 10:30:04.000000,57236.0,61985,213535,35,1155,490
2025-06-09 10:30:04.620000,57236.0,61985,213535,35,1155,490
2025-06-09 10:30:05.000000,57236.0,61985,213535,35,700,490
2025-06-09 10:30:05.822000,57236.0,61985,213535,35,700,490
2025-06-09 10:30:07.000000,57236.0,61985,213535,35,945,665
2025-06-09 10:30:07.024000,57236.0,61985,213535,35,945,665
2025-06-09 10:30:08.000000,57236.0,61985,213535,35,700,665
2025-06-09 10:30:08.226000,57236.0,61985,213535,35,700,665
2025-06-09 10:30:09.000000,57236.0,61985,213535,35,700,665
2025-06-09 10:30:09.429000,57236.0,61985,213535,35,700,665
2025-06-09 10:30:10.000000,57236.0,61985,213535,35,700,665
2025-06-09 10:30:10.632000,57236.0,61985,213535,35,700,665
2025-06-09 10:30:11.000000,57236.0,61985,213535,35,700,700
2025-06-09 10:30:11.833000,57236.0,61985,213535,35,700,700
2025-06-09 10:30:13.000000,57236.0,61985,213535,35,700,735
2025-06-09 10:30:13.035000,57236.0,61985,213535,35,700,735
2025-06-09 10:30:14.000000,57236.0,61985,213535,35,700,665
2025-06-09 10:30:14.236000,57236.0,61985,213535,35,700,665
2025-06-09 10:30:15.000000,57236.0,61985,213535,35,700,735
2025-06-09 10:30:15.439000,57236.0,61985,213535,35,700,735
2025-06-09 10:30:16.000000,57236.0,61985,213535,35,700,735
2025-06-09 10:30:16.640000,57236.0,61985,213535,35,700,735
2025-06-09 10:30:17.000000,57236.0,61985,213535,35,700,735
2025-06-09 10:30:17.842000,57236.0,61985,213535,35,700,735
2025-06-09 10:30:19.000000,57236.0,61985,213535,35,700,805
2025-06-09 10:30:19.045000,57236.0,61985,213535,35,700,805
2025-06-09 10:30:20.000000,57236.0,61985,213535,35,700,805
2025-06-09 10:30:20.248000,57236.0,61985,213535,35,700,805
2025-06-09 10:30:21.000000,57236.0,61985,213535,35,700,805
2025-06-09 10:30:21.450000,57236.0,61985,213535,35,700,805
2025-06-09 10:30:22.000000,57236.0,61985,213535,35,700,805
2025-06-09 10:30:22.650000,57236.0,61985,213535,35,700,805
2025-06-09 10:30:23.000000,57236.0,61985,213535,35,700,805
2025-06-09 10:30:23.853000,57236.0,61985,213535,35,700,805
2025-06-09 10:30:25.000000,57236.0,61985,213535,35,700,805
2025-06-09 10:30:25.252000,57236.0,61985,213535,35,700,805
2025-06-09 10:30:26.000000,57236.0,61985,213535,35,455,805
2025-06-09 10:30:26.454000,57236.0,61985,213535,35,455,805
2025-06-09 10:30:27.000000,57236.0,61985,213535,35,210,805
2025-06-09 10:30:27.657000,57236.0,61985,213535,35,210,805
2025-06-09 10:30:28.000000,57236.0,61985,213535,35,210,805
2025-06-09 10:30:28.860000,57236.0,61985,213535,35,210,805
2025-06-09 10:30:30.000000,57236.0,61985,213535,35,210,805
2025-06-09 10:30:30.000000,57236.0,61985,213535,35,210,805
2025-06-09 10:30:30.063000,57236.0,61985,213535,35,210,805
2025-06-09 10:30:31.000000,57236.0,61985,213535,35,210,805
2025-06-09 10:30:31.265000,57236.0,61985,213535,35,210,805
2025-06-09 10:30:32.000000,57236.0,61985,213535,35,245,770
2025-06-09 10:30:32.467000,57236.0,61985,213535,35,245,770
2025-06-09 10:30:33.000000,57236.0,61985,213535,35,210,735
2025-06-09 10:30:33.866000,57236.0,61985,213535,35,210,735
2025-06-09 10:30:34.000000,57236.0,61985,213535,35,210,735
2025-06-09 10:30:34.390000,57236.0,61985,213535,35,210,735
2025-06-09 10:30:35.000000,57236.0,62020,213535,35,245,735
2025-06-09 10:30:35.069000,57236.0,62020,213535,35,245,735
2025-06-09 10:30:36.000000,57236.0,62020,213535,35,245,735
2025-06-09 10:30:36.271000,57236.0,62020,213535,35,245,735
2025-06-09 10:30:37.000000,57236.0,62020,213535,35,245,735
2025-06-09 10:30:37.474000,57236.0,62020,213535,35,245,735
2025-06-09 10:30:38.000000,57236.0,62020,213535,35,245,735
2025-06-09 10:30:38.676000,57236.0,62020,213535,35,245,735
2025-06-09 10:30:40.000000,57236.0,62020,213535,35,770,735
2025-06-09 10:30:40.076000,57236.0,62020,213535,35,770,735
2025-06-09 10:30:41.000000,57236.0,62020,213535,35,245,735
2025-06-09 10:30:41.277000,57236.0,62020,213535,35,245,735
2025-06-09 10:30:42.000000,57236.0,62020,213535,35,280,735
2025-06-09 10:30:42.480000,57236.0,62020,213535,35,280,735
2025-06-09 10:30:43.000000,57236.0,62020,213535,35,525,420
2025-06-09 10:30:43.684000,57236.0,62020,213535,35,525,420
2025-06-09 10:30:44.000000,57236.0,62020,213535,35,525,770
2025-06-09 10:30:44.886000,57236.0,62020,213535,35,525,770
2025-06-09 10:30:46.000000,57236.0,62020,213535,35,525,770
2025-06-09 10:30:46.089000,57236.0,62020,213535,35,525,770
2025-06-09 10:30:47.000000,57236.0,62020,213535,35,525,420
2025-06-09 10:30:47.291000,57236.0,62020,213535,35,525,420
2025-06-09 10:30:48.000000,57236.0,62020,213535,35,210,420
2025-06-09 10:30:48.690000,57236.0,62020,213535,35,210,420
2025-06-09 10:30:49.000000,57236.0,62020,213535,35,210,420
2025-06-09 10:30:49.892000,57236.0,62020,213535,35,210,420
2025-06-09 10:30:51.000000,57236.0,62020,213535,35,245,770
2025-06-09 10:30:51.094000,57236.0,62020,213535,35,245,770
2025-06-09 10:30:52.000000,57236.0,62020,213535,35,245,735
2025-06-09 10:30:52.297000,57236.0,62020,213535,35,245,735
2025-06-09 10:30:53.000000,57236.0,62020,213535,35,245,735
2025-06-09 10:30:53.499000,57236.0,62020,213535,35,245,735
2025-06-09 10:30:54.000000,57236.0,62020,213535,35,980,665
2025-06-09 10:30:54.702000,57236.0,62020,213535,35,980,665
2025-06-09 10:30:55.000000,57236.0,62020,213535,35,1085,665
2025-06-09 10:30:55.905000,57236.0,62020,213535,35,1085,665
2025-06-09 10:30:57.000000,57236.0,62020,213535,35,1015,490
2025-06-09 10:30:57.107000,57236.0,62020,213535,35,1015,490
2025-06-09 10:30:58.000000,57236.0,62020,213535,35,910,665
2025-06-09 10:30:58.506000,57236.0,62020,213535,35,910,665
2025-06-09 10:30:59.000000,57236.0,62020,213535,35,910,665
2025-06-09 10:30:59.708000,57236.0,62020,213535,35,910,665
2025-06-09 10:31:00.000000,57236.0,62020,213535,35,945,490
2025-06-09 10:31:00.911000,57236.0,62020,213535,35,945,490
2025-06-09 10:31:02.000000,57236.0,62020,213535,35,910,700
2025-06-09 10:31:02.114000,57236.0,62020,213535,35,910,700
2025-06-09 10:31:02.000000,57236.8,62020,213640,70,910,700
2025-06-09 10:31:02.606000,57236.8,62020,213640,70,910,700
2025-06-09 10:31:03.000000,57236.8,62090,213640,70,945,490
2025-06-09 10:31:03.316000,57236.8,62090,213640,70,945,490
2025-06-09 10:31:04.000000,57236.8,62090,213640,70,945,490
2025-06-09 10:31:04.518000,57236.8,62090,213640,70,945,490
2025-06-09 10:31:05.000000,57236.8,62090,213640,70,945,665
2025-06-09 10:31:05.722000,57236.8,62090,213640,70,945,665
2025-06-09 10:31:06.000000,57236.8,62090,213640,70,490,700
2025-06-09 10:31:06.925000,57236.8,62090,213640,70,490,700
2025-06-09 10:31:08.000000,57236.8,62090,213640,35,490,700
2025-06-09 10:31:08.009000,57236.8,62090,213640,35,490,700
2025-06-09 10:31:08.000000,57236.8,62125,213640,35,805,665
2025-06-09 10:31:08.126000,57236.8,62125,213640,35,805,665
2025-06-09 10:31:09.000000,57236.8,62125,213640,35,735,665
2025-06-09 10:31:09.525000,57236.8,62125,213640,35,735,665
2025-06-09 10:31:10.000000,57236.4,62125,213640,35,735,665
2025-06-09 10:31:10.411000,57236.4,62125,213640,35,735,665
2025-06-09 10:31:10.000000,57236.4,62160,213640,35,980,665
2025-06-09 10:31:10.729000,57236.4,62160,213640,35,980,665
2025-06-09 10:31:11.000000,57236.4,62160,213640,35,1015,665
2025-06-09 10:31:11.932000,57236.4,62160,213640,35,1015,665
2025-06-09 10:31:13.000000,57236.4,62160,213640,35,1015,490
2025-06-09 10:31:13.133000,57236.4,62160,213640,35,1015,490
2025-06-09 10:31:14.000000,57236.4,62160,213640,35,1050,665
2025-06-09 10:31:14.336000,57236.4,62160,213640,35,1050,665
2025-06-09 10:31:15.000000,57236.4,62160,213640,35,1050,665
2025-06-09 10:31:15.538000,57236.4,62160,213640,35,1050,665
2025-06-09 10:31:16.000000,57236.4,62160,213640,35,1400,490
2025-06-09 10:31:16.937000,57236.4,62160,213640,35,1400,490
2025-06-09 10:31:18.000000,57236.4,62160,213640,35,945,665
2025-06-09 10:31:18.138000,57236.4,62160,213640,35,945,665
2025-06-09 10:31:19.000000,57236.4,62160,213640,35,945,665
2025-06-09 10:31:19.341000,57236.4,62160,213640,35,945,665
2025-06-09 10:31:20.000000,57236.4,62160,213640,35,1015,490
2025-06-09 10:31:20.544000,57236.4,62160,213640,35,1015,490
2025-06-09 10:31:21.000000,57236.4,62160,213640,35,1015,665
2025-06-09 10:31:21.747000,57236.4,62160,213640,35,1015,665
2025-06-09 10:31:22.000000,57236.4,62160,213640,35,1015,665
2025-06-09 10:31:22.949000,57236.4,62160,213640,35,1015,665
2025-06-09 10:31:24.000000,57236.4,62160,213640,35,980,665
2025-06-09 10:31:24.348000,57236.4,62160,213640,35,980,665
2025-06-09 10:31:25.000000,57236.4,62160,213640,35,1015,665
2025-06-09 10:31:25.550000,57236.4,62160,213640,35,1015,665
2025-06-09 10:31:26.000000,57250.0,62160,213640,35,1015,665
2025-06-09 10:31:26.420000,57250.0,62160,213640,35,1015,665
2025-06-09 10:31:26.000000,57250.0,62230,213640,35,1085,630
2025-06-09 10:31:26.753000,57250.0,62230,213640,35,1085,630
2025-06-09 10:31:27.000000,57250.0,62230,213640,35,1085,630
2025-06-09 10:31:27.956000,57250.0,62230,213640,35,1085,630
2025-06-09 10:31:29.000000,57250.0,62230,213640,35,1855,630
2025-06-09 10:31:29.355000,57250.0,62230,213640,35,1855,630
2025-06-09 10:31:30.000000,57250.0,62230,213640,35,1855,630
2025-06-09 10:31:30.000000,57250.0,62230,213640,35,1610,455
2025-06-09 10:31:30.558000,57250.0,62230,213640,35,1610,455
2025-06-09 10:31:31.000000,57250.0,62230,213640,35,1260,455
2025-06-09 10:31:31.760000,57250.0,62230,213640,35,1260,455
2025-06-09 10:31:32.000000,57250.0,62230,213640,35,1295,630
2025-06-09 10:31:32.963000,57250.0,62230,213640,35,1295,630
2025-06-09 10:31:34.000000,57250.0,62230,213640,35,1295,455
2025-06-09 10:31:34.362000,57250.0,62230,213640,35,1295,455
2025-06-09 10:31:35.000000,57250.0,62230,213640,35,1295,455
2025-06-09 10:31:35.565000,57250.0,62230,213640,35,1295,455
2025-06-09 10:31:36.000000,57250.0,62230,213640,35,1225,455
2025-06-09 10:31:36.767000,57250.0,62230,213640,35,1225,455
2025-06-09 10:31:37.000000,57250.0,62230,213640,35,980,630
2025-06-09 10:31:37.970000,57250.0,62230,213640,35,980,630
2025-06-09 10:31:39.000000,57250.0,62230,213640,35,1155,455
2025-06-09 10:31:39.172000,57250.0,62230,213640,35,1155,455
2025-06-09 10:31:40.000000,57249.8,62230,213640,35,1155,455
2025-06-09 10:31:40.029000,57249.8,62230,213640,35,1155,455
2025-06-09 10:31:40.000000,57249.8,62335,213640,35,1260,630
2025-06-09 10:31:40.571000,57249.8,62335,213640,35,1260,630
2025-06-09 10:31:41.000000,57249.8,62335,213640,35,1260,630
2025-06-09 10:31:41.774000,57249.8,62335,213640,35,1260,630
2025-06-09 10:31:44.000000,57249.8,62335,213640,35,1540,455
2025-06-09 10:31:44.178000,57249.8,62335,213640,35,1540,455
2025-06-09 10:31:45.000000,57249.8,62335,213640,35,1190,630
2025-06-09 10:31:45.380000,57249.8,62335,213640,35,1190,630
2025-06-09 10:31:46.000000,57249.8,62335,213640,35,1260,630
2025-06-09 10:31:46.583000,57249.8,62335,213640,35,1260,630
2025-06-09 10:31:47.000000,57249.8,62335,213640,35,1015,630
2025-06-09 10:31:47.785000,57249.8,62335,213640,35,1015,630
2025-06-09 10:31:49.000000,57249.8,62335,213640,35,1260,455
2025-06-09 10:31:49.184000,57249.8,62335,213640,35,1260,455
2025-06-09 10:31:50.000000,57249.8,62335,213640,35,1260,455
2025-06-09 10:31:50.386000,57249.8,62335,213640,35,1260,455
2025-06-09 10:31:51.000000,57249.8,62335,213640,35,1190,455
2025-06-09 10:31:51.587000,57249.8,62335,213640,35,1190,455
2025-06-09 10:31:52.000000,57249.8,62335,213640,35,1190,630
2025-06-09 10:31:52.790000,57249.8,62335,213640,35,1190,630
2025-06-09 10:31:53.000000,57249.8,62335,213640,35,1225,630
2025-06-09 10:31:53.991000,57249.8,62335,213640,35,1225,630
2025-06-09 10:31:55.000000,57249.8,62335,213640,35,1260,630
2025-06-09 10:31:55.197000,57249.8,62335,213640,35,1260,630
2025-06-09 10:31:56.000000,57249.8,62335,213640,35,1225,455
2025-06-09 10:31:56.394000,57249.8,62335,213640,35,1225,455
2025-06-09 10:31:57.000000,57249.8,62335,213640,35,1225,455
2025-06-09 10:31:57.596000,57249.8,62335,213640,35,1225,455
2025-06-09 10:31:58.000000,57249.8,62335,213640,35,1225,630
2025-06-09 10:31:58.799000,57249.8,62335,213640,35,1225,630
2025-06-09 10:31:59.000000,57249.8,62335,213640,35,1190,630
2025-06-09 10:32:00.001000,57249.8,62335,213640,35,1190,630
2025-06-09 10:32:00.000000,57249.8,62335,213640,35,1190,630
2025-06-09 10:32:01.000000,57249.8,62335,213640,35,1260,630
2025-06-09 10:32:01.203000,57249.8,62335,213640,35,1260,630
2025-06-09 10:32:02.000000,57249.8,62335,213640,35,1225,630
2025-06-09 10:32:02.406000,57249.8,62335,213640,35,1225,630
2025-06-09 10:32:03.000000,57244.4,62335,213640,210,1225,630
2025-06-09 10:32:03.443000,57244.4,62335,213640,210,1225,630
2025-06-09 10:32:03.000000,57244.4,62545,213640,210,735,630
2025-06-09 10:32:03.607000,57244.4,62545,213640,210,735,630
2025-06-09 10:32:04.000000,57244.4,62545,213640,210,420,630
2025-06-09 10:32:04.809000,57244.4,62545,213640,210,420,630
2025-06-09 10:32:06.000000,57244.4,62545,213640,210,175,630
2025-06-09 10:32:06.011000,57244.4,62545,213640,210,175,630
2025-06-09 10:32:07.000000,57244.4,62545,213640,210,595,630
2025-06-09 10:32:07.214000,57244.4,62545,213640,210,595,630
2025-06-09 10:32:08.000000,57244.4,62545,213640,210,945,455
2025-06-09 10:32:08.415000,57244.4,62545,213640,210,945,455
2025-06-09 10:32:09.000000,57244.4,62545,213640,210,700,630
2025-06-09 10:32:09.617000,57244.4,62545,213640,210,700,630
2025-06-09 10:32:11.000000,57244.4,62545,213640,210,700,630
2025-06-09 10:32:11.016000,57244.4,62545,213640,210,700,630
2025-06-09 10:32:12.000000,57250.0,62580,213640,35,665,595
2025-06-09 10:32:12.218000,57250.0,62580,213640,35,665,595
2025-06-09 10:32:12.000000,57250.0,62580,213640,35,665,595
2025-06-09 10:32:12.248000,57250.0,62580,213640,35,665,595
2025-06-09 10:32:13.000000,57250.0,62580,213640,35,420,595
2025-06-09 10:32:13.419000,57250.0,62580,213640,35,420,595
2025-06-09 10:32:14.000000,57250.0,62580,213640,35,700,595
2025-06-09 10:32:14.621000,57250.0,62580,213640,35,700,595
2025-06-09 10:32:15.000000,57250.0,62580,213640,35,420,420
2025-06-09 10:32:15.824000,57250.0,62580,213640,35,420,420
2025-06-09 10:32:17.000000,57250.0,62580,213640,35,910,595
2025-06-09 10:32:17.025000,57250.0,62580,213640,35,910,595
2025-06-09 10:32:18.000000,57250.0,62580,213640,35,980,595
2025-06-09 10:32:18.227000,57250.0,62580,213640,35,980,595
2025-06-09 10:32:19.000000,57250.0,62580,213640,35,1260,595
2025-06-09 10:32:19.430000,57250.0,62580,213640,35,1260,595
2025-06-09 10:32:20.000000,57250.0,62580,213640,35,1260,595
2025-06-09 10:32:20.632000,57250.0,62580,213640,35,1260,595
2025-06-09 10:32:21.000000,57250.0,62580,213640,35,980,595
2025-06-09 10:32:21.834000,57250.0,62580,213640,35,980,595
2025-06-09 10:32:23.000000,57250.0,62580,213640,35,980,595
2025-06-09 10:32:23.037000,57250.0,62580,213640,35,980,595
2025-06-09 10:32:24.000000,57250.0,62580,213640,35,1050,595
2025-06-09 10:32:24.239000,57250.0,62580,213640,35,1050,595
2025-06-09 10:32:25.000000,57250.0,62580,213640,35,875,595
2025-06-09 10:32:25.440000,57250.0,62580,213640,35,875,595
2025-06-09 10:32:26.000000,57250.0,62580,213640,35,210,455
2025-06-09 10:32:26.640000,57250.0,62580,213640,35,210,455
2025-06-09 10:32:27.000000,57250.0,62580,213640,35,175,595
2025-06-09 10:32:27.843000,57250.0,62580,213640,35,175,595
2025-06-09 10:32:28.000000,57249.8,62580,213640,35,175,595
2025-06-09 10:32:28.257000,57249.8,62580,213640,35,175,595
2025-06-09 10:32:29.000000,57249.8,62615,213640,35,175,630
2025-06-09 10:32:29.045000,57249.8,62615,213640,35,175,630
2025-06-09 10:32:30.000000,57249.8,62615,213640,35,175,630
2025-06-09 10:32:30.000000,57249.8,62615,213640,35,210,595
2025-06-09 10:32:30.247000,57249.8,62615,213640,35,210,595
2025-06-09 10:32:31.000000,57249.8,62615,213640,35,210,595
2025-06-09 10:32:31.645000,57249.8,62615,213640,35,210,595
2025-06-09 10:32:32.000000,57249.8,62615,213640,35,175,595
2025-06-09 10:32:32.847000,57249.8,62615,213640,35,175,595
2025-06-09 10:32:34.000000,57249.8,62615,213640,35,175,595
2025-06-09 10:32:34.049000,57249.8,62615,213640,35,175,595
2025-06-09 10:32:35.000000,57249.8,62615,213640,35,175,595
2025-06-09 10:32:35.251000,57249.8,62615,213640,35,175,595
2025-06-09 10:32:36.000000,57249.8,62615,213640,35,175,595
2025-06-09 10:32:36.263000,57249.8,62615,213640,35,175,595
2025-06-09 10:32:36.000000,57249.8,62650,213640,35,1050,595
2025-06-09 10:32:36.454000,57249.8,62650,213640,35,1050,595
2025-06-09 10:32:37.000000,57249.8,62650,213640,35,1260,595
2025-06-09 10:32:37.656000,57249.8,62650,213640,35,1260,595
2025-06-09 10:32:38.000000,57249.8,62650,213640,35,595,595
2025-06-09 10:32:38.857000,57249.8,62650,213640,35,595,595
2025-06-09 10:32:40.000000,57249.8,62650,213640,35,910,595
2025-06-09 10:32:40.059000,57249.8,62650,213640,35,910,595
2025-06-09 10:32:41.000000,57249.8,62650,213640,35,770,595
2025-06-09 10:32:41.260000,57249.8,62650,213640,35,770,595
2025-06-09 10:32:42.000000,57249.8,62650,213640,35,1260,595
2025-06-09 10:32:42.461000,57249.8,62650,213640,35,1260,595
2025-06-09 10:32:43.000000,57249.8,62650,213640,35,1120,595
2025-06-09 10:32:43.669000,57249.8,62650,213640,35,1120,595
2025-06-09 10:32:44.000000,57249.8,62650,213640,35,1470,595
2025-06-09 10:32:44.865000,57249.8,62650,213640,35,1470,595
2025-06-09 10:32:45.000000,57249.8,62650,213640,35,1470,595
2025-06-09 10:32:45.668000,57249.8,62650,213640,35,1470,595
2025-06-09 10:32:46.000000,57249.8,62685,213640,35,1190,595
2025-06-09 10:32:46.068000,57249.8,62685,213640,35,1190,595
