Timestamp,LTP,Volume,OI,LastQty,BidQty,AskQty
2025-06-09 10:26:06.000000,742.55,641370,140010,30,270,270
2025-06-09 10:26:07.000000,742.55,641370,140010,30,300,210
2025-06-09 10:26:08.000000,743.45,641370,140010,30,300,210
2025-06-09 10:26:09.000000,743.45,641400,140010,30,360,300
2025-06-09 10:26:10.000000,743.8,641400,140010,30,360,300
2025-06-09 10:26:10.000000,743.8,641430,140010,30,330,270
2025-06-09 10:26:11.000000,743.8,641430,140010,30,300,300
2025-06-09 10:26:12.000000,743.8,641430,140010,30,270,180
2025-06-09 10:26:13.000000,745.0,641430,140010,30,270,180
2025-06-09 10:26:14.000000,745.0,641490,140010,30,300,300
2025-06-09 10:26:15.000000,745.0,641490,140010,30,240,330
2025-06-09 10:26:16.000000,743.15,641490,140010,30,240,330
2025-06-09 10:26:16.000000,744.75,641550,140010,30,240,330
2025-06-09 10:26:16.000000,744.75,641550,140010,30,240,330
2025-06-09 10:26:17.000000,743.35,641550,140010,30,240,330
2025-06-09 10:26:17.000000,743.35,641610,140010,30,270,330
2025-06-09 10:26:18.000000,744.7,641610,140010,30,270,330
2025-06-09 10:26:19.000000,745.55,641760,140010,30,240,270
2025-06-09 10:26:19.000000,743.5,641760,140010,30,240,270
2025-06-09 10:26:20.000000,743.5,642060,140010,30,240,270
2025-06-09 10:26:20.000000,745.5,642060,140010,30,240,270
2025-06-09 10:26:21.000000,745.5,642150,140010,30,180,270
2025-06-09 10:26:22.000000,745.5,642150,140010,30,240,360
2025-06-09 10:26:24.000000,745.5,642150,140010,30,180,270
2025-06-09 10:26:24.000000,744.55,642150,140010,30,180,270
2025-06-09 10:26:25.000000,745.0,642150,140010,30,180,270
2025-06-09 10:26:25.000000,745.0,642270,140010,30,240,360
2025-06-09 10:26:26.000000,745.0,642270,140010,30,210,240
2025-06-09 10:26:26.000000,743.05,642270,140010,30,210,240
2025-06-09 10:26:27.000000,743.05,642390,140010,30,330,330
2025-06-09 10:26:27.000000,743.05,642390,140010,30,330,330
2025-06-09 10:26:28.000000,742.75,642390,140010,30,330,330
2025-06-09 10:26:29.000000,742.75,642510,140010,30,420,270
2025-06-09 10:26:30.000000,742.75,642510,140010,30,180,210
2025-06-09 10:26:30.000000,742.75,642510,140010,30,180,210
2025-06-09 10:26:31.000000,741.5,642510,140010,30,180,210
2025-06-09 10:26:31.000000,741.5,642600,140010,30,750,150
2025-06-09 10:26:32.000000,741.5,642600,140010,30,540,210
2025-06-09 10:26:32.000000,740.95,642600,140010,30,540,210
2025-06-09 10:26:33.000000,741.2,642600,140010,30,540,210
2025-06-09 10:26:34.000000,741.2,642720,140010,30,450,210
2025-06-09 10:26:34.000000,740.0,642720,140010,30,450,210
2025-06-09 10:26:35.000000,740.0,642750,140010,30,420,990
2025-06-09 10:26:36.000000,740.0,642750,140010,30,420,300
2025-06-09 10:26:37.000000,740.0,642750,140010,30,570,840
2025-06-09 10:26:37.000000,740.0,642750,140010,30,570,840
2025-06-09 10:26:38.000000,740.0,642900,140010,30,300,930
2025-06-09 10:26:40.000000,740.0,642900,140010,30,390,810
2025-06-09 10:26:41.000000,740.0,642900,140010,30,630,840
2025-06-09 10:26:42.000000,740.05,642900,140010,30,630,840
2025-06-09 10:26:42.000000,740.05,642930,140010,30,510,780
2025-06-09 10:26:43.000000,741.35,642930,140010,30,510,780
2025-06-09 10:26:43.000000,741.35,642960,140010,30,570,900
2025-06-09 10:26:45.000000,740.0,642960,140010,30,570,900
2025-06-09 10:26:45.000000,740.0,643260,140010,30,300,930
2025-06-09 10:26:45.000000,741.35,643260,140010,30,300,930
2025-06-09 10:26:46.000000,741.35,643290,140010,30,300,390
2025-06-09 10:26:47.000000,741.35,643290,140010,30,270,390
2025-06-09 10:26:48.000000,739.6,643290,140010,30,270,390
2025-06-09 10:26:48.000000,739.6,643320,140010,30,300,270
2025-06-09 10:26:50.000000,739.6,643320,140010,30,270,360
2025-06-09 10:26:51.000000,741.2,643320,140010,30,270,360
2025-06-09 10:26:51.000000,741.2,643350,140010,30,240,270
2025-06-09 10:26:52.000000,741.2,643350,140010,30,270,240
2025-06-09 10:26:53.000000,740.7,643350,140010,30,270,240
2025-06-09 10:26:53.000000,740.7,643380,140010,30,420,270
2025-06-09 10:26:55.000000,740.7,643380,140010,30,240,300
2025-06-09 10:26:55.000000,743.35,643380,140010,30,240,300
2025-06-09 10:26:55.000000,745.0,643380,140010,30,240,300
2025-06-09 10:26:56.000000,745.0,643470,140010,30,270,180
2025-06-09 10:26:57.000000,746.1,643500,140010,30,330,600
2025-06-09 10:26:57.000000,746.1,643500,140010,30,330,600
2025-06-09 10:26:59.000000,746.1,643500,140010,30,210,510
2025-06-09 10:27:00.000000,746.1,643500,140010,30,240,240
2025-06-09 10:27:00.000000,746.1,643500,140010,30,240,240
2025-06-09 10:27:01.000000,746.1,643500,140010,30,390,240
2025-06-09 10:27:01.000000,745.75,643500,140010,30,390,240
2025-06-09 10:27:02.000000,745.75,643560,140010,30,270,180
2025-06-09 10:27:04.000000,745.75,643560,140010,30,330,240
2025-06-09 10:27:05.000000,742.2,643560,140010,30,330,240
2025-06-09 10:27:05.000000,742.2,643590,140010,30,210,270
2025-06-09 10:27:06.000000,742.2,643590,140010,30,300,270
2025-06-09 10:27:07.000000,743.2,643590,140010,30,300,270
2025-06-09 10:27:07.000000,743.2,643680,140010,30,360,240
2025-06-09 10:27:09.000000,743.2,643680,140010,30,210,300
2025-06-09 10:27:10.000000,743.2,643680,140010,30,240,780
2025-06-09 10:27:11.000000,741.75,643680,140010,30,240,780
2025-06-09 10:27:11.000000,741.75,643740,140010,30,360,450
2025-06-09 10:27:12.000000,741.75,643740,140010,30,450,360
2025-06-09 10:27:14.000000,741.75,643740,140010,30,360,300
2025-06-09 10:27:14.000000,741.95,643740,140010,30,360,300
2025-06-09 10:27:14.000000,742.2,643740,140010,30,360,300
2025-06-09 10:27:15.000000,742.2,643890,140010,30,300,210
2025-06-09 10:27:16.000000,742.2,643890,140010,30,300,330
2025-06-09 10:27:17.000000,742.2,643890,140010,30,390,270
2025-06-09 10:27:18.000000,742.2,643890,140010,30,240,240
2025-06-09 10:27:19.000000,741.65,643890,140010,30,240,240
2025-06-09 10:27:19.000000,743.6,643890,140010,30,240,240
2025-06-09 10:27:20.000000,743.6,644220,140010,30,450,630
2025-06-09 10:27:20.000000,741.2,644220,140010,30,450,630
2025-06-09 10:27:21.000000,741.2,644280,140010,30,390,420
2025-06-09 10:27:22.000000,741.2,644280,140010,30,330,420
2025-06-09 10:27:22.000000,741.2,644280,140010,30,330,420
2025-06-09 10:27:23.000000,742.5,644280,140010,30,330,420
2025-06-09 10:27:23.000000,742.5,644580,140010,30,510,210
2025-06-09 10:27:24.000000,742.4,644580,140010,30,510,210
2025-06-09 10:27:24.000000,749.7,644580,140010,30,510,210
2025-06-09 10:27:25.000000,749.7,646050,140010,30,150,570
2025-06-09 10:27:26.000000,749.7,646050,140010,30,300,390
2025-06-09 10:27:26.000000,752.95,646050,140010,30,300,390
2025-06-09 10:27:27.000000,752.95,646140,140010,30,270,510
2025-06-09 10:27:28.000000,752.95,646140,140010,30,300,270
2025-06-09 10:27:30.000000,752.95,646140,140010,30,300,210
2025-06-09 10:27:30.000000,752.95,646140,140010,30,300,210
2025-06-09 10:27:31.000000,752.95,646140,140010,30,360,240
2025-06-09 10:27:31.000000,752.5,646140,140010,30,360,240
2025-06-09 10:27:32.000000,752.5,646170,140010,30,270,240
2025-06-09 10:27:33.000000,752.6,646230,140010,30,420,300
2025-06-09 10:27:33.000000,752.6,646230,140010,30,420,300
2025-06-09 10:27:34.000000,755.0,646230,140010,30,420,300
2025-06-09 10:27:35.000000,755.0,646410,140010,30,270,810
2025-06-09 10:27:35.000000,752.75,646410,140010,30,270,810
2025-06-09 10:27:36.000000,752.75,646470,140010,30,180,750
2025-06-09 10:27:37.000000,753.15,646470,140610,30,180,750
2025-06-09 10:27:37.000000,753.15,646500,140610,30,300,240
2025-06-09 10:27:37.000000,750.9,646500,140610,30,300,240
2025-06-09 10:27:38.000000,748.65,646680,140610,30,330,210
2025-06-09 10:27:38.000000,748.65,646680,140610,30,330,210
2025-06-09 10:27:39.000000,750.45,646680,140610,30,330,210
2025-06-09 10:27:40.000000,750.45,647580,140610,30,300,330
2025-06-09 10:27:40.000000,750.6,647580,140610,30,300,330
2025-06-09 10:27:41.000000,750.6,647610,140610,30,360,150
2025-06-09 10:27:42.000000,750.6,647610,140610,30,300,180
2025-06-09 10:27:43.000000,750.6,647610,140610,30,240,210
2025-06-09 10:27:44.000000,748.25,647610,140610,30,240,210
2025-06-09 10:27:45.000000,748.25,647670,140610,30,330,300
2025-06-09 10:27:46.000000,748.25,647670,140610,30,360,630
2025-06-09 10:27:47.000000,748.25,647670,140610,30,240,660
2025-06-09 10:27:48.000000,748.25,647670,140610,30,240,630
2025-06-09 10:27:50.000000,748.25,647670,140610,30,240,570
2025-06-09 10:27:50.000000,745.7,647670,140610,30,240,570
2025-06-09 10:27:51.000000,745.7,647730,140610,30,360,300
2025-06-09 10:27:51.000000,745.7,647730,140610,30,360,300
2025-06-09 10:27:52.000000,745.7,647760,140610,30,300,180
2025-06-09 10:27:53.000000,744.0,647760,140610,30,300,180
2025-06-09 10:27:53.000000,743.7,647910,140610,30,150,750
2025-06-09 10:27:53.000000,743.5,647910,140610,30,150,750
2025-06-09 10:27:54.000000,743.2,647910,140610,30,150,750
2025-06-09 10:27:55.000000,743.2,647970,140610,30,300,210
2025-06-09 10:27:55.000000,743.25,647970,140610,30,300,210
2025-06-09 10:27:56.000000,743.25,648000,140610,30,420,240
2025-06-09 10:27:56.000000,740.1,648000,140610,30,420,240
2025-06-09 10:27:57.000000,740.45,648120,140610,30,330,210
2025-06-09 10:27:57.000000,740.45,648120,140610,30,330,210
2025-06-09 10:27:58.000000,738.25,648360,140610,30,180,180
2025-06-09 10:27:58.000000,738.25,648360,140610,30,180,180
2025-06-09 10:28:00.000000,738.25,648360,140610,30,210,210
2025-06-09 10:28:00.000000,739.5,648360,140610,30,210,210
2025-06-09 10:28:00.000000,739.5,648360,140610,30,210,210
2025-06-09 10:28:01.000000,739.5,648390,140610,30,240,450
2025-06-09 10:28:01.000000,737.65,648390,140610,30,240,450
2025-06-09 10:28:01.000000,739.65,648390,140610,30,240,450
2025-06-09 10:28:02.000000,739.65,648690,140610,30,240,210
2025-06-09 10:28:03.000000,738.3,648690,140610,30,240,210
2025-06-09 10:28:03.000000,738.3,648720,140610,30,300,330
2025-06-09 10:28:05.000000,738.3,648720,140610,30,270,210
2025-06-09 10:28:06.000000,738.3,648720,140610,30,180,570
2025-06-09 10:28:07.000000,738.3,648720,140610,30,180,1410
2025-06-09 10:28:07.000000,735.0,648720,140610,30,180,1410
2025-06-09 10:28:08.000000,733.0,649020,140610,30,360,300
2025-06-09 10:28:08.000000,733.0,649020,140610,30,360,300
2025-06-09 10:28:09.000000,732.35,649020,140610,30,360,300
2025-06-09 10:28:10.000000,732.35,649140,140610,30,240,270
2025-06-09 10:28:10.000000,730.35,649140,140610,30,240,270
2025-06-09 10:28:11.000000,730.35,649560,140610,30,240,300
2025-06-09 10:28:11.000000,731.45,649560,140610,30,240,300
2025-06-09 10:28:12.000000,731.45,649590,140610,30,210,480
2025-06-09 10:28:13.000000,731.45,649590,140610,30,270,270
2025-06-09 10:28:13.000000,730.75,649590,140610,30,270,270
2025-06-09 10:28:14.000000,732.5,649590,140610,30,270,270
2025-06-09 10:28:15.000000,732.5,649680,140610,30,240,840
2025-06-09 10:28:16.000000,732.5,649680,140610,30,330,180
2025-06-09 10:28:17.000000,732.5,649680,140610,30,240,390
2025-06-09 10:28:17.000000,733.65,649680,140610,30,240,390
2025-06-09 10:28:18.000000,733.65,649710,140610,30,300,600
2025-06-09 10:28:19.000000,735.3,649710,140610,30,300,600
2025-06-09 10:28:19.000000,734.0,649710,140610,30,300,600
2025-06-09 10:28:20.000000,733.85,649800,140610,30,240,570
2025-06-09 10:28:20.000000,733.85,649800,140610,30,240,570
2025-06-09 10:28:21.000000,733.85,649800,140610,30,150,450
2025-06-09 10:28:21.000000,735.95,649800,140610,30,150,450
2025-06-09 10:28:22.000000,735.8,649980,140610,30,360,210
2025-06-09 10:28:22.000000,735.8,649980,140610,30,360,210
2025-06-09 10:28:23.000000,736.0,650010,140610,30,210,210
2025-06-09 10:28:23.000000,736.0,650010,140610,30,210,210
2025-06-09 10:28:24.000000,733.95,650010,140610,30,210,210
2025-06-09 10:28:25.000000,733.95,650040,140610,30,240,540
2025-06-09 10:28:25.000000,736.8,650040,140610,30,240,540
2025-06-09 10:28:26.000000,736.8,650100,140610,30,300,660
2025-06-09 10:28:27.000000,736.8,650100,140610,30,180,210
2025-06-09 10:28:28.000000,736.8,650100,140610,30,150,240
2025-06-09 10:28:29.000000,734.75,650100,140610,30,150,240
2025-06-09 10:28:30.000000,732.4,650400,140610,30,180,750
2025-06-09 10:28:30.000000,732.4,650400,140610,30,180,750
2025-06-09 10:28:30.000000,732.4,650400,140610,30,180,750
2025-06-09 10:28:30.000000,733.0,650400,140610,30,180,750
2025-06-09 10:28:31.000000,733.0,650430,140610,30,180,690
2025-06-09 10:28:31.000000,734.45,650430,140610,30,180,690
2025-06-09 10:28:32.000000,734.65,650490,140610,30,210,450
2025-06-09 10:28:32.000000,734.65,650490,140610,30,210,450
2025-06-09 10:28:33.000000,732.3,650520,140610,30,300,540
2025-06-09 10:28:33.000000,732.3,650520,140610,30,300,540
2025-06-09 10:28:34.000000,732.3,650520,140610,30,210,270
2025-06-09 10:28:35.000000,732.35,650520,140610,30,210,270
2025-06-09 10:28:36.000000,732.35,650640,140610,30,210,780
2025-06-09 10:28:37.000000,732.35,650640,140610,30,270,210
2025-06-09 10:28:37.000000,731.4,650640,140610,30,270,210
2025-06-09 10:28:38.000000,730.7,650640,140610,30,270,210
2025-06-09 10:28:38.000000,730.7,650700,140610,30,420,150
2025-06-09 10:28:39.000000,733.5,650700,140610,30,420,150
2025-06-09 10:28:39.000000,732.8,650970,140610,30,240,870
2025-06-09 10:28:39.000000,732.8,650970,140610,30,240,870
2025-06-09 10:28:41.000000,732.8,650970,140610,30,210,420
2025-06-09 10:28:42.000000,732.8,650970,140610,30,390,180
2025-06-09 10:28:43.000000,732.8,650970,140610,30,270,870
2025-06-09 10:28:44.000000,735.7,650970,140610,30,270,870
2025-06-09 10:28:44.000000,735.7,651120,140610,30,300,300
2025-06-09 10:28:46.000000,735.7,651120,140610,30,270,1020
2025-06-09 10:28:46.000000,736.6,651120,140610,30,270,1020
2025-06-09 10:28:47.000000,736.6,651150,140610,30,330,660
2025-06-09 10:28:48.000000,733.65,651150,140610,30,330,660
2025-06-09 10:28:48.000000,733.65,651210,140610,30,330,270
2025-06-09 10:28:49.000000,734.95,651210,140610,30,330,270
2025-06-09 10:28:49.000000,734.95,651240,140610,30,360,270
2025-06-09 10:28:50.000000,735.0,651240,140610,30,360,270
2025-06-09 10:28:51.000000,735.0,651270,140610,30,330,450
2025-06-09 10:28:52.000000,735.0,651270,140610,30,390,210
2025-06-09 10:28:53.000000,735.0,651270,140610,30,330,240
2025-06-09 10:28:54.000000,735.0,651270,140610,30,300,300
2025-06-09 10:28:55.000000,735.3,651270,140610,30,300,300
2025-06-09 10:28:56.000000,735.3,651300,140610,30,180,300
2025-06-09 10:28:57.000000,735.3,651300,140610,30,240,390
2025-06-09 10:28:58.000000,735.3,651300,140610,30,180,810
2025-06-09 10:29:00.000000,735.3,651300,140610,30,210,750
2025-06-09 10:29:00.000000,735.3,651300,140610,30,210,750
2025-06-09 10:29:01.000000,735.3,651300,140610,30,240,270
2025-06-09 10:29:02.000000,735.3,651300,140610,30,240,360
2025-06-09 10:29:03.000000,734.6,651300,140610,30,240,360
2025-06-09 10:29:03.000000,734.6,651360,140610,30,270,150
2025-06-09 10:29:04.000000,737.55,651360,140610,30,270,150
2025-06-09 10:29:04.000000,735.95,651360,140610,30,270,150
2025-06-09 10:29:05.000000,735.95,651510,140610,30,330,420
2025-06-09 10:29:05.000000,734.05,651510,140610,30,330,420
2025-06-09 10:29:06.000000,734.05,651540,140610,30,240,1110
2025-06-09 10:29:07.000000,734.05,651540,140610,30,240,1110
2025-06-09 10:29:07.000000,735.3,651540,140610,30,240,1110
2025-06-09 10:29:08.000000,736.0,651540,140610,30,240,1110
2025-06-09 10:29:08.000000,736.0,651630,140610,30,330,540
2025-06-09 10:29:10.000000,736.0,651630,140610,30,420,720
2025-06-09 10:29:11.000000,735.1,651630,140610,30,420,720
2025-06-09 10:29:11.000000,735.1,651690,140610,30,210,810
2025-06-09 10:29:12.000000,735.1,651690,140610,30,180,780
2025-06-09 10:29:13.000000,735.1,651690,140610,30,180,270
2025-06-09 10:29:15.000000,735.1,651690,140610,30,240,810
2025-06-09 10:29:16.000000,735.1,651690,140610,30,240,810
2025-06-09 10:29:16.000000,735.95,651690,140610,30,240,810
2025-06-09 10:29:17.000000,735.95,651720,140610,30,240,630
2025-06-09 10:29:18.000000,735.95,651720,140610,30,360,420
2025-06-09 10:29:19.000000,736.0,651720,140610,30,360,420
2025-06-09 10:29:20.000000,736.0,651750,140610,30,180,360
2025-06-09 10:29:20.000000,736.6,651750,140610,30,180,360
2025-06-09 10:29:21.000000,736.6,651780,140610,30,300,1080
2025-06-09 10:29:22.000000,736.6,651780,140610,30,210,450
2025-06-09 10:29:23.000000,736.6,651780,140610,30,240,330
2025-06-09 10:29:24.000000,736.6,651780,140610,30,300,210
2025-06-09 10:29:26.000000,736.6,651780,140610,30,390,180
2025-06-09 10:29:27.000000,736.6,651780,140610,30,210,240
2025-06-09 10:29:28.000000,736.6,651780,140610,30,330,270
2025-06-09 10:29:29.000000,736.75,651780,140610,30,330,270
2025-06-09 10:29:29.000000,736.75,651810,140610,30,300,240
2025-06-09 10:29:30.000000,736.75,651810,140610,30,300,240
2025-06-09 10:29:31.000000,736.75,651810,140610,30,420,180
2025-06-09 10:29:32.000000,734.9,651810,140610,30,420,180
2025-06-09 10:29:32.000000,734.9,651840,140610,30,270,150
2025-06-09 10:29:33.000000,734.9,651840,140610,30,300,270
2025-06-09 10:29:34.000000,734.7,651840,140610,30,300,270
2025-06-09 10:29:34.000000,736.6,651990,140610,30,240,420
2025-06-09 10:29:35.000000,736.6,651990,140610,30,240,420
2025-06-09 10:29:36.000000,737.05,651990,140610,30,240,420
2025-06-09 10:29:36.000000,737.05,652020,140610,30,270,390
2025-06-09 10:29:37.000000,737.0,652020,140610,30,270,390
2025-06-09 10:29:37.000000,737.0,652110,140610,30,240,240
2025-06-09 10:29:38.000000,737.0,652110,140610,30,330,420
2025-06-09 10:29:39.000000,737.0,652110,140610,30,180,270
2025-06-09 10:29:41.000000,737.0,652110,140610,30,240,270
2025-06-09 10:29:42.000000,739.0,652110,140610,30,240,270
2025-06-09 10:29:42.000000,739.0,652140,140610,30,300,270
2025-06-09 10:29:43.000000,740.15,652140,140610,30,300,270
2025-06-09 10:29:43.000000,740.15,652230,140610,30,270,270
2025-06-09 10:29:44.000000,740.15,652230,140610,30,360,480
2025-06-09 10:29:46.000000,741.35,652230,140610,30,360,480
2025-06-09 10:29:46.000000,741.2,652290,140610,30,180,390
2025-06-09 10:29:47.000000,741.2,652290,140610,30,180,390
2025-06-09 10:29:47.000000,741.2,652290,140610,30,270,810
2025-06-09 10:29:48.000000,741.85,652290,140610,180,270,810
2025-06-09 10:29:48.000000,742.55,652530,140610,30,270,720
2025-06-09 10:29:48.000000,742.55,652530,140610,30,270,720
2025-06-09 10:29:48.000000,742.55,652530,140610,30,270,720
2025-06-09 10:29:49.000000,742.55,652530,140610,30,270,720
2025-06-09 10:29:49.000000,740.4,652590,140610,30,510,240
2025-06-09 10:29:50.000000,740.4,652590,140610,30,510,240
2025-06-09 10:29:51.000000,740.2,652590,140610,30,510,240
2025-06-09 10:29:51.000000,740.2,652620,140610,30,210,270
2025-06-09 10:29:52.000000,740.2,652620,140610,30,300,900
2025-06-09 10:29:53.000000,741.45,652620,140610,120,300,900
2025-06-09 10:29:53.000000,741.45,653070,140610,120,300,360
2025-06-09 10:29:54.000000,740.65,653070,140610,30,300,360
2025-06-09 10:29:54.000000,738.7,653220,140610,30,330,330
2025-06-09 10:29:55.000000,738.7,653220,140610,30,330,330
2025-06-09 10:29:56.000000,738.7,653220,140610,30,390,750
2025-06-09 10:29:57.000000,738.7,653220,140610,30,240,750
2025-06-09 10:29:58.000000,738.7,653220,140610,30,210,1020
2025-06-09 10:29:59.000000,738.7,653220,140610,30,180,1320
2025-06-09 10:30:00.000000,738.7,653220,140610,30,180,1320
2025-06-09 10:30:01.000000,738.7,653220,140610,30,180,720
2025-06-09 10:30:02.000000,738.7,653220,140610,30,210,1110
2025-06-09 10:30:03.000000,738.25,653220,140610,30,210,1110
2025-06-09 10:30:03.000000,738.25,653820,140610,30,180,840
2025-06-09 10:30:04.000000,736.75,653820,140610,90,180,840
2025-06-09 10:30:04.000000,738.95,655800,140610,150,270,870
2025-06-09 10:30:05.000000,738.95,655800,140610,150,270,870
2025-06-09 10:30:06.000000,738.95,655800,140610,150,270,780
2025-06-09 10:30:07.000000,738.95,655800,140610,150,240,1410
2025-06-09 10:30:07.000000,738.2,655800,140610,30,240,1410
2025-06-09 10:30:08.000000,738.2,655830,140610,30,240,180
2025-06-09 10:30:09.000000,738.2,655830,140610,30,420,870
2025-06-09 10:30:10.000000,738.2,655830,140610,30,420,870
2025-06-09 10:30:11.000000,738.2,655860,140610,30,270,600
2025-06-09 10:30:11.000000,737.4,655860,140610,30,270,600
2025-06-09 10:30:12.000000,736.75,655860,140610,120,270,600
2025-06-09 10:30:12.000000,736.75,657690,140610,270,180,330
2025-06-09 10:30:13.000000,735.55,657690,140610,210,180,330
2025-06-09 10:30:13.000000,735.55,658290,140610,210,450,210
2025-06-09 10:30:14.000000,735.3,658290,140610,30,450,210
2025-06-09 10:30:14.000000,735.3,658320,140610,30,210,210
2025-06-09 10:30:15.000000,737.35,658320,140610,30,210,210
2025-06-09 10:30:15.000000,737.35,658350,140610,30,690,180
2025-06-09 10:30:16.000000,735.8,658350,140610,30,690,180
2025-06-09 10:30:17.000000,735.8,658440,140610,30,300,180
2025-06-09 10:30:18.000000,735.8,658440,140610,30,180,270
2025-06-09 10:30:19.000000,735.8,658440,140610,30,330,210
2025-06-09 10:30:20.000000,735.8,658440,140610,30,240,270
2025-06-09 10:30:22.000000,735.8,658440,140610,30,510,150
2025-06-09 10:30:22.000000,736.3,658440,140610,30,510,150
2025-06-09 10:30:23.000000,736.3,658470,140610,30,180,240
2025-06-09 10:30:23.000000,735.5,658470,140610,30,180,240
2025-06-09 10:30:24.000000,735.5,658740,140610,30,240,180
2025-06-09 10:30:25.000000,737.55,658740,140610,30,240,180
2025-06-09 10:30:25.000000,737.55,658830,140610,30,210,240
2025-06-09 10:30:26.000000,735.0,658830,140610,30,210,240
2025-06-09 10:30:27.000000,735.0,659010,140610,30,420,690
2025-06-09 10:30:28.000000,735.0,659010,140610,30,300,390
2025-06-09 10:30:29.000000,733.0,659010,140610,90,300,390
2025-06-09 10:30:29.000000,733.0,659340,140610,90,420,270
2025-06-09 10:30:30.000000,733.0,659340,140610,90,420,270
2025-06-09 10:30:30.000000,733.0,659340,140610,90,480,210
2025-06-09 10:30:32.000000,733.0,659340,140610,90,300,210
2025-06-09 10:30:32.000000,733.3,659340,140610,30,300,210
2025-06-09 10:30:33.000000,733.3,659370,140610,30,540,300
2025-06-09 10:30:34.000000,734.05,659370,140610,30,540,300
2025-06-09 10:30:34.000000,732.6,659880,140610,90,420,210
2025-06-09 10:30:35.000000,734.0,659880,140610,30,420,210
2025-06-09 10:30:35.000000,734.0,659910,140610,30,240,300
2025-06-09 10:30:36.000000,734.3,659910,140610,30,240,300
2025-06-09 10:30:37.000000,734.3,659940,140610,30,360,360
2025-06-09 10:30:38.000000,734.3,659940,140610,30,270,270
2025-06-09 10:30:39.000000,734.3,659940,140610,30,300,240
2025-06-09 10:30:40.000000,734.3,659940,140610,30,720,390
2025-06-09 10:30:41.000000,732.45,659940,140520,120,720,390
2025-06-09 10:30:42.000000,732.45,660540,140520,120,780,330
2025-06-09 10:30:42.000000,734.4,660540,140520,30,780,330
2025-06-09 10:30:43.000000,734.4,660570,140520,30,270,300
2025-06-09 10:30:44.000000,734.4,660570,140520,30,840,270
2025-06-09 10:30:45.000000,732.95,660570,140520,30,840,270
2025-06-09 10:30:45.000000,732.95,660660,140520,30,330,300
2025-06-09 10:30:46.000000,732.0,660660,140520,30,330,300
2025-06-09 10:30:47.000000,732.75,660660,140520,30,330,300
2025-06-09 10:30:47.000000,732.75,661320,140520,30,180,330
2025-06-09 10:30:48.000000,732.75,661320,140520,30,210,180
2025-06-09 10:30:49.000000,734.55,661320,140520,30,210,180
2025-06-09 10:30:49.000000,734.55,661350,140520,30,240,270
2025-06-09 10:30:50.000000,734.5,661350,140520,30,240,270
2025-06-09 10:30:50.000000,732.5,661890,140520,90,480,300
2025-06-09 10:30:51.000000,732.5,661890,140520,90,480,300
2025-06-09 10:30:52.000000,734.8,661890,140520,30,480,300
2025-06-09 10:30:52.000000,734.8,661920,140520,30,270,300
2025-06-09 10:30:53.000000,734.45,661920,140520,30,270,300
2025-06-09 10:30:53.000000,734.45,661950,140520,30,210,270
2025-06-09 10:30:54.000000,734.45,661950,140520,30,1110,390
2025-06-09 10:30:55.000000,739.9,661950,140520,30,1110,390
2025-06-09 10:30:55.000000,742.0,662460,140520,30,840,780
2025-06-09 10:30:56.000000,742.0,662460,140520,60,840,780
2025-06-09 10:30:57.000000,739.15,662460,140520,60,840,780
2025-06-09 10:30:57.000000,739.15,663240,140520,60,1020,960
2025-06-09 10:30:58.000000,739.8,663240,140520,60,1020,960
2025-06-09 10:30:58.000000,737.05,664260,140520,30,210,150
2025-06-09 10:30:59.000000,737.15,664260,140520,30,210,150
2025-06-09 10:30:59.000000,737.15,664380,140520,30,1050,150
2025-06-09 10:31:00.000000,737.15,664380,140520,30,1050,150
2025-06-09 10:31:00.000000,742.4,665280,140520,90,150,300
2025-06-09 10:31:01.000000,742.4,665280,140520,90,150,300
2025-06-09 10:31:02.000000,742.4,665280,140520,90,300,300
2025-06-09 10:31:02.000000,740.15,665280,140520,240,300,300
2025-06-09 10:31:03.000000,740.15,666180,140520,240,390,330
2025-06-09 10:31:04.000000,738.15,666180,140520,30,390,330
2025-06-09 10:31:04.000000,738.15,666240,140520,30,390,210
2025-06-09 10:31:06.000000,738.15,666240,140520,30,240,630
2025-06-09 10:31:07.000000,738.15,666240,140520,30,210,270
2025-06-09 10:31:08.000000,738.15,666240,140520,30,960,840
2025-06-09 10:31:09.000000,738.5,666240,140520,90,960,840
2025-06-09 10:31:09.000000,738.5,666930,140520,90,240,360
2025-06-09 10:31:11.000000,737.0,666990,140520,60,210,300
2025-06-09 10:31:11.000000,737.0,666990,140520,60,210,300
2025-06-09 10:31:12.000000,737.75,666990,140520,30,210,300
2025-06-09 10:31:12.000000,737.75,667050,140520,30,210,210
2025-06-09 10:31:13.000000,737.75,667050,140520,30,210,240
2025-06-09 10:31:14.000000,737.75,667050,140520,30,240,210
2025-06-09 10:31:16.000000,737.75,667050,140520,30,210,210
2025-06-09 10:31:17.000000,737.75,667050,140520,30,270,210
2025-06-09 10:31:17.000000,738.2,667050,140520,30,270,210
2025-06-09 10:31:18.000000,738.3,667140,140520,30,210,330
2025-06-09 10:31:18.000000,738.3,667140,140520,30,210,330
2025-06-09 10:31:19.000000,738.3,667140,140520,30,150,330
2025-06-09 10:31:20.000000,738.0,667140,140520,30,150,330
2025-06-09 10:31:21.000000,738.0,667170,140520,30,270,240
2025-06-09 10:31:21.000000,738.5,667170,140520,30,270,240
2025-06-09 10:31:22.000000,738.5,667560,140520,30,210,330
2025-06-09 10:31:23.000000,738.5,667560,140520,30,240,510
2025-06-09 10:31:24.000000,738.5,667560,140520,30,240,300
2025-06-09 10:31:26.000000,738.5,667560,140520,30,210,630
2025-06-09 10:31:27.000000,738.5,667560,140520,30,360,480
2025-06-09 10:31:27.000000,739.35,667560,140520,30,360,480
2025-06-09 10:31:28.000000,739.35,667620,140520,30,270,240
2025-06-09 10:31:29.000000,739.35,667620,140520,30,210,240
2025-06-09 10:31:30.000000,738.45,667620,140520,30,210,240
2025-06-09 10:31:30.000000,738.45,667620,140520,30,210,240
2025-06-09 10:31:31.000000,738.45,667650,140520,30,270,300
2025-06-09 10:31:32.000000,738.45,667650,140520,30,210,390
2025-06-09 10:31:33.000000,738.45,667650,140520,30,210,660
2025-06-09 10:31:34.000000,738.25,667650,140520,30,210,660
2025-06-09 10:31:34.000000,738.25,667680,140520,30,300,660
2025-06-09 10:31:36.000000,738.25,667680,140520,30,240,240
2025-06-09 10:31:37.000000,738.25,667680,140520,30,270,720
2025-06-09 10:31:37.000000,738.4,667680,140520,30,270,720
2025-06-09 10:31:38.000000,738.4,667740,140520,30,270,210
2025-06-09 10:31:39.000000,738.4,667740,140520,30,360,270
2025-06-09 10:31:41.000000,738.4,667740,140520,30,570,270
2025-06-09 10:31:41.000000,740.95,667740,140520,30,570,270
2025-06-09 10:31:42.000000,740.95,667770,140520,30,300,300
2025-06-09 10:31:42.000000,738.9,667770,140520,30,300,300
2025-06-09 10:31:43.000000,738.9,667800,140520,30,330,570
2025-06-09 10:31:44.000000,738.9,667800,140520,30,270,300
2025-06-09 10:31:45.000000,740.5,667800,140520,30,270,300
2025-06-09 10:31:46.000000,740.5,667890,140520,30,240,240
2025-06-09 10:31:47.000000,741.5,667920,140520,30,210,180
2025-06-09 10:31:47.000000,741.5,667920,140520,30,210,180
2025-06-09 10:31:48.000000,741.5,667920,140520,30,360,540
2025-06-09 10:31:49.000000,741.5,667920,140520,30,180,270
2025-06-09 10:31:50.000000,741.5,667920,140520,30,180,270
2025-06-09 10:31:51.000000,741.5,667950,140520,30,270,180
2025-06-09 10:31:52.000000,741.5,667950,140520,30,300,210
2025-06-09 10:31:53.000000,741.45,667980,140520,30,180,300
2025-06-09 10:31:53.000000,741.45,667980,140520,30,180,300
2025-06-09 10:31:54.000000,741.5,667980,140520,30,180,300
2025-06-09 10:31:54.000000,741.5,668010,140520,30,270,390
2025-06-09 10:31:56.000000,741.5,668010,140520,30,300,330
2025-06-09 10:31:57.000000,741.5,668010,140520,30,180,270
2025-06-09 10:31:58.000000,741.5,668010,140520,30,210,270
2025-06-09 10:31:59.000000,741.5,668010,140520,30,300,750
2025-06-09 10:32:00.000000,743.05,668010,140520,30,300,750
2025-06-09 10:32:00.000000,743.05,668010,140520,30,300,750
2025-06-09 10:32:01.000000,742.25,668010,140520,30,300,750
2025-06-09 10:32:01.000000,742.25,668160,140520,30,330,240
2025-06-09 10:32:02.000000,741.45,668160,140520,30,330,240
2025-06-09 10:32:02.000000,741.45,668220,140520,30,210,300
2025-06-09 10:32:03.000000,741.45,668220,140520,30,210,510
2025-06-09 10:32:04.000000,741.45,668220,140520,30,420,240
2025-06-09 10:32:06.000000,741.45,668220,140520,30,180,210
2025-06-09 10:32:07.000000,741.45,668220,140520,30,300,210
2025-06-09 10:32:08.000000,741.05,668220,140520,30,300,210
2025-06-09 10:32:08.000000,741.05,668280,140520,30,240,180
2025-06-09 10:32:09.000000,740.35,668280,140520,30,240,180
2025-06-09 10:32:09.000000,740.35,668310,140520,30,300,540
2025-06-09 10:32:10.000000,740.5,668310,140520,30,300,540
2025-06-09 10:32:11.000000,740.5,668370,140520,30,390,210
2025-06-09 10:32:12.000000,740.5,668370,140520,30,510,300
2025-06-09 10:32:12.000000,742.05,668370,140520,30,510,300
2025-06-09 10:32:13.000000,742.0,668370,140520,30,510,300
2025-06-09 10:32:13.000000,742.0,668430,140520,30,390,300
2025-06-09 10:32:14.000000,742.0,668430,140520,30,330,270
2025-06-09 10:32:15.000000,740.5,668430,140520,30,330,270
2025-06-09 10:32:15.000000,740.5,668460,140520,30,180,420
2025-06-09 10:32:17.000000,740.5,668460,140520,30,210,390
2025-06-09 10:32:18.000000,740.5,668460,140520,30,270,330
2025-06-09 10:32:19.000000,740.5,668460,140520,30,390,420
2025-06-09 10:32:20.000000,740.5,668460,140520,30,270,510
2025-06-09 10:32:22.000000,740.5,668460,140520,30,330,210
2025-06-09 10:32:23.000000,740.5,668460,140520,30,270,360
2025-06-09 10:32:24.000000,740.5,668460,140520,30,330,240
2025-06-09 10:32:24.000000,741.55,668460,140520,30,330,240
2025-06-09 10:32:25.000000,740.0,668460,140520,30,330,240
2025-06-09 10:32:25.000000,740.0,668550,140520,30,330,210
2025-06-09 10:32:26.000000,739.5,668550,140520,30,330,210
2025-06-09 10:32:27.000000,739.5,668640,140520,30,210,210
2025-06-09 10:32:28.000000,739.5,668640,140520,30,390,270
2025-06-09 10:32:29.000000,739.5,668640,140520,30,420,360
2025-06-09 10:32:30.000000,739.5,668640,140520,30,420,360
2025-06-09 10:32:30.000000,739.5,668640,140520,30,210,300
2025-06-09 10:32:32.000000,739.5,668640,140520,30,180,390
2025-06-09 10:32:33.000000,739.5,668640,140520,30,240,240
2025-06-09 10:32:34.000000,739.5,668640,140520,30,210,1080
2025-06-09 10:32:35.000000,739.5,668640,140520,30,270,270
2025-06-09 10:32:37.000000,739.5,668640,140520,30,300,240
2025-06-09 10:32:38.000000,739.5,668640,140520,30,480,210
2025-06-09 10:32:39.000000,739.5,668640,140520,30,210,690
2025-06-09 10:32:40.000000,739.5,668640,140520,30,270,660
2025-06-09 10:32:41.000000,739.65,668640,140520,30,270,660
2025-06-09 10:32:42.000000,739.65,668730,140520,30,240,720
2025-06-09 10:32:43.000000,739.8,668730,140520,30,240,720
2025-06-09 10:32:43.000000,739.8,668760,140520,30,270,630
2025-06-09 10:32:44.000000,742.0,668760,140520,30,270,630
2025-06-09 10:32:44.000000,742.0,668850,140520,30,270,270
2025-06-09 10:32:45.000000,740.15,668850,140520,30,270,270
2025-06-09 10:32:45.000000,740.15,668910,140520,30,240,420
2025-06-09 10:32:46.000000,739.6,668910,140520,30,240,420
2025-06-09 10:32:46.000000,739.55,668970,140520,30,420,960
2025-06-09 10:32:47.000000,739.55,668970,140520,30,420,960
2025-06-09 10:32:48.000000,739.55,668970,140520,30,210,660
2025-06-09 10:32:49.000000,739.55,668970,140520,30,210,360
2025-06-09 10:32:50.000000,741.7,668970,140520,30,210,360
2025-06-09 10:32:50.000000,741.7,669000,140520,30,270,450
2025-06-09 10:32:51.000000,741.7,669000,140520,30,240,900
2025-06-09 10:32:52.000000,743.0,669000,140520,30,240,900
2025-06-09 10:32:53.000000,743.0,669420,140520,30,300,420
2025-06-09 10:32:53.000000,745.0,669420,140520,30,300,420
2025-06-09 10:32:54.000000,744.0,669420,140520,30,300,420
2025-06-09 10:32:54.000000,744.0,669690,140520,30,450,240
2025-06-09 10:32:55.000000,744.0,669690,140520,30,300,720
2025-06-09 10:32:55.000000,745.9,669690,140520,30,300,720
2025-06-09 10:32:56.000000,745.85,669690,140520,240,300,720
2025-06-09 10:32:56.000000,745.8,672090,140520,240,210,300
2025-06-09 10:32:57.000000,745.8,672090,140520,240,210,300
2025-06-09 10:32:58.000000,746.85,672090,140520,30,210,300
2025-06-09 10:32:58.000000,746.35,675180,140520,30,300,240
2025-06-09 10:32:59.000000,746.35,675180,140520,30,300,240
2025-06-09 10:32:59.000000,744.95,676410,140520,180,210,210
2025-06-09 10:33:00.000000,745.3,676410,140520,30,210,210
2025-06-09 10:33:00.000000,745.3,676410,140520,30,210,210
2025-06-09 10:33:00.000000,745.65,678210,140520,90,360,240
2025-06-09 10:33:01.000000,743.7,678210,140520,30,360,240
2025-06-09 10:33:01.000000,743.7,678240,140520,30,300,780
2025-06-09 10:33:02.000000,745.15,678240,140520,30,300,780
2025-06-09 10:33:03.000000,745.15,678300,140520,30,240,420
2025-06-09 10:33:04.000000,745.15,678300,140520,30,270,210
2025-06-09 10:33:05.000000,743.45,678300,140520,30,270,210
2025-06-09 10:33:05.000000,743.45,678390,140520,30,300,390
2025-06-09 10:33:06.000000,743.45,678390,140520,30,270,360
2025-06-09 10:33:08.000000,743.45,678390,140520,30,180,390
2025-06-09 10:33:09.000000,743.45,678390,140520,30,330,300
2025-06-09 10:33:10.000000,743.45,678390,140520,30,270,240
2025-06-09 10:33:11.000000,741.5,678390,140520,30,270,240
2025-06-09 10:33:11.000000,741.5,678420,140520,30,450,420
2025-06-09 10:33:13.000000,741.5,678420,140520,30,390,480
2025-06-09 10:33:14.000000,741.5,678420,140520,30,330,420
2025-06-09 10:33:14.000000,739.5,678420,140520,30,330,420
2025-06-09 10:33:15.000000,739.5,678480,140520,30,210,300
2025-06-09 10:33:16.000000,739.5,678480,140520,30,270,330
2025-06-09 10:33:18.000000,739.5,678480,140520,30,240,240
2025-06-09 10:33:19.000000,739.5,678480,140520,30,240,240
2025-06-09 10:33:20.000000,739.5,678480,140520,30,210,420
2025-06-09 10:33:22.000000,739.5,678480,140520,30,240,300
2025-06-09 10:33:22.000000,741.65,678480,140520,30,240,300
2025-06-09 10:33:23.000000,741.65,678780,140520,30,240,450
2025-06-09 10:33:24.000000,741.65,678780,140520,30,240,240
2025-06-09 10:33:25.000000,741.65,678780,140520,30,300,300
2025-06-09 10:33:25.000000,740.95,678780,140520,30,300,300
2025-06-09 10:33:26.000000,740.95,678810,140520,30,360,330
2025-06-09 10:33:28.000000,740.95,678810,140520,30,180,180
2025-06-09 10:33:29.000000,740.6,678810,140520,30,180,180
2025-06-09 10:33:29.000000,740.6,678870,140520,30,150,270
2025-06-09 10:33:30.000000,739.5,678870,140520,30,150,270
2025-06-09 10:33:30.000000,739.5,678870,140520,30,150,270
2025-06-09 10:33:30.000000,739.5,678900,140520,30,210,270
2025-06-09 10:33:31.000000,739.5,678900,140520,30,330,300
2025-06-09 10:33:33.000000,740.65,678930,140520,30,180,420
2025-06-09 10:33:33.000000,740.65,678930,140520,30,180,420
2025-06-09 10:33:34.000000,740.65,678930,140520,30,240,240
2025-06-09 10:33:35.000000,740.65,678930,140520,30,180,750
2025-06-09 10:33:36.000000,739.55,678930,140520,30,180,750
2025-06-09 10:33:36.000000,739.55,678960,140520,30,180,360
2025-06-09 10:33:37.000000,740.95,678960,140520,30,180,360
2025-06-09 10:33:38.000000,739.55,679020,140520,30,240,900
2025-06-09 10:33:38.000000,739.55,679020,140520,30,240,900
2025-06-09 10:33:39.000000,739.5,679050,140520,30,300,780
2025-06-09 10:33:39.000000,739.5,679050,136830,30,300,780
2025-06-09 10:33:40.000000,739.5,679050,136830,30,240,240
2025-06-09 10:33:41.000000,739.5,679050,136830,30,300,210
2025-06-09 10:33:42.000000,741.0,679050,136830,30,300,210
2025-06-09 10:33:43.000000,741.0,679080,136830,30,300,210
2025-06-09 10:33:43.000000,739.0,679080,136830,30,300,210
2025-06-09 10:33:44.000000,739.0,679110,136830,30,240,390
2025-06-09 10:33:45.000000,739.0,679110,136830,30,360,180
2025-06-09 10:33:46.000000,739.0,679110,136830,30,270,180
2025-06-09 10:33:47.000000,739.0,679110,136830,30,240,270
2025-06-09 10:33:47.000000,741.0,679110,136830,30,240,270
2025-06-09 10:33:49.000000,741.0,679140,136830,30,270,360
2025-06-09 10:33:50.000000,741.0,679140,136830,30,300,300
2025-06-09 10:33:51.000000,741.0,679140,136830,30,270,210
2025-06-09 10:33:52.000000,740.55,679140,136830,30,270,210
2025-06-09 10:33:52.000000,740.55,679170,136830,30,270,210
2025-06-09 10:33:54.000000,740.55,679170,136830,30,360,210
2025-06-09 10:33:55.000000,740.55,679170,136830,30,180,270
2025-06-09 10:33:56.000000,740.55,679170,136830,30,270,330
2025-06-09 10:33:57.000000,740.55,679170,136830,30,390,240
2025-06-09 10:33:58.000000,740.55,679170,136830,30,270,750
2025-06-09 10:34:00.000000,740.55,679170,136830,30,420,210
2025-06-09 10:34:00.000000,740.55,679170,136830,30,420,210
2025-06-09 10:34:01.000000,740.55,679170,136830,30,390,750
2025-06-09 10:34:02.000000,740.55,679170,136830,30,240,180
2025-06-09 10:34:03.000000,744.2,679170,136830,30,240,180
2025-06-09 10:34:03.000000,744.2,679200,136830,30,270,780
2025-06-09 10:34:05.000000,744.2,679200,136830,30,270,990
2025-06-09 10:34:06.000000,744.2,679200,136830,30,300,1020
2025-06-09 10:34:07.000000,746.2,679200,136830,30,300,1020
2025-06-09 10:34:07.000000,746.2,679230,136830,30,300,720
2025-06-09 10:34:08.000000,744.6,679230,136830,30,300,720
2025-06-09 10:34:08.000000,744.6,679320,136830,30,390,720
2025-06-09 10:34:09.000000,743.95,679320,136830,30,390,720
2025-06-09 10:34:09.000000,743.95,679500,136830,30,210,990
2025-06-09 10:34:11.000000,743.95,679500,136830,30,210,150
2025-06-09 10:34:11.000000,745.9,679500,136830,30,210,150
2025-06-09 10:34:12.000000,745.9,679560,136830,30,210,690
2025-06-09 10:34:12.000000,745.05,679560,136830,30,210,690
2025-06-09 10:34:13.000000,745.05,679590,136830,30,300,690
2025-06-09 10:34:14.000000,745.05,679590,136830,30,300,270
2025-06-09 10:34:16.000000,745.05,679590,136830,30,420,270
2025-06-09 10:34:17.000000,745.05,679590,136830,30,300,240
2025-06-09 10:34:18.000000,745.05,679590,136830,30,390,180
2025-06-09 10:34:19.000000,745.05,679590,136830,30,360,660
2025-06-09 10:34:21.000000,745.05,679590,136830,30,210,210
2025-06-09 10:34:22.000000,745.05,679590,136830,30,300,420
2025-06-09 10:34:22.000000,744.1,679590,136830,30,300,420
2025-06-09 10:34:23.000000,744.1,679650,136830,30,240,210
2025-06-09 10:34:24.000000,744.1,679650,136830,30,330,240
2025-06-09 10:34:25.000000,744.1,679650,136830,30,300,510
2025-06-09 10:34:25.000000,744.7,679650,136830,90,300,510
2025-06-09 10:34:27.000000,744.7,679770,136830,90,240,240
2025-06-09 10:34:28.000000,744.7,679770,136830,90,240,330
2025-06-09 10:34:29.000000,744.7,679770,136830,90,390,180
2025-06-09 10:34:30.000000,744.7,679770,136830,90,390,180
2025-06-09 10:34:30.000000,744.7,679770,136830,90,240,450
2025-06-09 10:34:31.000000,744.7,679770,136830,90,420,210
2025-06-09 10:34:33.000000,744.7,679770,136830,90,180,330
2025-06-09 10:34:33.000000,744.7,679770,136830,30,180,330
2025-06-09 10:34:34.000000,744.55,679770,136830,60,180,330
2025-06-09 10:34:34.000000,744.55,679860,136830,60,330,360
2025-06-09 10:34:35.000000,744.55,679860,136830,60,210,390
2025-06-09 10:34:35.000000,744.0,679860,136830,30,210,390
2025-06-09 10:34:36.000000,744.0,679890,136830,30,240,480
2025-06-09 10:34:38.000000,744.0,679890,136830,30,300,180
2025-06-09 10:34:39.000000,744.0,679890,136830,30,240,270
2025-06-09 10:34:40.000000,744.0,679890,136830,30,270,240
2025-06-09 10:34:40.000000,742.45,679890,136830,30,270,240
2025-06-09 10:34:41.000000,741.0,679890,136830,30,270,240
2025-06-09 10:34:41.000000,739.8,680010,136830,30,300,390
2025-06-09 10:34:42.000000,739.8,680010,136830,30,300,390
2025-06-09 10:34:42.000000,739.8,680010,136830,30,180,270
2025-06-09 10:34:43.000000,739.0,680010,136830,30,180,270
2025-06-09 10:34:44.000000,739.0,680040,136830,30,240,240
2025-06-09 10:34:45.000000,739.0,680040,136830,30,390,450
2025-06-09 10:34:46.000000,739.0,680040,136830,30,360,270
2025-06-09 10:34:47.000000,739.95,680040,136830,30,360,270
2025-06-09 10:34:47.000000,739.95,680070,136830,30,300,270
2025-06-09 10:34:49.000000,739.95,680070,136830,30,570,240
2025-06-09 10:34:50.000000,739.45,680070,136830,30,570,240
2025-06-09 10:34:50.000000,738.0,680130,136830,30,570,180
2025-06-09 10:34:51.000000,738.0,680130,136830,30,570,180
2025-06-09 10:34:51.000000,738.0,680130,136830,30,540,240
2025-06-09 10:34:52.000000,737.75,680130,136830,240,540,240
2025-06-09 10:34:52.000000,737.75,680490,136830,240,480,270
2025-06-09 10:34:53.000000,738.3,680490,136830,30,480,270
2025-06-09 10:34:53.000000,738.3,680520,136830,30,330,360
2025-06-09 10:34:55.000000,738.3,680520,136830,30,360,270
2025-06-09 10:34:55.000000,736.85,680520,136830,30,360,270
2025-06-09 10:34:56.000000,736.85,680550,136830,30,210,270
2025-06-09 10:34:57.000000,738.3,680550,136830,30,210,270
2025-06-09 10:34:57.000000,738.3,680580,136830,30,660,270
2025-06-09 10:34:58.000000,738.3,680580,136830,30,240,240
2025-06-09 10:34:59.000000,736.6,680580,136830,30,240,240
2025-06-09 10:35:00.000000,736.6,680610,136830,30,600,330
2025-06-09 10:35:00.000000,736.6,680610,136830,30,600,330
2025-06-09 10:35:00.000000,736.55,680610,136830,30,600,330
2025-06-09 10:35:01.000000,736.55,680640,136830,30,780,390
2025-06-09 10:35:02.000000,734.95,680640,136830,30,780,390
2025-06-09 10:35:02.000000,734.95,680940,136830,30,600,390
2025-06-09 10:35:03.000000,737.15,680940,136830,30,600,390
2025-06-09 10:35:03.000000,737.15,680970,136830,30,240,240
2025-06-09 10:35:04.000000,737.15,680970,136830,30,330,330
2025-06-09 10:35:06.000000,737.15,680970,136830,30,420,330
2025-06-09 10:35:07.000000,737.15,680970,136830,30,360,240
2025-06-09 10:35:08.000000,737.15,680970,136830,30,390,240
2025-06-09 10:35:09.000000,737.15,680970,136830,30,360,330
2025-06-09 10:35:10.000000,736.75,680970,136830,30,360,330
2025-06-09 10:35:10.000000,736.75,681000,136830,30,240,330
2025-06-09 10:35:12.000000,736.75,681000,136830,30,270,300
2025-06-09 10:35:13.000000,736.9,681000,136830,30,270,300
2025-06-09 10:35:13.000000,736.9,681060,136830,30,210,300
2025-06-09 10:35:15.000000,736.05,681060,136830,30,210,300
2025-06-09 10:35:15.000000,736.05,681090,136830,30,270,240
2025-06-09 10:35:16.000000,736.05,681090,136830,30,360,390
2025-06-09 10:35:16.000000,735.05,681090,136830,60,360,390
2025-06-09 10:35:17.000000,735.05,681270,136830,60,390,390
2025-06-09 10:35:18.000000,735.05,681270,136830,60,180,330
2025-06-09 10:35:20.000000,736.65,681270,136830,30,180,330
2025-06-09 10:35:20.000000,736.65,681300,136830,30,330,240
2025-06-09 10:35:21.000000,736.65,681300,136830,30,300,300
2025-06-09 10:35:22.000000,736.65,681300,136830,30,690,330
2025-06-09 10:35:23.000000,734.0,681300,136830,30,690,330
2025-06-09 10:35:23.000000,733.05,682590,136830,30,390,330
2025-06-09 10:35:24.000000,733.05,682590,136830,30,390,330
2025-06-09 10:35:25.000000,733.05,682590,136830,30,480,300
2025-06-09 10:35:25.000000,731.45,682590,136830,30,480,300
2025-06-09 10:35:26.000000,731.45,682620,136830,30,390,210
2025-06-09 10:35:26.000000,730.45,682620,136830,30,390,210
2025-06-09 10:35:27.000000,729.3,682860,136830,30,270,270
2025-06-09 10:35:27.000000,729.3,682860,136830,30,270,270
2025-06-09 10:35:28.000000,729.9,682860,136830,30,270,270
2025-06-09 10:35:28.000000,729.4,682920,136830,30,540,360
2025-06-09 10:35:29.000000,729.45,682920,136830,30,540,360
2025-06-09 10:35:30.000000,729.45,682950,136830,30,270,300
2025-06-09 10:35:30.000000,729.45,682950,136830,30,270,300
2025-06-09 10:35:30.000000,730.6,682950,136830,30,270,300
2025-06-09 10:35:31.000000,730.6,682980,136830,30,330,240
2025-06-09 10:35:32.000000,730.6,682980,136830,30,240,210
2025-06-09 10:35:33.000000,730.6,682980,136830,30,150,390
2025-06-09 10:35:35.000000,730.6,682980,136830,30,240,240
2025-06-09 10:35:36.000000,730.6,682980,136830,30,270,240
2025-06-09 10:35:37.000000,730.6,682980,136830,30,210,330
2025-06-09 10:35:38.000000,730.0,682980,136830,30,210,330
2025-06-09 10:35:38.000000,730.0,683010,136830,30,240,330
2025-06-09 10:35:40.000000,730.0,683010,136830,30,270,450
2025-06-09 10:35:41.000000,730.0,683010,136830,30,300,390
2025-06-09 10:35:42.000000,730.0,683010,136830,30,210,300
2025-06-09 10:35:43.000000,730.0,683010,136830,30,540,300
2025-06-09 10:35:44.000000,731.1,683010,136830,30,540,300
2025-06-09 10:35:44.000000,729.35,683010,136830,30,540,300
2025-06-09 10:35:44.000000,730.0,683340,136830,30,510,420
2025-06-09 10:35:45.000000,730.0,683340,136830,30,510,420
2025-06-09 10:35:46.000000,730.0,683340,136830,30,300,390
2025-06-09 10:35:47.000000,730.0,683340,136830,30,300,390
2025-06-09 10:35:47.000000,730.0,683370,136830,30,900,330
2025-06-09 10:35:48.000000,730.0,683370,136830,30,750,360
2025-06-09 10:35:49.000000,730.0,683370,136830,30,750,300
2025-06-09 10:35:50.000000,730.0,683370,136830,30,330,330
2025-06-09 10:35:51.000000,730.0,683370,136830,120,330,330
2025-06-09 10:35:52.000000,730.0,683520,136830,120,210,150
2025-06-09 10:35:53.000000,730.0,683520,136830,120,180,480
2025-06-09 10:35:54.000000,730.0,683520,136830,120,210,390
2025-06-09 10:35:55.000000,730.0,683520,136830,120,300,360
2025-06-09 10:35:56.000000,730.0,683520,136830,120,450,270
2025-06-09 10:35:58.000000,730.0,683520,136830,120,450,450
2025-06-09 10:35:59.000000,728.75,683520,136830,30,450,450
2025-06-09 10:35:59.000000,727.9,683520,136830,30,450,450
2025-06-09 10:35:59.000000,727.9,683640,136830,30,180,210
2025-06-09 10:36:00.000000,727.05,683640,136830,30,180,210
2025-06-09 10:36:00.000000,727.05,683640,136830,30,180,210
2025-06-09 10:36:00.000000,729.05,684300,136830,30,270,390
2025-06-09 10:36:01.000000,729.05,684300,136830,30,270,390
2025-06-09 10:36:01.000000,729.05,684300,136830,30,300,480
2025-06-09 10:36:03.000000,729.05,684300,136830,30,240,240
2025-06-09 10:36:04.000000,729.05,684300,136830,30,300,240
2025-06-09 10:36:05.000000,729.05,684300,136830,30,270,270
2025-06-09 10:36:06.000000,735.05,684300,136830,30,270,270
2025-06-09 10:36:06.000000,733.05,684990,136830,30,540,240
2025-06-09 10:36:07.000000,733.0,684990,136830,30,540,240
2025-06-09 10:36:08.000000,734.8,685230,136830,150,300,300
2025-06-09 10:36:08.000000,734.8,685230,136830,150,300,300
2025-06-09 10:36:09.000000,734.8,685230,136830,150,270,300
2025-06-09 10:36:10.000000,734.8,685230,136830,150,210,360
2025-06-09 10:36:11.000000,734.8,685230,136830,150,210,450
2025-06-09 10:36:12.000000,734.8,685230,136830,150,240,360
2025-06-09 10:36:14.000000,734.8,685230,136830,150,240,360
2025-06-09 10:36:15.000000,734.8,685230,136830,150,240,390
2025-06-09 10:36:16.000000,734.8,685230,136830,150,270,360
2025-06-09 10:36:17.000000,735.0,685230,136830,120,270,360
2025-06-09 10:36:17.000000,736.2,685230,136830,60,270,360
2025-06-09 10:36:17.000000,736.2,685410,136830,60,270,210
2025-06-09 10:36:18.000000,736.0,685410,136830,30,270,210
2025-06-09 10:36:19.000000,736.0,685440,136830,30,540,480
2025-06-09 10:36:20.000000,736.0,685440,136830,30,300,330
2025-06-09 10:36:21.000000,736.0,685440,136830,30,570,330
2025-06-09 10:36:22.000000,736.0,685440,136830,30,240,240
2025-06-09 10:36:24.000000,736.0,685440,136830,30,270,360
2025-06-09 10:36:24.000000,736.0,685440,136830,30,270,360
2025-06-09 10:36:25.000000,736.0,685470,136830,30,210,270
2025-06-09 10:36:26.000000,736.0,685470,136830,30,270,270
2025-06-09 10:36:27.000000,736.0,685470,136830,30,300,240
2025-06-09 10:36:29.000000,736.0,685470,136830,30,240,240
2025-06-09 10:36:29.000000,734.65,685470,136830,30,240,240
2025-06-09 10:36:30.000000,734.65,685500,136830,30,210,300
2025-06-09 10:36:30.000000,734.65,685500,136830,30,210,300
2025-06-09 10:36:31.000000,734.65,685500,136830,30,360,390
2025-06-09 10:36:32.000000,734.65,685500,136830,30,270,360
2025-06-09 10:36:32.000000,735.5,685500,136830,30,270,360
2025-06-09 10:36:34.000000,735.5,685680,136830,30,240,240
2025-06-09 10:36:35.000000,735.5,685680,136830,30,210,360
2025-06-09 10:36:36.000000,736.9,685680,136830,30,210,360
2025-06-09 10:36:36.000000,736.9,685710,136830,30,240,270
2025-06-09 10:36:37.000000,736.9,685710,136830,30,300,300
2025-06-09 10:36:38.000000,736.9,685710,136830,30,240,300
2025-06-09 10:36:40.000000,736.9,685710,136830,30,360,240
2025-06-09 10:36:41.000000,736.9,685710,136830,30,180,240
2025-06-09 10:36:42.000000,736.9,685710,136830,30,210,540
2025-06-09 10:36:43.000000,736.9,685710,136830,30,210,420
2025-06-09 10:36:44.000000,734.65,685710,136680,30,210,420
2025-06-09 10:36:45.000000,734.0,685890,136680,30,240,240
2025-06-09 10:36:45.000000,734.0,685890,136680,30,240,240
2025-06-09 10:36:46.000000,734.0,685890,136680,30,270,330
2025-06-09 10:36:47.000000,734.0,685890,136680,30,330,270
2025-06-09 10:36:48.000000,735.05,685890,136680,30,330,270
2025-06-09 10:36:48.000000,734.6,685890,136680,30,330,270
2025-06-09 10:36:48.000000,734.6,686010,136680,30,210,300
2025-06-09 10:36:50.000000,734.6,686010,136680,30,180,180
2025-06-09 10:36:50.000000,732.0,686010,136680,30,180,180
2025-06-09 10:36:51.000000,732.0,686190,136680,30,210,330
2025-06-09 10:36:52.000000,730.4,686190,136680,30,210,330
2025-06-09 10:36:52.000000,730.4,686490,136680,30,270,360
2025-06-09 10:36:53.000000,730.4,686490,136680,30,180,510
2025-06-09 10:36:55.000000,730.4,686490,136680,30,180,390
2025-06-09 10:36:56.000000,730.4,686490,136680,30,300,330
2025-06-09 10:36:57.000000,730.4,686490,136680,30,300,180
2025-06-09 10:36:58.000000,730.4,686490,136680,30,270,330
2025-06-09 10:37:00.000000,730.4,686490,136680,30,360,360
2025-06-09 10:37:00.000000,730.4,686490,136680,30,360,360
2025-06-09 10:37:01.000000,730.4,686490,136680,30,390,330
2025-06-09 10:37:02.000000,730.4,686490,136680,30,480,330
2025-06-09 10:37:03.000000,730.4,686490,136680,30,270,300
2025-06-09 10:37:04.000000,734.3,686490,136680,30,270,300
2025-06-09 10:37:04.000000,734.3,686520,136680,30,330,270
2025-06-09 10:37:06.000000,734.3,686520,136680,30,270,240
2025-06-09 10:37:07.000000,734.3,686520,136680,30,300,270
2025-06-09 10:37:08.000000,734.3,686520,136680,30,180,540
2025-06-09 10:37:09.000000,734.3,686520,136680,30,300,450
2025-06-09 10:37:11.000000,734.3,686520,136680,30,330,420
2025-06-09 10:37:11.000000,734.1,686520,136680,30,330,420
2025-06-09 10:37:12.000000,734.1,686550,136680,30,300,240
2025-06-09 10:37:13.000000,734.1,686550,136680,30,270,570
2025-06-09 10:37:14.000000,734.1,686550,136680,30,300,210
2025-06-09 10:37:15.000000,734.1,686550,136680,30,180,390
2025-06-09 10:37:17.000000,734.1,686550,136680,30,330,240
2025-06-09 10:37:18.000000,734.1,686550,136680,30,420,210
2025-06-09 10:37:19.000000,734.1,686550,136680,30,210,210
2025-06-09 10:37:20.000000,734.1,686550,136680,30,330,270
2025-06-09 10:37:21.000000,734.1,686550,136680,30,360,180
2025-06-09 10:37:23.000000,734.1,686550,136680,30,600,210
2025-06-09 10:37:24.000000,735.0,686550,136680,30,600,210
2025-06-09 10:37:24.000000,735.0,686580,136680,30,270,450
2025-06-09 10:37:25.000000,735.0,686580,136680,30,300,330
2025-06-09 10:37:26.000000,735.0,686580,136680,30,270,330
2025-06-09 10:37:27.000000,735.0,686580,136680,30,360,180
2025-06-09 10:37:29.000000,735.0,686580,136680,30,270,360
2025-06-09 10:37:29.000000,736.7,686580,136680,30,270,360
2025-06-09 10:37:30.000000,736.7,686610,136680,30,390,300
2025-06-09 10:37:30.000000,736.7,686610,136680,30,390,300
2025-06-09 10:37:30.000000,734.15,686610,136680,30,390,300
2025-06-09 10:37:31.000000,734.15,686760,136680,30,270,330
2025-06-09 10:37:32.000000,734.15,686760,136680,30,240,150
2025-06-09 10:37:33.000000,734.15,686760,136680,30,240,270
2025-06-09 10:37:35.000000,734.15,686760,136680,30,180,240
2025-06-09 10:37:36.000000,734.15,686760,136680,30,300,270
2025-06-09 10:37:37.000000,734.15,686760,136680,30,240,180
2025-06-09 10:37:38.000000,734.15,686760,136680,30,210,360
2025-06-09 10:37:39.000000,734.15,686760,136680,30,300,600
2025-06-09 10:37:41.000000,734.15,686760,136680,30,270,510
2025-06-09 10:37:42.000000,734.15,686760,136680,30,180,390
2025-06-09 10:37:43.000000,734.15,686760,136680,30,240,300
2025-06-09 10:37:44.000000,734.15,686760,136680,30,210,390
2025-06-09 10:37:46.000000,734.15,686760,136680,30,270,270
2025-06-09 10:37:47.000000,734.15,686760,136680,30,270,240
2025-06-09 10:37:48.000000,734.15,686760,136680,30,450,540
2025-06-09 10:37:49.000000,734.15,686760,136680,30,270,390
2025-06-09 10:37:51.000000,734.15,686760,136680,30,480,300
2025-06-09 10:37:52.000000,739.0,686850,136680,30,240,330
2025-06-09 10:37:52.000000,739.0,686850,136680,30,240,330
2025-06-09 10:37:53.000000,739.0,686850,136680,30,270,210
2025-06-09 10:37:54.000000,740.95,686850,136680,90,270,210
2025-06-09 10:37:54.000000,740.95,687240,136680,90,300,390
2025-06-09 10:37:55.000000,740.95,687240,136680,90,300,180
2025-06-09 10:37:57.000000,740.95,687240,136680,90,270,570
2025-06-09 10:37:58.000000,740.95,687240,136680,90,270,570
2025-06-09 10:37:59.000000,740.95,687240,136680,90,330,540
2025-06-09 10:38:00.000000,740.95,687240,136680,90,330,540
2025-06-09 10:38:00.000000,740.95,687240,136680,90,360,510
2025-06-09 10:38:01.000000,740.95,687240,136680,90,240,270
2025-06-09 10:38:02.000000,736.75,687240,136680,30,240,270
2025-06-09 10:38:03.000000,737.3,687300,136680,30,240,480
2025-06-09 10:38:03.000000,737.3,687300,136680,30,240,480
2025-06-09 10:38:04.000000,737.3,687300,136680,30,270,660
2025-06-09 10:38:05.000000,737.3,687300,136680,30,210,540
2025-06-09 10:38:06.000000,737.3,687300,136680,30,450,330
2025-06-09 10:38:07.000000,737.3,687300,136680,30,330,570
2025-06-09 10:38:09.000000,737.3,687300,136680,30,300,600
2025-06-09 10:38:10.000000,737.3,687300,136680,30,270,390
2025-06-09 10:38:11.000000,737.3,687300,136680,30,270,360
2025-06-09 10:38:12.000000,737.3,687300,136680,30,210,240
2025-06-09 10:38:13.000000,737.3,687300,136680,30,420,390
2025-06-09 10:38:15.000000,737.3,687300,136680,30,360,330
2025-06-09 10:38:16.000000,737.3,687300,136680,30,300,270
2025-06-09 10:38:17.000000,737.3,687300,136680,30,210,270
2025-06-09 10:38:19.000000,737.3,687300,136680,30,390,300
2025-06-09 10:38:19.000000,736.85,687300,136680,30,390,300
2025-06-09 10:38:20.000000,736.85,687330,136680,30,510,300
2025-06-09 10:38:21.000000,736.85,687330,136680,30,330,690
2025-06-09 10:38:22.000000,736.85,687330,136680,30,330,240
2025-06-09 10:38:24.000000,736.85,687330,136680,30,180,360
2025-06-09 10:38:25.000000,736.85,687330,136680,30,390,270
2025-06-09 10:38:26.000000,736.85,687330,136680,30,360,300
2025-06-09 10:38:27.000000,737.0,687330,136680,30,360,300
2025-06-09 10:38:27.000000,737.0,687360,136680,30,360,300
2025-06-09 10:38:28.000000,736.8,687360,136680,30,360,300
2025-06-09 10:38:29.000000,736.8,687390,136680,30,330,390
2025-06-09 10:38:30.000000,736.8,687390,136680,30,270,450
2025-06-09 10:38:30.000000,736.8,687390,136680,30,270,450
2025-06-09 10:38:31.000000,736.8,687390,136680,30,240,270
2025-06-09 10:38:32.000000,736.8,687390,136680,30,240,330
2025-06-09 10:38:32.000000,736.1,687390,136680,30,240,330
2025-06-09 10:38:34.000000,736.1,687420,136680,30,240,240
2025-06-09 10:38:34.000000,737.45,687420,136680,30,240,240
2025-06-09 10:38:35.000000,737.45,687570,136680,30,180,360
2025-06-09 10:38:36.000000,737.15,687570,136680,30,180,360
2025-06-09 10:38:36.000000,737.15,687660,136680,30,180,390
2025-06-09 10:38:37.000000,737.05,687660,136680,30,180,390
2025-06-09 10:38:37.000000,737.05,687720,136680,30,390,660
2025-06-09 10:38:38.000000,735.95,687720,136680,30,390,660
2025-06-09 10:38:39.000000,735.95,687780,136680,30,330,540
2025-06-09 10:38:39.000000,735.8,687780,136680,30,330,540
2025-06-09 10:38:40.000000,734.05,687930,136680,30,210,420
2025-06-09 10:38:40.000000,734.05,687930,136680,30,210,420
2025-06-09 10:38:41.000000,736.2,687930,136680,30,210,420
2025-06-09 10:38:41.000000,736.75,688710,136680,30,450,360
2025-06-09 10:38:42.000000,736.75,688710,136680,30,450,360
2025-06-09 10:38:42.000000,735.65,688770,136680,30,360,240
2025-06-09 10:38:43.000000,735.65,688770,136680,30,360,240
2025-06-09 10:38:44.000000,735.4,688890,136680,30,210,420
2025-06-09 10:38:44.000000,735.4,688890,136680,30,210,420
2025-06-09 10:38:45.000000,735.5,689280,136680,30,180,390
2025-06-09 10:38:45.000000,735.5,689280,136680,30,180,390
2025-06-09 10:38:46.000000,735.6,689280,136680,30,180,390
2025-06-09 10:38:46.000000,735.05,689400,136680,30,210,390
2025-06-09 10:38:47.000000,735.05,689400,136680,30,210,390
2025-06-09 10:38:47.000000,735.25,689520,136680,30,240,240
2025-06-09 10:38:48.000000,735.25,689520,136680,30,240,240
2025-06-09 10:38:49.000000,735.25,689520,136680,30,210,270
2025-06-09 10:38:50.000000,735.25,689520,136680,30,210,810
2025-06-09 10:38:51.000000,736.65,689520,136680,30,210,810
2025-06-09 10:38:51.000000,736.65,689550,136680,30,210,540
2025-06-09 10:38:52.000000,736.65,689550,136680,30,240,510
2025-06-09 10:38:54.000000,736.65,689550,136680,30,300,780
2025-06-09 10:38:55.000000,736.65,689550,136680,30,240,870
2025-06-09 10:38:56.000000,736.65,689550,136680,30,240,1020
2025-06-09 10:38:57.000000,736.65,689550,136680,30,180,690
2025-06-09 10:38:59.000000,736.65,689550,136680,30,270,780
2025-06-09 10:39:00.000000,736.65,689550,136680,30,150,840
2025-06-09 10:39:00.000000,736.65,689550,136680,30,150,840
2025-06-09 10:39:00.000000,737.0,689550,136680,30,150,840
2025-06-09 10:39:01.000000,737.0,689580,136680,30,210,810
2025-06-09 10:39:02.000000,737.0,689580,136680,30,240,510
2025-06-09 10:39:04.000000,738.45,689610,136680,30,270,690
2025-06-09 10:39:04.000000,738.45,689610,136680,30,270,690
2025-06-09 10:39:05.000000,738.45,689610,136680,30,150,1080
2025-06-09 10:39:06.000000,736.8,689610,136680,30,150,1080
2025-06-09 10:39:06.000000,736.8,689700,136680,30,180,660
2025-06-09 10:39:07.000000,736.8,689700,136680,30,300,630
2025-06-09 10:39:09.000000,736.8,689700,136680,30,330,360
2025-06-09 10:39:10.000000,736.8,689700,136680,30,270,180
2025-06-09 10:39:11.000000,736.8,689700,136680,30,390,720
2025-06-09 10:39:12.000000,736.8,689700,136680,30,330,300
2025-06-09 10:39:15.000000,736.8,689700,136680,30,300,330
2025-06-09 10:39:16.000000,736.8,689700,136680,30,330,270
2025-06-09 10:39:16.000000,741.5,689700,136680,30,330,270
2025-06-09 10:39:17.000000,741.5,689880,136680,30,330,270
2025-06-09 10:39:18.000000,741.5,689880,136680,30,360,510
2025-06-09 10:39:20.000000,741.5,689880,136680,30,270,1020
2025-06-09 10:39:20.000000,741.95,689880,136680,30,270,1020
2025-06-09 10:39:21.000000,741.95,689910,136680,30,150,630
2025-06-09 10:39:22.000000,741.95,689910,136680,30,270,540
2025-06-09 10:39:23.000000,742.45,689910,136680,60,270,540
2025-06-09 10:39:23.000000,741.45,690060,136680,30,180,480
2025-06-09 10:39:24.000000,741.45,690060,136680,30,180,480
2025-06-09 10:39:25.000000,741.45,690060,136680,30,180,990
2025-06-09 10:39:26.000000,741.45,690060,136680,30,210,870
2025-06-09 10:39:27.000000,741.45,690060,136680,30,270,900
2025-06-09 10:39:28.000000,741.45,690060,136680,30,300,630
2025-06-09 10:39:30.000000,741.45,690060,136680,30,210,690
2025-06-09 10:39:30.000000,741.45,690060,136680,30,210,690
2025-06-09 10:39:31.000000,741.45,690060,136680,30,270,660
2025-06-09 10:39:32.000000,742.7,690060,136680,30,270,660
2025-06-09 10:39:32.000000,741.4,690060,136680,30,270,660
2025-06-09 10:39:32.000000,741.4,690240,136680,30,210,660
2025-06-09 10:39:33.000000,741.4,690240,136680,30,300,630
2025-06-09 10:39:35.000000,741.4,690240,136680,30,240,660
2025-06-09 10:39:35.000000,742.65,690240,136680,30,240,660
2025-06-09 10:39:36.000000,742.65,690270,136680,30,390,840
2025-06-09 10:39:37.000000,742.65,690270,136680,30,270,210
2025-06-09 10:39:38.000000,741.15,690270,136680,30,270,210
2025-06-09 10:39:38.000000,741.15,690300,136680,30,210,300
2025-06-09 10:39:40.000000,741.15,690300,136680,30,330,660
2025-06-09 10:39:41.000000,741.15,690300,136680,30,180,600
2025-06-09 10:39:42.000000,741.35,690300,135000,30,180,600
2025-06-09 10:39:42.000000,741.35,690420,135000,30,270,240
2025-06-09 10:39:43.000000,741.35,690420,135000,30,240,240
2025-06-09 10:39:44.000000,741.35,690420,135000,30,300,210
2025-06-09 10:39:46.000000,741.35,690420,135000,30,240,450
2025-06-09 10:39:47.000000,741.35,690420,135000,30,240,210
2025-06-09 10:39:48.000000,741.35,690420,135000,30,270,540
2025-06-09 10:39:49.000000,741.35,690420,135000,30,210,510
2025-06-09 10:39:51.000000,741.35,690420,135000,30,330,840
2025-06-09 10:39:51.000000,737.4,690420,135000,30,330,840
2025-06-09 10:39:52.000000,737.4,690480,135000,30,180,270
2025-06-09 10:39:53.000000,737.4,690480,135000,30,390,390
2025-06-09 10:39:54.000000,737.4,690480,135000,30,390,210
2025-06-09 10:39:56.000000,737.4,690480,135000,30,390,330
2025-06-09 10:39:57.000000,737.4,690480,135000,30,300,360
2025-06-09 10:39:58.000000,737.4,690480,135000,30,270,330
2025-06-09 10:40:00.000000,737.4,690480,135000,30,360,540
2025-06-09 10:40:00.000000,737.4,690480,135000,30,360,540
2025-06-09 10:40:01.000000,737.4,690480,135000,30,300,180
2025-06-09 10:40:02.000000,737.4,690480,135000,30,270,210
2025-06-09 10:40:02.000000,739.6,690480,135000,30,270,210
2025-06-09 10:40:03.000000,739.6,691200,135000,30,390,210
2025-06-09 10:40:05.000000,739.6,691200,135000,30,360,210
2025-06-09 10:40:05.000000,737.4,691200,135000,30,360,210
2025-06-09 10:40:06.000000,737.4,691230,135000,30,240,240
2025-06-09 10:40:06.000000,739.6,691230,135000,30,240,240
2025-06-09 10:40:07.000000,739.35,691230,135000,30,240,240
2025-06-09 10:40:07.000000,739.35,691320,135000,30,390,420
2025-06-09 10:40:08.000000,741.35,691320,135000,60,390,420
2025-06-09 10:40:08.000000,742.6,691530,135000,30,240,720
2025-06-09 10:40:09.000000,742.6,691530,135000,30,240,720
2025-06-09 10:40:10.000000,742.6,691530,135000,30,390,930
2025-06-09 10:40:10.000000,742.6,691530,135000,30,390,930
2025-06-09 10:40:11.000000,742.6,691560,135000,30,330,1140
2025-06-09 10:40:12.000000,742.6,691560,135000,30,270,1020
2025-06-09 10:40:13.000000,742.6,691560,135000,30,180,510
2025-06-09 10:40:14.000000,742.6,691560,135000,30,210,690
2025-06-09 10:40:16.000000,742.6,691560,135000,30,240,270
2025-06-09 10:40:16.000000,738.45,691560,135000,30,240,270
2025-06-09 10:40:17.000000,738.45,691590,135000,30,390,660
2025-06-09 10:40:18.000000,738.45,691590,135000,30,300,990
2025-06-09 10:40:19.000000,738.45,691590,135000,30,240,660
2025-06-09 10:40:21.000000,738.45,691590,135000,30,240,570
2025-06-09 10:40:22.000000,738.45,691590,135000,30,330,270
2025-06-09 10:40:23.000000,738.45,691590,135000,30,270,210
2025-06-09 10:40:24.000000,738.45,691590,135000,30,240,180
2025-06-09 10:40:25.000000,739.5,691590,135000,30,240,180
2025-06-09 10:40:26.000000,739.5,691620,135000,30,180,180
2025-06-09 10:40:26.000000,738.45,691620,135000,30,180,180
2025-06-09 10:40:27.000000,738.45,691650,135000,30,330,150
2025-06-09 10:40:28.000000,738.45,691650,135000,30,270,510
2025-06-09 10:40:29.000000,738.45,691650,135000,30,240,690
2025-06-09 10:40:30.000000,738.45,691650,135000,30,240,690
2025-06-09 10:40:31.000000,738.45,691650,135000,30,330,660
2025-06-09 10:40:32.000000,738.45,691650,135000,30,240,660
2025-06-09 10:40:32.000000,739.95,691650,135000,30,240,660
2025-06-09 10:40:33.000000,739.95,691680,135000,30,270,480
2025-06-09 10:40:34.000000,739.95,691680,135000,30,180,660
2025-06-09 10:40:35.000000,740.3,691680,135000,30,180,660
2025-06-09 10:40:36.000000,740.3,691710,135000,30,210,570
2025-06-09 10:40:36.000000,737.85,691710,135000,30,210,570
2025-06-09 10:40:37.000000,737.85,692010,135000,30,360,660
2025-06-09 10:40:38.000000,737.85,692010,135000,30,210,330
2025-06-09 10:40:39.000000,737.85,692010,135000,30,270,750
2025-06-09 10:40:41.000000,737.85,692010,135000,30,240,420
2025-06-09 10:40:42.000000,737.85,692010,135000,30,300,390
2025-06-09 10:40:42.000000,740.55,692010,135000,30,300,390
2025-06-09 10:40:43.000000,740.55,692040,135000,30,180,480
2025-06-09 10:40:44.000000,740.55,692040,135000,30,300,600
2025-06-09 10:40:46.000000,740.55,692040,135000,30,330,210
2025-06-09 10:40:47.000000,740.55,692040,135000,30,300,240
2025-06-09 10:40:48.000000,740.55,692040,135000,30,180,300
2025-06-09 10:40:49.000000,740.55,692040,135000,30,180,240
2025-06-09 10:40:49.000000,739.55,692040,135000,30,180,240
2025-06-09 10:40:51.000000,739.55,692070,135000,30,420,330
2025-06-09 10:40:52.000000,739.55,692070,135000,30,300,720
2025-06-09 10:40:53.000000,739.75,692130,135000,30,450,360
2025-06-09 10:40:53.000000,739.75,692130,135000,30,450,360
2025-06-09 10:40:54.000000,739.75,692130,135000,30,330,690
2025-06-09 10:40:55.000000,739.75,692130,135000,30,270,330
2025-06-09 10:40:57.000000,739.75,692130,135000,30,240,630
2025-06-09 10:40:58.000000,739.75,692130,135000,30,240,480
2025-06-09 10:40:59.000000,739.75,692130,135000,30,180,240
2025-06-09 10:41:00.000000,739.75,692130,135000,30,180,240
2025-06-09 10:41:00.000000,739.75,692130,135000,30,240,690
2025-06-09 10:41:01.000000,742.6,692130,135000,30,240,690
2025-06-09 10:41:02.000000,742.6,692160,135000,30,360,750
2025-06-09 10:41:03.000000,742.6,692160,135000,30,360,750
2025-06-09 10:41:04.000000,740.4,692160,135000,30,360,750
2025-06-09 10:41:04.000000,742.1,692160,135000,30,360,750
2025-06-09 10:41:04.000000,742.1,692370,135000,30,270,480
2025-06-09 10:41:05.000000,742.1,692370,135000,30,330,780
2025-06-09 10:41:06.000000,742.1,692370,135000,30,270,300
2025-06-09 10:41:08.000000,742.1,692370,135000,30,270,300
2025-06-09 10:41:09.000000,742.1,692370,135000,30,210,270
2025-06-09 10:41:09.000000,741.8,692370,135000,30,210,270
2025-06-09 10:41:10.000000,741.8,692400,135000,30,240,390
2025-06-09 10:41:11.000000,741.8,692400,135000,30,270,510
2025-06-09 10:41:12.000000,741.8,692400,135000,30,270,270
2025-06-09 10:41:13.000000,740.5,692400,135000,180,270,270
2025-06-09 10:41:14.000000,740.15,692730,135000,30,210,240
2025-06-09 10:41:14.000000,740.15,692730,135000,30,210,240
2025-06-09 10:41:15.000000,740.15,692730,135000,30,210,690
2025-06-09 10:41:16.000000,740.15,692730,135000,30,180,330
2025-06-09 10:41:17.000000,740.15,692730,135000,30,210,300
2025-06-09 10:41:18.000000,740.95,692730,135000,30,210,300
2025-06-09 10:41:19.000000,740.95,692760,135000,30,390,270
2025-06-09 10:41:20.000000,740.95,692760,135000,30,240,1320
2025-06-09 10:41:21.000000,740.95,692760,135000,30,300,720
2025-06-09 10:41:22.000000,740.95,692760,135000,30,300,240
2025-06-09 10:41:24.000000,740.3,692760,135000,30,300,240
2025-06-09 10:41:24.000000,740.3,692790,135000,30,270,240
2025-06-09 10:41:25.000000,740.3,692790,135000,30,750,390
2025-06-09 10:41:26.000000,740.3,692790,135000,30,450,510
2025-06-09 10:41:27.000000,740.3,692790,135000,30,330,450
2025-06-09 10:41:28.000000,743.0,692790,135000,30,330,450
2025-06-09 10:41:29.000000,743.0,692820,135000,30,270,720
2025-06-09 10:41:30.000000,744.05,692820,135000,30,270,720
2025-06-09 10:41:30.000000,744.05,692850,135000,30,270,300
2025-06-09 10:41:30.000000,744.05,692850,135000,30,270,300
2025-06-09 10:41:31.000000,744.05,692850,135000,30,300,210
2025-06-09 10:41:32.000000,744.05,692850,135000,30,240,210
2025-06-09 10:41:33.000000,744.05,692850,135000,30,390,780
2025-06-09 10:41:35.000000,744.05,692850,135000,30,270,570
2025-06-09 10:41:36.000000,744.05,692850,135000,30,270,450
2025-06-09 10:41:37.000000,744.05,692850,135000,30,420,720
2025-06-09 10:41:38.000000,744.05,692850,135000,30,450,540
2025-06-09 10:41:40.000000,744.05,692850,135000,30,480,930
2025-06-09 10:41:41.000000,744.05,692850,135000,30,450,720
2025-06-09 10:41:42.000000,744.05,692850,135000,30,480,630
2025-06-09 10:41:43.000000,744.05,692850,135000,30,600,720
2025-06-09 10:41:45.000000,744.05,692850,135000,30,510,840
2025-06-09 10:41:46.000000,744.05,692850,135000,240,510,840
2025-06-09 10:41:46.000000,744.05,693150,135000,240,300,240
2025-06-09 10:41:47.000000,744.05,693150,135000,240,390,750
2025-06-09 10:41:48.000000,744.4,693150,135000,30,390,750
2025-06-09 10:41:48.000000,744.4,693180,135000,30,270,690
2025-06-09 10:41:49.000000,743.95,693180,135000,30,270,690
2025-06-09 10:41:50.000000,743.95,693210,135000,30,390,330
2025-06-09 10:41:51.000000,744.5,693210,135000,30,390,330
2025-06-09 10:41:51.000000,744.5,693240,135000,30,330,240
2025-06-09 10:41:52.000000,744.5,693240,135000,30,360,300
2025-06-09 10:41:52.000000,744.0,693240,135000,30,360,300
2025-06-09 10:41:53.000000,744.0,693300,135000,30,270,240
2025-06-09 10:41:54.000000,744.0,693300,135000,30,300,510
2025-06-09 10:41:56.000000,744.0,693300,135000,30,300,1080
2025-06-09 10:41:56.000000,745.05,693300,135000,30,300,1080
2025-06-09 10:41:57.000000,745.05,693330,135000,30,240,750
2025-06-09 10:41:58.000000,745.05,693330,135000,30,210,630
2025-06-09 10:41:59.000000,745.05,693330,135000,30,210,630
2025-06-09 10:42:00.000000,745.05,693360,135000,30,330,690
2025-06-09 10:42:00.000000,745.05,693360,135000,30,330,690
2025-06-09 10:42:00.000000,744.9,693360,135000,30,330,690
2025-06-09 10:42:01.000000,743.25,693540,135000,30,390,780
2025-06-09 10:42:01.000000,743.25,693540,135000,30,390,780
2025-06-09 10:42:02.000000,743.25,693540,135000,30,270,240
2025-06-09 10:42:03.000000,743.25,693540,135000,30,390,480
2025-06-09 10:42:05.000000,743.25,693540,135000,30,300,300
2025-06-09 10:42:06.000000,743.25,693540,135000,30,450,630
2025-06-09 10:42:07.000000,743.25,693540,135000,30,330,750
2025-06-09 10:42:08.000000,743.25,693540,135000,30,330,510
2025-06-09 10:42:10.000000,743.25,693540,135000,30,270,720
2025-06-09 10:42:11.000000,743.25,693540,135000,30,450,180
2025-06-09 10:42:12.000000,743.25,693540,135000,30,240,510
2025-06-09 10:42:13.000000,744.95,693540,135000,30,240,510
2025-06-09 10:42:13.000000,744.95,693570,135000,30,240,540
2025-06-09 10:42:14.000000,744.95,693570,135000,30,330,630
2025-06-09 10:42:16.000000,744.95,693570,135000,30,330,630
2025-06-09 10:42:17.000000,744.95,693570,135000,30,330,570
2025-06-09 10:42:18.000000,744.95,693570,135000,30,300,660
2025-06-09 10:42:19.000000,744.95,693570,135000,30,300,660
2025-06-09 10:42:20.000000,743.0,693570,135000,90,300,660
2025-06-09 10:42:21.000000,743.0,693870,135000,90,330,750
2025-06-09 10:42:21.000000,742.5,693870,135000,30,330,750
2025-06-09 10:42:22.000000,742.5,693900,135000,30,300,840
2025-06-09 10:42:22.000000,743.2,693900,135000,30,300,840
2025-06-09 10:42:23.000000,746.0,694110,135000,60,270,390
2025-06-09 10:42:23.000000,746.0,694110,135000,60,270,390
2025-06-09 10:42:24.000000,745.75,694110,135000,30,270,390
2025-06-09 10:42:24.000000,745.75,694140,135000,30,360,990
2025-06-09 10:42:26.000000,745.75,694140,135000,30,360,930
2025-06-09 10:42:27.000000,745.75,694140,135000,30,360,240
2025-06-09 10:42:27.000000,746.45,694140,135000,30,360,240
2025-06-09 10:42:28.000000,746.45,694170,135000,30,330,600
2025-06-09 10:42:29.000000,746.45,694170,135000,30,540,960
2025-06-09 10:42:29.000000,749.0,694170,135000,30,540,960
2025-06-09 10:42:30.000000,749.0,694170,135000,30,540,960
2025-06-09 10:42:30.000000,748.1,694170,135000,30,540,960
2025-06-09 10:42:31.000000,748.1,694230,135000,30,150,690
2025-06-09 10:42:31.000000,747.15,694230,135000,30,150,690
2025-06-09 10:42:32.000000,747.15,694260,135000,30,150,660
2025-06-09 10:42:32.000000,748.1,694260,135000,30,150,660
2025-06-09 10:42:33.000000,748.1,694290,135000,30,330,690
2025-06-09 10:42:33.000000,747.45,694290,135000,30,330,690
2025-06-09 10:42:34.000000,747.45,694380,135000,30,330,1230
2025-06-09 10:42:35.000000,747.45,694380,135000,30,300,630
2025-06-09 10:42:37.000000,747.45,694380,135000,30,180,930
2025-06-09 10:42:38.000000,747.45,694380,135000,30,270,750
2025-06-09 10:42:39.000000,748.1,694380,135000,30,270,750
2025-06-09 10:42:39.000000,748.1,694410,135000,30,390,300
2025-06-09 10:42:40.000000,750.0,694410,134130,30,390,300
2025-06-09 10:42:40.000000,749.8,694770,134130,30,300,930
2025-06-09 10:42:41.000000,749.8,694770,134130,30,300,930
2025-06-09 10:42:42.000000,748.0,694800,134130,30,180,510
2025-06-09 10:42:42.000000,748.0,694800,134130,30,180,510
2025-06-09 10:42:43.000000,748.0,694800,134130,30,330,240
2025-06-09 10:42:44.000000,748.0,694800,134130,30,210,240
2025-06-09 10:42:45.000000,748.0,694800,134130,30,330,780
2025-06-09 10:42:46.000000,747.1,694800,134130,30,330,780
2025-06-09 10:42:47.000000,747.1,694860,134130,30,360,450
2025-06-09 10:42:48.000000,747.1,694860,134130,30,240,750
2025-06-09 10:42:49.000000,747.1,694860,134130,30,450,690
2025-06-09 10:42:50.000000,747.1,694860,134130,30,390,870
2025-06-09 10:42:51.000000,748.8,694860,134130,30,390,870
2025-06-09 10:42:52.000000,748.8,694890,134130,30,210,810
2025-06-09 10:42:52.000000,749.65,694890,134130,30,210,810
2025-06-09 10:42:53.000000,749.65,694920,134130,30,450,900
2025-06-09 10:42:54.000000,749.65,694920,134130,30,240,450
2025-06-09 10:42:55.000000,749.65,694920,134130,30,330,750
2025-06-09 10:42:55.000000,748.15,694920,134130,30,330,750
2025-06-09 10:42:56.000000,749.85,694920,134130,30,330,750
2025-06-09 10:42:56.000000,749.85,694980,134130,30,300,510
2025-06-09 10:42:58.000000,749.85,694980,134130,30,270,690
2025-06-09 10:42:59.000000,748.0,694980,134130,30,270,690
2025-06-09 10:42:59.000000,748.0,695040,134130,30,360,270
2025-06-09 10:43:00.000000,748.0,695040,134130,30,360,270
2025-06-09 10:43:00.000000,748.0,695040,134130,30,360,750
2025-06-09 10:43:01.000000,748.0,695040,134130,30,360,1140
2025-06-09 10:43:03.000000,748.0,695040,134130,30,360,270
2025-06-09 10:43:04.000000,748.0,695040,134130,30,180,1620
2025-06-09 10:43:05.000000,748.35,695040,134130,30,180,1620
2025-06-09 10:43:05.000000,748.35,695190,134130,30,180,1200
2025-06-09 10:43:06.000000,748.35,695190,134130,30,390,480
2025-06-09 10:43:07.000000,746.05,695190,134130,30,390,480
2025-06-09 10:43:07.000000,747.0,695250,134130,30,390,240
2025-06-09 10:43:08.000000,747.0,695250,134130,30,390,240
2025-06-09 10:43:09.000000,747.0,695250,134130,30,240,240
2025-06-09 10:43:09.000000,746.7,695250,134130,30,240,240
2025-06-09 10:43:10.000000,746.7,695310,134130,30,300,180
2025-06-09 10:43:10.000000,746.65,695310,134130,30,300,180
2025-06-09 10:43:11.000000,747.1,695310,134130,30,300,180
2025-06-09 10:43:11.000000,747.1,695370,134130,30,300,210
2025-06-09 10:43:12.000000,747.1,695370,134130,30,270,630
2025-06-09 10:43:14.000000,747.1,695370,134130,30,360,240
2025-06-09 10:43:14.000000,747.45,695370,134130,150,360,240
2025-06-09 10:43:15.000000,746.3,695370,134130,30,360,240
2025-06-09 10:43:15.000000,746.3,695820,134130,30,270,510
2025-06-09 10:43:16.000000,746.2,695820,134130,30,270,510
2025-06-09 10:43:16.000000,746.2,695850,134130,30,240,1200
2025-06-09 10:43:17.000000,748.6,695850,134130,30,240,1200
2025-06-09 10:43:17.000000,748.6,695910,134130,30,390,210
2025-06-09 10:43:19.000000,748.6,695910,134130,30,240,180
2025-06-09 10:43:20.000000,748.6,695910,134130,30,240,750
2025-06-09 10:43:21.000000,748.6,695910,134130,30,270,420
2025-06-09 10:43:22.000000,748.6,695910,134130,30,450,630
2025-06-09 10:43:23.000000,748.6,695910,134130,30,240,750
2025-06-09 10:43:24.000000,748.05,695910,134130,30,240,750
2025-06-09 10:43:25.000000,748.05,695970,134130,30,240,1620
2025-06-09 10:43:26.000000,747.5,695970,134130,30,240,1620
2025-06-09 10:43:26.000000,747.5,696030,134130,30,330,390
2025-06-09 10:43:27.000000,747.5,696030,134130,30,330,990
2025-06-09 10:43:28.000000,747.5,696030,134130,30,270,1200
2025-06-09 10:43:29.000000,746.9,696030,134130,30,270,1200
2025-06-09 10:43:29.000000,747.0,696030,134130,30,270,1200
2025-06-09 10:43:30.000000,745.05,696120,134130,30,270,1020
2025-06-09 10:43:30.000000,745.05,696120,134130,30,270,1020
2025-06-09 10:43:30.000000,745.2,696120,134130,30,270,1020
2025-06-09 10:43:31.000000,745.2,696180,134130,30,330,1110
2025-06-09 10:43:32.000000,745.2,696180,134130,30,360,270
2025-06-09 10:43:33.000000,746.55,696180,134130,30,360,270
2025-06-09 10:43:33.000000,746.55,696240,134130,30,210,990
2025-06-09 10:43:34.000000,747.9,696240,134130,30,210,990
2025-06-09 10:43:34.000000,747.9,696300,134130,30,330,630
2025-06-09 10:43:36.000000,747.9,696300,134130,30,150,1080
2025-06-09 10:43:37.000000,747.9,696300,134130,30,270,540
2025-06-09 10:43:38.000000,747.9,696300,134130,30,300,630
2025-06-09 10:43:39.000000,747.9,696300,134130,30,360,810
2025-06-09 10:43:41.000000,747.9,696300,134130,30,390,660
2025-06-09 10:43:42.000000,747.9,696300,134130,30,270,300
2025-06-09 10:43:43.000000,747.9,696300,134130,30,450,480
2025-06-09 10:43:43.000000,748.5,696300,134130,30,450,480
2025-06-09 10:43:44.000000,748.5,696360,134130,30,330,690
2025-06-09 10:43:46.000000,748.5,696360,134130,30,270,720
2025-06-09 10:43:47.000000,748.5,696360,134130,30,300,1290
2025-06-09 10:43:48.000000,748.5,696360,134130,30,300,990
2025-06-09 10:43:49.000000,748.5,696360,134130,30,240,450
2025-06-09 10:43:50.000000,748.5,696360,134130,30,360,720
2025-06-09 10:43:52.000000,748.5,696360,134130,30,240,1080
2025-06-09 10:43:52.000000,750.5,696360,134130,30,240,1080
2025-06-09 10:43:53.000000,751.9,696360,134130,30,240,1080
2025-06-09 10:43:53.000000,751.9,696750,134130,30,300,840
2025-06-09 10:43:54.000000,750.1,696750,134130,90,300,840
2025-06-09 10:43:54.000000,750.1,696840,134130,90,540,660
2025-06-09 10:43:55.000000,749.8,696840,134130,60,540,660
2025-06-09 10:43:55.000000,749.8,697380,134130,60,330,990
2025-06-09 10:43:56.000000,749.65,697380,134130,30,330,990
2025-06-09 10:43:57.000000,749.65,697410,134130,30,240,690
2025-06-09 10:43:57.000000,748.6,697410,134130,30,240,690
2025-06-09 10:43:58.000000,748.4,697500,134130,60,210,570
2025-06-09 10:43:58.000000,749.05,697500,134130,30,210,570
2025-06-09 10:43:59.000000,748.95,697500,134130,30,210,570
2025-06-09 10:43:59.000000,748.95,697590,134130,30,270,870
2025-06-09 10:44:00.000000,748.95,697590,134130,30,270,870
2025-06-09 10:44:00.000000,749.1,697620,134130,30,330,240
2025-06-09 10:44:01.000000,749.1,697620,134130,30,330,240
2025-06-09 10:44:01.000000,750.8,697620,134130,60,330,240
2025-06-09 10:44:02.000000,747.9,698070,134130,30,390,540
2025-06-09 10:44:02.000000,747.9,698070,134130,30,390,540
2025-06-09 10:44:03.000000,748.5,698190,134130,90,270,300
2025-06-09 10:44:03.000000,748.5,698190,134130,90,270,300
2025-06-09 10:44:04.000000,748.5,698190,134130,90,300,780
2025-06-09 10:44:05.000000,748.5,698190,134130,90,300,990
2025-06-09 10:44:06.000000,748.5,698190,134130,90,240,540
2025-06-09 10:44:08.000000,748.5,698190,134130,90,270,690
2025-06-09 10:44:09.000000,748.5,698190,134130,90,270,570
2025-06-09 10:44:10.000000,748.5,698190,134130,90,420,750
2025-06-09 10:44:10.000000,748.2,698190,134130,30,420,750
2025-06-09 10:44:11.000000,748.2,698400,134130,30,360,390
2025-06-09 10:44:13.000000,748.2,698400,134130,30,240,690
2025-06-09 10:44:14.000000,748.2,698400,134130,30,390,300
2025-06-09 10:44:14.000000,748.45,698400,134130,30,390,300
2025-06-09 10:44:15.000000,746.85,698610,134130,30,330,300
2025-06-09 10:44:15.000000,746.85,698610,134130,30,330,300
2025-06-09 10:44:16.000000,746.85,698610,134130,30,360,270
2025-06-09 10:44:17.000000,746.85,698610,134130,30,300,690
2025-06-09 10:44:18.000000,747.0,698610,134130,120,300,690
2025-06-09 10:44:19.000000,747.0,698730,134130,120,300,300
2025-06-09 10:44:20.000000,747.0,698730,134130,120,240,270
2025-06-09 10:44:21.000000,746.15,698730,134130,30,240,270
2025-06-09 10:44:21.000000,746.15,698760,134130,30,180,270
2025-06-09 10:44:22.000000,746.15,698760,134130,30,240,840
2025-06-09 10:44:23.000000,745.5,698760,134130,30,240,840
2025-06-09 10:44:24.000000,745.45,698820,134130,30,360,330
2025-06-09 10:44:24.000000,745.45,698820,134130,30,360,330
2025-06-09 10:44:25.000000,747.7,699060,134130,30,210,660
2025-06-09 10:44:25.000000,747.7,699060,134130,30,210,660
2025-06-09 10:44:26.000000,747.0,699120,134130,30,150,300
2025-06-09 10:44:26.000000,747.0,699120,134130,30,150,300
2025-06-09 10:44:27.000000,747.0,699120,134130,30,180,210
2025-06-09 10:44:28.000000,748.95,699150,134130,30,300,420
2025-06-09 10:44:28.000000,748.95,699150,134130,30,300,420
2025-06-09 10:44:30.000000,748.95,699150,134130,30,330,210
2025-06-09 10:44:30.000000,748.95,699150,134130,30,330,210
2025-06-09 10:44:31.000000,748.95,699150,134130,30,330,240
2025-06-09 10:44:31.000000,747.15,699150,134130,90,330,240
2025-06-09 10:44:32.000000,747.15,699300,134130,90,270,180
2025-06-09 10:44:33.000000,747.15,699300,134130,90,270,210
2025-06-09 10:44:33.000000,748.0,699300,134130,30,270,210
2025-06-09 10:44:35.000000,748.0,699330,134130,30,210,180
2025-06-09 10:44:36.000000,748.0,699330,134130,30,210,150
2025-06-09 10:44:37.000000,748.0,699330,134130,30,210,180
2025-06-09 10:44:38.000000,746.7,699330,134130,30,210,180
2025-06-09 10:44:38.000000,746.7,699450,134130,30,270,240
2025-06-09 10:44:39.000000,746.7,699450,134130,30,300,450
2025-06-09 10:44:40.000000,748.0,699450,134130,30,300,450
2025-06-09 10:44:41.000000,748.0,699480,134130,30,390,510
2025-06-09 10:44:42.000000,748.0,699480,134130,30,300,360
2025-06-09 10:44:43.000000,748.0,699480,134130,30,180,210
2025-06-09 10:44:43.000000,749.0,699480,134130,30,180,210
2025-06-09 10:44:44.000000,749.0,699510,134130,30,300,210
2025-06-09 10:44:46.000000,749.0,699510,134130,30,270,330
2025-06-09 10:44:47.000000,749.0,699510,134130,30,270,270
2025-06-09 10:44:47.000000,750.0,699510,134130,30,270,270
2025-06-09 10:44:48.000000,750.0,699570,134130,30,330,390
2025-06-09 10:44:48.000000,750.0,699570,134130,30,330,390
2025-06-09 10:44:49.000000,750.0,699600,134130,30,210,660
2025-06-09 10:44:50.000000,750.0,699600,134130,30,210,660
2025-06-09 10:44:50.000000,750.0,699630,134130,30,240,300
2025-06-09 10:44:52.000000,750.0,699630,134130,30,300,540
2025-06-09 10:44:53.000000,750.0,699630,134130,30,300,810
2025-06-09 10:44:54.000000,750.0,699630,134130,30,300,390
2025-06-09 10:44:55.000000,750.0,699630,134130,30,180,780
2025-06-09 10:44:56.000000,750.0,699660,134130,30,480,270
2025-06-09 10:44:56.000000,750.0,699660,134130,30,480,270
2025-06-09 10:44:57.000000,750.45,699660,134130,30,480,270
2025-06-09 10:44:58.000000,750.45,699690,134130,30,300,270
2025-06-09 10:44:58.000000,752.15,699690,134130,30,300,270
2025-06-09 10:44:59.000000,752.15,699810,134130,30,330,240
2025-06-09 10:44:59.000000,750.9,699810,134130,60,330,240
2025-06-09 10:45:00.000000,750.9,699810,134130,60,330,240
2025-06-09 10:45:00.000000,751.65,699900,134130,30,270,630
2025-06-09 10:45:00.000000,751.65,699900,134130,30,270,630
2025-06-09 10:45:01.000000,752.05,699900,134130,30,270,630
2025-06-09 10:45:01.000000,752.05,699930,134130,30,240,1560
2025-06-09 10:45:03.000000,752.05,699930,134130,30,330,810
2025-06-09 10:45:04.000000,752.05,699930,134130,30,300,600
2025-06-09 10:45:05.000000,752.05,699930,134130,30,240,420
2025-06-09 10:45:06.000000,752.05,699930,134130,30,180,780
2025-06-09 10:45:07.000000,752.05,699930,134130,30,390,840
2025-06-09 10:45:09.000000,752.05,699930,134130,30,330,810
2025-06-09 10:45:10.000000,752.05,699930,134130,30,330,810
2025-06-09 10:45:10.000000,752.05,699930,134130,30,330,810
2025-06-09 10:45:10.000000,752.05,699930,134130,30,360,180
2025-06-09 10:45:11.000000,752.05,699930,134130,30,390,690
2025-06-09 10:45:12.000000,752.35,699930,134130,30,390,690
2025-06-09 10:45:12.000000,752.35,699960,134130,30,480,720
2025-06-09 10:45:13.000000,752.35,699960,134130,30,420,1020
2025-06-09 10:45:14.000000,752.0,699960,134130,30,420,1020
2025-06-09 10:45:15.000000,752.0,699990,134130,30,390,420
2025-06-09 10:45:16.000000,752.0,699990,134130,30,300,810
2025-06-09 10:45:17.000000,752.0,699990,134130,30,330,600
2025-06-09 10:45:17.000000,751.8,699990,134130,30,330,600
2025-06-09 10:45:18.000000,752.4,699990,134130,30,330,600
2025-06-09 10:45:18.000000,753.85,700260,134130,30,240,210
2025-06-09 10:45:19.000000,753.85,700260,134130,30,240,210
2025-06-09 10:45:20.000000,753.85,700260,134130,30,210,510
2025-06-09 10:45:20.000000,753.4,700260,134130,30,210,510
2025-06-09 10:45:21.000000,753.4,700320,134130,30,270,810
2025-06-09 10:45:22.000000,753.4,700320,134130,30,330,1140
2025-06-09 10:45:23.000000,754.3,700320,134130,150,330,1140
2025-06-09 10:45:23.000000,754.3,700470,134130,150,240,1380
2025-06-09 10:45:25.000000,754.3,700470,134130,150,210,1680
2025-06-09 10:45:26.000000,753.5,700500,134130,30,420,630
2025-06-09 10:45:26.000000,753.5,700500,134130,30,420,630
2025-06-09 10:45:27.000000,754.9,700500,134130,150,420,630
2025-06-09 10:45:27.000000,754.9,700710,134130,150,240,1050
2025-06-09 10:45:28.000000,754.9,700710,134130,30,240,1050
2025-06-09 10:45:28.000000,754.9,700740,134130,30,300,570
2025-06-09 10:45:29.000000,754.9,700740,134130,30,330,960
2025-06-09 10:45:30.000000,753.35,700740,134130,30,330,960
2025-06-09 10:45:30.000000,753.35,700740,134130,30,330,960
2025-06-09 10:45:30.000000,754.95,700740,134130,30,330,960
2025-06-09 10:45:31.000000,754.95,700920,134130,30,450,1230
2025-06-09 10:45:32.000000,755.0,700920,134130,60,450,1230
2025-06-09 10:45:32.000000,756.45,701100,134130,30,300,1230
2025-06-09 10:45:32.000000,756.45,701100,134130,30,300,1230
2025-06-09 10:45:33.000000,756.45,701100,134130,30,300,1200
2025-06-09 10:45:34.000000,756.5,701100,134130,30,300,1200
2025-06-09 10:45:34.000000,757.15,701100,134130,30,300,1200
2025-06-09 10:45:34.000000,757.15,701190,134130,30,420,1170
2025-06-09 10:45:35.000000,755.75,701190,134130,30,420,1170
2025-06-09 10:45:36.000000,755.95,701340,134130,90,420,1590
2025-06-09 10:45:36.000000,755.95,701340,134130,90,420,1590
2025-06-09 10:45:37.000000,759.0,708090,134130,210,270,960
2025-06-09 10:45:37.000000,760.0,708090,134130,30,270,960
2025-06-09 10:45:38.000000,757.7,708090,134130,60,270,960
2025-06-09 10:45:38.000000,757.7,709680,134130,60,240,540
2025-06-09 10:45:39.000000,762.75,709680,134130,30,240,540
2025-06-09 10:45:39.000000,762.75,710310,134130,30,240,360
2025-06-09 10:45:40.000000,763.7,710310,136650,30,240,360
2025-06-09 10:45:41.000000,763.2,710400,136650,30,180,480
2025-06-09 10:45:41.000000,763.2,710400,136650,30,180,480
2025-06-09 10:45:42.000000,763.2,710400,136650,30,360,570
2025-06-09 10:45:43.000000,760.95,710520,136650,30,210,690
2025-06-09 10:45:43.000000,760.95,710520,136650,30,210,690
2025-06-09 10:45:44.000000,761.1,710520,136650,30,210,690
2025-06-09 10:45:44.000000,760.0,710610,136650,30,270,240
2025-06-09 10:45:45.000000,758.9,710610,136650,30,270,240
2025-06-09 10:45:46.000000,758.9,710730,136650,30,390,960
2025-06-09 10:45:46.000000,760.95,710730,136650,30,390,960
2025-06-09 10:45:47.000000,760.95,710790,136650,30,300,1170
2025-06-09 10:45:47.000000,759.7,710790,136650,30,300,1170
2025-06-09 10:45:48.000000,760.15,711060,136650,30,300,480
2025-06-09 10:45:48.000000,760.15,711060,136650,30,300,480
2025-06-09 10:45:49.000000,759.85,711060,136650,30,300,480
2025-06-09 10:45:49.000000,759.85,711270,136650,30,180,690
2025-06-09 10:45:51.000000,759.85,711270,136650,30,180,510
2025-06-09 10:45:52.000000,758.3,711270,136650,30,180,510
2025-06-09 10:45:52.000000,759.85,711450,136650,30,270,390
2025-06-09 10:45:52.000000,759.55,711450,136650,30,270,390
2025-06-09 10:45:53.000000,759.7,711690,136650,60,300,1110
2025-06-09 10:45:53.000000,759.7,711690,136650,60,300,1110
2025-06-09 10:45:54.000000,758.0,711690,136650,30,300,1110
2025-06-09 10:45:54.000000,760.25,712050,136650,30,420,480
2025-06-09 10:45:55.000000,760.2,712050,136650,30,420,480
2025-06-09 10:45:55.000000,759.75,712110,136650,30,480,840
2025-06-09 10:45:56.000000,757.25,712110,136650,30,480,840
2025-06-09 10:45:57.000000,757.45,712170,136650,30,300,780
2025-06-09 10:45:57.000000,757.45,712170,136650,30,300,780
2025-06-09 10:45:58.000000,757.45,712170,136650,30,540,690
2025-06-09 10:45:59.000000,759.6,712170,136650,30,540,690
2025-06-09 10:45:59.000000,759.55,712230,136650,30,360,1110
2025-06-09 10:46:00.000000,759.55,712230,136650,30,360,1110
2025-06-09 10:46:00.000000,760.45,712230,136650,30,360,1110
2025-06-09 10:46:00.000000,761.6,712470,136650,30,420,420
2025-06-09 10:46:01.000000,759.75,712470,136650,210,420,420
2025-06-09 10:46:02.000000,759.65,712710,136650,30,330,270
2025-06-09 10:46:02.000000,759.65,712710,136650,30,330,270
2025-06-09 10:46:03.000000,759.65,712710,136650,30,390,630
2025-06-09 10:46:04.000000,756.65,712710,136650,60,390,630
2025-06-09 10:46:04.000000,758.25,712710,136650,60,390,630
2025-06-09 10:46:04.000000,756.65,712890,136650,30,330,510
2025-06-09 10:46:05.000000,756.65,712890,136650,30,330,510
2025-06-09 10:46:05.000000,756.65,712890,136650,30,390,210
2025-06-09 10:46:06.000000,757.25,712890,136650,30,390,210
2025-06-09 10:46:07.000000,757.25,713040,136650,30,240,240
2025-06-09 10:46:07.000000,755.65,713040,136650,60,240,240
2025-06-09 10:46:08.000000,755.65,713130,136650,60,210,390
2025-06-09 10:46:09.000000,755.65,713130,136650,60,300,300
2025-06-09 10:46:10.000000,755.5,713130,136650,30,300,300
2025-06-09 10:46:10.000000,755.5,713160,136650,30,300,300
2025-06-09 10:46:11.000000,755.05,713160,136650,60,300,300
2025-06-09 10:46:12.000000,754.3,713250,136650,30,480,210
2025-06-09 10:46:12.000000,754.3,713250,136650,30,480,210
2025-06-09 10:46:13.000000,754.95,713610,136650,120,360,300
2025-06-09 10:46:13.000000,754.95,713610,136650,120,360,300
2025-06-09 10:46:14.000000,753.9,713610,136650,30,360,300
2025-06-09 10:46:14.000000,753.9,713640,136650,30,360,210
2025-06-09 10:46:15.000000,753.4,713640,136650,30,360,210
2025-06-09 10:46:15.000000,753.4,713700,136650,30,300,330
2025-06-09 10:46:16.000000,753.4,713700,136650,30,300,330
2025-06-09 10:46:17.000000,753.4,713730,136650,30,360,240
2025-06-09 10:46:17.000000,753.3,713730,136650,30,360,240
2025-06-09 10:46:18.000000,752.75,713880,136650,30,300,300
2025-06-09 10:46:18.000000,752.75,713880,136650,30,300,300
2025-06-09 10:46:19.000000,752.75,713880,136650,30,210,240
2025-06-09 10:46:19.000000,755.15,713880,136650,30,210,240
2025-06-09 10:46:20.000000,754.2,713880,136650,30,210,240
2025-06-09 10:46:20.000000,754.2,714240,136650,30,270,180
2025-06-09 10:46:22.000000,754.2,714240,136650,30,300,660
2025-06-09 10:46:22.000000,756.1,714240,136650,30,300,660
2025-06-09 10:46:23.000000,756.1,714270,136650,30,330,660
2025-06-09 10:46:24.000000,756.1,714270,136650,30,330,1020
2025-06-09 10:46:24.000000,753.4,714270,136650,30,330,1020
2025-06-09 10:46:25.000000,753.4,714300,136650,30,360,270
2025-06-09 10:46:27.000000,753.4,714300,136650,30,240,240
2025-06-09 10:46:28.000000,752.95,714300,136650,30,240,240
2025-06-09 10:46:28.000000,752.95,714330,136650,30,420,300
2025-06-09 10:46:28.000000,754.1,714330,136650,30,420,300
2025-06-09 10:46:29.000000,754.45,715200,136650,30,390,240
2025-06-09 10:46:29.000000,754.45,715200,136650,30,390,240
2025-06-09 10:46:30.000000,754.45,715200,136650,30,390,240
2025-06-09 10:46:30.000000,754.45,715200,136650,30,420,420
2025-06-09 10:46:31.000000,754.45,715200,136650,30,180,540
2025-06-09 10:46:33.000000,754.45,715200,136650,30,420,210
2025-06-09 10:46:33.000000,752.6,715200,136650,30,420,210
2025-06-09 10:46:34.000000,752.6,715230,136650,30,390,240
2025-06-09 10:46:35.000000,752.6,715230,136650,30,360,270
2025-06-09 10:46:36.000000,751.5,715230,136650,30,360,270
2025-06-09 10:46:36.000000,751.5,715260,136650,30,270,300
2025-06-09 10:46:37.000000,750.4,715260,136650,30,270,300
2025-06-09 10:46:38.000000,750.45,715350,136650,30,510,300
2025-06-09 10:46:38.000000,750.1,715350,136650,30,510,300
2025-06-09 10:46:39.000000,747.45,717330,136650,30,180,450
2025-06-09 10:46:39.000000,747.45,717330,136650,30,180,450
2025-06-09 10:46:40.000000,749.7,717330,136650,30,180,450
2025-06-09 10:46:40.000000,749.7,717360,136650,30,390,270
2025-06-09 10:46:41.000000,748.05,717360,136650,30,390,270
2025-06-09 10:46:41.000000,748.05,717390,136650,30,360,300
2025-06-09 10:46:42.000000,750.0,717390,136650,30,360,300
2025-06-09 10:46:43.000000,750.0,717510,136650,30,510,210
2025-06-09 10:46:43.000000,752.25,717510,136650,60,510,210
2025-06-09 10:46:44.000000,752.25,717810,136650,60,270,330
2025-06-09 10:46:45.000000,752.25,717810,136650,60,360,270
2025-06-09 10:46:45.000000,751.6,717810,136650,30,360,270
2025-06-09 10:46:46.000000,751.6,717930,136650,30,360,240
2025-06-09 10:46:46.000000,751.5,717930,136650,30,360,240
2025-06-09 10:46:47.000000,751.4,717930,136650,30,360,240
2025-06-09 10:46:47.000000,751.4,717990,136650,30,360,210
2025-06-09 10:46:49.000000,751.4,717990,136650,30,510,150
2025-06-09 10:46:49.000000,751.4,717990,136650,30,510,150
2025-06-09 10:46:49.000000,752.6,717990,136650,30,510,150
2025-06-09 10:46:50.000000,752.6,718740,136650,30,300,270
2025-06-09 10:46:51.000000,751.3,718740,136650,30,300,270
2025-06-09 10:46:51.000000,751.3,718770,136650,30,450,330
2025-06-09 10:46:52.000000,751.3,718770,136650,30,210,270
2025-06-09 10:46:53.000000,751.3,718770,136650,30,270,360
2025-06-09 10:46:54.000000,748.6,718770,136650,30,270,360
2025-06-09 10:46:54.000000,750.0,718770,136650,30,270,360
2025-06-09 10:46:55.000000,750.0,718830,136650,30,330,210
2025-06-09 10:46:56.000000,750.0,718830,136650,30,420,270
2025-06-09 10:46:57.000000,750.0,718830,136650,30,330,210
2025-06-09 10:46:58.000000,754.45,718830,136650,30,330,210
2025-06-09 10:46:58.000000,754.45,718950,136650,30,390,360
2025-06-09 10:46:59.000000,752.2,718950,136650,30,390,360
2025-06-09 10:46:59.000000,752.2,718980,136650,30,240,870
2025-06-09 10:47:00.000000,752.2,718980,136650,30,240,870
2025-06-09 10:47:00.000000,752.65,718980,136650,30,240,870
2025-06-09 10:47:01.000000,752.65,719010,136650,30,330,330
2025-06-09 10:47:01.000000,754.05,719010,136650,30,330,330
2025-06-09 10:47:02.000000,754.05,719040,136650,30,330,240
2025-06-09 10:47:03.000000,754.05,719040,136650,30,300,270
2025-06-09 10:47:04.000000,754.05,719040,136650,30,330,270
2025-06-09 10:47:05.000000,754.05,719040,136650,30,390,240
2025-06-09 10:47:07.000000,754.05,719040,136650,30,300,330
2025-06-09 10:47:08.000000,754.05,719040,136650,30,270,270
2025-06-09 10:47:09.000000,754.05,719040,136650,30,270,210
2025-06-09 10:47:09.000000,755.0,719040,136650,30,270,210
2025-06-09 10:47:10.000000,756.5,719040,136650,30,270,210
2025-06-09 10:47:10.000000,756.5,719310,136650,30,360,270
2025-06-09 10:47:12.000000,756.5,719310,136650,30,330,180
2025-06-09 10:47:12.000000,754.95,719310,136650,30,330,180
2025-06-09 10:47:13.000000,754.95,719340,136650,30,210,300
2025-06-09 10:47:13.000000,754.2,719340,136650,30,210,300
2025-06-09 10:47:14.000000,755.8,719610,136650,30,360,300
2025-06-09 10:47:14.000000,755.8,719610,136650,30,360,300
2025-06-09 10:47:15.000000,755.8,719610,136650,30,300,330
2025-06-09 10:47:16.000000,755.8,719610,136650,30,330,300
2025-06-09 10:47:17.000000,755.8,719610,136650,30,270,300
2025-06-09 10:47:18.000000,755.0,719610,136650,30,270,300
2025-06-09 10:47:19.000000,755.0,719640,136650,30,240,240
2025-06-09 10:47:20.000000,756.4,719640,136650,30,240,240
2025-06-09 10:47:20.000000,756.4,719670,136650,30,360,210
2025-06-09 10:47:21.000000,756.4,719670,136650,30,270,330
2025-06-09 10:47:22.000000,756.4,719670,136650,30,300,870
2025-06-09 10:47:23.000000,756.4,719670,136650,30,300,810
2025-06-09 10:47:25.000000,756.4,719670,136650,30,300,210
2025-06-09 10:47:26.000000,756.4,719670,136650,30,390,690
2025-06-09 10:47:27.000000,756.4,719670,136650,30,450,780
2025-06-09 10:47:28.000000,757.55,719670,136650,60,450,780
2025-06-09 10:47:28.000000,757.55,719730,136650,60,420,870
2025-06-09 10:47:30.000000,757.55,719730,136650,60,270,690
2025-06-09 10:47:30.000000,757.55,719730,136650,60,270,690
2025-06-09 10:47:31.000000,757.55,719730,136650,60,330,660
2025-06-09 10:47:32.000000,757.55,719730,136650,60,210,240
2025-06-09 10:47:33.000000,756.8,719730,136650,30,210,240
2025-06-09 10:47:33.000000,756.8,719790,136650,30,330,840
2025-06-09 10:47:34.000000,756.75,719790,136650,30,330,840
2025-06-09 10:47:34.000000,756.75,719880,136650,30,420,300
2025-06-09 10:47:36.000000,756.75,719880,136650,30,300,240
2025-06-09 10:47:36.000000,755.25,719880,136650,30,300,240
2025-06-09 10:47:37.000000,755.25,719910,136650,30,240,240
2025-06-09 10:47:37.000000,756.75,719910,136650,30,240,240
2025-06-09 10:47:38.000000,754.95,719910,136650,30,240,240
2025-06-09 10:47:38.000000,754.95,719970,136650,30,480,240
2025-06-09 10:47:39.000000,756.75,719970,136650,30,480,240
2025-06-09 10:47:39.000000,756.75,720000,136650,30,270,300
2025-06-09 10:47:40.000000,755.15,720000,136650,30,270,300
2025-06-09 10:47:41.000000,755.15,720030,136650,30,390,270
2025-06-09 10:47:41.000000,756.75,720030,136650,30,390,270
2025-06-09 10:47:42.000000,756.75,720120,136650,30,420,180
2025-06-09 10:47:43.000000,756.75,720120,136650,30,330,240
2025-06-09 10:47:44.000000,756.75,720120,136650,30,390,210
2025-06-09 10:47:46.000000,756.75,720120,136650,30,450,210
2025-06-09 10:47:47.000000,757.0,720150,136650,30,180,240
2025-06-09 10:47:47.000000,757.0,720150,136650,30,180,240
2025-06-09 10:47:48.000000,757.0,720150,136650,30,180,210
2025-06-09 10:47:49.000000,755.2,720150,136650,30,180,210
2025-06-09 10:47:49.000000,755.2,720180,136650,30,510,240
2025-06-09 10:47:50.000000,755.2,720180,136650,30,420,240
2025-06-09 10:47:52.000000,755.2,720180,136650,30,420,300
2025-06-09 10:47:53.000000,755.2,720180,136650,30,390,270
2025-06-09 10:47:54.000000,755.2,720180,136650,30,330,330
2025-06-09 10:47:55.000000,755.2,720180,136650,30,240,210
2025-06-09 10:47:57.000000,755.2,720180,136650,30,270,300
2025-06-09 10:47:58.000000,755.2,720180,136650,30,270,270
2025-06-09 10:47:59.000000,756.0,720180,136650,30,270,270
2025-06-09 10:47:59.000000,756.0,720210,136650,30,150,240
2025-06-09 10:47:59.000000,756.0,720210,136650,30,150,240
2025-06-09 10:48:00.000000,756.0,720210,136650,30,150,240
2025-06-09 10:48:00.000000,756.0,720240,136650,30,210,210
2025-06-09 10:48:01.000000,757.0,720240,136650,30,210,210
2025-06-09 10:48:01.000000,757.0,720300,136650,30,150,810
2025-06-09 10:48:03.000000,757.0,720300,136650,30,270,1020
2025-06-09 10:48:04.000000,757.0,720300,136650,30,240,750
2025-06-09 10:48:05.000000,757.0,720300,136650,30,360,810
2025-06-09 10:48:06.000000,757.0,720300,136650,30,360,750
2025-06-09 10:48:08.000000,757.0,720300,136650,30,330,810
2025-06-09 10:48:08.000000,757.0,720300,136650,30,330,810
2025-06-09 10:48:09.000000,756.75,721050,136650,30,240,780
2025-06-09 10:48:09.000000,756.95,721050,136650,60,240,780
2025-06-09 10:48:10.000000,756.95,721110,136650,60,330,810
2025-06-09 10:48:11.000000,756.95,721110,136650,60,300,240
2025-06-09 10:48:12.000000,755.65,721230,136650,30,180,270
2025-06-09 10:48:13.000000,755.65,721230,136650,30,180,270
2025-06-09 10:48:13.000000,756.3,721230,136650,30,180,270
2025-06-09 10:48:14.000000,756.3,721320,136650,30,300,360
2025-06-09 10:48:15.000000,756.3,721320,136650,30,390,270
2025-06-09 10:48:16.000000,756.3,721320,136650,30,600,210
2025-06-09 10:48:17.000000,756.3,721320,136650,30,420,210
2025-06-09 10:48:18.000000,756.3,721320,136650,30,450,180
