Timestamp,LTP,BidQty,AskQty
2025-06-06 12:27:25.939364,895.15,480,360
2025-06-06 12:27:25.939475,739.95,360,330
2025-06-06 12:27:25.939638,789.65,270,330
2025-06-06 12:27:26.465182,896.55,510,450
2025-06-06 12:27:26.610791,741.2,360,330
2025-06-06 12:27:26.756967,896.55,510,450
2025-06-06 12:27:26.823666,789.65,240,180
2025-06-06 12:27:26.835135,741.2,180,180
2025-06-06 12:27:27.652323,896.05,510,570
2025-06-06 12:27:27.752403,896.05,510,570
2025-06-06 12:27:28.026249,789.65,390,150
2025-06-06 12:27:28.037319,741.2,330,270
2025-06-06 12:27:28.564890,792.55,390,150
2025-06-06 12:27:28.614368,741.9,330,270
2025-06-06 12:27:28.752422,897.65,510,570
2025-06-06 12:27:28.853972,897.65,750,570
2025-06-06 12:27:29.240762,792.55,390,300
2025-06-06 12:27:29.251975,741.9,240,330
2025-06-06 12:27:29.753174,900.45,750,570
2025-06-06 12:27:30.253232,901.15,300,360
2025-06-06 12:27:30.419921,901.15,300,360
2025-06-06 12:27:30.426215,792.55,390,300
2025-06-06 12:27:30.431964,792.55,450,150
2025-06-06 12:27:30.463588,741.9,240,330
2025-06-06 12:27:30.639080,741.9,330,210
2025-06-06 12:27:30.752978,900.85,300,360
2025-06-06 12:27:31.468786,900.6,540,330
2025-06-06 12:27:31.861906,900.6,540,330
2025-06-06 12:27:31.862112,792.55,390,270
2025-06-06 12:27:31.862181,741.9,330,240
2025-06-06 12:27:32.659294,900.9,540,450
2025-06-06 12:27:32.755401,900.9,540,450
2025-06-06 12:27:33.033875,792.55,480,240
2025-06-06 12:27:33.044597,741.9,540,150
2025-06-06 12:27:33.568518,792.25,480,240
2025-06-06 12:27:33.754098,900.45,540,450
2025-06-06 12:27:33.861268,900.85,390,270
2025-06-06 12:27:34.041461,744.1,540,150
2025-06-06 12:27:34.245800,792.35,420,210
2025-06-06 12:27:34.253891,744.1,450,270
2025-06-06 12:27:34.369633,792.35,420,210
2025-06-06 12:27:34.758596,901.15,390,270
2025-06-06 12:27:35.009712,744.4,450,270
2025-06-06 12:27:35.066178,901.15,510,330
2025-06-06 12:27:35.444600,792.35,330,180
2025-06-06 12:27:35.649428,744.4,510,300
2025-06-06 12:27:35.754347,901.2,510,330
2025-06-06 12:27:35.982249,795.0,330,180
2025-06-06 12:27:36.010447,744.7,510,300
2025-06-06 12:27:36.266781,903.6,510,300
2025-06-06 12:27:36.374893,794.45,330,180
2025-06-06 12:27:36.755946,903.6,510,300
2025-06-06 12:27:36.840164,794.45,420,360
2025-06-06 12:27:36.849489,744.7,270,300
2025-06-06 12:27:37.478681,903.6,390,330
2025-06-06 12:27:37.756697,902.05,390,330
2025-06-06 12:27:38.043300,794.45,270,450
2025-06-06 12:27:38.052992,744.7,360,390
2025-06-06 12:27:38.614436,745.25,360,390
2025-06-06 12:27:38.757679,901.6,390,330
2025-06-06 12:27:38.867017,901.45,510,540
2025-06-06 12:27:39.013061,743.65,360,390
2025-06-06 12:27:39.251271,794.45,540,600
2025-06-06 12:27:39.257467,743.65,420,330
2025-06-06 12:27:39.807157,901.45,510,540
2025-06-06 12:27:40.070874,901.4,1050,390
2025-06-06 12:27:40.453417,794.45,180,570
2025-06-06 12:27:40.464352,743.65,210,270
2025-06-06 12:27:40.759198,901.75,1050,390
2025-06-06 12:27:41.271453,901.8,1260,540
2025-06-06 12:27:41.572057,794.45,180,570
2025-06-06 12:27:41.658870,743.65,210,300
2025-06-06 12:27:41.760229,902.0,1260,540
2025-06-06 12:27:41.847731,794.45,330,480
2025-06-06 12:27:42.495373,901.7,1350,390
2025-06-06 12:27:42.760437,901.7,1350,390
2025-06-06 12:27:42.771701,794.45,330,480
2025-06-06 12:27:42.858075,743.65,630,210
2025-06-06 12:27:43.052747,795.0,480,540
2025-06-06 12:27:43.180449,795.0,480,540
2025-06-06 12:27:43.223095,745.4,630,210
2025-06-06 12:27:43.490078,902.7,1050,420
2025-06-06 12:27:43.763805,903.4,1050,420
2025-06-06 12:27:44.015945,746.85,630,210
2025-06-06 12:27:44.060926,745.65,180,360
2025-06-06 12:27:44.259177,795.0,450,300
2025-06-06 12:27:44.681526,903.8,960,570
2025-06-06 12:27:44.765544,903.8,960,570
2025-06-06 12:27:45.018047,745.65,180,360
2025-06-06 12:27:45.266582,745.65,360,240
2025-06-06 12:27:45.494540,795.0,570,300
2025-06-06 12:27:45.762918,904.6,960,570
2025-06-06 12:27:45.881519,902.65,750,420
2025-06-06 12:27:45.982923,796.6,570,300
2025-06-06 12:27:46.418778,747.25,360,240
2025-06-06 12:27:46.657275,796.6,360,150
2025-06-06 12:27:46.661015,747.25,360,330
2025-06-06 12:27:46.790785,902.95,750,420
2025-06-06 12:27:47.083090,905.0,720,690
2025-06-06 12:27:47.764606,904.85,720,690
2025-06-06 12:27:47.818282,748.25,360,330
2025-06-06 12:27:47.859579,796.6,420,300
2025-06-06 12:27:47.865559,748.25,390,330
2025-06-06 12:27:47.984518,797.05,420,300
2025-06-06 12:27:48.178199,795.85,420,300
2025-06-06 12:27:48.287071,904.95,420,660
2025-06-06 12:27:48.764765,904.95,420,660
2025-06-06 12:27:49.063632,797.25,330,510
2025-06-06 12:27:49.067390,748.25,240,210
2025-06-06 12:27:49.176750,797.25,330,510
2025-06-06 12:27:49.494995,902.85,480,600
2025-06-06 12:27:49.622009,748.1,240,210
2025-06-06 12:27:49.765177,904.0,480,600
2025-06-06 12:27:50.273088,797.25,270,330
2025-06-06 12:27:50.277992,748.1,660,270
2025-06-06 12:27:50.420166,745.1,660,270
2025-06-06 12:27:50.688247,903.15,750,480
2025-06-06 12:27:50.766257,903.15,750,480
2025-06-06 12:27:50.774391,796.5,270,330
2025-06-06 12:27:51.479002,796.5,390,270
2025-06-06 12:27:51.669039,745.1,300,210
2025-06-06 12:27:51.766796,903.95,750,480
2025-06-06 12:27:51.892150,903.95,450,660
2025-06-06 12:27:52.380296,796.4,390,270
2025-06-06 12:27:52.767362,904.45,450,660
2025-06-06 12:27:52.867543,795.6,330,330
2025-06-06 12:27:52.871833,745.1,330,300
2025-06-06 12:27:53.095662,902.7,240,540
2025-06-06 12:27:53.184239,795.6,330,330
2025-06-06 12:27:53.819430,902.4,240,540
2025-06-06 12:27:53.819945,745.55,330,300
2025-06-06 12:27:54.068173,797.4,240,450
2025-06-06 12:27:54.073962,745.55,360,360
2025-06-06 12:27:54.196102,797.4,240,450
2025-06-06 12:27:54.235690,745.4,360,360
2025-06-06 12:27:54.298268,903.85,420,480
2025-06-06 12:27:54.773051,903.85,420,480
2025-06-06 12:27:55.270874,797.4,480,210
2025-06-06 12:27:55.276263,745.4,330,180
2025-06-06 12:27:55.501689,904.45,360,780
2025-06-06 12:27:55.769740,904.45,360,780
2025-06-06 12:27:56.027015,748.2,330,180
2025-06-06 12:27:56.184375,797.8,480,210
2025-06-06 12:27:56.484239,797.95,270,480
2025-06-06 12:27:56.485949,746.5,300,240
2025-06-06 12:27:56.774675,905.95,360,780
2025-06-06 12:27:56.898547,905.95,330,300
2025-06-06 12:27:57.029263,748.2,300,240
2025-06-06 12:27:57.183380,796.4,270,480
2025-06-06 12:27:57.676656,796.4,210,480
2025-06-06 12:27:57.680582,746.65,240,270
2025-06-06 12:27:57.772857,903.3,330,300
2025-06-06 12:27:58.032330,746.65,240,270
2025-06-06 12:27:58.101234,903.3,510,330
2025-06-06 12:27:58.771567,904.8,510,330
2025-06-06 12:27:58.879688,796.4,270,390
2025-06-06 12:27:59.078753,746.65,270,420
2025-06-06 12:27:59.303885,904.5,300,510
2025-06-06 12:27:59.383252,797.6,270,390
2025-06-06 12:27:59.809418,904.6,300,510
2025-06-06 12:28:00.030558,746.65,270,420
2025-06-06 12:28:00.081543,797.6,510,300
2025-06-06 12:28:00.318033,746.65,300,300
2025-06-06 12:28:00.429294,904.6,300,510
2025-06-06 12:28:00.429755,797.6,510,300
2025-06-06 12:28:00.461180,746.65,300,300
2025-06-06 12:28:00.508477,904.6,300,330
2025-06-06 12:28:00.583955,796.4,510,300
2025-06-06 12:28:00.773744,903.95,300,330
2025-06-06 12:28:01.028995,745.85,300,300
2025-06-06 12:28:01.184842,797.15,510,300
2025-06-06 12:28:01.490188,797.15,450,240
2025-06-06 12:28:01.490909,745.85,300,240
2025-06-06 12:28:01.710370,904.0,300,360
2025-06-06 12:28:01.772828,904.0,300,360
2025-06-06 12:28:02.385677,797.65,450,240
2025-06-06 12:28:02.682811,797.45,300,300
2025-06-06 12:28:02.686769,745.85,420,390
2025-06-06 12:28:02.773165,905.0,300,360
2025-06-06 12:28:03.108099,905.0,270,480
2025-06-06 12:28:03.184614,797.45,300,300
2025-06-06 12:28:03.773670,903.95,270,480
2025-06-06 12:28:03.885501,797.45,300,270
2025-06-06 12:28:03.888536,745.85,690,300
2025-06-06 12:28:04.310871,903.95,270,300
2025-06-06 12:28:04.630560,747.5,690,300
2025-06-06 12:28:04.786237,794.95,300,270
2025-06-06 12:28:04.984021,903.3,270,300
2025-06-06 12:28:05.088906,794.95,180,330
2025-06-06 12:28:05.297724,747.5,690,210
2025-06-06 12:28:05.511599,903.3,300,240
2025-06-06 12:28:05.799654,903.85,300,240
2025-06-06 12:28:06.296577,794.95,330,360
2025-06-06 12:28:06.385994,798.0,330,360
2025-06-06 12:28:06.492982,747.5,270,270
2025-06-06 12:28:06.721878,904.0,540,150
2025-06-06 12:28:06.775373,904.0,540,150
2025-06-06 12:28:07.186664,798.0,330,360
2025-06-06 12:28:07.238240,748.25,270,270
2025-06-06 12:28:07.690554,798.0,270,630
2025-06-06 12:28:07.691410,748.25,300,240
2025-06-06 12:28:07.775327,907.15,540,150
2025-06-06 12:28:07.918143,907.15,570,420
2025-06-06 12:28:08.037282,746.0,300,240
2025-06-06 12:28:08.190272,793.0,270,630
2025-06-06 12:28:08.777071,904.8,570,420
2025-06-06 12:28:08.893860,793.0,360,510
2025-06-06 12:28:08.894178,745.0,210,180
2025-06-06 12:28:09.034506,747.7,210,180
2025-06-06 12:28:09.317203,905.0,390,390
2025-06-06 12:28:09.778725,905.45,390,390
2025-06-06 12:28:10.098593,793.0,450,270
2025-06-06 12:28:10.098820,747.7,570,270
2025-06-06 12:28:10.523452,905.6,420,360
2025-06-06 12:28:10.776627,905.6,420,360
2025-06-06 12:28:11.305181,793.0,270,360
2025-06-06 12:28:11.305377,747.7,270,240
2025-06-06 12:28:11.437632,748.25,270,240
2025-06-06 12:28:11.727042,905.6,600,360
2025-06-06 12:28:11.988564,907.55,600,360
2025-06-06 12:28:11.995377,798.05,270,360
2025-06-06 12:28:12.696863,798.05,240,690
2025-06-06 12:28:12.697578,748.25,300,210
2025-06-06 12:28:12.776696,904.9,600,360
2025-06-06 12:28:12.922992,904.9,270,390
2025-06-06 12:28:13.789340,907.25,270,390
2025-06-06 12:28:13.906852,748.25,390,360
2025-06-06 12:28:13.909741,798.05,630,540
2025-06-06 12:28:14.126064,905.05,720,360
2025-06-06 12:28:14.778762,906.85,720,360
2025-06-06 12:28:15.105247,748.25,420,390
2025-06-06 12:28:15.105585,798.05,480,540
2025-06-06 12:28:15.334923,904.7,660,300
2025-06-06 12:28:15.795128,904.95,660,300
2025-06-06 12:28:16.303917,748.25,300,240
2025-06-06 12:28:16.305473,798.05,420,570
2025-06-06 12:28:16.532992,904.8,690,390
2025-06-06 12:28:16.781933,904.8,690,390
2025-06-06 12:28:16.839778,748.95,300,240
2025-06-06 12:28:16.997811,797.15,420,570
2025-06-06 12:28:17.196166,795.15,420,570
2025-06-06 12:28:17.240117,745.35,300,240
2025-06-06 12:28:17.506699,795.15,210,630
2025-06-06 12:28:17.704005,745.35,300,270
2025-06-06 12:28:17.733058,900.05,1170,390
2025-06-06 12:28:17.781335,900.05,1170,390
2025-06-06 12:28:18.782045,900.85,1170,390
2025-06-06 12:28:18.908330,745.35,300,390
2025-06-06 12:28:18.908614,795.15,240,360
2025-06-06 12:28:19.130234,900.85,630,420
2025-06-06 12:28:19.990433,903.1,630,420
2025-06-06 12:28:20.110606,795.15,210,600
2025-06-06 12:28:20.111094,745.35,210,330
2025-06-06 12:28:20.389010,903.3,570,420
2025-06-06 12:28:20.784202,904.75,570,420
2025-06-06 12:28:21.322865,745.35,300,300
2025-06-06 12:28:21.323262,795.15,180,270
2025-06-06 12:28:21.535844,904.5,300,390
2025-06-06 12:28:21.783845,904.75,300,390
2025-06-06 12:28:21.794958,796.8,180,270
2025-06-06 12:28:22.512477,745.35,270,270
2025-06-06 12:28:22.514342,796.8,210,300
2025-06-06 12:28:22.739917,902.7,420,390
2025-06-06 12:28:22.784875,902.7,420,390
2025-06-06 12:28:23.722666,745.35,240,330
2025-06-06 12:28:23.784870,905.5,420,390
2025-06-06 12:28:23.838506,746.5,240,330
2025-06-06 12:28:23.915806,796.8,300,210
2025-06-06 12:28:24.138175,905.4,690,360
2025-06-06 12:28:24.396771,796.75,300,210
2025-06-06 12:28:24.785499,903.5,690,360
2025-06-06 12:28:24.917205,746.5,240,300
2025-06-06 12:28:25.117840,796.75,300,270
2025-06-06 12:28:25.363588,905.2,330,420
2025-06-06 12:28:25.792773,905.1,330,420
2025-06-06 12:28:26.196394,796.75,300,270
2025-06-06 12:28:26.326382,746.5,180,270
2025-06-06 12:28:26.328569,796.75,300,390
2025-06-06 12:28:26.544102,905.1,300,210
2025-06-06 12:28:27.387853,905.0,300,210
2025-06-06 12:28:27.517907,746.5,180,300
2025-06-06 12:28:27.521832,796.75,270,270
2025-06-06 12:28:27.744487,905.0,450,360
2025-06-06 12:28:28.389026,903.65,450,360
2025-06-06 12:28:28.400346,796.65,270,270
2025-06-06 12:28:28.729205,746.5,360,210
2025-06-06 12:28:28.732239,794.9,360,360
2025-06-06 12:28:28.946599,903.65,270,180
2025-06-06 12:28:29.200816,796.1,360,360
2025-06-06 12:28:29.388824,901.5,270,180
2025-06-06 12:28:29.923920,746.5,420,240
2025-06-06 12:28:29.993992,903.5,270,180
2025-06-06 12:28:30.124874,796.1,690,270
2025-06-06 12:28:30.151127,903.5,630,570
2025-06-06 12:28:30.422190,903.5,630,570
2025-06-06 12:28:30.436659,796.1,690,270
2025-06-06 12:28:30.682733,746.5,420,240
2025-06-06 12:28:30.789826,903.55,630,570
2025-06-06 12:28:31.125358,746.5,300,270
2025-06-06 12:28:31.337484,796.1,660,300
2025-06-06 12:28:31.353579,903.55,540,540
2025-06-06 12:28:31.790863,900.8,540,540
2025-06-06 12:28:32.338898,746.5,330,300
2025-06-06 12:28:32.531606,796.1,540,420
2025-06-06 12:28:32.750889,903.4,420,510
2025-06-06 12:28:32.791806,903.4,420,510
2025-06-06 12:28:33.529495,746.5,360,150
2025-06-06 12:28:33.736735,796.1,390,300
2025-06-06 12:28:33.791625,903.8,420,510
2025-06-06 12:28:33.955058,903.8,390,510
2025-06-06 12:28:34.046786,745.0,360,150
2025-06-06 12:28:34.733360,745.0,270,240
2025-06-06 12:28:35.195077,795.9,480,390
2025-06-06 12:28:35.195284,903.8,240,420
2025-06-06 12:28:35.206056,795.9,480,390
2025-06-06 12:28:35.846131,746.9,270,240
2025-06-06 12:28:35.933065,746.9,480,240
2025-06-06 12:28:36.205170,796.1,480,390
2025-06-06 12:28:36.343810,796.1,930,390
2025-06-06 12:28:36.357985,903.8,330,330
2025-06-06 12:28:36.648019,744.9,480,240
2025-06-06 12:28:37.354812,744.9,300,210
2025-06-06 12:28:37.394061,901.95,330,330
2025-06-06 12:28:37.539337,796.1,420,330
2025-06-06 12:28:37.559304,901.95,300,450
2025-06-06 12:28:37.653953,747.2,300,210
2025-06-06 12:28:37.997398,901.5,300,450
2025-06-06 12:28:38.534603,747.2,270,300
2025-06-06 12:28:38.603847,797.05,420,330
2025-06-06 12:28:38.744494,797.05,330,210
2025-06-06 12:28:38.793944,904.6,300,450
2025-06-06 12:28:38.965677,902.65,720,570
2025-06-06 12:28:39.604314,798.0,330,210
2025-06-06 12:28:39.797427,747.2,210,300
2025-06-06 12:28:39.797911,903.1,720,570
2025-06-06 12:28:40.143682,798.0,390,540
2025-06-06 12:28:40.165128,905.0,810,390
2025-06-06 12:28:40.506329,750.5,210,300
2025-06-06 12:28:40.794517,907.25,810,390
2025-06-06 12:28:40.938167,750.5,180,180
2025-06-06 12:28:41.353207,798.0,390,540
2025-06-06 12:28:41.365637,907.25,510,450
2025-06-06 12:28:42.001127,907.1,510,450
2025-06-06 12:28:42.140104,750.5,240,330
2025-06-06 12:28:42.226595,799.95,390,540
2025-06-06 12:28:42.547538,800.0,210,390
2025-06-06 12:28:42.566004,907.0,540,690
2025-06-06 12:28:42.799905,906.3,540,690
2025-06-06 12:28:43.208878,800.0,210,390
2025-06-06 12:28:43.344492,750.5,300,210
2025-06-06 12:28:43.750861,801.75,330,360
2025-06-06 12:28:43.770327,907.05,540,840
2025-06-06 12:28:43.795810,907.05,540,840
2025-06-06 12:28:44.208314,801.75,330,360
2025-06-06 12:28:44.543903,750.5,870,450
2025-06-06 12:28:44.798854,908.0,540,840
2025-06-06 12:28:45.149948,801.75,210,450
2025-06-06 12:28:45.171621,906.25,540,390
2025-06-06 12:28:45.830852,750.5,270,210
2025-06-06 12:28:45.832060,906.6,540,390
2025-06-06 12:28:45.873391,750.5,270,210
2025-06-06 12:28:46.363653,801.75,270,480
2025-06-06 12:28:46.370676,908.8,540,330
2025-06-06 12:28:46.799153,908.55,540,330
2025-06-06 12:28:46.950133,750.5,270,390
2025-06-06 12:28:47.211881,801.55,270,480
2025-06-06 12:28:47.458836,752.0,270,390
2025-06-06 12:28:47.555971,801.55,360,450
2025-06-06 12:28:47.570678,908.55,810,600
2025-06-06 12:28:48.015711,908.75,810,600
2025-06-06 12:28:48.150915,752.0,420,240
2025-06-06 12:28:48.760192,801.55,300,210
2025-06-06 12:28:48.774107,907.6,630,660
2025-06-06 12:28:48.800337,907.6,630,660
2025-06-06 12:28:49.367032,752.0,360,180
2025-06-06 12:28:49.410937,802.0,300,210
2025-06-06 12:28:49.804140,909.35,630,660
2025-06-06 12:28:49.986177,909.35,600,360
2025-06-06 12:28:50.166861,802.65,480,240
2025-06-06 12:28:50.212762,802.65,480,240
2025-06-06 12:28:50.457921,753.15,360,180
2025-06-06 12:28:50.751667,753.15,210,330
2025-06-06 12:28:50.802329,909.5,600,360
2025-06-06 12:28:51.056801,751.25,210,330
2025-06-06 12:28:51.179808,909.5,360,450
2025-06-06 12:28:51.370150,802.65,510,270
2025-06-06 12:28:51.758094,753.1,330,420
2025-06-06 12:28:51.803551,907.2,360,450
2025-06-06 12:28:51.810289,800.85,510,270
2025-06-06 12:28:52.059039,751.5,330,420
2025-06-06 12:28:52.379573,908.55,540,330
2025-06-06 12:28:52.565897,800.85,360,270
2025-06-06 12:28:52.803594,909.3,540,330
2025-06-06 12:28:52.964010,751.5,210,240
2025-06-06 12:28:53.411250,802.55,360,270
2025-06-06 12:28:53.581278,909.8,720,720
2025-06-06 12:28:53.767747,802.55,390,330
2025-06-06 12:28:53.806044,909.8,720,720
2025-06-06 12:28:54.163617,751.5,210,270
2025-06-06 12:28:54.256310,752.95,210,270
2025-06-06 12:28:54.804810,909.8,510,600
2025-06-06 12:28:54.806063,909.8,510,600
2025-06-06 12:28:55.103687,802.55,330,210
2025-06-06 12:28:55.257824,751.45,210,270
2025-06-06 12:28:55.558062,751.45,420,390
2025-06-06 12:28:55.806024,909.9,510,600
2025-06-06 12:28:56.182990,909.9,600,750
2025-06-06 12:28:56.373651,802.55,270,240
2025-06-06 12:28:56.759934,751.45,330,210
2025-06-06 12:28:57.385908,909.9,480,870
2025-06-06 12:28:57.418031,803.25,270,240
2025-06-06 12:28:57.572574,803.25,390,480
2025-06-06 12:28:57.607602,907.65,480,870
2025-06-06 12:28:58.043226,751.45,210,300
2025-06-06 12:28:58.043833,907.25,480,870
2025-06-06 12:28:58.587405,909.1,510,660
2025-06-06 12:28:58.619275,801.0,390,480
2025-06-06 12:28:58.660506,750.5,210,300
2025-06-06 12:28:58.776057,801.0,360,360
2025-06-06 12:28:58.812846,909.1,510,660
2025-06-06 12:28:59.193322,750.5,390,210
2025-06-06 12:28:59.790756,909.1,480,420
2025-06-06 12:29:00.031982,801.0,420,300
2025-06-06 12:29:00.032543,908.8,480,420
2025-06-06 12:29:00.372489,750.5,270,240
2025-06-06 12:29:00.423440,908.8,480,420
2025-06-06 12:29:00.423580,801.0,420,300
2025-06-06 12:29:00.465165,750.5,270,240
2025-06-06 12:29:00.669261,750.2,270,240
2025-06-06 12:29:00.811001,906.25,480,420
2025-06-06 12:29:00.824287,798.0,420,300
2025-06-06 12:29:01.002801,906.25,720,240
2025-06-06 12:29:01.069482,747.4,270,240
2025-06-06 12:29:01.187139,798.55,300,210
2025-06-06 12:29:01.226561,798.55,300,210
2025-06-06 12:29:01.569910,747.4,270,300
2025-06-06 12:29:01.815640,905.95,720,240
2025-06-06 12:29:02.395411,903.7,690,330
2025-06-06 12:29:02.584153,798.55,480,240
2025-06-06 12:29:02.667042,749.0,270,300
2025-06-06 12:29:02.796053,749.0,240,360
2025-06-06 12:29:02.810605,903.7,690,330
2025-06-06 12:29:03.023071,800.0,480,240
2025-06-06 12:29:03.604803,908.35,600,330
2025-06-06 12:29:03.782976,799.15,360,390
2025-06-06 12:29:03.814014,908.35,600,330
2025-06-06 12:29:03.824730,799.5,360,390
2025-06-06 12:29:03.987747,749.0,300,210
2025-06-06 12:29:04.796632,907.35,690,330
2025-06-06 12:29:04.811594,907.35,690,330
2025-06-06 12:29:04.995367,799.5,540,270
2025-06-06 12:29:05.384658,749.0,150,270
2025-06-06 12:29:05.820717,909.6,690,330
2025-06-06 12:29:06.005199,909.6,570,900
2025-06-06 12:29:06.191577,799.5,420,240
2025-06-06 12:29:06.581346,749.0,450,210
2025-06-06 12:29:06.815941,910.75,570,900
2025-06-06 12:29:07.072276,752.95,450,210
2025-06-06 12:29:07.201423,908.55,300,390
2025-06-06 12:29:07.227280,802.0,420,240
2025-06-06 12:29:07.400265,802.0,810,210
2025-06-06 12:29:07.777905,752.95,330,360
2025-06-06 12:29:07.812109,910.25,300,390
2025-06-06 12:29:08.403181,908.5,330,450
2025-06-06 12:29:08.477269,749.3,330,360
2025-06-06 12:29:08.595031,802.0,480,300
2025-06-06 12:29:08.814655,907.2,330,450
2025-06-06 12:29:08.991470,749.3,630,330
2025-06-06 12:29:09.231068,802.25,480,300
2025-06-06 12:29:09.802537,907.3,450,270
2025-06-06 12:29:09.812650,907.3,450,270
2025-06-06 12:29:10.000528,800.65,390,240
2025-06-06 12:29:10.195973,749.3,240,420
2025-06-06 12:29:10.252375,800.65,390,240
2025-06-06 12:29:10.817947,909.75,450,270
2025-06-06 12:29:11.003859,909.75,360,270
2025-06-06 12:29:11.195599,800.6,390,240
2025-06-06 12:29:11.231352,800.6,390,240
2025-06-06 12:29:11.395251,749.3,270,360
2025-06-06 12:29:11.814970,909.0,360,270
2025-06-06 12:29:12.208487,909.0,330,330
2025-06-06 12:29:12.405378,800.6,360,240
2025-06-06 12:29:12.782542,749.3,300,330
2025-06-06 12:29:12.815308,908.2,330,330
2025-06-06 12:29:13.409375,908.2,360,390
2025-06-06 12:29:13.599350,800.6,330,270
2025-06-06 12:29:13.995657,749.3,240,210
2025-06-06 12:29:14.015608,909.3,360,390
2025-06-06 12:29:14.804425,800.6,240,180
2025-06-06 12:29:14.809846,909.6,300,390
2025-06-06 12:29:14.814435,909.6,300,390
2025-06-06 12:29:15.027589,803.0,240,180
2025-06-06 12:29:15.189282,749.3,390,210
2025-06-06 12:29:15.817942,910.6,300,390
2025-06-06 12:29:16.009881,803.0,390,210
2025-06-06 12:29:16.011007,909.15,630,420
2025-06-06 12:29:16.399484,749.3,300,330
2025-06-06 12:29:16.817821,910.8,630,420
2025-06-06 12:29:17.209127,803.0,180,450
2025-06-06 12:29:17.216990,909.15,360,390
2025-06-06 12:29:17.239182,803.65,180,450
2025-06-06 12:29:17.590520,749.3,330,300
2025-06-06 12:29:17.818275,910.7,360,390
2025-06-06 12:29:18.234413,803.6,180,450
2025-06-06 12:29:18.419003,801.95,540,270
2025-06-06 12:29:18.421743,911.0,480,210
2025-06-06 12:29:18.793332,753.85,240,210
2025-06-06 12:29:18.818372,910.75,480,210
2025-06-06 12:29:18.873114,753.85,240,210
2025-06-06 12:29:19.235014,801.95,540,270
2025-06-06 12:29:19.273891,754.0,240,210
2025-06-06 12:29:19.617465,911.0,480,450
2025-06-06 12:29:19.810361,804.7,510,720
2025-06-06 12:29:19.820186,910.7,480,450
2025-06-06 12:29:20.192389,754.0,210,210
2025-06-06 12:29:20.237554,804.7,510,720
2025-06-06 12:29:20.820395,912.5,540,300
2025-06-06 12:29:20.821035,912.5,540,300
2025-06-06 12:29:20.873148,755.25,210,210
2025-06-06 12:29:21.012756,803.25,330,540
2025-06-06 12:29:21.233991,803.25,330,540
2025-06-06 12:29:21.400759,755.25,240,210
2025-06-06 12:29:21.675733,752.25,240,210
2025-06-06 12:29:21.820165,910.15,540,300
2025-06-06 12:29:22.264492,805.0,450,360
2025-06-06 12:29:22.264635,910.75,480,270
2025-06-06 12:29:22.264716,805.0,450,360
2025-06-06 12:29:22.274324,754.95,240,210
2025-06-06 12:29:22.597293,755.25,330,300
2025-06-06 12:29:22.821324,912.5,480,270
2025-06-06 12:29:23.097050,755.05,330,300
2025-06-06 12:29:23.239807,805.0,450,360
2025-06-06 12:29:23.427193,805.0,600,390
2025-06-06 12:29:23.429320,912.0,270,240
2025-06-06 12:29:23.805020,755.05,270,270
2025-06-06 12:29:23.824051,912.0,270,240
2025-06-06 12:29:24.233282,805.1,600,390
2025-06-06 12:29:24.624617,913.2,540,420
2025-06-06 12:29:24.816784,805.1,420,270
2025-06-06 12:29:24.822626,912.9,540,420
2025-06-06 12:29:25.005533,755.05,660,300
2025-06-06 12:29:25.670222,806.0,420,270
2025-06-06 12:29:25.823206,912.75,540,420
2025-06-06 12:29:25.827589,912.75,330,720
2025-06-06 12:29:26.020284,806.0,270,240
2025-06-06 12:29:26.203230,755.05,780,480
2025-06-06 12:29:26.436763,806.0,270,240
2025-06-06 12:29:27.011498,914.0,330,720
2025-06-06 12:29:27.229166,808.2,420,420
2025-06-06 12:29:27.229880,914.0,300,270
2025-06-06 12:29:27.235868,808.2,420,420
2025-06-06 12:29:27.602523,755.05,570,300
2025-06-06 12:29:27.825616,917.05,300,270
2025-06-06 12:29:28.236116,806.55,420,420
2025-06-06 12:29:28.436150,806.55,450,210
2025-06-06 12:29:28.437998,916.05,360,390
2025-06-06 12:29:28.805309,755.05,240,300
2025-06-06 12:29:28.825702,914.45,360,390
2025-06-06 12:29:29.235927,807.35,450,210
2025-06-06 12:29:29.278004,758.45,240,300
2025-06-06 12:29:29.628261,807.3,270,390
2025-06-06 12:29:29.630702,916.7,570,480
2025-06-06 12:29:29.826797,916.7,570,480
2025-06-06 12:29:30.007911,758.45,330,540
2025-06-06 12:29:30.236433,807.35,270,390
2025-06-06 12:29:30.430405,916.7,570,480
2025-06-06 12:29:30.430685,807.35,270,390
2025-06-06 12:29:30.462225,758.45,330,540
2025-06-06 12:29:30.826480,916.35,570,480
2025-06-06 12:29:30.832704,916.35,240,240
2025-06-06 12:29:31.028545,807.35,510,210
2025-06-06 12:29:31.210033,758.45,270,270
2025-06-06 12:29:31.826752,916.55,240,240
2025-06-06 12:29:32.233221,807.35,450,450
2025-06-06 12:29:32.234516,916.55,450,240
2025-06-06 12:29:32.417721,758.45,270,330
2025-06-06 12:29:32.444288,808.2,450,450
2025-06-06 12:29:32.828414,917.05,450,240
2025-06-06 12:29:33.239050,809.95,450,450
2025-06-06 12:29:33.443420,809.95,510,360
2025-06-06 12:29:33.446472,917.6,270,420
2025-06-06 12:29:33.670964,760.0,480,330
2025-06-06 12:29:33.741629,760.0,480,330
2025-06-06 12:29:33.829630,918.0,270,420
2025-06-06 12:29:34.239992,810.0,510,360
2025-06-06 12:29:34.639634,764.2,480,330
2025-06-06 12:29:34.639906,814.45,330,330
2025-06-06 12:29:34.640451,920.35,390,480
2025-06-06 12:29:34.819185,764.2,780,210
2025-06-06 12:29:34.828581,921.3,390,480
2025-06-06 12:29:35.239889,814.45,330,330
2025-06-06 12:29:35.386796,764.3,780,210
2025-06-06 12:29:35.830433,918.05,390,480
2025-06-06 12:29:35.839148,812.6,420,570
2025-06-06 12:29:35.839755,918.05,240,420
2025-06-06 12:29:36.084416,760.2,780,210
2025-06-06 12:29:36.218394,760.2,360,330
2025-06-06 12:29:36.240975,810.2,420,570
2025-06-06 12:29:36.830186,918.45,240,420
2025-06-06 12:29:37.043625,918.45,240,330
2025-06-06 12:29:37.086788,763.5,360,330
2025-06-06 12:29:37.238871,813.0,570,330
2025-06-06 12:29:37.239716,813.0,570,330
2025-06-06 12:29:37.418898,763.5,270,210
2025-06-06 12:29:37.830635,920.0,240,330
2025-06-06 12:29:38.240713,813.65,570,330
2025-06-06 12:29:38.283477,764.1,270,210
2025-06-06 12:29:38.453975,922.55,180,180
2025-06-06 12:29:38.454177,812.8,180,480
2025-06-06 12:29:38.619165,764.1,240,240
2025-06-06 12:29:38.831234,920.95,180,180
2025-06-06 12:29:39.247289,813.85,180,480
2025-06-06 12:29:39.644257,813.8,180,360
2025-06-06 12:29:39.644972,921.0,630,390
2025-06-06 12:29:39.821947,764.1,240,240
2025-06-06 12:29:39.830814,921.0,630,390
2025-06-06 12:29:40.243563,813.8,180,360
2025-06-06 12:29:40.705009,763.45,240,240
2025-06-06 12:29:40.877591,921.4,630,390
2025-06-06 12:29:40.887712,921.4,360,180
2025-06-06 12:29:40.888240,813.8,480,240
2025-06-06 12:29:41.024344,763.45,330,210
2025-06-06 12:29:41.263982,812.25,480,240
2025-06-06 12:29:41.833356,921.95,360,180
2025-06-06 12:29:42.051832,920.6,240,300
2025-06-06 12:29:42.052790,813.6,420,240
2025-06-06 12:29:42.247162,763.9,210,360
2025-06-06 12:29:42.247376,813.6,420,240
2025-06-06 12:29:42.286621,763.9,210,360
2025-06-06 12:29:42.832859,920.0,240,300
2025-06-06 12:29:43.088796,762.55,210,360
2025-06-06 12:29:43.266403,813.3,420,240
2025-06-06 12:29:43.266800,813.3,450,210
2025-06-06 12:29:43.267088,919.85,360,210
2025-06-06 12:29:43.427688,762.55,690,270
2025-06-06 12:29:43.832927,920.0,360,210
2025-06-06 12:29:44.099511,762.35,690,270
2025-06-06 12:29:44.245502,813.8,450,210
2025-06-06 12:29:44.664598,762.35,390,210
2025-06-06 12:29:44.692886,813.8,330,390
2025-06-06 12:29:44.693475,922.0,480,870
2025-06-06 12:29:44.847491,922.0,480,870
2025-06-06 12:29:45.090155,765.0,390,210
2025-06-06 12:29:45.247071,817.2,330,390
2025-06-06 12:29:45.833576,921.9,480,870
2025-06-06 12:29:45.851103,817.2,240,330
2025-06-06 12:29:45.851576,921.9,300,480
2025-06-06 12:29:46.030109,765.0,270,270
2025-06-06 12:29:46.297924,765.0,270,270
2025-06-06 12:29:46.841156,921.95,300,480
2025-06-06 12:29:47.059063,817.2,240,240
2025-06-06 12:29:47.059637,922.1,420,510
2025-06-06 12:29:47.237659,765.0,510,180
2025-06-06 12:29:47.836560,923.8,420,510
2025-06-06 12:29:48.246904,817.4,240,240
2025-06-06 12:29:48.257097,817.4,390,630
2025-06-06 12:29:48.258559,924.5,510,510
2025-06-06 12:29:48.433653,765.0,270,180
2025-06-06 12:29:48.836402,924.5,510,510
2025-06-06 12:29:49.247805,817.9,390,630
2025-06-06 12:29:49.465782,817.9,330,420
2025-06-06 12:29:49.467876,924.1,360,600
2025-06-06 12:29:49.635121,765.0,360,240
2025-06-06 12:29:49.836967,923.3,360,600
2025-06-06 12:29:50.650100,815.95,330,420
2025-06-06 12:29:50.660372,815.95,300,420
2025-06-06 12:29:50.661256,924.5,420,330
2025-06-06 12:29:50.837485,923.4,420,330
2025-06-06 12:29:50.837785,765.0,240,390
2025-06-06 12:29:50.889015,765.6,240,390
2025-06-06 12:29:51.094054,762.35,240,390
2025-06-06 12:29:51.248205,815.0,300,420
2025-06-06 12:29:51.838167,922.15,420,330
2025-06-06 12:29:52.040753,762.35,270,240
2025-06-06 12:29:52.059759,815.0,420,240
2025-06-06 12:29:52.062085,920.6,900,510
2025-06-06 12:29:52.449393,815.55,420,240
2025-06-06 12:29:52.838887,922.7,900,510
2025-06-06 12:29:53.242624,762.35,300,240
2025-06-06 12:29:53.248514,813.35,420,240
2025-06-06 12:29:53.260298,813.35,390,240
2025-06-06 12:29:53.262921,920.25,690,450
2025-06-06 12:29:53.851262,922.0,690,450
2025-06-06 12:29:54.251310,813.8,390,240
2025-06-06 12:29:54.444809,759.55,180,300
2025-06-06 12:29:54.470920,810.0,540,330
2025-06-06 12:29:54.476395,916.7,390,270
2025-06-06 12:29:54.504888,759.55,180,300
2025-06-06 12:29:54.841833,915.95,390,270
2025-06-06 12:29:55.252052,806.8,540,330
2025-06-06 12:29:55.669399,807.75,390,510
2025-06-06 12:29:55.669997,916.35,390,540
2025-06-06 12:29:55.844095,916.35,390,540
2025-06-06 12:29:55.845323,759.55,240,510
2025-06-06 12:29:56.251563,807.75,390,510
2025-06-06 12:29:56.842608,917.1,390,540
2025-06-06 12:29:56.869485,807.75,420,240
2025-06-06 12:29:56.871338,917.1,270,450
2025-06-06 12:29:57.047450,759.55,330,510
2025-06-06 12:29:57.275558,808.75,420,240
2025-06-06 12:29:57.506510,760.0,330,510
2025-06-06 12:29:57.843497,919.05,270,450
2025-06-06 12:29:58.069888,808.75,510,270
2025-06-06 12:29:58.249390,760.0,270,360
2025-06-06 12:29:58.251549,811.3,510,270
2025-06-06 12:29:58.269015,919.05,330,390
2025-06-06 12:29:59.047064,918.7,330,390
2025-06-06 12:29:59.253995,809.15,510,270
2025-06-06 12:29:59.273253,809.15,360,330
2025-06-06 12:29:59.458158,760.0,330,360
2025-06-06 12:29:59.486421,918.7,270,300
2025-06-06 12:30:00.096677,760.25,330,360
2025-06-06 12:30:00.423726,918.7,270,300
2025-06-06 12:30:00.425492,809.15,360,330
2025-06-06 12:30:00.466241,760.25,330,360
2025-06-06 12:30:00.483985,812.6,180,390
2025-06-06 12:30:00.647919,919.9,270,300
2025-06-06 12:30:00.653944,812.6,180,390
2025-06-06 12:30:00.657554,760.25,300,240
2025-06-06 12:30:00.679823,919.9,390,930
2025-06-06 12:30:01.674618,810.5,300,240
2025-06-06 12:30:01.855794,810.5,300,240
2025-06-06 12:30:01.856249,760.25,390,240
2025-06-06 12:30:01.877418,919.95,270,1020
2025-06-06 12:30:02.046056,918.2,270,1020
2025-06-06 12:30:02.272197,813.4,300,240
2025-06-06 12:30:02.711903,761.55,390,240
2025-06-06 12:30:02.846826,923.95,270,1020
2025-06-06 12:30:02.879368,814.0,270,480
2025-06-06 12:30:03.059973,762.55,360,360
2025-06-06 12:30:03.079929,923.55,300,510
2025-06-06 12:30:03.105745,762.55,360,360
2025-06-06 12:30:03.258727,814.0,270,480
2025-06-06 12:30:03.847683,923.05,300,510
2025-06-06 12:30:04.258209,815.9,270,480
2025-06-06 12:30:04.259158,762.55,300,360
2025-06-06 12:30:04.274386,815.9,330,480
2025-06-06 12:30:04.491118,922.0,570,720
2025-06-06 12:30:04.701018,765.65,300,360
2025-06-06 12:30:04.847939,922.0,570,720
2025-06-06 12:30:05.259181,814.4,330,480
2025-06-06 12:30:05.529279,814.4,270,360
2025-06-06 12:30:05.666640,765.65,240,300
2025-06-06 12:30:05.697371,922.0,300,480
2025-06-06 12:30:05.848084,922.0,300,480
2025-06-06 12:30:06.678240,814.4,300,150
2025-06-06 12:30:06.849113,922.0,300,480
2025-06-06 12:30:06.861773,765.65,240,210
2025-06-06 12:30:06.883004,922.0,930,450
2025-06-06 12:30:07.060734,816.45,300,150
2025-06-06 12:30:07.462675,816.3,300,150
2025-06-06 12:30:07.856038,923.9,930,450
2025-06-06 12:30:07.879422,816.3,240,210
2025-06-06 12:30:07.902088,766.0,240,210
2025-06-06 12:30:08.063562,766.0,480,300
2025-06-06 12:30:08.086730,924.0,960,360
2025-06-06 12:30:08.849450,923.85,960,360
2025-06-06 12:30:09.081872,816.3,180,180
2025-06-06 12:30:09.266136,766.0,300,270
2025-06-06 12:30:09.497615,923.9,480,480
2025-06-06 12:30:09.849597,925.7,480,480
2025-06-06 12:30:09.860180,816.9,180,180
2025-06-06 12:30:10.267161,818.0,180,180
2025-06-06 12:30:10.290702,818.0,180,300
2025-06-06 12:30:10.673463,766.0,210,360
2025-06-06 12:30:10.688309,923.9,600,210
2025-06-06 12:30:10.850219,923.0,600,210
2025-06-06 12:30:11.500597,818.0,180,330
2025-06-06 12:30:11.671019,766.0,240,360
2025-06-06 12:30:11.851394,925.8,600,210
2025-06-06 12:30:11.861182,815.65,180,330
2025-06-06 12:30:11.890858,925.8,210,240
2025-06-06 12:30:12.261849,817.75,180,330
2025-06-06 12:30:12.704062,767.85,240,360
2025-06-06 12:30:12.854966,923.0,210,240
2025-06-06 12:30:12.884476,816.05,210,420
2025-06-06 12:30:13.070134,766.5,240,270
2025-06-06 12:30:13.093439,923.0,360,450
2025-06-06 12:30:13.102893,766.5,240,270
2025-06-06 12:30:13.261550,816.05,210,420
2025-06-06 12:30:13.851213,925.05,360,450
2025-06-06 12:30:14.088438,816.05,330,330
2025-06-06 12:30:14.102925,764.55,240,270
2025-06-06 12:30:14.271060,764.55,300,360
2025-06-06 12:30:14.502503,925.05,240,360
2025-06-06 12:30:14.661865,817.6,330,330
2025-06-06 12:30:14.852118,925.1,240,360
2025-06-06 12:30:15.262606,817.15,330,330
2025-06-06 12:30:15.292767,817.15,300,540
2025-06-06 12:30:15.485780,764.55,240,360
2025-06-06 12:30:15.695969,924.2,300,150
2025-06-06 12:30:15.853601,924.5,300,150
2025-06-06 12:30:15.903980,766.75,240,360
2025-06-06 12:30:16.679269,817.15,330,330
2025-06-06 12:30:16.679820,766.75,270,210
2025-06-06 12:30:16.853625,922.1,300,150
2025-06-06 12:30:16.898399,922.1,240,330
2025-06-06 12:30:17.469498,817.7,330,330
2025-06-06 12:30:17.693197,817.8,450,240
2025-06-06 12:30:17.856236,925.0,240,330
2025-06-06 12:30:17.881612,766.75,330,210
2025-06-06 12:30:18.102171,923.9,210,540
2025-06-06 12:30:18.104680,767.0,330,210
2025-06-06 12:30:18.264823,817.8,450,240
2025-06-06 12:30:18.855485,923.9,210,540
2025-06-06 12:30:18.895841,817.9,420,300
2025-06-06 12:30:19.105613,767.55,330,210
2025-06-06 12:30:19.264952,817.9,420,300
2025-06-06 12:30:19.279649,767.55,240,210
2025-06-06 12:30:19.303377,923.9,300,510
2025-06-06 12:30:19.856687,925.7,300,510
2025-06-06 12:30:20.098593,817.9,390,450
2025-06-06 12:30:20.266484,818.45,390,450
2025-06-06 12:30:20.494269,767.55,300,330
2025-06-06 12:30:20.727026,925.7,270,780
2025-06-06 12:30:20.858294,925.7,270,780
2025-06-06 12:30:21.267895,818.7,390,450
2025-06-06 12:30:21.686097,818.7,360,360
2025-06-06 12:30:21.686654,767.55,330,330
2025-06-06 12:30:21.857812,923.7,270,780
2025-06-06 12:30:21.910093,923.7,390,780
2025-06-06 12:30:22.124633,766.2,330,330
2025-06-06 12:30:22.515191,818.7,300,300
2025-06-06 12:30:22.666608,817.0,300,300
2025-06-06 12:30:22.861734,925.7,390,780
2025-06-06 12:30:22.887353,766.25,300,270
2025-06-06 12:30:23.107063,925.7,600,960
2025-06-06 12:30:23.110792,766.25,300,270
2025-06-06 12:30:23.479887,818.25,300,300
2025-06-06 12:30:23.859053,924.0,600,960
2025-06-06 12:30:23.902139,818.15,330,270
2025-06-06 12:30:24.090983,766.25,270,330
2025-06-06 12:30:24.268511,818.45,330,270
2025-06-06 12:30:24.307802,926.0,390,330
2025-06-06 12:30:24.309161,768.0,270,330
2025-06-06 12:30:24.860841,924.55,390,330
2025-06-06 12:30:25.106133,819.4,240,450
2025-06-06 12:30:25.112670,766.6,270,330
2025-06-06 12:30:25.268820,819.4,240,450
2025-06-06 12:30:25.291612,766.6,240,360
2025-06-06 12:30:25.516295,923.95,330,330
2025-06-06 12:30:25.861383,926.0,330,330
2025-06-06 12:30:26.396357,818.2,240,450
2025-06-06 12:30:26.397065,818.2,270,240
2025-06-06 12:30:26.695075,766.6,390,270
2025-06-06 12:30:26.722978,927.85,240,240
2025-06-06 12:30:26.862651,927.85,240,240
2025-06-06 12:30:27.271871,819.9,270,240
2025-06-06 12:30:27.520781,819.95,450,390
2025-06-06 12:30:27.862519,928.0,240,240
2025-06-06 12:30:27.893200,766.6,270,270
2025-06-06 12:30:27.916747,928.0,510,330
2025-06-06 12:30:28.116372,769.3,270,270
2025-06-06 12:30:28.270412,819.95,450,390
2025-06-06 12:30:28.715983,819.95,450,480
2025-06-06 12:30:28.863376,928.4,510,330
2025-06-06 12:30:29.095735,769.3,300,360
2025-06-06 12:30:29.117988,926.3,390,390
2025-06-06 12:30:29.270927,820.65,450,480
2025-06-06 12:30:29.899471,928.4,390,390
2025-06-06 12:30:30.113090,820.65,510,360
2025-06-06 12:30:30.298068,769.3,150,300
2025-06-06 12:30:30.423514,928.4,390,390
2025-06-06 12:30:30.425234,820.65,510,360
2025-06-06 12:30:30.455508,769.3,150,300
2025-06-06 12:30:30.488463,821.7,510,360
2025-06-06 12:30:30.582550,927.95,330,420
2025-06-06 12:30:30.864217,926.1,330,420
2025-06-06 12:30:30.914853,769.6,150,300
2025-06-06 12:30:31.117174,770.0,150,300
2025-06-06 12:30:31.311560,821.7,420,330
2025-06-06 12:30:31.482585,822.5,420,330
2025-06-06 12:30:31.514728,770.0,330,300
2025-06-06 12:30:31.727131,929.0,330,1080
2025-06-06 12:30:31.865070,929.0,330,1080
2025-06-06 12:30:32.274932,821.6,420,330
2025-06-06 12:30:32.528709,821.6,390,300
2025-06-06 12:30:32.702740,770.0,360,300
2025-06-06 12:30:32.867945,929.95,330,1080
2025-06-06 12:30:32.921458,929.95,540,1050
2025-06-06 12:30:33.271770,821.65,390,300
2025-06-06 12:30:33.314835,770.4,360,300
2025-06-06 12:30:33.725023,822.9,300,180
2025-06-06 12:30:33.866638,930.0,540,1050
2025-06-06 12:30:33.904926,770.4,270,270
2025-06-06 12:30:34.123524,930.0,450,510
2025-06-06 12:30:34.273536,821.7,300,180
2025-06-06 12:30:34.315747,771.5,270,270
2025-06-06 12:30:34.867529,930.0,450,510
2025-06-06 12:30:34.919268,822.25,360,240
2025-06-06 12:30:35.107445,773.15,270,390
2025-06-06 12:30:35.116593,773.15,270,390
2025-06-06 12:30:35.275905,822.25,360,240
2025-06-06 12:30:35.326470,929.05,420,420
2025-06-06 12:30:35.873410,929.35,420,420
2025-06-06 12:30:36.118877,773.05,270,390
2025-06-06 12:30:36.310136,771.75,450,360
2025-06-06 12:30:36.317995,822.25,270,570
2025-06-06 12:30:36.677562,824.6,270,570
2025-06-06 12:30:36.732010,929.35,240,540
2025-06-06 12:30:36.868371,929.4,240,540
2025-06-06 12:30:37.120323,771.75,450,360
2025-06-06 12:30:37.277660,824.1,270,570
2025-06-06 12:30:37.591426,771.75,240,360
2025-06-06 12:30:37.591665,824.1,510,390
2025-06-06 12:30:37.869896,928.8,240,540
2025-06-06 12:30:37.926315,928.8,240,150
2025-06-06 12:30:38.119551,770.4,240,360
2025-06-06 12:30:38.280191,820.9,510,390
2025-06-06 12:30:38.716421,770.4,360,330
2025-06-06 12:30:38.729392,821.85,510,270
2025-06-06 12:30:38.876572,929.45,240,150
2025-06-06 12:30:39.128827,929.45,450,360
2025-06-06 12:30:39.281237,821.85,510,270
2025-06-06 12:30:39.926291,822.15,300,300
2025-06-06 12:30:40.069747,931.9,450,360
2025-06-06 12:30:40.114825,770.4,360,210
2025-06-06 12:30:40.293988,821.85,300,300
2025-06-06 12:30:40.332697,931.9,330,300
2025-06-06 12:30:40.869906,931.65,330,300
2025-06-06 12:30:41.279285,823.75,300,300
2025-06-06 12:30:41.313897,770.4,240,450
2025-06-06 12:30:41.326569,823.75,390,330
2025-06-06 12:30:41.528181,772.95,240,450
2025-06-06 12:30:41.536736,930.0,180,240
2025-06-06 12:30:41.871783,931.9,180,240
2025-06-06 12:30:42.280070,823.8,390,330
2025-06-06 12:30:42.518617,773.0,210,450
2025-06-06 12:30:42.522179,773.0,210,450
2025-06-06 12:30:42.528692,823.8,390,420
2025-06-06 12:30:42.740430,931.95,330,150
2025-06-06 12:30:42.871325,931.95,330,150
2025-06-06 12:30:43.279691,822.6,390,420
2025-06-06 12:30:43.733018,773.0,360,300
2025-06-06 12:30:43.733430,824.45,420,540
2025-06-06 12:30:43.881374,933.0,330,150
2025-06-06 12:30:44.135859,933.0,270,600
2025-06-06 12:30:44.280188,825.0,420,540
2025-06-06 12:30:44.883590,931.9,270,600
2025-06-06 12:30:44.923950,773.0,210,180
2025-06-06 12:30:44.942310,822.8,390,600
2025-06-06 12:30:45.280475,823.45,390,600
2025-06-06 12:30:45.332750,772.7,210,180
2025-06-06 12:30:45.338230,931.3,390,630
2025-06-06 12:30:45.890639,933.0,390,630
2025-06-06 12:30:46.126739,772.7,270,210
2025-06-06 12:30:46.133728,823.45,300,270
Timestamp,LTP,BidQty,AskQty
2025-06-06 12:30:48.533085,930.9,240,300
2025-06-06 12:30:48.533410,772.8,270,300
2025-06-06 12:30:48.533692,824.6,540,420
2025-06-06 12:30:48.730572,772.8,270,240
2025-06-06 12:30:48.740108,824.6,420,300
2025-06-06 12:30:48.873366,930.5,240,300
2025-06-06 12:30:48.930332,773.95,270,240
2025-06-06 12:30:48.947373,930.5,180,660
2025-06-06 12:30:49.080859,822.1,420,300
2025-06-06 12:30:49.681749,823.55,420,300
2025-06-06 12:30:49.874580,932.35,180,660
2025-06-06 12:30:49.930050,773.95,330,360
2025-06-06 12:30:49.941417,823.55,180,300
2025-06-06 12:30:50.349534,932.35,330,750
2025-06-06 12:30:50.881456,932.0,330,750
2025-06-06 12:30:51.132694,774.55,210,390
2025-06-06 12:30:51.132899,774.55,210,390
2025-06-06 12:30:51.138518,823.55,330,330
2025-06-06 12:30:51.284555,822.8,330,330
2025-06-06 12:30:51.553485,932.0,450,570
2025-06-06 12:30:52.275534,932.0,450,570
2025-06-06 12:30:52.284588,824.35,330,330
2025-06-06 12:30:52.333238,774.55,270,210
2025-06-06 12:30:52.341118,824.35,390,390
2025-06-06 12:30:52.751138,931.0,600,210
2025-06-06 12:30:52.876063,931.0,600,210
2025-06-06 12:30:53.286584,822.85,390,390
2025-06-06 12:30:53.536809,774.55,330,420
2025-06-06 12:30:53.736570,773.05,330,420
2025-06-06 12:30:53.740811,822.85,270,360
2025-06-06 12:30:53.876606,931.05,600,210
2025-06-06 12:30:53.952064,931.55,330,510
2025-06-06 12:30:54.791959,773.05,300,510
2025-06-06 12:30:54.879077,931.35,330,510
2025-06-06 12:30:54.892370,822.9,270,360
2025-06-06 12:30:54.936632,773.0,300,510
2025-06-06 12:30:54.942081,822.9,360,270
2025-06-06 12:30:55.155702,930.0,300,270
2025-06-06 12:30:55.335415,773.55,300,510
2025-06-06 12:30:55.880270,931.75,300,270
2025-06-06 12:30:56.139543,773.55,270,330
2025-06-06 12:30:56.143733,822.9,360,210
2025-06-06 12:30:56.578914,930.0,300,390
2025-06-06 12:30:56.692816,823.55,360,210
2025-06-06 12:30:56.879381,930.0,300,390
2025-06-06 12:30:56.935393,773.15,270,330
2025-06-06 12:30:57.339519,773.15,300,150
2025-06-06 12:30:57.347887,823.55,510,630
2025-06-06 12:30:57.497751,824.1,510,630
2025-06-06 12:30:57.756779,928.95,510,240
2025-06-06 12:30:57.879724,928.85,510,240
2025-06-06 12:30:57.936852,771.85,300,150
2025-06-06 12:30:58.295324,821.05,510,630
2025-06-06 12:30:58.338053,771.75,300,150
2025-06-06 12:30:58.542894,771.75,270,270
2025-06-06 12:30:58.549806,821.05,360,270
2025-06-06 12:30:58.880848,929.1,510,240
2025-06-06 12:30:58.963828,929.1,570,150
2025-06-06 12:30:59.746331,771.75,300,240
2025-06-06 12:30:59.880849,931.75,570,150
2025-06-06 12:30:59.951309,821.05,240,420
2025-06-06 12:31:00.161678,930.55,300,180
2025-06-06 12:31:00.425600,930.55,300,180
2025-06-06 12:31:00.435605,821.05,240,420
2025-06-06 12:31:00.455435,771.75,300,240
2025-06-06 12:31:00.503368,822.9,240,420
2025-06-06 12:31:00.538890,772.55,300,240
2025-06-06 12:31:00.882021,931.0,300,180
2025-06-06 12:31:00.950028,772.4,300,210
2025-06-06 12:31:01.141222,772.4,300,210
2025-06-06 12:31:01.152830,821.05,270,300
2025-06-06 12:31:01.299574,821.05,270,300
2025-06-06 12:31:01.364951,929.1,420,210
2025-06-06 12:31:01.882756,932.0,420,210
2025-06-06 12:31:02.140663,773.8,300,210
2025-06-06 12:31:02.288698,822.9,270,300
2025-06-06 12:31:02.352362,773.8,300,300
2025-06-06 12:31:02.352865,822.9,210,420
2025-06-06 12:31:02.763427,933.0,510,330
2025-06-06 12:31:02.881824,933.0,510,330
2025-06-06 12:31:03.143256,775.0,300,300
2025-06-06 12:31:03.289550,824.9,210,420
2025-06-06 12:31:03.552465,775.0,210,330
2025-06-06 12:31:03.563757,824.9,240,300
2025-06-06 12:31:03.882553,931.95,510,330
2025-06-06 12:31:03.971492,931.95,450,270
2025-06-06 12:31:04.139780,775.5,210,330
2025-06-06 12:31:04.289674,826.1,240,300
2025-06-06 12:31:04.753296,775.5,300,210
2025-06-06 12:31:04.759956,826.8,420,300
2025-06-06 12:31:04.884337,931.95,450,270
2025-06-06 12:31:05.177379,931.95,540,150
2025-06-06 12:31:05.290633,824.85,420,300
2025-06-06 12:31:05.884004,934.3,540,150
2025-06-06 12:31:05.955097,775.5,240,240
2025-06-06 12:31:05.964656,824.85,240,240
2025-06-06 12:31:06.372796,935.8,180,330
2025-06-06 12:31:06.500658,827.8,240,240
2025-06-06 12:31:06.544907,778.7,240,240
2025-06-06 12:31:06.885125,935.8,180,330
2025-06-06 12:31:07.167047,778.7,450,360
2025-06-06 12:31:07.294562,828.2,240,240
2025-06-06 12:31:07.360685,828.2,450,480
2025-06-06 12:31:07.743287,778.35,450,360
2025-06-06 12:31:07.771309,935.65,270,240
2025-06-06 12:31:07.885617,935.65,270,240
2025-06-06 12:31:08.143615,779.0,450,360
2025-06-06 12:31:08.295241,828.1,450,480
2025-06-06 12:31:08.556840,777.25,540,360
2025-06-06 12:31:08.564755,828.1,240,240
2025-06-06 12:31:08.886820,934.8,270,240
2025-06-06 12:31:08.981121,934.8,300,360
2025-06-06 12:31:09.144686,779.95,540,360
2025-06-06 12:31:09.296877,828.35,240,240
2025-06-06 12:31:09.799104,779.95,480,360
2025-06-06 12:31:09.799628,828.1,330,330
2025-06-06 12:31:09.888842,938.95,300,360
2025-06-06 12:31:10.144509,778.8,480,360
2025-06-06 12:31:10.180748,938.95,330,270
2025-06-06 12:31:10.297229,830.25,330,330
2025-06-06 12:31:10.965718,778.75,420,300
2025-06-06 12:31:10.977042,830.25,270,360
2025-06-06 12:31:11.087017,936.4,330,270
2025-06-06 12:31:11.145111,778.75,420,300
2025-06-06 12:31:11.296664,829.2,270,360
2025-06-06 12:31:11.379875,937.8,450,270
2025-06-06 12:31:11.889335,937.8,450,270
2025-06-06 12:31:12.201261,778.75,210,390
2025-06-06 12:31:12.299004,830.2,270,360
2025-06-06 12:31:12.369325,830.2,330,360
2025-06-06 12:31:12.585223,937.85,270,240
2025-06-06 12:31:12.888522,935.7,270,240
2025-06-06 12:31:12.945086,778.7,210,390
2025-06-06 12:31:13.297703,828.25,330,360
2025-06-06 12:31:13.366142,778.7,270,270
2025-06-06 12:31:13.546815,775.0,270,270
2025-06-06 12:31:13.573870,824.9,390,420
2025-06-06 12:31:13.889697,935.05,270,240
2025-06-06 12:31:14.197792,935.05,330,210
2025-06-06 12:31:14.299620,824.9,390,420
2025-06-06 12:31:14.569346,775.0,270,210
2025-06-06 12:31:14.774867,828.6,480,240
2025-06-06 12:31:14.890045,936.6,330,210
2025-06-06 12:31:14.945817,777.2,270,210
2025-06-06 12:31:15.184791,936.6,510,240
2025-06-06 12:31:15.299939,828.85,480,240
2025-06-06 12:31:15.345124,777.6,270,210
2025-06-06 12:31:15.771374,777.6,510,330
2025-06-06 12:31:15.890289,935.8,510,240
2025-06-06 12:31:16.405684,828.85,390,270
2025-06-06 12:31:16.407556,937.9,270,390
2025-06-06 12:31:16.890540,935.6,270,390
2025-06-06 12:31:16.982333,777.6,330,690
2025-06-06 12:31:17.182933,828.85,300,270
2025-06-06 12:31:17.593880,936.85,270,330
2025-06-06 12:31:17.890646,937.65,270,330
2025-06-06 12:31:18.175874,777.6,390,630
2025-06-06 12:31:18.299379,829.2,300,270
2025-06-06 12:31:18.378888,829.2,270,360
2025-06-06 12:31:18.791312,938.15,270,330
2025-06-06 12:31:18.891193,938.15,270,330
2025-06-06 12:31:19.299609,829.2,270,360
2025-06-06 12:31:19.374813,777.6,540,810
2025-06-06 12:31:19.579631,829.2,300,360
2025-06-06 12:31:19.891444,937.45,270,330
2025-06-06 12:31:20.002424,937.45,270,300
2025-06-06 12:31:20.576193,777.6,300,900
2025-06-06 12:31:20.783241,829.2,540,450
2025-06-06 12:31:20.891044,935.0,270,300
2025-06-06 12:31:21.195716,935.0,330,270
2025-06-06 12:31:21.349061,776.6,300,900
2025-06-06 12:31:21.779917,778.45,330,330
2025-06-06 12:31:21.893265,937.45,330,270
2025-06-06 12:31:21.995217,829.2,420,300
2025-06-06 12:31:22.149580,778.45,330,330
2025-06-06 12:31:22.595493,936.4,270,300
2025-06-06 12:31:22.893760,934.0,270,300
2025-06-06 12:31:23.189179,778.45,450,690
2025-06-06 12:31:23.191593,829.2,420,360
2025-06-06 12:31:23.349725,777.4,450,690
2025-06-06 12:31:23.798763,935.75,300,300
2025-06-06 12:31:23.893729,935.75,300,300
2025-06-06 12:31:24.189454,777.4,510,360
2025-06-06 12:31:24.301862,825.6,420,360
2025-06-06 12:31:24.352601,775.1,510,360
2025-06-06 12:31:24.587292,825.6,240,270
2025-06-06 12:31:24.895142,932.0,300,300
2025-06-06 12:31:25.006172,932.0,450,510
2025-06-06 12:31:25.156126,775.05,510,360
2025-06-06 12:31:25.385065,775.85,210,390
2025-06-06 12:31:25.789697,825.6,510,480
2025-06-06 12:31:25.896592,934.2,450,510
2025-06-06 12:31:26.155623,775.85,210,390
2025-06-06 12:31:26.201519,930.1,960,450
2025-06-06 12:31:26.506232,824.05,510,480
2025-06-06 12:31:26.588817,775.85,360,360
2025-06-06 12:31:26.897566,930.0,960,450
2025-06-06 12:31:27.028742,824.15,270,390
2025-06-06 12:31:27.154753,773.6,360,360
2025-06-06 12:31:27.306671,824.15,270,390
2025-06-06 12:31:27.404052,930.2,780,480
2025-06-06 12:31:27.790999,773.6,180,270
2025-06-06 12:31:27.897101,930.0,780,480
2025-06-06 12:31:28.286603,823.05,240,390
2025-06-06 12:31:28.305663,823.05,240,390
2025-06-06 12:31:28.804261,930.0,420,390
2025-06-06 12:31:28.951964,931.5,420,390
2025-06-06 12:31:28.952142,771.0,180,270
2025-06-06 12:31:29.152599,771.8,180,270
2025-06-06 12:31:29.191818,771.8,360,240
2025-06-06 12:31:29.306970,822.25,240,390
2025-06-06 12:31:29.399201,822.25,420,270
2025-06-06 12:31:29.899902,928.5,420,390
2025-06-06 12:31:30.038006,928.5,390,210
2025-06-06 12:31:30.167631,771.35,360,240
2025-06-06 12:31:30.307230,821.05,420,270
2025-06-06 12:31:30.392502,771.35,390,240
2025-06-06 12:31:30.434577,821.05,420,270
2025-06-06 12:31:30.435630,928.5,390,210
2025-06-06 12:31:30.463385,771.35,390,240
2025-06-06 12:31:30.801972,821.05,480,180
2025-06-06 12:31:30.900791,929.6,390,210
2025-06-06 12:31:31.156501,770.2,390,240
2025-06-06 12:31:31.256655,929.6,450,300
2025-06-06 12:31:31.307575,823.8,480,180
2025-06-06 12:31:31.593566,771.5,270,330
2025-06-06 12:31:32.007276,822.55,420,240
2025-06-06 12:31:32.100800,930.9,450,300
2025-06-06 12:31:32.155532,771.5,270,330
2025-06-06 12:31:32.308305,822.7,420,240
2025-06-06 12:31:32.412183,928.8,300,270
2025-06-06 12:31:32.798223,771.5,270,210
2025-06-06 12:31:32.901693,930.0,300,270
2025-06-06 12:31:33.203992,822.8,510,360
2025-06-06 12:31:33.310451,822.8,510,360
2025-06-06 12:31:33.811808,928.0,240,390
2025-06-06 12:31:33.901647,928.0,240,390
2025-06-06 12:31:34.033925,771.5,390,240
2025-06-06 12:31:34.311115,821.45,510,360
2025-06-06 12:31:34.405463,821.45,270,210
2025-06-06 12:31:34.557713,770.8,390,240
2025-06-06 12:31:34.902512,929.0,240,390
2025-06-06 12:31:35.014625,928.0,450,330
2025-06-06 12:31:35.203463,770.8,330,210
2025-06-06 12:31:35.311040,820.1,270,210
2025-06-06 12:31:35.608766,820.1,360,330
2025-06-06 12:31:35.903861,929.0,450,330
2025-06-06 12:31:36.221552,927.0,210,270
2025-06-06 12:31:36.402596,770.8,420,210
2025-06-06 12:31:36.718968,817.75,360,330
2025-06-06 12:31:36.906386,926.35,210,270
2025-06-06 12:31:37.012070,817.25,300,330
2025-06-06 12:31:37.158808,768.0,420,210
2025-06-06 12:31:37.313209,817.25,300,330
2025-06-06 12:31:37.424923,925.0,240,300
2025-06-06 12:31:37.604717,768.0,360,300
2025-06-06 12:31:37.904182,920.25,240,300
2025-06-06 12:31:38.177655,766.0,360,300
2025-06-06 12:31:38.218263,816.0,270,330
2025-06-06 12:31:38.313110,816.0,270,330
2025-06-06 12:31:38.818957,920.25,570,390
2025-06-06 12:31:38.905283,922.7,570,390
2025-06-06 12:31:39.009790,767.35,180,210
2025-06-06 12:31:39.161420,767.35,180,210
2025-06-06 12:31:39.413550,816.0,270,270
2025-06-06 12:31:39.905561,922.45,570,390
2025-06-06 12:31:40.021832,922.45,210,330
2025-06-06 12:31:40.207227,767.35,240,330
2025-06-06 12:31:40.359899,766.75,240,330
2025-06-06 12:31:40.532637,815.3,270,270
2025-06-06 12:31:40.616599,815.3,240,330
2025-06-06 12:31:41.229105,922.45,240,300
2025-06-06 12:31:41.307487,925.2,240,300
2025-06-06 12:31:41.407346,766.75,270,240
2025-06-06 12:31:41.514202,818.5,240,330
2025-06-06 12:31:41.821500,766.1,270,240
2025-06-06 12:31:41.907191,923.6,240,300
2025-06-06 12:31:42.033490,818.2,390,390
2025-06-06 12:31:42.313888,818.2,390,390
2025-06-06 12:31:42.428296,925.75,210,390
2025-06-06 12:31:42.608714,766.1,480,360
2025-06-06 12:31:42.907345,923.5,210,390
2025-06-06 12:31:42.964896,768.25,480,360
2025-06-06 12:31:43.222355,818.2,210,300
2025-06-06 12:31:43.810156,766.6,240,330
2025-06-06 12:31:43.827223,923.8,390,360
2025-06-06 12:31:43.960193,923.8,390,360
2025-06-06 12:31:43.960410,816.85,210,300
2025-06-06 12:31:43.966918,766.6,240,330
2025-06-06 12:31:44.433382,816.85,270,420
2025-06-06 12:31:44.564253,768.45,240,330
2025-06-06 12:31:44.815678,768.4,270,240
2025-06-06 12:31:44.908935,925.9,390,360
2025-06-06 12:31:45.029688,925.9,390,270
2025-06-06 12:31:45.165713,768.4,270,240
2025-06-06 12:31:45.625268,816.85,240,450
2025-06-06 12:31:46.165248,766.7,270,240
2025-06-06 12:31:46.226947,766.7,150,270
2025-06-06 12:31:46.236720,925.9,480,1020
2025-06-06 12:31:46.710873,923.9,480,1020
2025-06-06 12:31:46.826199,816.85,390,630
2025-06-06 12:31:47.164791,766.6,150,270
2025-06-06 12:31:47.229511,766.6,330,210
2025-06-06 12:31:47.311751,921.95,480,1020
2025-06-06 12:31:47.436013,921.95,570,210
2025-06-06 12:31:47.910325,924.2,570,210
2025-06-06 12:31:47.915474,816.9,390,630
2025-06-06 12:31:48.029635,816.9,480,210
2025-06-06 12:31:48.421681,766.6,360,240
2025-06-06 12:31:48.835357,923.2,630,210
2025-06-06 12:31:48.909268,923.2,630,210
2025-06-06 12:31:48.976951,767.8,360,240
2025-06-06 12:31:49.428555,816.9,390,180
2025-06-06 12:31:49.620654,767.8,270,300
2025-06-06 12:31:49.911025,921.55,630,210
2025-06-06 12:31:49.966051,766.1,270,300
2025-06-06 12:31:50.039176,923.85,270,510
2025-06-06 12:31:50.118114,814.45,390,180
2025-06-06 12:31:50.319339,813.05,390,180
2025-06-06 12:31:50.631430,813.05,330,270
2025-06-06 12:31:50.824344,766.1,270,180
2025-06-06 12:31:50.952001,920.6,270,510
2025-06-06 12:31:51.242539,921.0,750,300
2025-06-06 12:31:51.364591,763.8,270,180
2025-06-06 12:31:51.523681,814.75,330,270
2025-06-06 12:31:51.834631,814.75,360,270
2025-06-06 12:31:51.910167,921.0,750,300
2025-06-06 12:31:52.025261,763.8,420,210
2025-06-06 12:31:52.165058,764.25,420,210
2025-06-06 12:31:52.444654,921.0,840,330
2025-06-06 12:31:52.520020,812.6,360,270
2025-06-06 12:31:52.912458,920.25,840,330
2025-06-06 12:31:53.036795,812.6,360,270
2025-06-06 12:31:53.247450,764.25,570,210
2025-06-06 12:31:53.320415,812.6,360,270
2025-06-06 12:31:53.845213,920.0,210,270
2025-06-06 12:31:53.915038,919.0,210,270
2025-06-06 12:31:54.238566,813.5,360,390
2025-06-06 12:31:54.320567,813.5,360,390
2025-06-06 12:31:54.428510,764.25,240,210
2025-06-06 12:31:54.913541,920.0,210,270
2025-06-06 12:31:55.046983,920.0,240,360
2025-06-06 12:31:55.441128,813.5,480,330
2025-06-06 12:31:55.630165,764.25,270,210
2025-06-06 12:31:55.914681,921.3,240,360
2025-06-06 12:31:56.123672,814.4,480,330
2025-06-06 12:31:56.251003,921.55,240,330
2025-06-06 12:31:56.522115,816.5,480,330
2025-06-06 12:31:56.568887,767.4,270,210
2025-06-06 12:31:56.643854,816.5,300,330
2025-06-06 12:31:56.831840,767.4,390,240
2025-06-06 12:31:56.915701,923.1,240,330
2025-06-06 12:31:57.323674,816.5,300,330
2025-06-06 12:31:57.452713,922.9,420,540
2025-06-06 12:31:57.915527,925.0,420,540
2025-06-06 12:31:58.033792,767.4,330,390
2025-06-06 12:31:58.043779,816.5,420,300
2025-06-06 12:31:58.367477,767.05,330,390
2025-06-06 12:31:58.522172,815.4,420,300
2025-06-06 12:31:58.852367,922.2,240,540
2025-06-06 12:31:58.916288,922.2,240,540
2025-06-06 12:31:59.179214,765.55,330,390
2025-06-06 12:31:59.238736,765.55,390,180
2025-06-06 12:31:59.245677,815.5,330,240
2025-06-06 12:31:59.321794,815.5,330,240
2025-06-06 12:32:00.000088,924.05,240,540
2025-06-06 12:32:00.053952,924.05,360,330
2025-06-06 12:32:00.176548,765.5,390,180
2025-06-06 12:32:00.424958,924.05,360,330
2025-06-06 12:32:00.428812,815.5,330,240
2025-06-06 12:32:00.437083,765.5,270,210
2025-06-06 12:32:00.447235,815.5,270,450
2025-06-06 12:32:00.456497,765.5,270,210
2025-06-06 12:32:00.926290,817.2,270,450
2025-06-06 12:32:01.280172,924.05,240,390
2025-06-06 12:32:01.637939,765.5,270,210
2025-06-06 12:32:01.649639,817.2,300,390
2025-06-06 12:32:01.927832,817.45,300,390
2025-06-06 12:32:02.333521,815.75,300,390
2025-06-06 12:32:02.462353,923.4,210,270
2025-06-06 12:32:02.518796,923.4,210,270
2025-06-06 12:32:02.840196,765.5,210,360
2025-06-06 12:32:02.855873,815.75,390,390
2025-06-06 12:32:03.669373,923.4,300,360
2025-06-06 12:32:04.042961,765.5,360,270
2025-06-06 12:32:04.057518,815.75,570,330
2025-06-06 12:32:04.319464,921.9,300,360
2025-06-06 12:32:04.931141,921.6,300,360
2025-06-06 12:32:05.062463,921.6,330,360
2025-06-06 12:32:05.245287,765.5,270,180
2025-06-06 12:32:05.260243,815.75,510,240
2025-06-06 12:32:05.928805,817.75,510,240
2025-06-06 12:32:06.264178,921.6,330,390
2025-06-06 12:32:06.331907,817.35,510,240
2025-06-06 12:32:06.445976,765.5,240,330
2025-06-06 12:32:06.521214,923.45,330,390
2025-06-06 12:32:06.657491,817.35,270,270
2025-06-06 12:32:06.781557,767.55,240,330
2025-06-06 12:32:07.323162,924.55,330,390
2025-06-06 12:32:07.491158,924.55,180,240
2025-06-06 12:32:07.647115,767.55,300,270
2025-06-06 12:32:07.893592,817.35,240,180
2025-06-06 12:32:08.523097,924.6,180,240
2025-06-06 12:32:08.669670,924.6,480,240
2025-06-06 12:32:08.849594,767.55,180,270
2025-06-06 12:32:08.958400,922.3,480,240
2025-06-06 12:32:09.065053,817.35,210,210
2025-06-06 12:32:09.872518,922.7,510,210
2025-06-06 12:32:09.925432,922.7,510,210
2025-06-06 12:32:10.049849,767.55,240,360
2025-06-06 12:32:10.269981,817.35,300,180
2025-06-06 12:32:10.924951,921.7,510,210
2025-06-06 12:32:10.935208,816.7,300,180
2025-06-06 12:32:11.078241,921.7,360,420
2025-06-06 12:32:11.254951,767.55,270,420
2025-06-06 12:32:11.472073,815.6,330,240
2025-06-06 12:32:11.534635,814.0,330,240
2025-06-06 12:32:11.583735,764.0,270,420
2025-06-06 12:32:11.934591,917.4,360,420
2025-06-06 12:32:12.187396,762.15,270,420
2025-06-06 12:32:12.280527,917.05,180,300
2025-06-06 12:32:12.333659,811.3,330,240
2025-06-06 12:32:12.456147,762.15,240,270
2025-06-06 12:32:12.671348,811.3,270,150
2025-06-06 12:32:12.941802,917.0,180,300
2025-06-06 12:32:13.185511,758.0,240,270
2025-06-06 12:32:13.333805,807.85,270,150
2025-06-06 12:32:13.680510,912.75,660,360
2025-06-06 12:32:13.855403,758.0,270,330
2025-06-06 12:32:13.926868,912.75,660,360
2025-06-06 12:32:14.071153,805.95,210,1110
2025-06-06 12:32:14.184290,758.35,270,330
2025-06-06 12:32:14.333590,805.95,210,1110
2025-06-06 12:32:14.882304,909.5,450,840
2025-06-06 12:32:14.927466,908.1,450,840
2025-06-06 12:32:15.055354,753.15,450,300
2025-06-06 12:32:15.185773,751.6,450,300
2025-06-06 12:32:15.274775,803.0,390,300
2025-06-06 12:32:15.336141,803.0,390,300
2025-06-06 12:32:15.927716,907.0,450,840
2025-06-06 12:32:16.085062,907.0,360,420
2025-06-06 12:32:16.186468,753.15,450,300
2025-06-06 12:32:16.257219,753.15,300,210
2025-06-06 12:32:16.334674,802.05,390,300
2025-06-06 12:32:16.481650,802.05,390,270
2025-06-06 12:32:16.928067,907.3,360,420
2025-06-06 12:32:17.190954,751.5,300,210
2025-06-06 12:32:17.259483,751.5,270,330
2025-06-06 12:32:17.288200,907.3,210,450
2025-06-06 12:32:17.335169,803.4,390,270
2025-06-06 12:32:17.677827,803.4,390,360
2025-06-06 12:32:17.928586,907.8,210,450
2025-06-06 12:32:18.334648,803.25,390,360
2025-06-06 12:32:18.462376,751.5,330,240
2025-06-06 12:32:18.581563,754.2,330,240
2025-06-06 12:32:18.686382,914.35,420,240
2025-06-06 12:32:18.929607,914.5,420,240
2025-06-06 12:32:19.077874,808.8,360,300
2025-06-06 12:32:19.186510,758.7,330,240
2025-06-06 12:32:19.336335,808.8,360,300
2025-06-06 12:32:19.663468,758.7,300,300
2025-06-06 12:32:19.888101,913.9,330,360
2025-06-06 12:32:19.930601,916.9,330,360
2025-06-06 12:32:20.187140,758.65,300,300
2025-06-06 12:32:20.283291,808.55,360,270
2025-06-06 12:32:20.335710,808.55,360,270
2025-06-06 12:32:20.865211,758.65,480,240
2025-06-06 12:32:20.929835,917.4,330,360
2025-06-06 12:32:21.090453,917.4,270,390
2025-06-06 12:32:21.495827,808.55,420,240
2025-06-06 12:32:21.930283,915.75,270,390
2025-06-06 12:32:22.268584,758.65,330,300
2025-06-06 12:32:22.293446,915.45,420,390
2025-06-06 12:32:22.540435,807.45,420,240
2025-06-06 12:32:22.687301,807.45,480,210
2025-06-06 12:32:22.932226,915.45,420,390
2025-06-06 12:32:23.470553,758.65,300,210
2025-06-06 12:32:23.507236,915.45,330,420
2025-06-06 12:32:24.086437,807.45,300,240
2025-06-06 12:32:24.131958,912.0,330,420
2025-06-06 12:32:24.668610,758.65,300,240
2025-06-06 12:32:24.894967,912.0,390,240
2025-06-06 12:32:24.931110,912.2,390,240
2025-06-06 12:32:25.291117,807.45,360,270
2025-06-06 12:32:25.870682,758.65,180,360
2025-06-06 12:32:25.932557,914.55,390,240
2025-06-06 12:32:26.097788,914.55,210,390
2025-06-06 12:32:26.514400,807.45,450,240
2025-06-06 12:32:26.585807,755.95,180,360
2025-06-06 12:32:26.934179,915.0,210,390
2025-06-06 12:32:27.072153,755.95,270,390
2025-06-06 12:32:27.299547,915.0,630,420
2025-06-06 12:32:27.694804,807.45,420,300
2025-06-06 12:32:28.136223,914.1,630,420
2025-06-06 12:32:28.274598,755.95,300,300
2025-06-06 12:32:28.508958,915.0,510,330
2025-06-06 12:32:28.934443,914.75,510,330
2025-06-06 12:32:28.942280,809.2,420,300
2025-06-06 12:32:28.998949,758.7,300,300
2025-06-06 12:32:29.095649,809.2,330,180
2025-06-06 12:32:29.488436,758.7,210,300
2025-06-06 12:32:29.705167,915.0,390,420
2025-06-06 12:32:29.935190,916.0,390,420
2025-06-06 12:32:30.299888,809.2,300,270
2025-06-06 12:32:30.424460,916.0,390,420
2025-06-06 12:32:30.426288,809.2,300,270
2025-06-06 12:32:30.457346,758.7,210,300
2025-06-06 12:32:30.588999,758.05,210,300
2025-06-06 12:32:30.678723,758.05,360,390
2025-06-06 12:32:30.939868,915.7,390,420
2025-06-06 12:32:31.103156,915.0,240,270
2025-06-06 12:32:31.510758,809.2,570,240
2025-06-06 12:32:31.880743,758.05,210,270
2025-06-06 12:32:31.938176,915.0,240,270
2025-06-06 12:32:32.408470,915.0,240,270
2025-06-06 12:32:32.704490,809.25,360,270
2025-06-06 12:32:32.753429,809.25,360,270
2025-06-06 12:32:32.937381,915.0,240,270
2025-06-06 12:32:33.084109,758.05,240,360
2025-06-06 12:32:33.347785,808.15,360,270
2025-06-06 12:32:33.512691,915.0,330,300
2025-06-06 12:32:33.905683,808.15,270,240
2025-06-06 12:32:34.138404,915.0,330,300
2025-06-06 12:32:34.297693,758.05,210,390
2025-06-06 12:32:34.712727,915.0,270,360
2025-06-06 12:32:35.306354,808.15,210,270
2025-06-06 12:32:35.540434,915.0,270,360
2025-06-06 12:32:35.688387,758.05,420,240
2025-06-06 12:32:35.756060,810.0,210,270
2025-06-06 12:32:35.912061,915.0,420,420
2025-06-06 12:32:35.940221,915.0,420,420
2025-06-06 12:32:36.518365,810.0,330,360
2025-06-06 12:32:36.751363,809.9,330,360
2025-06-06 12:32:36.884871,758.05,360,300
2025-06-06 12:32:37.116996,915.0,450,510
2025-06-06 12:32:37.715487,809.9,390,330
2025-06-06 12:32:38.088615,758.05,210,300
2025-06-06 12:32:38.315491,915.0,750,270
2025-06-06 12:32:38.915238,809.9,330,240
2025-06-06 12:32:38.949424,809.9,330,240
2025-06-06 12:32:39.328982,758.05,240,240
2025-06-06 12:32:39.361983,915.5,750,270
2025-06-06 12:32:39.721603,915.5,780,270
2025-06-06 12:32:39.942819,915.0,780,270
2025-06-06 12:32:40.320446,809.9,330,390
2025-06-06 12:32:40.499301,758.05,330,270
2025-06-06 12:32:40.795985,811.0,330,390
2025-06-06 12:32:40.920791,915.0,750,270
2025-06-06 12:32:41.143955,916.0,750,270
2025-06-06 12:32:41.203355,760.2,330,270
2025-06-06 12:32:41.520208,811.0,300,180
2025-06-06 12:32:41.694124,760.2,240,210
2025-06-06 12:32:41.946133,915.95,750,270
2025-06-06 12:32:42.120437,915.95,390,330
2025-06-06 12:32:42.726173,811.0,390,210
2025-06-06 12:32:43.093879,760.2,210,330
2025-06-06 12:32:43.322530,915.95,360,270
2025-06-06 12:32:43.351739,809.35,390,210
2025-06-06 12:32:43.923471,809.0,150,210
2025-06-06 12:32:44.145335,913.55,360,270
2025-06-06 12:32:44.295609,760.2,240,270
2025-06-06 12:32:44.351820,806.75,150,210
2025-06-06 12:32:44.729225,914.75,210,300
2025-06-06 12:32:44.946371,914.75,210,300
2025-06-06 12:32:45.325773,806.75,300,300
2025-06-06 12:32:45.506863,760.2,450,300
2025-06-06 12:32:45.762957,807.4,300,300
2025-06-06 12:32:45.925624,912.5,300,360
2025-06-06 12:32:45.949194,912.5,300,360
2025-06-06 12:32:46.525445,807.4,420,330
2025-06-06 12:32:46.700713,760.2,210,390
2025-06-06 12:32:47.128780,912.5,360,510
2025-06-06 12:32:47.347739,908.8,360,510
2025-06-06 12:32:47.732206,807.4,330,330
2025-06-06 12:32:47.901609,760.2,240,360
2025-06-06 12:32:48.329743,908.8,270,270
2025-06-06 12:32:48.548651,909.95,270,270
2025-06-06 12:32:48.932385,807.4,390,240
2025-06-06 12:32:48.950703,911.65,270,270
2025-06-06 12:32:49.333929,760.2,240,450
2025-06-06 12:32:49.532490,911.65,480,240
2025-06-06 12:32:50.132257,807.4,240,180
2025-06-06 12:32:50.524034,760.2,240,270
2025-06-06 12:32:50.931743,911.65,450,180
2025-06-06 12:32:51.334015,807.4,270,210
2025-06-06 12:32:51.351863,910.2,450,180
2025-06-06 12:32:51.733438,760.2,180,300
2025-06-06 12:32:52.134509,910.2,450,270
2025-06-06 12:32:52.353190,910.45,450,270
2025-06-06 12:32:52.732874,807.4,270,210
2025-06-06 12:32:52.907390,760.2,420,180
2025-06-06 12:32:52.949268,911.0,450,270
2025-06-06 12:32:52.954536,805.65,270,210
2025-06-06 12:32:53.337165,910.6,210,180
2025-06-06 12:32:53.761953,805.85,270,210
2025-06-06 12:32:53.804160,756.35,420,180
2025-06-06 12:32:53.936105,807.3,360,180
2025-06-06 12:32:53.950498,912.9,210,180
2025-06-06 12:32:54.107887,757.2,330,270
2025-06-06 12:32:54.202996,757.2,330,270
2025-06-06 12:32:54.357539,809.5,360,180
2025-06-06 12:32:54.539591,912.9,270,330
2025-06-06 12:32:55.140327,809.5,480,240
2025-06-06 12:32:55.312965,757.2,240,300
2025-06-06 12:32:55.942407,915.0,300,390
2025-06-06 12:32:55.949681,915.0,300,390
2025-06-06 12:32:55.957391,807.8,480,240
2025-06-06 12:32:56.007319,760.45,240,300
2025-06-06 12:32:56.340120,807.8,390,300
2025-06-06 12:32:56.555867,808.3,390,300
2025-06-06 12:32:56.604214,757.9,240,300
2025-06-06 12:32:56.712641,757.9,450,240
2025-06-06 12:32:56.952235,913.7,300,390
2025-06-06 12:32:57.140013,913.7,300,330
2025-06-06 12:32:57.542234,808.2,240,270
2025-06-06 12:32:57.555737,808.2,240,270
2025-06-06 12:32:57.911718,757.9,210,270
2025-06-06 12:32:57.952240,915.8,300,330
2025-06-06 12:32:58.344186,915.8,240,360
2025-06-06 12:32:58.357775,810.2,240,270
2025-06-06 12:32:58.944472,808.05,360,330
2025-06-06 12:32:59.114407,757.9,300,300
2025-06-06 12:32:59.355617,916.0,240,360
2025-06-06 12:32:59.359108,808.05,360,330
2025-06-06 12:32:59.545685,916.0,270,540
2025-06-06 12:33:00.144097,807.3,300,330
2025-06-06 12:33:00.316207,757.9,210,270
2025-06-06 12:33:00.366650,807.3,300,330
2025-06-06 12:33:00.427477,807.3,300,330
2025-06-06 12:33:00.432789,916.0,270,540
2025-06-06 12:33:00.460908,757.9,210,270
2025-06-06 12:33:00.803577,916.0,330,390
2025-06-06 12:33:01.346916,808.05,330,240
2025-06-06 12:33:01.362422,808.05,330,240
2025-06-06 12:33:01.518513,757.9,360,240
2025-06-06 12:33:02.148466,916.0,600,330
2025-06-06 12:33:02.551897,808.3,480,300
2025-06-06 12:33:02.561695,808.3,480,300
2025-06-06 12:33:02.726001,757.9,420,210
2025-06-06 12:33:03.047138,760.0,420,210
2025-06-06 12:33:03.156950,917.0,600,330
2025-06-06 12:33:03.349430,917.0,630,360
2025-06-06 12:33:03.363462,811.75,480,300
2025-06-06 12:33:03.608768,760.8,420,210
2025-06-06 12:33:03.949902,811.05,300,360
2025-06-06 12:33:03.957423,918.1,630,360
2025-06-06 12:33:04.237432,760.8,360,330
2025-06-06 12:33:04.365015,811.1,300,360
2025-06-06 12:33:04.553104,917.85,360,360
2025-06-06 12:33:04.975277,918.5,360,360
2025-06-06 12:33:05.150594,811.5,390,360
2025-06-06 12:33:05.322238,760.8,270,300
2025-06-06 12:33:05.364202,811.5,390,360
2025-06-06 12:33:05.756169,921.0,480,210
2025-06-06 12:33:05.958225,921.0,480,210
2025-06-06 12:33:06.378754,762.35,270,300
2025-06-06 12:33:06.380166,811.5,240,330
2025-06-06 12:33:06.523975,762.35,180,330
2025-06-06 12:33:07.168181,921.0,240,270
2025-06-06 12:33:07.215171,762.05,180,330
2025-06-06 12:33:07.359604,917.4,240,270
2025-06-06 12:33:07.556137,811.5,240,270
2025-06-06 12:33:07.735373,762.05,330,300
2025-06-06 12:33:08.165685,813.55,240,270
2025-06-06 12:33:08.356202,917.4,330,300
2025-06-06 12:33:08.929186,762.05,300,240
2025-06-06 12:33:08.957202,813.55,330,240
2025-06-06 12:33:09.558872,917.4,330,330
2025-06-06 12:33:09.763005,919.3,330,330
2025-06-06 12:33:10.130852,762.05,510,240
2025-06-06 12:33:10.157395,813.85,480,180
2025-06-06 12:33:10.166221,813.85,480,180
2025-06-06 12:33:10.361573,922.0,330,330
2025-06-06 12:33:10.366577,814.5,480,180
2025-06-06 12:33:10.413626,764.45,510,240
2025-06-06 12:33:10.762171,922.0,300,480
2025-06-06 12:33:11.161667,923.65,300,480
2025-06-06 12:33:11.226940,766.9,510,240
2025-06-06 12:33:11.360606,814.5,180,360
2025-06-06 12:33:11.527014,766.9,360,270
2025-06-06 12:33:11.978915,923.55,300,480
2025-06-06 12:33:11.979172,923.55,270,300
2025-06-06 12:33:12.215125,817.65,180,360
2025-06-06 12:33:12.215825,766.7,360,270
2025-06-06 12:33:12.366899,816.7,180,360
2025-06-06 12:33:12.563490,816.7,240,210
2025-06-06 12:33:12.742482,766.7,150,270
2025-06-06 12:33:12.968680,924.9,270,300
2025-06-06 12:33:13.364076,924.6,330,450
2025-06-06 12:33:13.569369,816.5,240,210
2025-06-06 12:33:13.932214,766.7,210,300
2025-06-06 12:33:13.961579,816.5,210,210
2025-06-06 12:33:13.970472,922.65,330,450
2025-06-06 12:33:14.260371,767.7,210,300
2025-06-06 12:33:14.567087,922.65,240,510
2025-06-06 12:33:14.568437,818.85,210,210
2025-06-06 12:33:15.134523,767.65,240,180
2025-06-06 12:33:15.165415,818.85,360,270
2025-06-06 12:33:15.216885,767.65,240,180
2025-06-06 12:33:15.364198,924.8,240,510
2025-06-06 12:33:15.769095,925.0,180,570
2025-06-06 12:33:15.968883,925.0,180,570
2025-06-06 12:33:16.337586,767.65,330,270
2025-06-06 12:33:16.368102,818.85,240,240
2025-06-06 12:33:16.977251,925.0,210,450
2025-06-06 12:33:17.550128,767.65,300,210
2025-06-06 12:33:17.570674,818.85,390,420
2025-06-06 12:33:18.165317,925.0,210,450
2025-06-06 12:33:18.170639,817.9,390,420
2025-06-06 12:33:18.173681,925.0,240,510
2025-06-06 12:33:18.741500,767.65,300,240
2025-06-06 12:33:18.773442,817.9,600,240
2025-06-06 12:33:19.566472,926.9,240,510
2025-06-06 12:33:19.570605,820.9,600,240
2025-06-06 12:33:19.571607,926.9,330,300
2025-06-06 12:33:19.970541,926.05,330,300
2025-06-06 12:33:20.142273,767.65,240,330
2025-06-06 12:33:20.171527,820.9,540,330
2025-06-06 12:33:20.797228,926.0,360,270
2025-06-06 12:33:20.974907,926.0,360,270
2025-06-06 12:33:21.339740,767.65,210,210
2025-06-06 12:33:21.374667,820.9,450,360
2025-06-06 12:33:21.970421,925.0,360,270
2025-06-06 12:33:21.986094,925.0,270,510
2025-06-06 12:33:22.540526,767.65,210,390
2025-06-06 12:33:22.577538,820.9,330,240
2025-06-06 12:33:23.193259,925.0,330,180
2025-06-06 12:33:23.742932,767.65,360,360
2025-06-06 12:33:23.780076,820.9,210,240
2025-06-06 12:33:24.168783,922.4,330,180
2025-06-06 12:33:24.385388,922.75,330,180
2025-06-06 12:33:24.992164,767.65,360,180
2025-06-06 12:33:25.017500,924.9,330,180
2025-06-06 12:33:25.195937,820.9,180,300
2025-06-06 12:33:25.774807,817.3,180,300
2025-06-06 12:33:25.781876,922.15,270,180
2025-06-06 12:33:25.975663,924.85,270,180
2025-06-06 12:33:26.146674,767.65,300,210
2025-06-06 12:33:26.374978,816.45,180,300
2025-06-06 12:33:26.382010,816.45,240,360
2025-06-06 12:33:26.995711,924.85,420,330
2025-06-06 12:33:27.348078,767.65,270,360
2025-06-06 12:33:27.573097,924.6,420,330
2025-06-06 12:33:27.584547,816.45,300,300
2025-06-06 12:33:27.976563,922.25,420,330
2025-06-06 12:33:28.191131,924.55,300,150
2025-06-06 12:33:28.550370,767.65,270,270
2025-06-06 12:33:28.787237,816.45,270,180
2025-06-06 12:33:28.978467,925.2,300,150
2025-06-06 12:33:29.196705,816.75,270,180
2025-06-06 12:33:29.378809,814.5,270,180
2025-06-06 12:33:29.390095,921.0,180,360
2025-06-06 12:33:29.751375,767.65,330,300
2025-06-06 12:33:29.978481,920.0,180,360
2025-06-06 12:33:30.191192,814.3,300,210
2025-06-06 12:33:30.377818,814.3,300,210
2025-06-06 12:33:30.425058,920.0,180,360
2025-06-06 12:33:30.458440,814.3,300,210
2025-06-06 12:33:30.459088,767.65,330,300
2025-06-06 12:33:30.791160,922.85,210,300
2025-06-06 12:33:30.954095,767.65,270,360
2025-06-06 12:33:30.981794,921.75,210,300
2025-06-06 12:33:31.389620,814.3,330,300
2025-06-06 12:33:31.983336,918.0,210,300
2025-06-06 12:33:32.200492,918.0,420,420
2025-06-06 12:33:32.352784,767.65,450,240
2025-06-06 12:33:32.591528,814.3,600,360
2025-06-06 12:33:33.177509,917.0,420,420
2025-06-06 12:33:33.198864,917.0,420,330
2025-06-06 12:33:33.556534,767.65,300,270
2025-06-06 12:33:33.794298,814.3,390,300
2025-06-06 12:33:33.987062,918.0,420,330
2025-06-06 12:33:34.397285,918.0,480,240
2025-06-06 12:33:34.580482,809.75,390,300
2025-06-06 12:33:34.756963,767.65,180,360
2025-06-06 12:33:35.198259,809.75,450,330
2025-06-06 12:33:35.376024,917.65,480,240
2025-06-06 12:33:35.427353,762.9,180,360
2025-06-06 12:33:35.581189,811.15,450,330
2025-06-06 12:33:35.796630,917.65,330,570
2025-06-06 12:33:35.959127,762.9,240,300
2025-06-06 12:33:35.986529,917.65,330,570
2025-06-06 12:33:36.394915,811.15,420,270
2025-06-06 12:33:36.989235,920.0,330,570
2025-06-06 12:33:37.009842,920.0,270,300
2025-06-06 12:33:37.167681,762.9,450,270
2025-06-06 12:33:37.598176,811.15,600,210
2025-06-06 12:33:38.195935,921.85,270,300
2025-06-06 12:33:38.205724,921.3,420,180
2025-06-06 12:33:38.364688,762.9,240,240
2025-06-06 12:33:38.807553,811.15,450,270
2025-06-06 12:33:38.988120,921.3,420,180
2025-06-06 12:33:39.418719,921.3,450,240
2025-06-06 12:33:39.565239,762.9,270,240
2025-06-06 12:33:40.249688,811.15,540,300
2025-06-06 12:33:40.250194,762.95,270,240
2025-06-06 12:33:40.606905,921.3,420,150
2025-06-06 12:33:40.780698,922.15,420,150
2025-06-06 12:33:40.971957,763.9,300,270
2025-06-06 12:33:41.236181,763.9,300,270
2025-06-06 12:33:41.380892,921.05,420,150
2025-06-06 12:33:41.401875,811.15,270,270
2025-06-06 12:33:41.808229,921.05,300,450
2025-06-06 12:33:42.164785,763.9,240,600
2025-06-06 12:33:42.434659,765.0,240,600
2025-06-06 12:33:42.606060,811.15,210,270
2025-06-06 12:33:43.213557,921.05,360,480
2025-06-06 12:33:43.389866,765.0,360,390
2025-06-06 12:33:43.808300,811.15,270,270
2025-06-06 12:33:44.410482,921.05,240,330
2025-06-06 12:33:44.569365,765.0,450,390
2025-06-06 12:33:44.782033,920.6,240,330
2025-06-06 12:33:45.206847,811.15,240,300
2025-06-06 12:33:45.413115,920.6,270,300
2025-06-06 12:33:45.866856,765.0,270,330
2025-06-06 12:33:46.383766,922.35,270,300
2025-06-06 12:33:46.387983,818.25,240,300
2025-06-06 12:33:46.407811,818.25,270,240
2025-06-06 12:33:46.432423,766.35,270,330
2025-06-06 12:33:46.812889,922.35,240,450
2025-06-06 12:33:46.988349,766.35,210,240
2025-06-06 12:33:47.620224,818.25,270,270
2025-06-06 12:33:47.786233,923.0,240,450
2025-06-06 12:33:48.023201,923.0,300,510
2025-06-06 12:33:48.176185,766.35,300,210
2025-06-06 12:33:48.814934,818.25,300,180
2025-06-06 12:33:49.191130,924.4,300,510
2025-06-06 12:33:49.194914,819.7,300,180
2025-06-06 12:33:49.220974,924.4,300,510
2025-06-06 12:33:49.237615,769.2,300,210
2025-06-06 12:33:49.377095,769.2,240,390
2025-06-06 12:33:50.018166,819.7,390,300
2025-06-06 12:33:50.188358,923.85,300,510
2025-06-06 12:33:50.420978,924.05,360,480
2025-06-06 12:33:50.580896,769.2,240,300
2025-06-06 12:33:50.792202,817.65,390,300
2025-06-06 12:33:50.998024,924.05,360,480
2025-06-06 12:33:51.033534,769.35,240,300
2025-06-06 12:33:51.416352,817.65,360,210
2025-06-06 12:33:51.621321,924.6,450,270
2025-06-06 12:33:51.801278,769.35,450,210
2025-06-06 12:33:51.801372,819.7,360,210
2025-06-06 12:33:51.996462,924.6,450,270
2025-06-06 12:33:52.589921,818.75,360,210
2025-06-06 12:33:52.620450,818.75,450,270
2025-06-06 12:33:52.824768,924.6,240,270
2025-06-06 12:33:53.064249,769.35,270,270
2025-06-06 12:33:53.064457,770.05,270,270
2025-06-06 12:33:53.821591,818.75,390,210
2025-06-06 12:33:54.191483,770.05,300,300
2025-06-06 12:33:54.231350,926.9,480,270
2025-06-06 12:33:54.388255,926.9,480,270
2025-06-06 12:33:55.025672,818.75,450,240
2025-06-06 12:33:55.384872,770.05,330,180
2025-06-06 12:33:55.425397,926.9,300,270
2025-06-06 12:33:55.788201,926.9,300,270
2025-06-06 12:33:55.791706,818.15,450,240
2025-06-06 12:33:56.388579,927.5,300,270
2025-06-06 12:33:56.424380,818.15,420,240
2025-06-06 12:33:56.587448,770.05,330,270
2025-06-06 12:33:56.628860,927.5,330,240
2025-06-06 12:33:57.628862,818.15,330,300
2025-06-06 12:33:57.788224,770.05,270,240
2025-06-06 12:33:57.832007,927.5,270,420
2025-06-06 12:33:58.191523,927.25,270,420
2025-06-06 12:33:58.828740,818.15,300,330
2025-06-06 12:33:58.999717,770.05,270,270
2025-06-06 12:33:59.034205,927.25,420,300
Timestamp,LTP,BidQty,AskQty
2025-06-06 12:34:42.064300,822.7,450,450
2025-06-06 12:34:42.099873,822.7,450,390
2025-06-06 12:34:43.027184,822.7,450,390
2025-06-06 12:34:43.510206,822.7,480,330
2025-06-06 12:34:43.831875,821.85,480,330
2025-06-06 12:34:44.700774,821.85,270,330
2025-06-06 12:34:45.903689,821.85,270,510
2025-06-06 12:34:47.112143,821.85,330,240
2025-06-06 12:34:47.828116,822.0,330,240
2025-06-06 12:34:48.428206,822.7,330,240
2025-06-06 12:34:48.527513,822.7,600,810
2025-06-06 12:34:49.428385,822.7,600,810
2025-06-06 12:34:49.716532,822.7,270,390
2025-06-06 12:34:50.912622,822.7,390,780
2025-06-06 12:34:51.428536,823.95,390,780
2025-06-06 12:34:52.114270,824.0,210,630
2025-06-06 12:34:52.435132,824.0,210,630
2025-06-06 12:34:53.318212,824.0,390,570
2025-06-06 12:34:54.032856,824.05,390,570
2025-06-06 12:34:54.717636,824.05,330,330
2025-06-06 12:34:55.062310,825.7,330,330
2025-06-06 12:34:55.919776,825.7,210,390
2025-06-06 12:34:56.304229,823.8,210,390
2025-06-06 12:34:57.122539,823.8,240,390
2025-06-06 12:34:58.324159,823.8,210,270
2025-06-06 12:34:59.034906,823.7,210,270
2025-06-06 12:35:00.056469,823.7,420,300
2025-06-06 12:35:00.442411,823.7,420,300
2025-06-06 12:35:00.926720,823.7,180,270
2025-06-06 12:35:01.636580,822.65,180,270
2025-06-06 12:35:02.129538,822.65,330,270
2025-06-06 12:35:03.332210,822.65,330,330
2025-06-06 12:35:04.733845,822.65,150,300
2025-06-06 12:35:05.039142,821.9,150,300
2025-06-06 12:35:05.932455,821.9,360,270
2025-06-06 12:35:06.039818,820.55,360,270
2025-06-06 12:35:06.438676,822.0,360,270
2025-06-06 12:35:07.137005,822.9,270,360
2025-06-06 12:35:07.439868,822.9,270,360
2025-06-06 12:35:08.367228,820.5,210,210
2025-06-06 12:35:08.480199,820.5,210,210
2025-06-06 12:35:09.441273,819.35,210,210
2025-06-06 12:35:09.541970,819.35,210,330
2025-06-06 12:35:10.442674,819.1,210,330
2025-06-06 12:35:10.940888,819.05,270,360
2025-06-06 12:35:11.442362,819.05,270,360
2025-06-06 12:35:12.142354,819.05,300,240
2025-06-06 12:35:13.041996,819.9,300,240
2025-06-06 12:35:13.344765,819.9,510,300
2025-06-06 12:35:14.547848,819.9,480,240
2025-06-06 12:35:15.445399,818.15,480,240
2025-06-06 12:35:15.753162,818.15,390,420
2025-06-06 12:35:17.151278,818.15,240,180
2025-06-06 12:35:17.846618,818.05,240,180
2025-06-06 12:35:18.355119,818.95,450,420
2025-06-06 12:35:18.447096,818.95,450,420
2025-06-06 12:35:19.556855,818.95,300,270
2025-06-06 12:35:20.956787,818.95,270,420
2025-06-06 12:35:21.250958,816.85,270,420
2025-06-06 12:35:21.848779,817.0,270,420
2025-06-06 12:35:22.160188,817.0,270,390
2025-06-06 12:35:23.364459,817.0,300,450
2025-06-06 12:35:24.569664,817.0,360,270
2025-06-06 12:35:25.652557,819.0,360,270
2025-06-06 12:35:25.965893,819.0,540,300
2025-06-06 12:35:26.451332,819.0,540,300
2025-06-06 12:35:27.169065,819.0,240,240
2025-06-06 12:35:27.893108,818.7,240,240
2025-06-06 12:35:28.375892,818.7,510,360
2025-06-06 12:35:28.650366,816.4,510,360
2025-06-06 12:35:29.573788,816.4,240,390
2025-06-06 12:35:30.433221,816.4,240,390
2025-06-06 12:35:30.972474,816.4,240,360
2025-06-06 12:35:31.251273,819.25,240,360
2025-06-06 12:35:32.174466,819.25,330,360
2025-06-06 12:35:33.377739,819.25,360,360
2025-06-06 12:35:34.061014,817.75,360,360
2025-06-06 12:35:34.580033,817.75,360,480
2025-06-06 12:35:34.655238,818.7,360,480
2025-06-06 12:35:35.783460,818.7,270,390
2025-06-06 12:35:36.993015,818.7,300,450
2025-06-06 12:35:38.201310,818.7,240,270
2025-06-06 12:35:39.587050,818.7,330,210
2025-06-06 12:35:40.793041,818.7,330,210
2025-06-06 12:35:42.003294,818.7,360,330
2025-06-06 12:35:42.460113,817.25,360,330
2025-06-06 12:35:43.202318,817.25,270,390
2025-06-06 12:35:44.106689,820.15,270,390
2025-06-06 12:35:44.596443,820.15,270,180
2025-06-06 12:35:45.463003,819.7,270,180
2025-06-06 12:35:45.799189,819.7,480,180
2025-06-06 12:35:46.462281,820.55,480,180
2025-06-06 12:35:47.013579,819.5,390,390
2025-06-06 12:35:47.462736,819.5,390,390
2025-06-06 12:35:48.209233,819.5,390,360
2025-06-06 12:35:49.406405,819.5,180,330
2025-06-06 12:35:50.807222,819.5,330,390
2025-06-06 12:35:52.016661,819.5,240,330
2025-06-06 12:35:54.625767,819.5,240,360
2025-06-06 12:35:54.628506,819.5,300,390
2025-06-06 12:35:55.466109,822.7,300,390
2025-06-06 12:35:55.622230,822.7,420,1080
2025-06-06 12:35:56.467517,821.1,420,1080
2025-06-06 12:35:57.020501,821.1,210,600
2025-06-06 12:35:58.234685,821.1,300,510
2025-06-06 12:35:59.423482,821.1,240,390
2025-06-06 12:36:00.433996,821.1,240,390
2025-06-06 12:36:00.470182,821.2,240,390
2025-06-06 12:36:00.626914,821.2,330,360
2025-06-06 12:36:02.028189,821.2,180,300
2025-06-06 12:36:02.471874,820.8,180,300
2025-06-06 12:36:03.239195,821.15,240,330
2025-06-06 12:36:03.472317,821.15,240,330
2025-06-06 12:36:04.440890,821.15,360,210
2025-06-06 12:36:04.475677,821.15,360,210
2025-06-06 12:36:05.472799,818.95,360,210
2025-06-06 12:36:05.632706,818.95,360,270
2025-06-06 12:36:07.040171,818.95,330,240
2025-06-06 12:36:08.241196,818.95,510,1050
2025-06-06 12:36:08.475820,820.5,510,1050
2025-06-06 12:36:09.449514,820.5,240,1230
2025-06-06 12:36:10.640832,820.5,300,300
2025-06-06 12:36:10.878003,817.0,300,300
2025-06-06 12:36:11.877639,814.35,300,300
2025-06-06 12:36:12.039779,814.35,480,330
2025-06-06 12:36:12.477699,813.4,480,330
2025-06-06 12:36:13.248761,813.4,1080,210
2025-06-06 12:36:14.444523,815.0,300,210
2025-06-06 12:36:14.477413,815.0,300,210
2025-06-06 12:36:15.481682,815.4,300,210
2025-06-06 12:36:15.647407,815.4,180,360
2025-06-06 12:36:16.681432,815.0,180,360
2025-06-06 12:36:16.849249,815.0,450,360
2025-06-06 12:36:18.251684,815.0,330,300
2025-06-06 12:36:19.454522,815.0,510,240
2025-06-06 12:36:19.685088,814.7,510,240
2025-06-06 12:36:20.655687,814.7,420,330
2025-06-06 12:36:21.861056,814.7,390,240
2025-06-06 12:36:23.256297,816.65,270,240
2025-06-06 12:36:23.283599,816.65,270,240
2025-06-06 12:36:24.457038,816.65,300,240
2025-06-06 12:36:25.667400,816.65,300,330
2025-06-06 12:36:26.862836,816.65,240,270
2025-06-06 12:36:28.062179,816.65,330,210
2025-06-06 12:36:29.272958,816.65,270,360
2025-06-06 12:36:30.434406,816.65,270,360
2025-06-06 12:36:30.464479,816.65,300,390
2025-06-06 12:36:31.668506,816.65,330,330
2025-06-06 12:36:31.889851,817.8,330,330
2025-06-06 12:36:32.497942,815.0,330,330
2025-06-06 12:36:32.871414,815.0,360,300
2025-06-06 12:36:33.890106,817.25,360,300
2025-06-06 12:36:34.081616,817.25,330,420
2025-06-06 12:36:35.473868,817.25,240,300
2025-06-06 12:36:36.091827,816.2,240,300
2025-06-06 12:36:36.678067,816.2,270,240
2025-06-06 12:36:37.883789,816.2,390,270
2025-06-06 12:36:38.092825,814.4,390,270
2025-06-06 12:36:39.081102,814.4,240,360
2025-06-06 12:36:40.284655,813.9,360,510
2025-06-06 12:36:40.296308,813.9,360,510
2025-06-06 12:36:41.490484,813.9,330,270
2025-06-06 12:36:41.897247,813.45,330,270
2025-06-06 12:36:42.886336,813.45,240,360
2025-06-06 12:36:43.697859,814.2,240,360
2025-06-06 12:36:44.091208,814.1,420,210
2025-06-06 12:36:44.514195,814.1,420,210
2025-06-06 12:36:45.292316,812.05,420,270
2025-06-06 12:36:45.510670,812.05,420,270
2025-06-06 12:36:46.504872,812.05,330,300
2025-06-06 12:36:47.697083,812.05,420,300
2025-06-06 12:36:48.299716,812.1,420,300
2025-06-06 12:36:49.097008,812.1,300,270
2025-06-06 12:36:49.708076,812.9,300,270
2025-06-06 12:36:50.299879,812.9,240,240
2025-06-06 12:36:51.100942,811.65,240,240
2025-06-06 12:36:51.518873,811.65,210,480
2025-06-06 12:36:52.705088,811.65,330,240
2025-06-06 12:36:53.902567,811.7,330,240
2025-06-06 12:36:53.907352,811.7,390,180
2025-06-06 12:36:54.701683,813.1,390,180
2025-06-06 12:36:55.307803,814.2,270,510
2025-06-06 12:36:55.525773,814.2,270,510
2025-06-06 12:36:56.513420,811.7,270,510
2025-06-06 12:36:56.519313,811.7,330,480
2025-06-06 12:36:57.714354,811.7,300,420
2025-06-06 12:36:58.922598,811.7,600,270
2025-06-06 12:37:00.314577,811.7,240,420
2025-06-06 12:37:00.435472,811.7,240,420
2025-06-06 12:37:01.529835,811.7,210,330
2025-06-06 12:37:02.741295,811.7,540,210
2025-06-06 12:37:03.924606,811.7,210,330
2025-06-06 12:37:04.518150,811.65,210,330
2025-06-06 12:37:05.131211,811.65,450,270
2025-06-06 12:37:06.330425,811.65,540,240
2025-06-06 12:37:07.308471,813.45,540,240
2025-06-06 12:37:07.732706,813.45,300,270
2025-06-06 12:37:08.110335,814.1,300,270
2025-06-06 12:37:08.954132,814.1,330,300
2025-06-06 12:37:09.716993,814.4,330,300
2025-06-06 12:37:10.133121,814.4,450,360
2025-06-06 12:37:11.335443,814.4,330,300
2025-06-06 12:37:12.538432,814.4,420,270
2025-06-06 12:37:13.915061,818.85,420,270
2025-06-06 12:37:13.937806,818.85,330,390
2025-06-06 12:37:14.523924,817.1,330,390
2025-06-06 12:37:15.140370,817.1,300,360
2025-06-06 12:37:15.525323,818.0,300,360
2025-06-06 12:37:16.343115,818.0,600,660
2025-06-06 12:37:16.539399,819.4,600,660
2025-06-06 12:37:17.525474,818.6,600,660
2025-06-06 12:37:17.548077,818.6,240,810
2025-06-06 12:37:18.945488,818.6,510,660
2025-06-06 12:37:20.149613,818.6,270,660
2025-06-06 12:37:21.352393,818.6,240,360
2025-06-06 12:37:22.527542,819.35,240,360
2025-06-06 12:37:22.555873,819.35,390,300
2025-06-06 12:37:23.953743,819.35,210,210
2025-06-06 12:37:24.319710,819.45,210,210
2025-06-06 12:37:25.156514,819.45,270,180
2025-06-06 12:37:25.320587,820.5,270,180
2025-06-06 12:37:26.361460,820.5,810,750
2025-06-06 12:37:27.564108,822.7,300,330
2025-06-06 12:37:27.727313,824.15,300,330
2025-06-06 12:37:28.962046,824.15,360,510
2025-06-06 12:37:30.174900,822.35,450,420
2025-06-06 12:37:30.321811,822.35,450,420
2025-06-06 12:37:30.439682,822.35,450,420
2025-06-06 12:37:31.368257,822.35,270,330
2025-06-06 12:37:32.570656,822.35,300,420
2025-06-06 12:37:33.975085,822.35,210,300
2025-06-06 12:37:34.732470,822.0,210,300
2025-06-06 12:37:35.173974,822.0,450,330
2025-06-06 12:37:36.376063,822.0,240,1680
2025-06-06 12:37:37.579596,820.5,780,1530
2025-06-06 12:37:37.731956,821.5,780,1530
2025-06-06 12:37:38.535025,822.85,780,1530
2025-06-06 12:37:38.979469,822.85,270,450
2025-06-06 12:37:39.732119,822.6,270,450
2025-06-06 12:37:40.181599,824.6,300,390
2025-06-06 12:37:40.537240,824.6,300,390
2025-06-06 12:37:41.389780,824.6,240,420
2025-06-06 12:37:42.328801,824.6,240,420
2025-06-06 12:37:42.590539,824.6,210,300
2025-06-06 12:37:42.735606,822.6,210,300
2025-06-06 12:37:43.536247,822.75,210,300
2025-06-06 12:37:43.793560,822.75,240,480
2025-06-06 12:37:45.189631,822.75,360,360
2025-06-06 12:37:46.393487,822.75,630,210
2025-06-06 12:37:46.932801,822.6,630,210
2025-06-06 12:37:47.595699,822.6,180,330
2025-06-06 12:37:47.935167,822.75,180,330
2025-06-06 12:37:48.800022,822.75,360,450
2025-06-06 12:37:50.202123,822.75,210,270
2025-06-06 12:37:51.402504,822.75,150,360
2025-06-06 12:37:52.603895,822.75,240,210
2025-06-06 12:37:53.809000,822.75,210,210
2025-06-06 12:37:55.020277,822.75,210,450
2025-06-06 12:37:55.740445,822.6,210,450
2025-06-06 12:37:56.215106,822.6,180,300
2025-06-06 12:37:57.138370,821.95,180,300
2025-06-06 12:37:57.609432,821.95,270,390
2025-06-06 12:37:58.812317,821.95,330,540
2025-06-06 12:37:59.863997,822.45,330,540
2025-06-06 12:38:00.026989,822.45,390,330
2025-06-06 12:38:00.438230,822.45,390,330
2025-06-06 12:38:01.226322,822.45,300,420
2025-06-06 12:38:01.745550,823.75,300,420
2025-06-06 12:38:02.421655,823.8,360,450
2025-06-06 12:38:02.542710,823.8,360,450
2025-06-06 12:38:03.822296,823.8,360,420
2025-06-06 12:38:05.046470,823.8,300,450
2025-06-06 12:38:06.237533,823.8,450,510
2025-06-06 12:38:07.427881,823.8,240,570
2025-06-06 12:38:08.630236,823.8,300,540
2025-06-06 12:38:10.039188,823.8,300,480
2025-06-06 12:38:10.945511,824.0,300,480
2025-06-06 12:38:11.240879,824.0,240,390
2025-06-06 12:38:11.945699,825.0,240,390
2025-06-06 12:38:12.434177,825.0,240,510
2025-06-06 12:38:12.746905,828.0,240,510
2025-06-06 12:38:13.637570,828.0,420,630
2025-06-06 12:38:14.843236,828.0,270,540
2025-06-06 12:38:14.952305,828.0,270,540
2025-06-06 12:38:16.287077,828.0,450,540
2025-06-06 12:38:16.783577,827.2,450,540
2025-06-06 12:38:17.455524,827.2,240,420
2025-06-06 12:38:17.549438,827.2,240,420
2025-06-06 12:38:18.640792,827.2,180,450
2025-06-06 12:38:19.754437,828.0,180,450
2025-06-06 12:38:19.844431,828.0,300,420
2025-06-06 12:38:20.551490,828.0,300,420
2025-06-06 12:38:21.046586,828.0,240,810
2025-06-06 12:38:22.255316,828.0,150,720
2025-06-06 12:38:23.649957,828.0,540,810
2025-06-06 12:38:24.933706,828.0,240,750
2025-06-06 12:38:25.423279,829.95,240,750
2025-06-06 12:38:25.556939,830.0,240,750
2025-06-06 12:38:26.079110,830.0,210,360
2025-06-06 12:38:27.185761,832.1,210,360
2025-06-06 12:38:27.279753,832.1,420,360
2025-06-06 12:38:28.511909,832.75,840,420
2025-06-06 12:38:28.619317,832.75,840,420
2025-06-06 12:38:29.599005,834.95,840,420
2025-06-06 12:38:30.052276,834.95,360,570
2025-06-06 12:38:30.434376,834.95,360,570
2025-06-06 12:38:30.586538,835.0,360,570
2025-06-06 12:38:31.119794,835.0,300,870
2025-06-06 12:38:31.584424,834.85,300,870
2025-06-06 12:38:32.277810,834.85,510,750
2025-06-06 12:38:33.362974,834.95,510,750
2025-06-06 12:38:33.462082,834.95,330,600
2025-06-06 12:38:33.759578,833.4,330,600
2025-06-06 12:38:34.681706,833.65,330,600
2025-06-06 12:38:34.682326,833.3,150,570
2025-06-06 12:38:35.559994,833.25,150,570
2025-06-06 12:38:36.067139,835.0,300,570
2025-06-06 12:38:36.562407,834.0,300,570
2025-06-06 12:38:37.266820,832.45,270,510
2025-06-06 12:38:37.563743,832.45,270,510
2025-06-06 12:38:38.470632,832.45,150,360
2025-06-06 12:38:38.963630,833.0,150,360
2025-06-06 12:38:39.672540,833.0,420,570
2025-06-06 12:38:40.564500,833.0,420,570
2025-06-06 12:38:40.875724,833.0,480,210
2025-06-06 12:38:42.275395,833.0,450,570
2025-06-06 12:38:42.363909,832.0,450,570
2025-06-06 12:38:42.963370,832.4,450,570
2025-06-06 12:38:43.474678,832.4,420,420
2025-06-06 12:38:44.170476,830.0,420,420
2025-06-06 12:38:44.564778,830.3,420,420
2025-06-06 12:38:44.679855,830.3,510,270
2025-06-06 12:38:45.881291,830.3,300,390
2025-06-06 12:38:47.280258,830.3,510,390
2025-06-06 12:38:48.484984,830.3,300,510
2025-06-06 12:38:49.569498,829.55,300,510
2025-06-06 12:38:49.720169,829.55,210,360
2025-06-06 12:38:50.569248,826.5,210,360
2025-06-06 12:38:50.888518,819.45,270,330
2025-06-06 12:38:51.572474,810.6,270,330
2025-06-06 12:38:52.287375,811.9,300,390
2025-06-06 12:38:52.569364,814.45,300,390
2025-06-06 12:38:53.488747,816.6,330,360
2025-06-06 12:38:53.570840,814.85,330,360
2025-06-06 12:38:54.692426,814.85,300,570
2025-06-06 12:38:54.772927,819.1,300,570
2025-06-06 12:38:55.571684,817.35,300,570
2025-06-06 12:38:55.894695,817.35,270,270
2025-06-06 12:38:57.293711,817.35,330,330
2025-06-06 12:38:57.378936,818.7,330,330
2025-06-06 12:38:58.503621,818.7,210,330
2025-06-06 12:38:58.973215,818.7,210,330
2025-06-06 12:38:59.574507,817.25,210,330
2025-06-06 12:38:59.699975,817.25,390,270
2025-06-06 12:39:00.448937,817.25,390,270
2025-06-06 12:39:00.775247,817.7,390,270
2025-06-06 12:39:00.901687,817.7,270,480
2025-06-06 12:39:01.576430,817.8,270,480
2025-06-06 12:39:02.104170,817.8,210,390
2025-06-06 12:39:03.514333,817.8,300,240
2025-06-06 12:39:04.711226,817.8,300,390
2025-06-06 12:39:05.913474,817.8,390,480
2025-06-06 12:39:06.381468,818.35,390,480
2025-06-06 12:39:07.113287,818.35,180,630
2025-06-06 12:39:08.312394,818.35,270,240
2025-06-06 12:39:09.581429,812.55,270,240
2025-06-06 12:39:09.717402,812.55,510,420
2025-06-06 12:39:10.915306,812.55,210,240
2025-06-06 12:39:11.982132,812.6,210,240
2025-06-06 12:39:12.116962,812.6,300,360
2025-06-06 12:39:12.583668,811.35,300,360
2025-06-06 12:39:13.319907,810.0,270,420
2025-06-06 12:39:13.583000,810.0,270,420
2025-06-06 12:39:14.535518,810.0,180,270
2025-06-06 12:39:15.585005,808.9,180,270
2025-06-06 12:39:15.737523,808.9,480,330
2025-06-06 12:39:16.734075,808.9,390,330
2025-06-06 12:39:17.932002,808.9,360,270
2025-06-06 12:39:18.388199,808.9,360,270
2025-06-06 12:39:18.784387,809.1,360,270
2025-06-06 12:39:19.330841,812.6,330,510
2025-06-06 12:39:19.586043,812.6,330,510
2025-06-06 12:39:20.538665,813.4,330,360
2025-06-06 12:39:20.585076,813.4,330,360
2025-06-06 12:39:21.741587,813.4,390,420
2025-06-06 12:39:22.986815,813.4,240,450
2025-06-06 12:39:24.136906,813.4,480,360
2025-06-06 12:39:25.339662,813.4,420,270
2025-06-06 12:39:25.592520,810.7,420,270
2025-06-06 12:39:26.554444,810.7,450,480
2025-06-06 12:39:27.941712,810.7,300,420
2025-06-06 12:39:28.296602,812.9,300,420
2025-06-06 12:39:29.146123,812.9,300,600
2025-06-06 12:39:30.352614,812.9,180,360
2025-06-06 12:39:30.448406,812.9,180,360
2025-06-06 12:39:30.592863,811.45,180,360
2025-06-06 12:39:31.567509,811.45,420,420
2025-06-06 12:39:31.792825,810.2,420,420
2025-06-06 12:39:32.596166,810.0,420,420
2025-06-06 12:39:32.950057,810.0,210,330
2025-06-06 12:39:33.598743,811.1,210,330
2025-06-06 12:39:34.157135,811.1,240,330
2025-06-06 12:39:35.354722,811.1,240,390
2025-06-06 12:39:35.999730,810.0,240,390
2025-06-06 12:39:36.559898,810.0,330,510
2025-06-06 12:39:37.003532,810.0,330,510
2025-06-06 12:39:37.760642,810.0,360,330
2025-06-06 12:39:38.963533,810.0,240,270
2025-06-06 12:39:40.166191,810.0,210,300
2025-06-06 12:39:41.202075,804.0,210,300
2025-06-06 12:39:41.374284,804.0,360,330
2025-06-06 12:39:41.601860,804.0,360,330
2025-06-06 12:39:42.601735,804.0,360,330
2025-06-06 12:39:42.769793,804.0,240,450
2025-06-06 12:39:43.608113,804.0,240,450
2025-06-06 12:39:43.975453,801.0,480,360
2025-06-06 12:39:44.602900,801.0,480,360
2025-06-06 12:39:45.174908,801.0,450,300
2025-06-06 12:39:45.604582,801.0,450,300
2025-06-06 12:39:46.376243,799.0,300,300
2025-06-06 12:39:46.605514,799.05,300,300
2025-06-06 12:39:47.581568,799.35,300,300
2025-06-06 12:39:47.602163,799.35,300,300
2025-06-06 12:39:48.603072,797.55,300,300
2025-06-06 12:39:48.783299,797.55,360,360
2025-06-06 12:39:49.603592,797.7,360,360
2025-06-06 12:39:50.182667,800.15,240,330
2025-06-06 12:39:50.602966,799.75,240,330
2025-06-06 12:39:51.382281,799.05,300,240
2025-06-06 12:39:51.607405,799.05,300,240
2025-06-06 12:39:52.587837,800.7,330,180
2025-06-06 12:39:52.606853,800.7,330,180
2025-06-06 12:39:53.607753,801.6,330,180
2025-06-06 12:39:53.790764,801.6,300,420
2025-06-06 12:39:54.995415,801.6,300,300
2025-06-06 12:39:56.391634,801.6,390,420
2025-06-06 12:39:57.606771,801.6,810,240
2025-06-06 12:39:58.796778,801.6,300,450
2025-06-06 12:39:59.612851,804.35,300,450
2025-06-06 12:39:59.999004,804.35,180,450
2025-06-06 12:40:00.438757,804.35,180,450
2025-06-06 12:40:00.614989,802.8,180,450
2025-06-06 12:40:01.202020,800.95,540,360
2025-06-06 12:40:01.615246,800.95,540,360
2025-06-06 12:40:02.403482,800.95,240,210
2025-06-06 12:40:03.607467,800.95,300,210
2025-06-06 12:40:04.894576,800.95,330,240
2025-06-06 12:40:06.208170,800.95,300,270
2025-06-06 12:40:06.628586,800.1,300,270
2025-06-06 12:40:07.410753,800.1,240,270
2025-06-06 12:40:08.613186,800.1,420,210
2025-06-06 12:40:09.816805,800.1,210,300
2025-06-06 12:40:10.818627,797.0,210,300
2025-06-06 12:40:11.450826,797.0,390,420
2025-06-06 12:40:12.235185,797.0,150,210
2025-06-06 12:40:12.618459,796.4,150,210
2025-06-06 12:40:13.619024,797.2,150,210
2025-06-06 12:40:13.621771,797.2,240,210
2025-06-06 12:40:14.823912,797.2,390,360
2025-06-06 12:40:16.068917,797.2,150,360
2025-06-06 12:40:17.041840,797.2,270,330
2025-06-06 12:40:17.420872,798.0,270,330
2025-06-06 12:40:18.243216,798.0,360,360
2025-06-06 12:40:18.621067,800.05,360,360
2025-06-06 12:40:19.434133,801.8,390,300
2025-06-06 12:40:19.621915,801.8,390,300
2025-06-06 12:40:20.621049,799.85,390,300
2025-06-06 12:40:20.836074,800.0,240,420
2025-06-06 12:40:21.626773,798.15,240,420
2025-06-06 12:40:22.046106,798.15,300,360
2025-06-06 12:40:22.624485,801.85,300,360
2025-06-06 12:40:23.249202,801.85,390,480
2025-06-06 12:40:24.040088,802.6,390,480
2025-06-06 12:40:24.446091,797.0,240,720
2025-06-06 12:40:24.630660,791.05,240,720
2025-06-06 12:40:25.631942,791.35,240,720
2025-06-06 12:40:25.643435,791.35,660,390
2025-06-06 12:40:26.629303,789.65,660,390
2025-06-06 12:40:26.849132,789.65,330,750
2025-06-06 12:40:27.634630,787.85,330,750
2025-06-06 12:40:28.267121,787.85,330,270
2025-06-06 12:40:28.629604,786.75,330,270
2025-06-06 12:40:29.447730,783.65,390,330
2025-06-06 12:40:29.631048,784.15,390,330
2025-06-06 12:40:30.442664,784.15,390,330
2025-06-06 12:40:30.630301,783.9,390,330
2025-06-06 12:40:30.651260,783.9,660,420
2025-06-06 12:40:31.829812,784.4,660,420
2025-06-06 12:40:31.853749,784.4,420,300
2025-06-06 12:40:32.652248,786.4,420,300
2025-06-06 12:40:33.062528,787.85,390,450
2025-06-06 12:40:33.632329,791.65,390,450
2025-06-06 12:40:34.265861,790.5,420,360
2025-06-06 12:40:34.631654,790.5,420,360
2025-06-06 12:40:35.460807,789.7,270,390
2025-06-06 12:40:35.631044,789.7,270,390
2025-06-06 12:40:36.631912,787.0,270,390
2025-06-06 12:40:36.671832,787.0,270,420
2025-06-06 12:40:37.638713,791.4,270,420
2025-06-06 12:40:37.865515,791.4,270,390
2025-06-06 12:40:39.067878,791.4,330,510
2025-06-06 12:40:40.274344,791.4,300,360
2025-06-06 12:40:41.047848,790.15,300,360
2025-06-06 12:40:41.471776,790.15,270,420
2025-06-06 12:40:42.678638,790.15,210,510
2025-06-06 12:40:43.439014,793.6,210,510
2025-06-06 12:40:44.073954,793.6,330,330
2025-06-06 12:40:45.363238,793.6,360,390
2025-06-06 12:40:45.437740,791.4,360,390
2025-06-06 12:40:46.475589,791.4,240,540
2025-06-06 12:40:46.644604,792.1,240,540
2025-06-06 12:40:47.638875,794.4,240,540
2025-06-06 12:40:47.676791,794.4,240,330
2025-06-06 12:40:48.639765,803.0,240,330
2025-06-06 12:40:48.879795,804.35,360,480
2025-06-06 12:40:49.639796,806.4,360,480
2025-06-06 12:40:50.081601,806.4,390,270
2025-06-06 12:40:51.283211,806.4,270,300
2025-06-06 12:40:52.053284,805.25,270,300
2025-06-06 12:40:52.486005,806.35,300,240
2025-06-06 12:40:52.642143,806.35,300,240
2025-06-06 12:40:53.643221,806.5,300,240
2025-06-06 12:40:53.690468,806.5,360,210
2025-06-06 12:40:54.890002,806.5,450,240
2025-06-06 12:40:56.256421,805.2,450,240
2025-06-06 12:40:56.288190,805.2,390,270
2025-06-06 12:40:57.489404,805.2,420,390
2025-06-06 12:40:58.692593,805.2,330,450
2025-06-06 12:40:59.893960,805.2,300,300
2025-06-06 12:41:00.443368,805.2,300,300
2025-06-06 12:41:01.096191,805.2,270,240
2025-06-06 12:41:01.650725,804.8,270,240
2025-06-06 12:41:02.301298,804.8,390,180
2025-06-06 12:41:03.505283,804.8,300,240
2025-06-06 12:41:04.365472,806.45,300,240
2025-06-06 12:41:04.702738,806.45,360,360
2025-06-06 12:41:05.904419,806.45,480,240
2025-06-06 12:41:07.132309,806.45,450,270
2025-06-06 12:41:07.452938,804.05,450,270
2025-06-06 12:41:08.307429,804.05,540,270
