Timestamp,LTP,BidQty,AskQty
2025-06-06 12:27:25.939522,841.35,630,420
2025-06-06 12:27:26.052909,841.35,630,420
2025-06-06 12:27:26.821176,841.35,690,510
2025-06-06 12:27:27.853586,842.5,690,510
2025-06-06 12:27:28.024359,842.5,600,390
2025-06-06 12:27:28.463533,842.5,600,390
2025-06-06 12:27:29.234888,842.5,750,300
2025-06-06 12:27:29.654797,843.95,750,300
2025-06-06 12:27:30.056567,846.2,750,300
2025-06-06 12:27:30.420629,846.2,750,300
2025-06-06 12:27:30.621970,846.2,750,390
2025-06-06 12:27:31.056928,846.2,750,390
2025-06-06 12:27:31.862019,844.6,690,360
2025-06-06 12:27:32.056788,844.6,690,360
2025-06-06 12:27:33.026072,844.6,660,420
2025-06-06 12:27:34.237010,844.6,540,270
2025-06-06 12:27:34.468786,846.55,540,270
2025-06-06 12:27:35.059931,846.9,540,270
2025-06-06 12:27:35.429369,845.05,990,360
2025-06-06 12:27:36.059077,848.65,990,360
2025-06-06 12:27:36.632734,848.65,600,300
2025-06-06 12:27:37.060502,848.65,600,300
2025-06-06 12:27:37.835684,846.7,840,330
2025-06-06 12:27:38.057628,846.7,840,330
2025-06-06 12:27:39.249319,846.7,630,420
2025-06-06 12:27:39.658912,846.4,630,420
2025-06-06 12:27:40.436520,847.1,330,450
2025-06-06 12:27:40.471474,847.1,330,450
2025-06-06 12:27:41.059587,846.65,330,450
2025-06-06 12:27:41.638029,846.65,750,630
2025-06-06 12:27:42.495102,846.65,750,630
2025-06-06 12:27:42.841901,846.65,240,660
2025-06-06 12:27:43.662833,849.0,240,660
2025-06-06 12:27:44.043194,847.7,330,510
2025-06-06 12:27:44.063295,847.7,330,510
2025-06-06 12:27:45.062747,848.0,330,510
2025-06-06 12:27:45.442611,849.4,690,420
2025-06-06 12:27:46.064236,849.85,690,420
2025-06-06 12:27:46.645419,849.85,750,450
2025-06-06 12:27:47.264267,848.55,750,450
2025-06-06 12:27:47.851470,848.2,300,600
2025-06-06 12:27:48.065763,848.25,300,600
2025-06-06 12:27:49.050639,850.0,330,540
2025-06-06 12:27:49.065119,847.95,330,540
2025-06-06 12:27:50.066948,849.7,330,540
2025-06-06 12:27:50.457001,848.75,300,570
2025-06-06 12:27:51.066706,848.75,300,570
2025-06-06 12:27:51.652671,848.75,390,600
2025-06-06 12:27:52.668002,849.7,390,600
2025-06-06 12:27:52.856078,849.7,450,540
2025-06-06 12:27:53.478964,849.6,450,540
2025-06-06 12:27:54.057015,849.45,480,990
2025-06-06 12:27:54.068342,849.45,480,990
2025-06-06 12:27:55.237063,847.95,480,990
2025-06-06 12:27:55.259271,847.95,300,720
2025-06-06 12:27:56.070383,850.0,300,720
2025-06-06 12:27:56.658118,850.0,270,480
2025-06-06 12:27:57.070061,849.7,270,480
2025-06-06 12:27:57.861379,849.7,240,480
2025-06-06 12:27:58.071817,849.7,240,480
2025-06-06 12:27:59.063340,849.7,270,570
2025-06-06 12:27:59.671527,849.9,270,570
2025-06-06 12:28:00.317311,849.9,210,600
2025-06-06 12:28:00.425512,849.9,210,600
2025-06-06 12:28:00.672747,848.55,210,600
2025-06-06 12:28:01.478877,848.55,360,510
2025-06-06 12:28:02.670542,848.55,300,420
2025-06-06 12:28:04.071015,847.25,930,420
2025-06-06 12:28:04.073474,847.25,930,420
2025-06-06 12:28:05.074565,849.5,930,420
2025-06-06 12:28:05.283845,849.5,510,270
2025-06-06 12:28:06.073866,849.0,510,270
2025-06-06 12:28:06.484546,849.0,480,690
2025-06-06 12:28:07.076529,849.5,480,690
2025-06-06 12:28:07.679886,850.0,690,240
2025-06-06 12:28:08.074396,849.7,690,240
2025-06-06 12:28:09.075481,849.95,690,240
2025-06-06 12:28:09.075810,849.95,480,450
2025-06-06 12:28:10.076168,849.7,480,450
2025-06-06 12:28:10.290199,849.7,390,630
2025-06-06 12:28:11.304831,851.95,390,630
2025-06-06 12:28:11.489518,851.95,450,510
2025-06-06 12:28:12.078276,851.95,450,510
2025-06-06 12:28:12.684525,852.0,300,540
2025-06-06 12:28:13.077964,850.65,300,540
2025-06-06 12:28:14.078851,852.35,300,540
2025-06-06 12:28:14.086523,852.35,540,300
2025-06-06 12:28:15.104810,852.35,540,300
2025-06-06 12:28:15.298115,852.35,690,450
2025-06-06 12:28:16.080337,852.05,690,450
2025-06-06 12:28:16.496771,852.05,330,660
2025-06-06 12:28:17.081043,847.0,330,660
2025-06-06 12:28:17.691616,847.7,510,570
2025-06-06 12:28:18.082095,847.7,510,570
2025-06-06 12:28:18.893464,848.7,540,180
2025-06-06 12:28:19.082067,848.7,540,180
2025-06-06 12:28:20.096076,848.7,390,210
2025-06-06 12:28:21.496728,848.7,600,390
2025-06-06 12:28:21.883282,850.4,600,390
2025-06-06 12:28:22.291855,848.2,600,390
2025-06-06 12:28:22.698589,850.35,660,450
2025-06-06 12:28:23.085822,850.35,660,450
2025-06-06 12:28:23.900082,850.35,690,420
2025-06-06 12:28:24.084084,848.55,690,420
2025-06-06 12:28:25.103090,848.55,540,540
2025-06-06 12:28:25.300932,848.65,540,540
2025-06-06 12:28:26.501222,848.65,360,510
2025-06-06 12:28:27.686658,850.55,360,510
2025-06-06 12:28:27.705092,850.55,270,660
2025-06-06 12:28:28.907987,850.55,1200,390
2025-06-06 12:28:29.494808,848.9,1200,390
2025-06-06 12:28:30.087005,849.05,1200,390
2025-06-06 12:28:30.109932,849.05,840,390
2025-06-06 12:28:30.436858,849.05,840,390
2025-06-06 12:28:31.088139,847.2,840,390
2025-06-06 12:28:31.324848,847.2,840,210
2025-06-06 12:28:32.088704,848.45,840,210
2025-06-06 12:28:32.716733,848.45,690,390
2025-06-06 12:28:33.916791,848.45,480,540
2025-06-06 12:28:34.089283,847.0,480,540
2025-06-06 12:28:35.131260,848.15,480,540
2025-06-06 12:28:35.131430,848.15,570,690
2025-06-06 12:28:36.095439,846.15,570,690
2025-06-06 12:28:36.332048,846.2,810,630
2025-06-06 12:28:37.092064,846.2,810,630
2025-06-06 12:28:37.524018,846.2,480,360
2025-06-06 12:28:38.091319,848.45,480,360
2025-06-06 12:28:38.923675,848.45,360,210
2025-06-06 12:28:40.127707,848.45,570,450
2025-06-06 12:28:40.295692,852.0,570,450
2025-06-06 12:28:41.337310,852.0,210,480
2025-06-06 12:28:42.533973,852.0,210,480
2025-06-06 12:28:42.534556,852.0,360,450
2025-06-06 12:28:43.095520,851.85,360,450
2025-06-06 12:28:43.929987,851.85,540,270
2025-06-06 12:28:45.132973,852.0,240,390
2025-06-06 12:28:45.298183,852.0,240,390
2025-06-06 12:28:46.100683,852.35,240,390
2025-06-06 12:28:46.347172,852.35,540,2520
2025-06-06 12:28:47.097721,852.35,540,2520
2025-06-06 12:28:47.537397,852.35,810,1890
2025-06-06 12:28:48.098757,852.35,810,1890
2025-06-06 12:28:48.740267,852.35,570,510
2025-06-06 12:28:49.503858,854.85,570,510
2025-06-06 12:28:50.099846,853.05,570,510
2025-06-06 12:28:50.139224,853.05,480,360
2025-06-06 12:28:51.100977,854.7,480,360
2025-06-06 12:28:51.350452,854.7,420,780
2025-06-06 12:28:52.101274,853.15,420,780
2025-06-06 12:28:52.544105,853.0,420,900
2025-06-06 12:28:53.103340,854.85,420,900
2025-06-06 12:28:53.748310,854.85,330,720
2025-06-06 12:28:54.949794,854.85,240,540
2025-06-06 12:28:55.103998,854.95,240,540
2025-06-06 12:28:56.102996,855.3,240,540
2025-06-06 12:28:56.364535,853.6,600,390
2025-06-06 12:28:57.103787,853.6,600,390
2025-06-06 12:28:57.552305,853.85,570,360
2025-06-06 12:28:58.106705,853.85,570,360
2025-06-06 12:28:58.758488,853.0,270,510
2025-06-06 12:28:59.106077,853.85,270,510
2025-06-06 12:28:59.965364,854.65,570,450
2025-06-06 12:29:00.104647,854.65,570,450
2025-06-06 12:29:00.422861,854.65,570,450
2025-06-06 12:29:01.104674,849.95,570,450
2025-06-06 12:29:01.174460,849.95,990,510
2025-06-06 12:29:02.105899,851.2,990,510
2025-06-06 12:29:02.573763,851.1,1110,180
2025-06-06 12:29:03.108472,851.1,1110,180
2025-06-06 12:29:03.768532,851.1,450,690
2025-06-06 12:29:04.108172,853.95,450,690
2025-06-06 12:29:04.982849,852.55,660,420
2025-06-06 12:29:05.108478,852.55,660,420
2025-06-06 12:29:06.108569,855.0,660,420
2025-06-06 12:29:06.173950,854.85,450,330
2025-06-06 12:29:07.109964,855.3,450,330
2025-06-06 12:29:07.379864,855.3,600,180
2025-06-06 12:29:08.109950,855.45,600,180
2025-06-06 12:29:08.781993,855.45,720,330
2025-06-06 12:29:09.110403,854.7,720,330
2025-06-06 12:29:09.985464,855.15,630,390
2025-06-06 12:29:10.111377,855.15,630,390
2025-06-06 12:29:11.178746,855.15,300,300
2025-06-06 12:29:11.514687,853.0,300,300
2025-06-06 12:29:12.113564,854.0,300,300
2025-06-06 12:29:12.387056,855.15,600,330
2025-06-06 12:29:13.113413,855.15,600,330
2025-06-06 12:29:13.778826,855.0,720,630
2025-06-06 12:29:14.114767,855.0,720,630
2025-06-06 12:29:14.992892,853.5,540,510
2025-06-06 12:29:15.117372,853.5,540,510
2025-06-06 12:29:16.183781,853.5,870,510
2025-06-06 12:29:16.314657,854.35,870,510
2025-06-06 12:29:17.115606,856.0,870,510
2025-06-06 12:29:17.399901,854.15,390,660
2025-06-06 12:29:18.115867,855.0,390,660
2025-06-06 12:29:18.588194,855.0,450,570
2025-06-06 12:29:19.115620,855.0,450,570
2025-06-06 12:29:19.790883,856.25,570,360
2025-06-06 12:29:20.117132,855.8,570,360
2025-06-06 12:29:21.001683,854.05,750,990
2025-06-06 12:29:21.118345,854.05,750,990
2025-06-06 12:29:22.118739,856.3,750,990
2025-06-06 12:29:22.264228,856.3,750,240
2025-06-06 12:29:23.117936,857.85,750,240
2025-06-06 12:29:23.595796,857.85,300,360
2025-06-06 12:29:24.118472,856.0,300,360
2025-06-06 12:29:24.796543,857.85,570,510
2025-06-06 12:29:25.119103,857.85,570,510
2025-06-06 12:29:26.004535,859.7,240,660
2025-06-06 12:29:26.119258,859.7,240,660
2025-06-06 12:29:27.119296,859.9,240,660
2025-06-06 12:29:27.204412,859.9,420,300
2025-06-06 12:29:28.131033,860.9,420,300
2025-06-06 12:29:28.603000,861.75,270,360
2025-06-06 12:29:29.120783,860.15,270,360
2025-06-06 12:29:29.805381,860.15,210,420
2025-06-06 12:29:30.122336,859.55,210,420
2025-06-06 12:29:30.429681,859.55,210,420
2025-06-06 12:29:31.008706,861.2,450,360
2025-06-06 12:29:31.122505,861.2,450,360
2025-06-06 12:29:32.122745,862.0,450,360
2025-06-06 12:29:32.217743,862.0,810,450
2025-06-06 12:29:33.132316,862.0,810,450
2025-06-06 12:29:33.670439,862.3,480,570
2025-06-06 12:29:34.124872,863.0,480,570
2025-06-06 12:29:34.815314,866.0,660,300
2025-06-06 12:29:35.125082,866.0,660,300
2025-06-06 12:29:36.017306,864.85,240,570
2025-06-06 12:29:36.125730,864.85,240,570
2025-06-06 12:29:37.126384,865.45,240,570
2025-06-06 12:29:37.226137,865.45,630,420
2025-06-06 12:29:38.128068,866.1,630,420
2025-06-06 12:29:38.427108,866.1,360,390
2025-06-06 12:29:39.127815,866.0,360,390
2025-06-06 12:29:39.823284,866.45,180,240
2025-06-06 12:29:40.128550,866.45,180,240
2025-06-06 12:29:41.025324,866.55,240,210
2025-06-06 12:29:41.129240,866.55,240,210
2025-06-06 12:29:42.247275,866.65,360,510
2025-06-06 12:29:42.328558,866.65,360,510
2025-06-06 12:29:43.129507,866.0,360,510
2025-06-06 12:29:43.431944,866.75,450,480
2025-06-06 12:29:44.130634,866.8,450,480
2025-06-06 12:29:44.846900,865.45,930,810
2025-06-06 12:29:45.131417,868.15,930,810
2025-06-06 12:29:46.034888,869.0,300,510
2025-06-06 12:29:46.131741,868.05,300,510
2025-06-06 12:29:47.132869,868.95,300,510
2025-06-06 12:29:47.238108,868.95,330,720
2025-06-06 12:29:48.132236,869.0,330,720
2025-06-06 12:29:48.437756,869.0,540,330
2025-06-06 12:29:49.131731,870.0,540,330
2025-06-06 12:29:49.640515,868.7,690,480
2025-06-06 12:29:50.133284,868.5,690,480
2025-06-06 12:29:51.040930,866.0,300,390
2025-06-06 12:29:51.132677,866.0,300,390
2025-06-06 12:29:52.179205,868.1,300,390
2025-06-06 12:29:52.244019,868.1,540,390
2025-06-06 12:29:53.190899,867.4,540,390
2025-06-06 12:29:53.447082,867.45,510,750
2025-06-06 12:29:54.152321,867.05,510,750
2025-06-06 12:29:54.649557,859.6,570,690
2025-06-06 12:29:55.135189,861.65,570,690
2025-06-06 12:29:56.049345,860.4,240,450
2025-06-06 12:29:56.137158,860.4,240,450
2025-06-06 12:29:57.136525,861.95,240,450
2025-06-06 12:29:57.275684,861.95,870,240
2025-06-06 12:29:58.337378,864.3,870,240
2025-06-06 12:29:58.455986,864.3,840,450
2025-06-06 12:29:59.137844,863.9,840,450
2025-06-06 12:29:59.727845,863.9,900,360
2025-06-06 12:30:00.139804,865.8,900,360
2025-06-06 12:30:00.422960,865.8,900,360
2025-06-06 12:30:01.058968,863.7,420,450
2025-06-06 12:30:01.139293,863.7,420,450
2025-06-06 12:30:02.140567,865.45,420,450
2025-06-06 12:30:02.272828,865.45,630,450
2025-06-06 12:30:03.142811,868.5,630,450
2025-06-06 12:30:03.468406,868.7,210,240
2025-06-06 12:30:04.189474,868.7,210,240
2025-06-06 12:30:04.665867,868.25,240,450
2025-06-06 12:30:05.140897,868.7,240,450
2025-06-06 12:30:05.866739,868.3,510,270
2025-06-06 12:30:06.143047,868.3,510,270
2025-06-06 12:30:07.069106,866.7,840,270
2025-06-06 12:30:07.143562,866.7,840,270
2025-06-06 12:30:08.145187,870.25,840,270
2025-06-06 12:30:08.272465,870.25,750,270
2025-06-06 12:30:09.144668,869.65,750,270
2025-06-06 12:30:09.487394,869.65,630,180
2025-06-06 12:30:10.144782,871.45,630,180
2025-06-06 12:30:10.873625,868.7,1020,630
2025-06-06 12:30:11.145349,868.7,1020,630
2025-06-06 12:30:12.077447,869.0,570,570
2025-06-06 12:30:12.146986,869.0,570,570
2025-06-06 12:30:13.145906,868.0,570,570
2025-06-06 12:30:13.280524,868.0,630,510
2025-06-06 12:30:14.146219,870.1,630,510
2025-06-06 12:30:14.495128,870.0,300,870
2025-06-06 12:30:15.147213,869.5,300,870
2025-06-06 12:30:15.683321,867.5,480,330
2025-06-06 12:30:16.147633,869.2,480,330
2025-06-06 12:30:16.885971,867.95,360,930
2025-06-06 12:30:17.147716,869.75,360,930
2025-06-06 12:30:18.086712,869.75,480,780
2025-06-06 12:30:18.347976,870.0,480,780
2025-06-06 12:30:19.149685,870.0,480,780
2025-06-06 12:30:19.288600,870.0,300,780
2025-06-06 12:30:20.149457,870.2,300,780
2025-06-06 12:30:20.726543,870.2,240,630
2025-06-06 12:30:21.149339,869.5,240,630
2025-06-06 12:30:21.888761,869.5,480,720
2025-06-06 12:30:22.155175,870.2,480,720
2025-06-06 12:30:23.091715,868.7,330,660
2025-06-06 12:30:23.150863,870.2,330,660
2025-06-06 12:30:24.293628,870.2,240,540
2025-06-06 12:30:24.352378,870.2,240,540
2025-06-06 12:30:25.504370,870.2,390,420
2025-06-06 12:30:26.699074,872.3,570,570
2025-06-06 12:30:26.766997,872.3,570,570
2025-06-06 12:30:27.153747,872.45,570,570
2025-06-06 12:30:28.097221,873.35,660,270
2025-06-06 12:30:28.155287,873.35,660,270
2025-06-06 12:30:29.154827,873.45,660,270
2025-06-06 12:30:29.298349,873.45,630,270
2025-06-06 12:30:30.159330,871.5,630,270
2025-06-06 12:30:30.422876,871.5,630,270
2025-06-06 12:30:30.512976,871.55,510,450
2025-06-06 12:30:31.157054,873.1,510,450
2025-06-06 12:30:31.713797,873.35,570,210
2025-06-06 12:30:32.157594,874.05,570,210
2025-06-06 12:30:32.906655,874.05,480,270
2025-06-06 12:30:33.558393,875.7,480,270
2025-06-06 12:30:34.158508,873.95,480,270
2025-06-06 12:30:34.305108,874.35,540,240
2025-06-06 12:30:35.158581,876.95,540,240
2025-06-06 12:30:35.511218,876.95,630,240
2025-06-06 12:30:36.159312,877.1,630,240
2025-06-06 12:30:36.713163,877.1,420,660
2025-06-06 12:30:37.161853,876.9,420,660
2025-06-06 12:30:37.915226,874.85,270,330
2025-06-06 12:30:38.164013,875.9,270,330
2025-06-06 12:30:39.126938,876.65,420,390
2025-06-06 12:30:39.160697,876.65,420,390
2025-06-06 12:30:40.160957,877.1,420,390
2025-06-06 12:30:40.514252,877.25,450,270
2025-06-06 12:30:41.161241,875.5,450,270
2025-06-06 12:30:41.788864,875.1,510,390
2025-06-06 12:30:42.162632,876.65,510,390
2025-06-06 12:30:42.919600,875.25,540,360
2025-06-06 12:30:43.163046,875.25,540,360
2025-06-06 12:30:44.122721,878.0,780,330
2025-06-06 12:30:44.162229,878.0,780,330
2025-06-06 12:30:45.163244,876.35,780,330
2025-06-06 12:30:45.332476,876.35,780,270
Timestamp,LTP,BidQty,AskQty
2025-06-06 12:30:48.533560,876.5,600,570
2025-06-06 12:30:49.130195,877.55,360,510
2025-06-06 12:30:49.170838,877.55,360,510
2025-06-06 12:30:50.203768,877.85,360,510
2025-06-06 12:30:50.332969,877.85,600,270
2025-06-06 12:30:51.175249,875.85,600,270
2025-06-06 12:30:51.532675,875.85,570,210
2025-06-06 12:30:52.173038,877.35,570,210
2025-06-06 12:30:52.738066,877.35,630,300
2025-06-06 12:30:53.174281,877.6,630,300
2025-06-06 12:30:53.936394,878.0,300,360
2025-06-06 12:30:54.173745,877.85,300,360
2025-06-06 12:30:55.175219,876.25,300,360
2025-06-06 12:30:55.335261,876.25,540,240
2025-06-06 12:30:56.173400,875.0,540,240
2025-06-06 12:30:56.538315,875.0,300,570
2025-06-06 12:30:57.180837,875.85,300,570
2025-06-06 12:30:57.744226,875.85,360,390
2025-06-06 12:30:58.372148,876.1,360,390
2025-06-06 12:30:58.941804,877.2,570,240
2025-06-06 12:30:59.174468,877.2,570,240
2025-06-06 12:31:00.145995,877.2,300,420
2025-06-06 12:31:00.423405,877.2,300,420
2025-06-06 12:31:00.578641,876.05,300,420
2025-06-06 12:31:01.545699,876.05,660,450
2025-06-06 12:31:02.176120,878.2,660,450
2025-06-06 12:31:02.747201,878.1,720,480
2025-06-06 12:31:03.180272,879.95,720,480
2025-06-06 12:31:03.950822,879.15,540,300
2025-06-06 12:31:04.176632,879.15,540,300
2025-06-06 12:31:05.151788,877.8,810,270
2025-06-06 12:31:05.185613,877.8,810,270
2025-06-06 12:31:06.182921,881.0,810,270
2025-06-06 12:31:06.353522,885.0,510,570
2025-06-06 12:31:07.180480,883.35,510,570
2025-06-06 12:31:07.751980,883.35,600,210
2025-06-06 12:31:08.179710,880.2,600,210
2025-06-06 12:31:08.954304,880.75,690,240
2025-06-06 12:31:09.182099,880.75,690,240
2025-06-06 12:31:10.156894,881.2,360,570
2025-06-06 12:31:10.183929,881.2,360,570
2025-06-06 12:31:11.181317,882.95,360,570
2025-06-06 12:31:11.360977,883.25,150,480
2025-06-06 12:31:12.201656,882.6,150,480
2025-06-06 12:31:12.760343,883.05,390,510
2025-06-06 12:31:13.192121,883.05,390,510
2025-06-06 12:31:13.967668,880.25,270,450
2025-06-06 12:31:14.197885,880.25,270,450
2025-06-06 12:31:15.164070,881.15,300,180
2025-06-06 12:31:15.180959,881.15,300,180
2025-06-06 12:31:16.406528,882.9,300,180
2025-06-06 12:31:16.407122,882.9,330,420
2025-06-06 12:31:17.183923,881.95,330,420
2025-06-06 12:31:17.567628,881.95,510,300
2025-06-06 12:31:18.183233,883.0,510,300
2025-06-06 12:31:18.769970,881.4,240,300
2025-06-06 12:31:19.185403,882.65,240,300
2025-06-06 12:31:19.980261,882.65,300,450
2025-06-06 12:31:20.383269,880.7,300,450
2025-06-06 12:31:21.178657,880.3,990,300
2025-06-06 12:31:21.190961,880.3,990,300
2025-06-06 12:31:22.184989,882.35,990,300
2025-06-06 12:31:22.376794,882.35,960,360
2025-06-06 12:31:23.190846,881.9,960,360
2025-06-06 12:31:23.577150,880.0,630,330
2025-06-06 12:31:24.189548,880.95,630,330
2025-06-06 12:31:24.986665,879.25,360,240
2025-06-06 12:31:25.187149,879.25,360,240
2025-06-06 12:31:26.182973,876.25,240,210
2025-06-06 12:31:26.186521,876.25,240,210
2025-06-06 12:31:27.384905,876.25,210,180
2025-06-06 12:31:28.390479,875.55,210,180
2025-06-06 12:31:28.583217,875.55,450,240
2025-06-06 12:31:29.191718,873.9,450,240
2025-06-06 12:31:29.788308,876.25,480,270
2025-06-06 12:31:30.199238,874.35,480,270
2025-06-06 12:31:30.435127,874.35,480,270
2025-06-06 12:31:31.156054,873.85,420,330
2025-06-06 12:31:31.191060,873.85,420,330
2025-06-06 12:31:32.192668,876.4,420,330
2025-06-06 12:31:32.386699,876.4,300,360
2025-06-06 12:31:33.391151,873.15,300,360
2025-06-06 12:31:33.589075,873.45,390,480
2025-06-06 12:31:34.192676,873.45,390,480
2025-06-06 12:31:34.798272,873.45,240,360
2025-06-06 12:31:35.202912,873.45,240,360
2025-06-06 12:31:36.002322,873.45,210,270
2025-06-06 12:31:36.191753,873.45,210,270
2025-06-06 12:31:37.193369,871.85,210,270
2025-06-06 12:31:37.194318,871.85,660,420
2025-06-06 12:31:38.195156,867.9,660,420
2025-06-06 12:31:38.397736,867.9,390,300
2025-06-06 12:31:39.202503,870.5,390,300
2025-06-06 12:31:39.599711,870.5,360,330
2025-06-06 12:31:40.195204,869.55,360,330
2025-06-06 12:31:41.006895,867.5,180,390
2025-06-06 12:31:41.194492,867.5,180,390
2025-06-06 12:31:42.200511,867.5,300,300
2025-06-06 12:31:43.195585,869.35,300,300
2025-06-06 12:31:43.403193,869.35,240,420
2025-06-06 12:31:44.199830,871.8,240,420
2025-06-06 12:31:44.606772,869.4,360,330
2025-06-06 12:31:45.198787,869.4,360,330
2025-06-06 12:31:45.807982,869.4,390,330
2025-06-06 12:31:46.197915,869.95,390,330
2025-06-06 12:31:47.209470,869.95,210,270
2025-06-06 12:31:48.008054,870.25,210,270
2025-06-06 12:31:48.400322,870.75,210,270
2025-06-06 12:31:48.411176,870.75,390,210
2025-06-06 12:31:49.610598,870.75,300,210
2025-06-06 12:31:50.008363,869.0,300,210
2025-06-06 12:31:50.202765,867.0,300,210
2025-06-06 12:31:50.816821,866.15,270,240
2025-06-06 12:31:51.201543,866.4,270,240
2025-06-06 12:31:52.016503,866.4,450,240
2025-06-06 12:31:52.201829,866.45,450,240
2025-06-06 12:31:53.247113,866.45,390,360
2025-06-06 12:31:53.602657,867.35,390,360
2025-06-06 12:31:54.616944,867.35,330,450
2025-06-06 12:31:55.807396,867.1,330,450
2025-06-06 12:31:55.820102,867.1,450,240
2025-06-06 12:31:56.605111,867.2,450,240
2025-06-06 12:31:57.022226,869.45,330,240
2025-06-06 12:31:57.205673,868.85,330,240
2025-06-06 12:31:58.230141,868.85,300,210
2025-06-06 12:31:59.427344,868.85,300,240
2025-06-06 12:32:00.023993,868.2,300,240
2025-06-06 12:32:00.424736,868.2,300,240
2025-06-06 12:32:00.825348,868.2,300,240
2025-06-06 12:32:02.027422,868.2,210,390
2025-06-06 12:32:02.407420,868.85,210,390
2025-06-06 12:32:03.208811,867.4,210,390
2025-06-06 12:32:03.233782,867.4,330,390
2025-06-06 12:32:04.209212,869.25,330,390
2025-06-06 12:32:04.434563,869.45,390,240
2025-06-06 12:32:05.213080,869.45,390,240
2025-06-06 12:32:05.636066,869.45,300,330
2025-06-06 12:32:06.808480,869.65,300,330
2025-06-06 12:32:07.044030,869.65,360,390
2025-06-06 12:32:07.608942,869.0,360,390
2025-06-06 12:32:08.237740,869.0,390,360
2025-06-06 12:32:09.440068,869.0,390,270
2025-06-06 12:32:10.216057,871.0,390,270
2025-06-06 12:32:10.660997,871.0,360,390
2025-06-06 12:32:11.614576,863.0,360,390
2025-06-06 12:32:11.844000,864.75,390,180
2025-06-06 12:32:12.221063,860.85,390,180
2025-06-06 12:32:13.047562,861.55,240,420
2025-06-06 12:32:13.218110,860.0,240,420
2025-06-06 12:32:14.217116,858.1,240,420
2025-06-06 12:32:14.247661,858.1,300,1080
2025-06-06 12:32:15.218683,853.15,300,1080
2025-06-06 12:32:15.646604,852.45,270,360
2025-06-06 12:32:16.220221,854.4,270,360
2025-06-06 12:32:16.848601,853.35,300,240
2025-06-06 12:32:17.219600,853.3,300,240
2025-06-06 12:32:18.050622,853.8,240,330
2025-06-06 12:32:18.221647,853.8,240,330
2025-06-06 12:32:19.223586,859.95,240,330
2025-06-06 12:32:19.252731,860.4,420,390
2025-06-06 12:32:20.223965,861.2,420,390
2025-06-06 12:32:20.455890,861.2,510,360
2025-06-06 12:32:21.223106,861.2,510,360
2025-06-06 12:32:21.658372,861.2,360,360
2025-06-06 12:32:22.226142,859.45,360,360
2025-06-06 12:32:23.056300,859.45,240,360
2025-06-06 12:32:24.258196,859.45,270,330
2025-06-06 12:32:24.420467,860.2,270,330
2025-06-06 12:32:25.228254,858.0,270,330
2025-06-06 12:32:25.461363,858.0,330,240
2025-06-06 12:32:26.231306,857.9,330,240
2025-06-06 12:32:26.665440,858.0,360,390
2025-06-06 12:32:27.231170,858.0,360,390
2025-06-06 12:32:27.865809,858.0,300,390
2025-06-06 12:32:28.827608,861.2,300,390
2025-06-06 12:32:29.227636,860.0,300,390
2025-06-06 12:32:29.265308,860.0,360,330
2025-06-06 12:32:30.247318,860.25,360,330
2025-06-06 12:32:30.423898,860.25,360,330
2025-06-06 12:32:30.471025,860.25,390,300
2025-06-06 12:32:31.232982,861.45,390,300
2025-06-06 12:32:31.671669,859.85,510,300
2025-06-06 12:32:32.407289,859.85,510,300
2025-06-06 12:32:32.871802,859.85,210,390
2025-06-06 12:32:33.824407,862.3,210,390
2025-06-06 12:32:34.075388,862.3,180,210
2025-06-06 12:32:35.482083,862.3,150,450
2025-06-06 12:32:36.426768,861.45,150,450
2025-06-06 12:32:36.681257,861.45,240,210
2025-06-06 12:32:37.879844,861.45,150,510
2025-06-06 12:32:39.085724,861.45,240,450
2025-06-06 12:32:40.490481,861.45,210,630
2025-06-06 12:32:40.629700,862.0,210,630
2025-06-06 12:32:41.682834,861.2,420,330
2025-06-06 12:32:42.242585,861.2,420,330
2025-06-06 12:32:42.885444,859.45,270,300
2025-06-06 12:32:43.235984,859.45,270,300
2025-06-06 12:32:44.087648,859.45,210,330
2025-06-06 12:32:44.431438,859.8,210,330
2025-06-06 12:32:45.253080,857.8,210,330
2025-06-06 12:32:45.498173,859.35,390,300
2025-06-06 12:32:46.238786,859.35,390,300
2025-06-06 12:32:46.689949,859.35,330,270
2025-06-06 12:32:47.239014,857.1,330,270
2025-06-06 12:32:47.893363,857.1,210,420
2025-06-06 12:32:48.435227,857.85,210,420
2025-06-06 12:32:49.093503,857.85,210,210
2025-06-06 12:32:49.239550,856.15,210,210
2025-06-06 12:32:50.240502,858.25,210,210
2025-06-06 12:32:50.297136,858.25,510,330
2025-06-06 12:32:51.435719,856.2,510,330
2025-06-06 12:32:51.504979,856.2,270,300
2025-06-06 12:32:52.240536,858.35,270,300
2025-06-06 12:32:52.700660,858.35,480,180
2025-06-06 12:32:53.238787,858.3,480,180
2025-06-06 12:32:53.901135,858.3,420,270
2025-06-06 12:32:55.102474,861.0,270,210
2025-06-06 12:32:55.247972,861.0,270,210
2025-06-06 12:32:56.244143,860.4,270,210
2025-06-06 12:32:56.509644,860.4,300,360
2025-06-06 12:32:57.238265,860.0,300,360
2025-06-06 12:32:57.704341,860.0,450,270
2025-06-06 12:32:58.906741,860.0,330,570
2025-06-06 12:32:59.440848,861.65,330,570
2025-06-06 12:33:00.110230,861.7,390,270
2025-06-06 12:33:00.306359,861.7,390,270
2025-06-06 12:33:00.433342,861.7,390,270
2025-06-06 12:33:01.238841,858.85,390,270
2025-06-06 12:33:01.509024,858.85,240,420
2025-06-06 12:33:02.724067,858.85,510,390
2025-06-06 12:33:03.047413,862.15,510,390
2025-06-06 12:33:03.642190,864.65,510,390
2025-06-06 12:33:03.914342,864.65,630,450
2025-06-06 12:33:05.115882,864.65,540,510
2025-06-06 12:33:05.643479,865.0,540,510
2025-06-06 12:33:06.379333,866.0,540,510
2025-06-06 12:33:06.379853,866.0,210,510
2025-06-06 12:33:07.244237,864.35,210,510
2025-06-06 12:33:07.724281,864.35,480,300
2025-06-06 12:33:08.445531,866.25,480,300
2025-06-06 12:33:08.923157,864.3,780,300
2025-06-06 12:33:09.339735,864.3,780,300
2025-06-06 12:33:10.122856,864.3,330,240
2025-06-06 12:33:10.447612,869.0,330,240
2025-06-06 12:33:11.323735,869.0,330,300
2025-06-06 12:33:11.651062,867.8,330,300
2025-06-06 12:33:12.248155,869.4,330,300
2025-06-06 12:33:12.559517,868.35,240,390
2025-06-06 12:33:13.248496,868.35,240,390
2025-06-06 12:33:13.735984,868.35,240,210
2025-06-06 12:33:14.929382,868.35,330,510
2025-06-06 12:33:15.050826,870.85,330,510
2025-06-06 12:33:15.449673,869.4,330,510
2025-06-06 12:33:16.132874,871.8,300,240
2025-06-06 12:33:16.250530,871.8,300,240
2025-06-06 12:33:17.250913,871.55,300,240
2025-06-06 12:33:17.331030,871.55,390,330
2025-06-06 12:33:18.251268,873.4,390,330
2025-06-06 12:33:18.534209,873.4,360,210
2025-06-06 12:33:19.253933,873.45,360,210
2025-06-06 12:33:19.743930,872.95,210,300
2025-06-06 12:33:20.251641,872.75,210,300
2025-06-06 12:33:20.937751,872.75,480,450
2025-06-06 12:33:21.269691,872.1,480,450
2025-06-06 12:33:22.138902,872.05,240,420
2025-06-06 12:33:22.252688,872.05,240,420
2025-06-06 12:33:23.347622,872.05,240,450
2025-06-06 12:33:23.654562,869.4,240,450
2025-06-06 12:33:24.254008,869.8,240,450
2025-06-06 12:33:24.599315,869.8,390,450
2025-06-06 12:33:25.254481,870.2,390,450
2025-06-06 12:33:25.942618,870.35,390,210
2025-06-06 12:33:26.254832,870.35,390,210
2025-06-06 12:33:27.143257,868.85,270,360
2025-06-06 12:33:27.320843,869.95,270,360
2025-06-06 12:33:28.255110,870.65,270,360
2025-06-06 12:33:28.348011,870.65,480,240
2025-06-06 12:33:29.547007,870.65,810,270
2025-06-06 12:33:30.426234,870.65,810,270
2025-06-06 12:33:30.748924,870.65,630,240
2025-06-06 12:33:31.754020,870.65,570,450
2025-06-06 12:33:31.858526,863.0,570,450
2025-06-06 12:33:32.981140,863.0,300,240
2025-06-06 12:33:34.157952,863.0,360,180
2025-06-06 12:33:34.659237,861.75,360,180
2025-06-06 12:33:35.359407,861.75,540,330
2025-06-06 12:33:36.461346,864.5,540,330
2025-06-06 12:33:36.560833,864.5,360,450
2025-06-06 12:33:37.264664,868.1,360,450
2025-06-06 12:33:37.763732,868.1,450,420
2025-06-06 12:33:39.167569,868.1,420,180
2025-06-06 12:33:40.362743,868.1,360,300
2025-06-06 12:33:41.470330,868.65,360,300
2025-06-06 12:33:41.565504,868.65,360,360
2025-06-06 12:33:42.265760,868.6,360,360
2025-06-06 12:33:42.765821,868.6,480,210
2025-06-06 12:33:43.973571,868.6,330,210
2025-06-06 12:33:44.668550,866.45,330,210
2025-06-06 12:33:44.981108,866.45,270,240
2025-06-06 12:33:46.173138,866.45,450,390
2025-06-06 12:33:46.267924,867.95,450,390
2025-06-06 12:33:47.292005,868.6,450,390
2025-06-06 12:33:47.376747,868.6,720,300
2025-06-06 12:33:48.576339,868.6,300,270
2025-06-06 12:33:49.268323,870.65,300,270
2025-06-06 12:33:49.776452,871.4,300,270
2025-06-06 12:33:50.270627,869.75,300,270
2025-06-06 12:33:50.992593,869.75,390,330
2025-06-06 12:33:51.670257,872.1,390,330
2025-06-06 12:33:52.190321,872.1,630,270
2025-06-06 12:33:53.383959,870.8,870,180
2025-06-06 12:33:53.474301,870.8,870,180
2025-06-06 12:33:54.585081,870.8,300,240
2025-06-06 12:33:54.871863,872.1,300,240
2025-06-06 12:33:55.787462,870.6,330,360
2025-06-06 12:33:55.882129,870.45,330,360
2025-06-06 12:33:56.313255,872.35,330,360
2025-06-06 12:33:56.998228,872.75,330,450
2025-06-06 12:33:57.277095,872.75,330,450
2025-06-06 12:33:58.193081,872.75,180,360
2025-06-06 12:33:58.272906,872.75,180,360
Timestamp,LTP,BidQty,AskQty
Timestamp,LTP,BidQty,AskQty
2025-06-06 12:34:42.063825,876.15,270,330
2025-06-06 12:34:42.701252,875.65,270,330
2025-06-06 12:34:43.291265,875.65,240,240
2025-06-06 12:34:43.510835,874.15,240,240
2025-06-06 12:34:44.464204,874.15,300,450
2025-06-06 12:34:45.302378,874.4,300,450
2025-06-06 12:34:45.667600,871.65,240,480
2025-06-06 12:34:46.302417,873.6,240,480
2025-06-06 12:34:46.870179,875.6,240,390
2025-06-06 12:34:47.303349,875.6,240,390
2025-06-06 12:34:48.269572,875.6,600,210
2025-06-06 12:34:49.478280,874.7,420,240
2025-06-06 12:34:49.512768,874.7,420,240
2025-06-06 12:34:50.304470,877.0,420,240
2025-06-06 12:34:50.678559,876.85,210,270
2025-06-06 12:34:51.307635,876.85,210,270
2025-06-06 12:34:51.884610,877.25,390,270
2025-06-06 12:34:52.304643,877.25,390,270
2025-06-06 12:34:53.080652,874.8,420,270
2025-06-06 12:34:53.305283,874.8,420,270
2025-06-06 12:34:54.306599,878.9,420,270
2025-06-06 12:34:54.485573,878.9,360,870
2025-06-06 12:34:55.682686,878.9,240,1860
2025-06-06 12:34:56.711108,876.85,240,1860
2025-06-06 12:34:56.887844,876.85,180,1290
2025-06-06 12:34:57.713474,876.8,180,1290
2025-06-06 12:34:58.088864,876.8,240,240
2025-06-06 12:34:58.711487,876.85,240,240
2025-06-06 12:34:59.293944,876.85,240,480
2025-06-06 12:35:00.429418,876.85,240,480
2025-06-06 12:35:00.692474,876.85,300,240
2025-06-06 12:35:01.894573,876.85,300,360
2025-06-06 12:35:03.097517,876.85,300,360
2025-06-06 12:35:03.515338,876.85,300,360
2025-06-06 12:35:04.298369,876.85,330,360
2025-06-06 12:35:04.913412,874.8,330,360
2025-06-06 12:35:05.523883,875.45,330,360
2025-06-06 12:35:05.701790,875.45,360,270
2025-06-06 12:35:06.901496,875.45,390,480
2025-06-06 12:35:07.314376,874.1,390,480
2025-06-06 12:35:08.106484,874.1,480,330
2025-06-06 12:35:08.319243,874.1,480,330
2025-06-06 12:35:09.307275,872.0,330,270
2025-06-06 12:35:09.315227,872.0,330,270
2025-06-06 12:35:10.705500,872.0,180,390
2025-06-06 12:35:10.916683,873.65,180,390
2025-06-06 12:35:11.522414,871.8,180,390
2025-06-06 12:35:11.908450,871.8,240,360
2025-06-06 12:35:12.317796,873.6,240,360
2025-06-06 12:35:13.111401,873.6,510,240
2025-06-06 12:35:14.312981,873.6,240,390
2025-06-06 12:35:15.319372,870.95,240,390
2025-06-06 12:35:15.523547,870.95,360,420
2025-06-06 12:35:16.318712,871.45,360,420
2025-06-06 12:35:16.723043,871.45,480,210
2025-06-06 12:35:17.919149,871.45,510,240
2025-06-06 12:35:18.590859,870.05,510,240
2025-06-06 12:35:19.127650,870.05,390,330
2025-06-06 12:35:20.320929,870.05,420,270
2025-06-06 12:35:20.922314,870.15,420,270
2025-06-06 12:35:21.333089,868.0,420,270
2025-06-06 12:35:21.538142,868.0,540,480
2025-06-06 12:35:22.322068,868.0,540,480
2025-06-06 12:35:22.761788,868.0,300,420
2025-06-06 12:35:23.323358,869.0,300,420
2025-06-06 12:35:23.931126,869.0,270,360
2025-06-06 12:35:24.323902,869.3,270,360
2025-06-06 12:35:25.130693,869.3,420,300
2025-06-06 12:35:25.736096,870.7,420,300
2025-06-06 12:35:26.330482,870.7,330,390
2025-06-06 12:35:27.532564,870.7,390,420
2025-06-06 12:35:27.763600,871.5,390,420
2025-06-06 12:35:28.746255,871.5,240,420
2025-06-06 12:35:28.928094,869.8,240,420
2025-06-06 12:35:29.938709,868.65,210,390
2025-06-06 12:35:30.329948,868.3,210,390
2025-06-06 12:35:30.430730,868.3,210,390
2025-06-06 12:35:31.141957,868.3,390,270
2025-06-06 12:35:32.337230,868.3,300,390
2025-06-06 12:35:32.928482,870.2,300,390
2025-06-06 12:35:33.539445,869.45,600,360
2025-06-06 12:35:34.329508,869.45,600,360
2025-06-06 12:35:34.745913,869.35,270,390
2025-06-06 12:35:35.334745,869.35,270,390
2025-06-06 12:35:35.942190,869.35,270,360
2025-06-06 12:35:36.332365,871.65,270,360
2025-06-06 12:35:37.144608,869.65,210,300
2025-06-06 12:35:37.332196,869.65,210,300
2025-06-06 12:35:38.332479,871.9,210,300
2025-06-06 12:35:38.345453,871.9,330,450
2025-06-06 12:35:39.335863,869.3,330,450
2025-06-06 12:35:39.555537,869.3,330,390
2025-06-06 12:35:40.933004,870.0,330,390
2025-06-06 12:35:40.945917,870.0,180,300
2025-06-06 12:35:41.332389,870.0,180,300
2025-06-06 12:35:42.150824,871.95,300,240
2025-06-06 12:35:42.335566,871.95,300,240
2025-06-06 12:35:43.332599,870.8,300,240
2025-06-06 12:35:43.348613,870.8,330,300
2025-06-06 12:35:44.333910,871.05,330,300
2025-06-06 12:35:44.552153,871.05,240,330
2025-06-06 12:35:45.335141,870.5,240,330
2025-06-06 12:35:45.784820,872.0,270,360
2025-06-06 12:35:46.335633,871.8,270,360
2025-06-06 12:35:46.956418,871.45,390,270
2025-06-06 12:35:47.336424,871.45,390,270
2025-06-06 12:35:48.157349,872.5,240,270
2025-06-06 12:35:48.337679,872.5,240,270
2025-06-06 12:35:49.339262,872.6,240,270
2025-06-06 12:35:49.365451,872.6,300,360
2025-06-06 12:35:50.561432,872.6,300,360
2025-06-06 12:35:51.770535,872.6,300,300
2025-06-06 12:35:52.140036,872.5,300,300
2025-06-06 12:35:54.195340,872.5,330,300
2025-06-06 12:35:54.622979,874.95,330,300
2025-06-06 12:35:54.628129,875.2,330,300
2025-06-06 12:35:54.628330,875.2,210,420
2025-06-06 12:35:54.943119,873.15,210,420
2025-06-06 12:35:55.342220,875.0,210,420
2025-06-06 12:35:55.368078,875.0,450,180
2025-06-06 12:35:56.569624,875.0,210,270
2025-06-06 12:35:56.945522,873.4,210,270
2025-06-06 12:35:57.753424,875.0,210,270
2025-06-06 12:35:57.773306,875.1,330,240
2025-06-06 12:35:58.344718,875.1,330,240
2025-06-06 12:35:58.975558,875.1,360,330
2025-06-06 12:36:00.178460,875.1,270,240
2025-06-06 12:36:00.438530,875.1,270,240
2025-06-06 12:36:01.147825,873.0,270,240
2025-06-06 12:36:01.377212,873.0,150,240
2025-06-06 12:36:02.776088,873.0,300,420
2025-06-06 12:36:03.976970,873.0,240,360
2025-06-06 12:36:05.179860,873.0,240,450
2025-06-06 12:36:05.749665,873.0,240,450
2025-06-06 12:36:06.383116,873.0,240,450
2025-06-06 12:36:07.582304,873.0,300,390
2025-06-06 12:36:07.949356,874.8,300,390
2025-06-06 12:36:08.786510,874.8,390,240
2025-06-06 12:36:09.995662,875.2,240,300
2025-06-06 12:36:10.148895,875.2,240,300
2025-06-06 12:36:10.750903,870.0,240,300
2025-06-06 12:36:11.201324,865.0,330,390
2025-06-06 12:36:11.350526,865.0,330,390
2025-06-06 12:36:12.350236,866.5,330,390
2025-06-06 12:36:12.394298,866.5,330,180
2025-06-06 12:36:13.351441,866.25,330,180
2025-06-06 12:36:13.789663,868.9,360,300
2025-06-06 12:36:14.351923,868.9,360,300
2025-06-06 12:36:15.001491,867.15,330,240
2025-06-06 12:36:15.352187,867.15,330,240
2025-06-06 12:36:16.197471,867.15,390,360
2025-06-06 12:36:17.209099,867.15,420,210
2025-06-06 12:36:18.402366,867.15,210,240
2025-06-06 12:36:18.590760,869.4,210,240
2025-06-06 12:36:19.559272,867.55,210,240
2025-06-06 12:36:19.820419,867.55,270,360
2025-06-06 12:36:21.215382,867.55,360,360
2025-06-06 12:36:21.570835,867.65,360,360
2025-06-06 12:36:22.207887,867.65,480,240
2025-06-06 12:36:23.404360,867.65,540,270
2025-06-06 12:36:24.605041,867.65,330,510
2025-06-06 12:36:25.158381,870.0,330,510
2025-06-06 12:36:25.810458,870.0,360,450
2025-06-06 12:36:26.158080,870.5,360,450
2025-06-06 12:36:26.358524,868.0,360,450
2025-06-06 12:36:27.019637,868.0,270,210
2025-06-06 12:36:28.217505,868.0,300,180
2025-06-06 12:36:28.778395,869.75,300,180
2025-06-06 12:36:29.416055,869.75,390,210
2025-06-06 12:36:29.960580,869.65,390,210
2025-06-06 12:36:30.431674,869.65,390,210
2025-06-06 12:36:30.614588,869.65,330,180
2025-06-06 12:36:31.819235,869.65,420,450
2025-06-06 12:36:31.961826,870.3,420,450
2025-06-06 12:36:33.227257,870.3,240,210
2025-06-06 12:36:34.425121,870.3,330,180
2025-06-06 12:36:35.620906,870.3,180,360
2025-06-06 12:36:35.962080,868.95,180,360
2025-06-06 12:36:36.822670,868.95,330,240
2025-06-06 12:36:38.030721,868.95,540,240
2025-06-06 12:36:39.239329,868.95,240,270
2025-06-06 12:36:40.175191,867.55,240,270
2025-06-06 12:36:40.430199,867.55,390,270
2025-06-06 12:36:41.631980,867.55,240,360
2025-06-06 12:36:43.037473,867.55,330,390
2025-06-06 12:36:44.243695,867.55,390,240
2025-06-06 12:36:45.438616,867.55,390,180
2025-06-06 12:36:46.638406,867.55,270,210
2025-06-06 12:36:47.839666,867.55,300,300
2025-06-06 12:36:49.043588,867.55,300,180
2025-06-06 12:36:49.976367,865.4,300,180
2025-06-06 12:36:50.250613,867.05,420,330
2025-06-06 12:36:50.373249,867.05,420,330
2025-06-06 12:36:51.375223,866.35,420,330
2025-06-06 12:36:51.447686,866.35,210,510
2025-06-06 12:36:52.844174,866.35,270,240
2025-06-06 12:36:54.047087,866.35,420,570
2025-06-06 12:36:55.257991,866.35,330,210
2025-06-06 12:36:56.450951,866.35,270,360
2025-06-06 12:36:57.653888,866.35,390,270
2025-06-06 12:36:59.054935,866.35,450,300
2025-06-06 12:37:00.260947,866.35,390,300
2025-06-06 12:37:00.429492,866.35,390,300
2025-06-06 12:37:01.459936,866.35,390,270
2025-06-06 12:37:02.659769,866.35,480,330
2025-06-06 12:37:03.182715,865.9,480,330
2025-06-06 12:37:03.377943,867.4,480,330
2025-06-06 12:37:03.867722,867.4,270,270
2025-06-06 12:37:04.778894,866.85,270,270
2025-06-06 12:37:05.064876,866.85,540,300
2025-06-06 12:37:06.464320,866.85,450,210
2025-06-06 12:37:07.380615,866.5,450,210
2025-06-06 12:37:07.666394,866.5,330,240
2025-06-06 12:37:08.953075,866.5,330,240
2025-06-06 12:37:10.069789,866.5,420,420
2025-06-06 12:37:10.784597,867.15,420,420
2025-06-06 12:37:11.270663,869.4,300,240
2025-06-06 12:37:11.385032,869.4,300,240
2025-06-06 12:37:12.475641,869.4,270,330
2025-06-06 12:37:13.675055,869.4,390,300
2025-06-06 12:37:14.879548,869.4,390,240
2025-06-06 12:37:16.080002,870.0,420,270
2025-06-06 12:37:16.187722,870.0,420,270
2025-06-06 12:37:16.388407,871.75,420,270
2025-06-06 12:37:17.277984,871.75,390,270
2025-06-06 12:37:18.479033,871.75,390,240
2025-06-06 12:37:19.190226,873.0,390,240
2025-06-06 12:37:19.680804,873.0,210,210
2025-06-06 12:37:19.789667,870.3,210,210
2025-06-06 12:37:20.389364,870.95,210,210
2025-06-06 12:37:20.884278,870.95,300,450
2025-06-06 12:37:22.086085,870.95,270,450
2025-06-06 12:37:22.391273,872.7,270,450
2025-06-06 12:37:23.483986,872.7,390,210
2025-06-06 12:37:24.687435,872.7,390,210
2025-06-06 12:37:25.889709,872.7,570,630
2025-06-06 12:37:27.092385,872.7,300,690
2025-06-06 12:37:27.596237,876.0,300,690
2025-06-06 12:37:28.394759,875.05,300,690
2025-06-06 12:37:28.496018,875.05,540,540
2025-06-06 12:37:29.693325,875.05,240,480
2025-06-06 12:37:30.439076,875.05,240,480
2025-06-06 12:37:30.894427,875.05,330,330
2025-06-06 12:37:31.394840,874.6,330,330
2025-06-06 12:37:32.099821,874.6,270,480
2025-06-06 12:37:32.395510,876.5,270,480
2025-06-06 12:37:33.301391,876.35,390,570
2025-06-06 12:37:33.395215,876.75,390,570
2025-06-06 12:37:34.397244,875.0,390,570
2025-06-06 12:37:34.511583,875.0,240,330
2025-06-06 12:37:35.397127,875.6,240,330
2025-06-06 12:37:35.749012,875.6,420,360
2025-06-06 12:37:36.397966,875.0,420,360
2025-06-06 12:37:36.905174,874.95,420,300
2025-06-06 12:37:37.401590,873.05,420,300
2025-06-06 12:37:38.106571,873.05,360,1620
2025-06-06 12:37:39.516983,873.05,240,1590
2025-06-06 12:37:40.708346,873.05,300,1680
2025-06-06 12:37:41.400666,875.8,300,1680
2025-06-06 12:37:41.909196,877.0,270,1680
2025-06-06 12:37:42.401221,877.0,270,1680
2025-06-06 12:37:43.110978,877.0,330,630
2025-06-06 12:37:43.401979,877.0,330,630
2025-06-06 12:37:44.314335,877.0,390,360
2025-06-06 12:37:45.603211,877.0,570,240
2025-06-06 12:37:45.603722,874.95,570,240
2025-06-06 12:37:46.405804,876.75,570,240
2025-06-06 12:37:46.915211,876.75,360,360
2025-06-06 12:37:48.116955,877.0,270,360
2025-06-06 12:37:48.207198,877.0,270,360
2025-06-06 12:37:49.319465,877.0,270,1380
2025-06-06 12:37:49.605757,877.0,270,1380
2025-06-06 12:37:50.532622,877.0,390,360
2025-06-06 12:37:51.727713,874.8,690,420
2025-06-06 12:37:51.806369,876.85,690,420
2025-06-06 12:37:52.410863,877.9,690,420
2025-06-06 12:37:52.924795,877.9,240,360
2025-06-06 12:37:53.607831,877.7,240,360
2025-06-06 12:37:54.181550,877.7,300,360
2025-06-06 12:37:54.407881,875.45,300,360
2025-06-06 12:37:55.330339,877.7,270,330
2025-06-06 12:37:55.410005,877.7,270,330
2025-06-06 12:37:56.408864,875.6,270,330
2025-06-06 12:37:56.537999,875.6,300,390
2025-06-06 12:37:57.737426,875.6,270,210
2025-06-06 12:37:58.936166,875.6,210,180
2025-06-06 12:38:00.138253,875.6,330,240
2025-06-06 12:38:00.430439,875.6,330,240
2025-06-06 12:38:01.218000,876.0,330,240
2025-06-06 12:38:01.340606,876.0,180,1260
2025-06-06 12:38:02.140850,878.0,180,1260
2025-06-06 12:38:02.779697,878.0,510,1620
2025-06-06 12:38:03.939604,878.0,270,1680
2025-06-06 12:38:04.220574,878.0,270,1680
2025-06-06 12:38:05.045748,876.4,270,1680
2025-06-06 12:38:05.145154,876.4,270,1650
2025-06-06 12:38:06.343138,876.4,150,1140
2025-06-06 12:38:06.815242,877.55,150,1140
2025-06-06 12:38:07.545168,877.55,270,1080
2025-06-06 12:38:08.745655,877.55,270,1350
2025-06-06 12:38:08.817727,877.85,270,1350
2025-06-06 12:38:09.948362,877.85,240,1170
2025-06-06 12:38:10.418466,878.0,240,1170
2025-06-06 12:38:11.151164,878.0,360,990
2025-06-06 12:38:11.419079,878.0,360,990
2025-06-06 12:38:12.357021,880.0,720,810
2025-06-06 12:38:12.423622,880.35,720,810
2025-06-06 12:38:13.420244,881.0,720,810
2025-06-06 12:38:13.553654,881.0,300,270
2025-06-06 12:38:14.424339,880.55,300,270
2025-06-06 12:38:14.756586,881.3,480,300
2025-06-06 12:38:15.430188,880.0,480,300
2025-06-06 12:38:15.992161,881.3,330,420
2025-06-06 12:38:16.451508,879.55,330,420
2025-06-06 12:38:17.158500,881.75,360,270
2025-06-06 12:38:17.422825,881.75,360,270
2025-06-06 12:38:18.362262,880.2,270,210
2025-06-06 12:38:18.423129,880.2,270,210
2025-06-06 12:38:19.423210,880.65,270,210
2025-06-06 12:38:19.563685,880.65,240,450
2025-06-06 12:38:20.426330,882.0,240,450
2025-06-06 12:38:20.766268,882.0,300,420
2025-06-06 12:38:21.422985,883.0,300,420
2025-06-06 12:38:21.969880,884.25,240,270
2025-06-06 12:38:22.426194,884.25,240,270
2025-06-06 12:38:23.368613,884.55,360,450
2025-06-06 12:38:23.427649,884.55,360,450
2025-06-06 12:38:24.508359,884.5,360,450
2025-06-06 12:38:24.650271,884.5,270,330
2025-06-06 12:38:25.518113,884.95,270,330
2025-06-06 12:38:25.769877,884.95,510,270
2025-06-06 12:38:26.689624,885.0,510,270
2025-06-06 12:38:27.026044,883.65,420,270
2025-06-06 12:38:27.461237,884.05,420,270
2025-06-06 12:38:28.178471,885.1,270,330
2025-06-06 12:38:28.487390,885.1,270,330
2025-06-06 12:38:29.453988,888.65,330,270
2025-06-06 12:38:29.498903,888.85,330,270
2025-06-06 12:38:30.431026,888.85,330,270
2025-06-06 12:38:30.833544,888.85,360,510
2025-06-06 12:38:31.862443,886.9,360,510
2025-06-06 12:38:31.981885,889.15,270,480
2025-06-06 12:38:32.430527,887.75,270,480
2025-06-06 12:38:33.182872,887.05,270,300
2025-06-06 12:38:33.432289,887.05,270,300
2025-06-06 12:38:34.456549,888.6,390,390
2025-06-06 12:38:34.457263,888.6,390,390
2025-06-06 12:38:35.615007,888.6,420,330
2025-06-06 12:38:36.433076,886.85,420,330
2025-06-06 12:38:36.986254,886.85,300,330
2025-06-06 12:38:37.433270,887.7,300,330
2025-06-06 12:38:38.190215,887.7,240,210
2025-06-06 12:38:39.393210,887.7,330,390
2025-06-06 12:38:39.634050,887.7,330,390
2025-06-06 12:38:40.435199,887.9,330,390
2025-06-06 12:38:40.594266,887.9,210,510
2025-06-06 12:38:41.435266,886.05,210,510
2025-06-06 12:38:41.797897,886.05,300,540
2025-06-06 12:38:42.436861,885.35,300,540
2025-06-06 12:38:43.007255,885.35,330,480
2025-06-06 12:38:43.636403,886.5,330,480
2025-06-06 12:38:44.398897,880.0,210,300
2025-06-06 12:38:44.437087,880.0,210,300
2025-06-06 12:38:45.440839,882.15,210,300
2025-06-06 12:38:45.601333,882.15,300,240
2025-06-06 12:38:46.437706,882.85,300,240
2025-06-06 12:38:46.803256,882.85,390,240
2025-06-06 12:38:48.022291,882.85,180,300
2025-06-06 12:38:48.640203,883.0,180,300
2025-06-06 12:38:49.215166,883.0,210,390
2025-06-06 12:38:49.839988,882.0,210,390
2025-06-06 12:38:50.444349,880.0,210,390
2025-06-06 12:38:50.618806,880.0,300,450
2025-06-06 12:38:51.441612,860.55,300,450
2025-06-06 12:38:51.812234,862.1,330,360
2025-06-06 12:38:52.442665,864.2,330,360
2025-06-06 12:38:53.024188,867.4,450,330
2025-06-06 12:38:53.441864,867.4,450,330
2025-06-06 12:38:54.256238,870.7,480,210
2025-06-06 12:38:54.441755,871.2,480,210
2025-06-06 12:38:55.449777,872.1,480,210
2025-06-06 12:38:55.616468,872.35,300,270
2025-06-06 12:38:56.445144,872.35,300,270
2025-06-06 12:38:56.820153,872.35,360,330
2025-06-06 12:38:57.446123,871.45,360,330
2025-06-06 12:38:58.032749,871.45,270,360
2025-06-06 12:38:58.446402,871.85,270,360
2025-06-06 12:38:59.237113,869.65,270,210
2025-06-06 12:38:59.446772,869.65,270,210
2025-06-06 12:39:00.427431,869.65,360,510
2025-06-06 12:39:00.441809,869.65,360,510
2025-06-06 12:39:00.449314,869.65,360,510
2025-06-06 12:39:01.447913,868.75,360,510
2025-06-06 12:39:01.825672,868.75,390,270
2025-06-06 12:39:03.037998,868.75,360,300
2025-06-06 12:39:03.448258,868.55,360,300
2025-06-06 12:39:04.241709,867.8,270,450
2025-06-06 12:39:04.453433,867.8,270,450
2025-06-06 12:39:05.435753,867.8,270,420
2025-06-06 12:39:06.643057,867.8,180,630
2025-06-06 12:39:08.074714,867.8,270,300
2025-06-06 12:39:08.652214,867.0,270,300
2025-06-06 12:39:09.259529,866.25,330,270
2025-06-06 12:39:09.457343,866.25,330,270
2025-06-06 12:39:10.445186,862.5,300,360
2025-06-06 12:39:10.451356,862.5,300,360
2025-06-06 12:39:11.452646,865.0,300,360
2025-06-06 12:39:11.644497,865.0,360,300
2025-06-06 12:39:12.452998,863.2,360,300
2025-06-06 12:39:13.092622,860.85,210,420
2025-06-06 12:39:13.475484,860.85,210,420
2025-06-06 12:39:14.260533,859.9,300,300
2025-06-06 12:39:14.460305,859.85,300,300
2025-06-06 12:39:15.450742,859.35,510,300
2025-06-06 12:39:15.455879,859.35,510,300
2025-06-06 12:39:16.462537,861.55,510,300
2025-06-06 12:39:16.652441,861.0,210,330
2025-06-06 12:39:17.457090,862.4,210,330
2025-06-06 12:39:17.857698,860.5,450,390
2025-06-06 12:39:18.457183,860.5,450,390
2025-06-06 12:39:19.058635,861.55,330,330
2025-06-06 12:39:19.458010,862.6,330,330
2025-06-06 12:39:20.267918,865.7,270,330
2025-06-06 12:39:20.460689,866.0,270,330
2025-06-06 12:39:21.659452,866.0,480,330
2025-06-06 12:39:21.861390,865.15,480,330
2025-06-06 12:39:22.863472,865.15,300,390
2025-06-06 12:39:24.068872,865.15,900,300
2025-06-06 12:39:24.660517,865.2,900,300
2025-06-06 12:39:25.274842,865.2,420,300
2025-06-06 12:39:25.868147,863.5,420,300
2025-06-06 12:39:26.666381,863.5,180,390
2025-06-06 12:39:27.865471,865.15,180,390
2025-06-06 12:39:27.870506,865.15,540,420
2025-06-06 12:39:28.494307,863.8,540,420
2025-06-06 12:39:29.072313,865.0,240,510
2025-06-06 12:39:29.462852,865.0,240,510
2025-06-06 12:39:30.274615,865.0,420,300
2025-06-06 12:39:30.445753,865.0,420,300
2025-06-06 12:39:30.468073,865.0,420,300
2025-06-06 12:39:31.495089,865.0,240,360
2025-06-06 12:39:32.881989,865.0,360,330
2025-06-06 12:39:34.080540,865.0,210,360
2025-06-06 12:39:35.283688,865.0,330,270
2025-06-06 12:39:35.668217,861.35,330,270
2025-06-06 12:39:36.480502,861.1,330,270
2025-06-06 12:39:36.500504,861.1,330,300
2025-06-06 12:39:37.471116,860.4,330,300
2025-06-06 12:39:37.885318,860.0,540,330
2025-06-06 12:39:38.470525,859.2,540,330
2025-06-06 12:39:39.088229,859.2,300,300
2025-06-06 12:39:40.071634,860.7,300,300
2025-06-06 12:39:40.291512,860.7,270,360
2025-06-06 12:39:41.089213,855.0,270,360
2025-06-06 12:39:41.497721,855.0,180,240
2025-06-06 12:39:42.547581,856.0,180,240
2025-06-06 12:39:42.698629,855.5,300,360
2025-06-06 12:39:43.607742,853.05,300,360
2025-06-06 12:39:44.101718,853.05,210,420
2025-06-06 12:39:44.482664,852.2,210,420
2025-06-06 12:39:45.306563,853.5,450,360
2025-06-06 12:39:45.481413,851.2,450,360
2025-06-06 12:39:46.565391,851.2,450,360
2025-06-06 12:39:46.605063,851.2,1290,210
2025-06-06 12:39:47.482659,849.45,1290,210
2025-06-06 12:39:47.706997,849.45,450,270
2025-06-06 12:39:48.510202,850.8,450,270
2025-06-06 12:39:49.114554,849.35,210,240
2025-06-06 12:39:49.486043,849.35,210,240
2025-06-06 12:39:50.306212,852.0,360,480
2025-06-06 12:39:50.483018,853.75,360,480
2025-06-06 12:39:51.488497,851.15,360,480
2025-06-06 12:39:51.529238,851.15,270,270
2025-06-06 12:39:52.481532,854.85,270,270
2025-06-06 12:39:52.715709,854.85,450,270
2025-06-06 12:39:53.488751,853.5,450,270
2025-06-06 12:39:53.916163,853.35,270,360
2025-06-06 12:39:54.503803,853.35,270,360
2025-06-06 12:39:55.314824,853.4,180,480
2025-06-06 12:39:55.490226,853.4,180,480
2025-06-06 12:39:56.542235,852.8,180,480
2025-06-06 12:39:56.543392,852.8,210,360
2025-06-06 12:39:57.535180,854.4,210,360
2025-06-06 12:39:57.728540,855.55,330,180
2025-06-06 12:39:58.498563,855.55,330,180
2025-06-06 12:39:58.924087,855.55,300,360
2025-06-06 12:39:59.500524,854.35,300,360
2025-06-06 12:40:00.322363,853.8,240,300
2025-06-06 12:40:00.433926,853.8,240,300
2025-06-06 12:40:00.493315,853.8,240,300
2025-06-06 12:40:01.535722,853.8,240,300
2025-06-06 12:40:02.739851,853.8,480,180
2025-06-06 12:40:03.932341,853.8,390,390
2025-06-06 12:40:05.328957,853.8,180,540
2025-06-06 12:40:06.090086,852.6,180,540
2025-06-06 12:40:06.548002,852.6,330,150
2025-06-06 12:40:07.286998,852.85,330,150
2025-06-06 12:40:07.744743,852.85,360,420
2025-06-06 12:40:08.887757,851.7,360,420
2025-06-06 12:40:08.937655,851.7,390,300
2025-06-06 12:40:09.885879,850.75,390,300
2025-06-06 12:40:10.147796,850.75,600,360
2025-06-06 12:40:10.888971,849.9,600,360
2025-06-06 12:40:11.494118,848.45,600,360
2025-06-06 12:40:11.550101,848.45,180,360
2025-06-06 12:40:12.746432,848.9,210,300
2025-06-06 12:40:12.887005,848.9,210,300
2025-06-06 12:40:13.943809,848.9,330,390
2025-06-06 12:40:14.688358,847.8,330,390
2025-06-06 12:40:15.146281,847.7,300,360
2025-06-06 12:40:15.488164,848.65,300,360
2025-06-06 12:40:16.494611,848.6,300,360
2025-06-06 12:40:16.556454,850.35,180,270
2025-06-06 12:40:17.490243,847.8,180,270
2025-06-06 12:40:17.752552,847.8,270,300
2025-06-06 12:40:18.691419,851.35,270,300
2025-06-06 12:40:18.950092,853.8,360,270
2025-06-06 12:40:19.492478,853.8,360,270
2025-06-06 12:40:20.151025,853.8,240,360
2025-06-06 12:40:20.492437,850.0,240,360
2025-06-06 12:40:21.353311,850.3,360,450
2025-06-06 12:40:21.495562,850.3,360,450
2025-06-06 12:40:22.562426,850.3,300,390
2025-06-06 12:40:23.756921,850.3,240,420
2025-06-06 12:40:24.695541,845.2,240,420
2025-06-06 12:40:24.967243,845.2,150,390
2025-06-06 12:40:25.504912,844.05,150,390
2025-06-06 12:40:26.162871,840.05,600,330
2025-06-06 12:40:26.528019,840.5,600,330
2025-06-06 12:40:27.377942,841.7,540,240
2025-06-06 12:40:27.500695,840.8,540,240
2025-06-06 12:40:28.505542,840.0,540,240
2025-06-06 12:40:28.577982,840.0,360,360
2025-06-06 12:40:29.500308,838.9,360,360
2025-06-06 12:40:29.765108,837.9,420,270
2025-06-06 12:40:30.442915,837.9,420,270
2025-06-06 12:40:30.497734,837.95,420,270
2025-06-06 12:40:30.968717,838.4,450,450
2025-06-06 12:40:31.498264,836.55,450,450
2025-06-06 12:40:32.168542,836.4,450,210
2025-06-06 12:40:32.502375,837.8,450,210
2025-06-06 12:40:33.372397,843.35,870,180
2025-06-06 12:40:33.500673,842.7,870,180
2025-06-06 12:40:34.572785,842.7,210,240
2025-06-06 12:40:34.699840,841.65,210,240
2025-06-06 12:40:35.502280,842.75,210,240
2025-06-06 12:40:35.775802,840.45,270,420
2025-06-06 12:40:36.509752,839.25,270,420
2025-06-06 12:40:37.292003,839.25,240,210
2025-06-06 12:40:37.505135,842.05,240,210
2025-06-06 12:40:38.178835,842.2,180,210
2025-06-06 12:40:38.505387,842.2,180,210
2025-06-06 12:40:39.380703,841.2,240,420
2025-06-06 12:40:39.509775,841.2,240,420
2025-06-06 12:40:40.512651,843.55,240,420
2025-06-06 12:40:40.588896,843.55,270,210
2025-06-06 12:40:41.507348,845.05,270,210
2025-06-06 12:40:41.801009,845.05,240,270
2025-06-06 12:40:42.987335,845.05,240,300
2025-06-06 12:40:43.506179,846.0,240,300
2025-06-06 12:40:44.188425,842.1,240,360
2025-06-06 12:40:44.523490,842.1,240,360
2025-06-06 12:40:45.390107,845.15,270,270
2025-06-06 12:40:45.513271,845.15,270,270
2025-06-06 12:40:46.506151,844.0,270,270
2025-06-06 12:40:46.600006,844.0,300,450
2025-06-06 12:40:48.077450,845.6,270,210
2025-06-06 12:40:48.112318,845.6,270,210
2025-06-06 12:40:48.507942,852.0,270,210
2025-06-06 12:40:49.196091,856.55,210,240
2025-06-06 12:40:49.510568,858.45,210,240
2025-06-06 12:40:50.397656,858.45,300,270
2025-06-06 12:40:50.710001,857.6,300,270
2025-06-06 12:40:51.601952,857.6,330,240
2025-06-06 12:40:52.803449,857.6,240,210
2025-06-06 12:40:52.920316,857.1,240,210
2025-06-06 12:40:54.007923,857.1,270,150
2025-06-06 12:40:55.114247,857.0,270,150
2025-06-06 12:40:55.204911,857.0,360,390
2025-06-06 12:40:56.613868,857.0,480,300
2025-06-06 12:40:57.804929,857.0,390,240
2025-06-06 12:40:58.522180,857.6,390,240
2025-06-06 12:40:59.005989,856.05,210,300
2025-06-06 12:40:59.518137,856.05,210,300
2025-06-06 12:41:00.011271,856.15,240,300
2025-06-06 12:41:00.441666,856.15,240,300
2025-06-06 12:41:00.517300,856.15,240,300
2025-06-06 12:41:01.409726,856.15,270,330
2025-06-06 12:41:02.318081,858.1,270,330
2025-06-06 12:41:02.517578,858.35,270,330
2025-06-06 12:41:02.621048,858.35,180,240
2025-06-06 12:41:03.521379,857.2,180,240
2025-06-06 12:41:03.812731,857.2,270,240
2025-06-06 12:41:04.718985,858.85,270,240
2025-06-06 12:41:05.068699,858.85,300,360
2025-06-06 12:41:06.228583,858.85,270,210
2025-06-06 12:41:06.525678,856.8,270,210
2025-06-06 12:41:07.421533,857.85,240,210
2025-06-06 12:41:07.526635,857.85,240,210
2025-06-06 12:41:08.623243,857.85,300,240
2025-06-06 12:41:09.531719,858.95,300,240
2025-06-06 12:41:09.823978,858.95,330,270
2025-06-06 12:41:10.531937,860.95,330,270
2025-06-06 12:41:11.040604,861.5,210,150
2025-06-06 12:41:11.739163,861.5,210,150
2025-06-06 12:41:12.237787,862.0,300,390
2025-06-06 12:41:12.528598,862.0,300,390
2025-06-06 12:41:13.429566,862.0,240,180
2025-06-06 12:41:13.532004,864.05,240,180
2025-06-06 12:41:14.531447,863.1,240,180
2025-06-06 12:41:14.828375,865.0,270,390
2025-06-06 12:41:15.533046,865.4,270,390
2025-06-06 12:41:16.043238,865.4,210,420
2025-06-06 12:41:16.745379,866.35,210,420
2025-06-06 12:41:17.244168,866.35,330,240
2025-06-06 12:41:17.926843,868.85,330,240
2025-06-06 12:41:18.447559,869.05,180,330
2025-06-06 12:41:18.539873,869.05,180,330
2025-06-06 12:41:19.652745,868.3,180,330
2025-06-06 12:41:19.653296,868.3,180,330
2025-06-06 12:41:21.073308,868.3,240,330
2025-06-06 12:41:21.537462,869.1,240,330
2025-06-06 12:41:22.262368,869.1,390,300
2025-06-06 12:41:22.733547,869.1,390,300
2025-06-06 12:41:23.442020,867.1,240,420
2025-06-06 12:41:23.808485,867.1,240,420
2025-06-06 12:41:24.539589,868.3,240,420
2025-06-06 12:41:24.655672,867.95,270,180
2025-06-06 12:41:25.539148,867.5,270,180
2025-06-06 12:41:26.054697,866.55,330,390
2025-06-06 12:41:26.665494,866.55,330,390
2025-06-06 12:41:27.267093,868.1,330,1500
2025-06-06 12:41:27.545009,868.1,330,1500
2025-06-06 12:41:28.449578,866.7,270,240
2025-06-06 12:41:28.548914,866.7,270,240
2025-06-06 12:41:29.671159,868.05,270,240
2025-06-06 12:41:29.671653,868.05,300,180
2025-06-06 12:41:30.438493,868.05,300,180
2025-06-06 12:41:30.854487,868.05,480,300
2025-06-06 12:41:31.332079,869.05,480,300
2025-06-06 12:41:31.931230,869.1,480,300
2025-06-06 12:41:32.064035,869.1,240,1410
2025-06-06 12:41:32.933930,868.5,240,1410
2025-06-06 12:41:33.456735,867.45,510,1350
2025-06-06 12:41:33.685051,867.45,510,1350
2025-06-06 12:41:34.661684,867.45,300,1350
2025-06-06 12:41:35.742527,868.8,300,1350
2025-06-06 12:41:35.861603,868.8,240,1290
2025-06-06 12:41:36.547120,869.1,240,1290
2025-06-06 12:41:37.069624,869.1,330,1260
2025-06-06 12:41:37.743064,869.05,330,1260
2025-06-06 12:41:38.464472,869.05,240,1080
2025-06-06 12:41:38.743548,867.95,240,1080
2025-06-06 12:41:39.671259,867.95,480,1110
2025-06-06 12:41:39.939905,869.1,480,1110
2025-06-06 12:41:40.868556,869.1,300,1110
2025-06-06 12:41:41.940770,868.95,300,1110
2025-06-06 12:41:42.076004,868.95,570,1170
2025-06-06 12:41:42.750643,869.1,570,1170
2025-06-06 12:41:43.279995,869.1,360,1260
2025-06-06 12:41:43.558798,869.1,360,1260
2025-06-06 12:41:44.474359,869.1,300,1080
2025-06-06 12:41:44.737037,869.1,300,1080
2025-06-06 12:41:45.555262,869.1,300,1080
2025-06-06 12:41:45.873590,869.1,240,600
2025-06-06 12:41:46.745736,869.1,240,600
2025-06-06 12:41:47.086794,867.15,240,720
2025-06-06 12:41:47.681644,867.15,240,720
2025-06-06 12:41:48.280743,869.1,330,570
2025-06-06 12:41:48.556683,869.1,330,570
2025-06-06 12:41:49.480599,870.0,270,210
2025-06-06 12:41:49.553826,870.0,270,210
2025-06-06 12:41:50.709867,870.0,180,180
2025-06-06 12:41:52.084682,870.0,210,210
2025-06-06 12:41:52.952081,867.05,210,210
2025-06-06 12:41:53.291776,867.0,510,210
2025-06-06 12:41:53.554889,867.0,510,210
2025-06-06 12:41:54.488956,867.35,150,240
2025-06-06 12:41:54.555494,867.35,150,240
2025-06-06 12:41:55.556749,869.75,150,240
2025-06-06 12:41:55.955714,869.75,330,390
2025-06-06 12:41:56.556456,869.8,330,390
2025-06-06 12:41:57.091883,869.8,270,210
2025-06-06 12:41:57.950970,870.0,270,210
2025-06-06 12:41:58.297273,870.0,210,180
2025-06-06 12:41:59.498239,870.0,180,180
2025-06-06 12:42:00.444932,870.0,180,180
2025-06-06 12:42:00.560051,873.75,180,180
2025-06-06 12:42:00.707243,873.75,330,240
2025-06-06 12:42:01.559681,874.0,330,240
2025-06-06 12:42:02.098530,872.85,360,420
2025-06-06 12:42:02.560716,872.85,360,420
2025-06-06 12:42:03.301759,873.0,210,240
2025-06-06 12:42:03.568097,874.2,210,240
2025-06-06 12:42:04.504859,876.6,360,210
2025-06-06 12:42:04.563799,874.35,360,210
2025-06-06 12:42:05.564499,876.5,360,210
2025-06-06 12:42:05.715128,876.5,240,300
2025-06-06 12:42:06.562686,876.6,240,300
2025-06-06 12:42:07.105374,877.3,270,330
2025-06-06 12:42:07.568819,877.3,270,330
2025-06-06 12:42:08.308173,878.25,270,270
2025-06-06 12:42:08.573321,878.25,270,270
2025-06-06 12:42:09.512161,879.85,390,360
2025-06-06 12:42:09.566228,879.9,390,360
2025-06-06 12:42:10.566057,880.7,390,360
2025-06-06 12:42:10.718333,880.7,300,360
2025-06-06 12:42:11.916301,880.7,240,300
2025-06-06 12:42:12.761706,883.3,240,300
2025-06-06 12:42:13.314763,884.6,240,390
2025-06-06 12:42:13.566660,885.1,240,390
2025-06-06 12:42:14.526493,883.65,240,510
2025-06-06 12:42:14.568397,883.65,240,510
2025-06-06 12:42:15.567750,883.7,240,510
2025-06-06 12:42:15.734617,885.45,330,300
2025-06-06 12:42:16.567332,885.45,330,300
2025-06-06 12:42:16.923491,885.45,210,540
2025-06-06 12:42:17.714125,886.05,210,540
2025-06-06 12:42:18.321884,887.2,570,240
2025-06-06 12:42:18.569401,887.2,570,240
2025-06-06 12:42:19.538256,888.25,420,360
2025-06-06 12:42:19.569913,885.15,420,360
2025-06-06 12:42:20.574239,884.75,420,360
2025-06-06 12:42:20.778541,884.75,420,330
2025-06-06 12:42:21.570356,887.35,420,330
2025-06-06 12:42:21.931577,886.35,270,420
2025-06-06 12:42:22.574644,885.75,270,420
2025-06-06 12:42:23.142776,887.5,300,270
2025-06-06 12:42:23.592366,886.8,300,270
2025-06-06 12:42:24.333283,886.8,240,240
2025-06-06 12:42:24.571912,888.3,240,240
2025-06-06 12:42:25.546811,887.35,210,270
2025-06-06 12:42:25.570954,887.35,210,270
2025-06-06 12:42:26.573882,888.9,210,270
2025-06-06 12:42:26.745282,891.9,480,300
2025-06-06 12:42:27.769287,896.0,480,300
2025-06-06 12:42:27.939740,896.2,930,210
2025-06-06 12:42:28.572271,894.85,930,210
2025-06-06 12:42:29.142587,896.65,210,240
2025-06-06 12:42:29.574474,896.0,210,240
2025-06-06 12:42:30.345202,897.0,840,390
2025-06-06 12:42:30.435912,897.0,840,390
2025-06-06 12:42:30.574270,897.25,840,390
2025-06-06 12:42:31.558040,896.3,870,210
2025-06-06 12:42:31.574253,896.3,870,210
2025-06-06 12:42:32.575269,893.95,870,210
2025-06-06 12:42:32.945480,893.95,540,510
2025-06-06 12:42:33.573957,892.35,540,510
2025-06-06 12:42:34.147406,892.35,540,210
2025-06-06 12:42:34.574752,893.4,540,210
2025-06-06 12:42:35.350400,893.95,390,150
2025-06-06 12:42:35.572874,893.95,390,150
2025-06-06 12:42:36.561627,895.2,330,150
2025-06-06 12:42:36.575676,895.2,330,150
2025-06-06 12:42:37.620975,895.8,330,150
2025-06-06 12:42:37.766533,896.3,240,270
2025-06-06 12:42:38.576562,896.3,240,270
2025-06-06 12:42:38.960579,896.3,270,450
2025-06-06 12:42:39.590089,894.45,270,450
2025-06-06 12:42:40.160429,894.8,630,330
2025-06-06 12:42:40.575664,894.8,630,330
2025-06-06 12:42:41.566349,894.8,600,780
2025-06-06 12:42:41.575947,894.8,600,780
2025-06-06 12:42:42.785552,894.8,480,480
2025-06-06 12:42:42.973667,894.0,480,480
2025-06-06 12:42:43.579591,894.4,480,480
2025-06-06 12:42:43.965939,893.9,570,360
2025-06-06 12:42:44.576952,893.9,570,360
2025-06-06 12:42:45.166758,892.5,600,420
2025-06-06 12:42:45.576879,892.5,600,420
2025-06-06 12:42:46.370893,892.5,510,300
2025-06-06 12:42:46.973919,892.35,510,300
2025-06-06 12:42:47.584387,890.0,240,390
2025-06-06 12:42:47.584583,890.0,240,390
2025-06-06 12:42:48.581046,890.65,240,390
2025-06-06 12:42:48.788443,890.65,570,210
2025-06-06 12:42:50.174329,894.55,450,270
2025-06-06 12:42:50.176504,894.55,450,270
2025-06-06 12:42:51.176798,894.8,450,270
2025-06-06 12:42:51.378154,894.8,330,360
2025-06-06 12:42:51.980887,903.7,330,360
2025-06-06 12:42:52.603687,901.45,330,360
2025-06-06 12:42:52.603828,901.45,360,180
2025-06-06 12:42:53.578906,901.7,360,180
2025-06-06 12:42:53.787619,901.7,330,240
2025-06-06 12:42:54.584688,902.6,330,240
2025-06-06 12:42:55.183123,897.05,540,210
2025-06-06 12:42:55.580799,898.7,540,210
2025-06-06 12:42:56.387239,899.8,240,270
2025-06-06 12:42:56.585264,899.8,240,270
2025-06-06 12:42:57.584251,901.75,240,270
2025-06-06 12:42:57.589430,901.75,330,390
2025-06-06 12:42:58.602995,903.25,330,390
2025-06-06 12:42:58.795415,903.8,420,180
2025-06-06 12:42:59.591496,900.5,420,180
2025-06-06 12:43:00.192645,901.6,300,300
2025-06-06 12:43:00.436641,901.6,300,300
2025-06-06 12:43:00.584045,902.3,300,300
2025-06-06 12:43:01.398916,902.7,390,270
2025-06-06 12:43:01.586613,904.5,390,270
2025-06-06 12:43:02.586200,901.2,390,270
2025-06-06 12:43:02.599334,901.2,150,1110
2025-06-06 12:43:03.585398,895.8,150,1110
2025-06-06 12:43:03.808338,901.85,240,210
2025-06-06 12:43:04.586172,900.8,240,210
2025-06-06 12:43:05.003267,900.85,360,330
2025-06-06 12:43:05.602853,900.65,360,330
2025-06-06 12:43:06.400603,900.45,330,210
2025-06-06 12:43:06.591353,900.4,330,210
2025-06-06 12:43:07.591088,899.55,330,210
2025-06-06 12:43:07.602789,899.55,180,360
2025-06-06 12:43:08.586992,901.85,180,360
2025-06-06 12:43:08.810252,901.85,240,390
2025-06-06 12:43:09.588723,901.95,240,390
2025-06-06 12:43:10.010033,900.7,360,240
2025-06-06 12:43:10.588986,902.3,360,240
2025-06-06 12:43:11.212286,902.3,270,510
2025-06-06 12:43:12.188584,900.1,270,510
2025-06-06 12:43:12.414205,901.8,240,330
2025-06-06 12:43:12.589400,901.8,240,330
2025-06-06 12:43:13.590831,901.05,240,330
2025-06-06 12:43:13.617271,901.05,210,330
2025-06-06 12:43:14.596064,902.85,210,330
2025-06-06 12:43:14.823847,902.85,300,270
2025-06-06 12:43:15.591064,897.8,300,270
2025-06-06 12:43:16.021030,897.4,360,300
2025-06-06 12:43:16.594299,899.0,360,300
2025-06-06 12:43:17.225111,897.0,210,330
2025-06-06 12:43:17.595923,897.0,210,330
2025-06-06 12:43:18.422410,900.7,270,390
2025-06-06 12:43:18.593176,901.7,270,390
2025-06-06 12:43:19.592543,899.9,270,390
2025-06-06 12:43:19.626054,899.9,240,240
2025-06-06 12:43:20.593896,901.95,240,240
2025-06-06 12:43:20.837339,902.0,300,420
2025-06-06 12:43:21.593509,900.75,300,420
2025-06-06 12:43:22.030361,899.1,210,300
2025-06-06 12:43:22.594777,899.05,210,300
2025-06-06 12:43:23.244632,895.85,150,360
2025-06-06 12:43:23.594968,896.4,150,360
2025-06-06 12:43:24.437138,898.5,330,270
2025-06-06 12:43:24.596269,898.6,330,270
2025-06-06 12:43:25.596603,897.95,330,270
2025-06-06 12:43:25.632193,897.95,300,450
2025-06-06 12:43:26.597029,899.15,300,450
2025-06-06 12:43:26.843326,899.15,300,360
2025-06-06 12:43:27.600923,899.9,300,360
2025-06-06 12:43:28.081934,900.0,300,450
2025-06-06 12:43:28.601664,900.0,300,450
2025-06-06 12:43:29.434713,898.45,360,390
2025-06-06 12:43:29.613356,894.9,360,390
2025-06-06 12:43:30.438492,894.9,360,390
2025-06-06 12:43:30.599937,889.0,360,390
2025-06-06 12:43:30.664180,889.0,270,210
2025-06-06 12:43:31.602344,891.0,270,210
2025-06-06 12:43:31.861860,889.85,360,180
2025-06-06 12:43:32.606441,889.85,360,180
2025-06-06 12:43:33.055293,889.6,210,360
2025-06-06 12:43:33.615605,891.45,210,360
2025-06-06 12:43:34.447475,891.45,360,300
2025-06-06 12:43:34.802624,889.2,360,300
2025-06-06 12:43:35.606602,887.85,360,300
2025-06-06 12:43:35.643523,887.85,210,240
2025-06-06 12:43:36.605263,888.25,210,240
2025-06-06 12:43:36.871559,888.25,210,300
2025-06-06 12:43:37.604578,887.6,210,300
2025-06-06 12:43:38.060328,885.75,210,360
2025-06-06 12:43:38.603672,885.75,210,360
2025-06-06 12:43:39.263322,885.75,180,300
2025-06-06 12:43:40.648989,885.75,300,540
2025-06-06 12:43:41.630854,891.75,300,540
2025-06-06 12:43:41.856661,891.75,300,600
2025-06-06 12:43:43.065372,888.6,270,390
2025-06-06 12:43:43.205079,888.6,270,390
2025-06-06 12:43:43.607255,890.7,270,390
2025-06-06 12:43:44.265253,890.5,240,210
2025-06-06 12:43:44.608545,890.5,240,210
2025-06-06 12:43:45.459022,887.3,180,270
2025-06-06 12:43:45.610309,887.3,180,270
2025-06-06 12:43:46.608206,889.9,180,270
2025-06-06 12:43:46.660020,889.9,180,240
2025-06-06 12:43:48.099609,889.9,240,240
2025-06-06 12:43:48.611038,889.45,240,240
2025-06-06 12:43:49.270181,889.45,150,210
2025-06-06 12:43:49.688903,887.3,150,210
2025-06-06 12:43:50.464617,887.3,450,420
2025-06-06 12:43:50.611872,886.8,450,420
2025-06-06 12:43:51.610222,882.9,450,420
2025-06-06 12:43:51.711784,882.9,210,330
2025-06-06 12:43:52.620691,882.85,210,330
2025-06-06 12:43:52.874169,882.75,330,360
2025-06-06 12:43:53.618706,884.9,330,360
2025-06-06 12:43:54.076825,884.9,540,270
2025-06-06 12:43:55.271253,884.9,390,270
2025-06-06 12:43:55.621307,884.55,390,270
2025-06-06 12:43:56.631531,885.0,390,270
2025-06-06 12:43:56.671085,885.0,270,300
2025-06-06 12:43:57.616139,885.55,270,300
2025-06-06 12:43:57.885221,885.55,300,210
2025-06-06 12:43:58.617225,887.3,300,210
2025-06-06 12:43:59.081168,887.3,210,1080
2025-06-06 12:44:00.015412,885.5,210,1080
2025-06-06 12:44:00.281912,887.15,390,990
2025-06-06 12:44:00.437642,887.15,390,990
2025-06-06 12:44:00.616153,887.3,390,990
2025-06-06 12:44:01.481709,887.5,300,210
2025-06-06 12:44:01.617481,887.5,300,210
2025-06-06 12:44:02.618490,889.15,300,210
2025-06-06 12:44:02.682225,889.15,420,420
2025-06-06 12:44:03.638324,890.0,420,420
2025-06-06 12:44:04.092667,895.0,270,270
2025-06-06 12:44:04.620663,895.0,270,270
2025-06-06 12:44:05.281206,890.1,270,180
2025-06-06 12:44:05.619640,893.85,270,180
2025-06-06 12:44:06.483613,893.85,210,240
2025-06-06 12:44:07.689859,893.85,270,240
2025-06-06 12:44:08.894111,893.85,300,270
2025-06-06 12:44:09.228899,893.65,300,270
2025-06-06 12:44:10.098000,893.65,270,270
2025-06-06 12:44:11.306060,893.65,390,240
2025-06-06 12:44:12.493795,893.65,270,180
2025-06-06 12:44:13.022395,893.9,270,180
2025-06-06 12:44:13.624138,892.4,270,180
2025-06-06 12:44:13.695670,892.4,180,360
2025-06-06 12:44:14.625120,894.0,180,360
2025-06-06 12:44:14.902342,894.05,270,180
2025-06-06 12:44:15.629128,894.05,270,180
2025-06-06 12:44:16.098470,894.05,180,180
2025-06-06 12:44:17.024900,891.65,180,180
2025-06-06 12:44:17.300249,891.65,300,300
2025-06-06 12:44:17.626031,893.8,300,300
2025-06-06 12:44:18.501940,893.45,240,390
2025-06-06 12:44:18.628537,893.45,240,390
2025-06-06 12:44:19.628092,889.85,240,390
2025-06-06 12:44:19.906998,889.85,270,240
2025-06-06 12:44:20.627443,890.95,270,240
2025-06-06 12:44:21.102139,890.95,240,180
2025-06-06 12:44:22.034372,893.4,240,180
2025-06-06 12:44:22.303919,893.4,150,180
2025-06-06 12:44:22.634940,894.55,150,180
2025-06-06 12:44:23.512025,893.1,270,300
2025-06-06 12:44:23.630239,893.1,270,300
2025-06-06 12:44:24.632435,893.0,270,300
2025-06-06 12:44:24.708705,893.0,330,780
2025-06-06 12:44:25.911968,893.0,210,180
2025-06-06 12:44:26.033531,893.0,210,180
2025-06-06 12:44:26.830716,892.75,210,180
2025-06-06 12:44:27.112558,892.75,300,240
2025-06-06 12:44:27.632121,891.6,300,240
2025-06-06 12:44:28.314584,893.8,180,300
2025-06-06 12:44:28.633637,893.9,180,300
2025-06-06 12:44:29.633944,891.85,180,300
2025-06-06 12:44:29.714952,891.85,390,900
2025-06-06 12:44:30.439985,891.85,390,900
2025-06-06 12:44:30.634028,895.0,390,900
2025-06-06 12:44:30.914012,895.0,390,1140
2025-06-06 12:44:31.666239,889.6,390,1140
2025-06-06 12:44:32.118522,889.75,240,330
2025-06-06 12:44:32.635677,889.75,240,330
2025-06-06 12:44:33.317781,890.25,270,600
2025-06-06 12:44:33.644564,890.85,270,600
2025-06-06 12:44:34.519483,891.2,210,900
2025-06-06 12:44:34.637375,891.2,210,900
2025-06-06 12:44:35.637396,890.5,210,900
2025-06-06 12:44:35.726339,890.5,420,150
2025-06-06 12:44:36.637155,891.0,420,150
2025-06-06 12:44:36.923065,891.0,360,300
2025-06-06 12:44:38.125631,891.0,210,510
2025-06-06 12:44:38.637670,891.55,210,510
2025-06-06 12:44:39.328123,891.55,420,480
2025-06-06 12:44:39.837558,892.5,420,480
2025-06-06 12:44:40.527918,890.85,240,450
2025-06-06 12:44:40.639615,890.85,240,450
2025-06-06 12:44:41.639899,887.6,240,450
2025-06-06 12:44:41.736449,887.6,180,360
2025-06-06 12:44:42.643983,879.0,180,360
2025-06-06 12:44:42.951841,878.5,240,270
2025-06-06 12:44:43.691213,877.0,240,270
2025-06-06 12:44:44.341830,877.0,330,150
2025-06-06 12:44:44.840572,876.95,330,150
2025-06-06 12:44:45.535958,878.55,300,210
2025-06-06 12:44:45.643681,878.55,300,210
2025-06-06 12:44:46.642137,878.0,300,210
2025-06-06 12:44:46.743331,878.0,510,330
2025-06-06 12:44:47.643366,880.0,510,330
2025-06-06 12:44:47.937242,883.85,300,210
2025-06-06 12:44:48.647695,883.85,300,210
2025-06-06 12:44:49.139465,881.55,300,240
2025-06-06 12:44:49.645105,880.35,300,240
2025-06-06 12:44:50.341144,880.0,570,240
2025-06-06 12:44:50.644501,880.0,570,240
2025-06-06 12:44:51.550860,880.0,180,210
2025-06-06 12:44:52.646676,882.85,180,210
2025-06-06 12:44:52.783345,882.85,270,300
2025-06-06 12:44:53.648638,885.0,270,300
2025-06-06 12:44:53.949116,885.0,270,390
2025-06-06 12:44:55.148922,885.0,210,240
2025-06-06 12:44:56.661921,885.0,210,210
2025-06-06 12:44:57.749458,885.0,270,210
2025-06-06 12:44:57.850129,883.4,270,210
2025-06-06 12:44:58.977728,883.4,270,480
2025-06-06 12:45:00.151662,883.4,300,180
2025-06-06 12:45:00.444802,883.4,300,180
2025-06-06 12:45:01.354293,887.8,240,180
2025-06-06 12:45:01.450823,888.0,240,180
2025-06-06 12:45:02.073541,887.0,240,180
2025-06-06 12:45:02.570910,887.0,300,180
2025-06-06 12:45:03.262318,885.75,300,180
2025-06-06 12:45:03.667705,888.4,300,180
2025-06-06 12:45:03.766661,888.4,150,270
2025-06-06 12:45:04.650454,887.25,150,270
2025-06-06 12:45:04.960512,887.25,180,180
2025-06-06 12:45:05.688278,889.8,180,180
2025-06-06 12:45:06.170623,888.55,180,210
2025-06-06 12:45:06.654784,888.55,180,210
2025-06-06 12:45:07.365040,888.1,210,180
2025-06-06 12:45:07.658251,888.1,210,180
2025-06-06 12:45:08.620944,888.1,150,540
2025-06-06 12:45:09.063413,889.9,150,540
2025-06-06 12:45:09.655655,889.75,150,540
2025-06-06 12:45:09.978063,890.0,180,330
2025-06-06 12:45:10.657836,893.5,180,330
2025-06-06 12:45:11.167009,895.8,360,510
2025-06-06 12:45:11.659753,897.25,360,510
2025-06-06 12:45:12.369475,897.3,330,360
2025-06-06 12:45:12.661135,895.45,330,360
2025-06-06 12:45:13.580006,895.45,240,180
2025-06-06 12:45:13.659957,892.2,240,180
2025-06-06 12:45:14.672161,895.75,240,180
2025-06-06 12:45:14.773808,895.75,180,330
2025-06-06 12:45:15.661686,896.15,180,330
2025-06-06 12:45:15.974817,895.95,210,180
2025-06-06 12:45:16.662184,895.95,210,180
2025-06-06 12:45:17.174506,895.95,180,270
2025-06-06 12:45:18.377204,895.95,210,300
2025-06-06 12:45:18.472149,896.0,210,300
2025-06-06 12:45:18.662537,896.7,210,300
2025-06-06 12:45:19.586250,899.85,180,540
2025-06-06 12:45:19.663194,899.85,180,540
2025-06-06 12:45:20.665003,898.4,180,540
2025-06-06 12:45:21.018990,896.8,240,240
2025-06-06 12:45:21.663643,896.8,240,240
2025-06-06 12:45:22.184690,899.6,210,420
2025-06-06 12:45:22.754992,899.6,210,420
2025-06-06 12:45:23.385322,899.6,240,510
2025-06-06 12:45:23.666206,899.6,240,510
2025-06-06 12:45:24.589657,900.0,150,240
2025-06-06 12:45:24.663391,900.0,150,240
2025-06-06 12:45:25.664711,898.85,150,240
2025-06-06 12:45:25.984418,898.85,330,390
2025-06-06 12:45:27.187635,898.85,300,270
2025-06-06 12:45:27.464639,902.0,300,270
2025-06-06 12:45:28.274552,903.1,300,270
2025-06-06 12:45:28.389634,903.1,210,570
2025-06-06 12:45:29.475084,903.25,210,570
2025-06-06 12:45:29.617400,901.45,210,240
2025-06-06 12:45:29.666981,903.1,210,240
2025-06-06 12:45:30.439884,903.1,210,240
2025-06-06 12:45:30.668324,903.05,210,240
2025-06-06 12:45:30.990579,903.7,300,480
2025-06-06 12:45:31.671952,903.05,300,480
2025-06-06 12:45:32.212348,904.75,240,450
2025-06-06 12:45:32.668070,904.35,240,450
2025-06-06 12:45:33.397383,904.25,180,900
2025-06-06 12:45:33.669671,904.25,180,900
2025-06-06 12:45:34.598292,904.25,360,630
2025-06-06 12:45:35.471590,903.2,360,630
2025-06-06 12:45:35.670732,900.1,360,630
2025-06-06 12:45:35.998871,900.1,240,360
2025-06-06 12:45:36.670958,903.05,240,360
2025-06-06 12:45:37.200338,903.3,240,210
2025-06-06 12:45:37.671506,901.0,240,210
2025-06-06 12:45:38.402679,901.0,270,390
2025-06-06 12:45:38.674553,903.8,270,390
2025-06-06 12:45:39.605066,902.5,210,240
2025-06-06 12:45:39.675780,902.65,210,240
2025-06-06 12:45:40.674164,903.5,210,240
2025-06-06 12:45:41.003314,903.5,270,630
2025-06-06 12:45:41.675276,903.7,270,630
2025-06-06 12:45:42.206016,903.7,240,480
2025-06-06 12:45:42.675932,903.0,240,480
2025-06-06 12:45:43.408628,905.0,270,1050
2025-06-06 12:45:43.683067,904.7,270,1050
2025-06-06 12:45:44.610983,904.1,270,210
2025-06-06 12:45:44.677468,904.1,270,210
2025-06-06 12:45:45.683541,904.95,270,210
2025-06-06 12:45:46.009610,904.95,210,330
2025-06-06 12:45:46.685085,905.15,210,330
2025-06-06 12:45:47.212831,902.2,270,180
2025-06-06 12:45:47.678965,901.7,270,180
2025-06-06 12:45:48.416241,901.7,630,600
2025-06-06 12:45:48.679053,902.55,630,600
2025-06-06 12:45:49.620215,899.9,390,540
2025-06-06 12:45:49.680334,899.9,390,540
2025-06-06 12:45:50.679300,897.9,390,540
2025-06-06 12:45:51.017490,897.9,270,270
2025-06-06 12:45:51.680426,900.9,270,270
2025-06-06 12:45:52.235108,900.9,300,270
2025-06-06 12:45:52.682521,911.25,300,270
2025-06-06 12:45:53.423764,912.6,240,360
2025-06-06 12:45:53.682077,912.6,240,360
2025-06-06 12:45:54.650820,913.75,210,330
2025-06-06 12:45:54.685269,913.75,210,330
2025-06-06 12:45:55.682713,915.8,210,330
2025-06-06 12:45:55.834013,913.5,210,210
2025-06-06 12:45:56.701037,915.9,210,210
2025-06-06 12:45:57.366660,912.75,420,210
2025-06-06 12:45:57.682105,912.75,420,210
2025-06-06 12:45:58.426759,909.35,270,420
2025-06-06 12:45:58.685285,909.2,270,420
2025-06-06 12:45:59.629723,909.8,240,180
2025-06-06 12:45:59.682789,909.8,240,180
2025-06-06 12:46:00.437318,909.8,240,180
2025-06-06 12:46:00.684006,911.5,240,180
2025-06-06 12:46:00.829776,911.5,180,270
2025-06-06 12:46:01.700847,909.55,180,270
2025-06-06 12:46:02.033902,911.0,330,300
2025-06-06 12:46:02.685381,911.75,330,300
2025-06-06 12:46:03.240198,911.75,210,240
2025-06-06 12:46:03.685252,910.55,210,240
2025-06-06 12:46:04.437687,912.1,240,210
2025-06-06 12:46:04.687134,912.1,240,210
2025-06-06 12:46:05.638161,910.4,270,270
2025-06-06 12:46:05.685894,910.4,270,270
2025-06-06 12:46:06.686859,914.85,270,270
2025-06-06 12:46:06.849355,914.85,270,270
2025-06-06 12:46:07.687146,911.75,270,270
2025-06-06 12:46:08.042929,913.75,210,210
2025-06-06 12:46:08.687281,910.45,210,210
2025-06-06 12:46:09.442978,906.95,240,210
2025-06-06 12:46:09.688490,906.95,240,210
2025-06-06 12:46:10.642918,909.3,240,180
2025-06-06 12:46:10.689272,909.3,240,180
2025-06-06 12:46:11.816862,911.5,240,180
2025-06-06 12:46:12.042379,911.5,270,210
2025-06-06 12:46:12.692550,912.7,270,210
2025-06-06 12:46:13.051698,911.0,300,450
2025-06-06 12:46:13.691461,912.95,300,450
2025-06-06 12:46:14.261786,912.95,180,420
2025-06-06 12:46:14.895181,911.5,180,420
2025-06-06 12:46:15.484692,910.45,270,300
2025-06-06 12:46:15.691698,910.45,270,300
2025-06-06 12:46:16.690808,910.4,360,390
2025-06-06 12:46:16.714811,911.0,360,390
2025-06-06 12:46:17.714634,908.45,360,390
2025-06-06 12:46:17.873478,910.5,240,300
2025-06-06 12:46:18.692752,910.75,240,300
2025-06-06 12:46:19.069430,911.0,240,270
2025-06-06 12:46:19.693110,911.0,240,270
2025-06-06 12:46:20.455141,911.0,150,300
2025-06-06 12:46:20.694632,912.9,150,300
2025-06-06 12:46:21.668093,912.9,150,270
2025-06-06 12:46:22.694681,911.65,150,270
2025-06-06 12:46:22.860967,913.65,270,360
2025-06-06 12:46:23.695269,913.6,270,360
2025-06-06 12:46:24.278291,913.75,180,420
2025-06-06 12:46:24.695613,914.0,180,420
2025-06-06 12:46:25.780630,910.55,180,270
2025-06-06 12:46:25.781486,912.6,180,270
2025-06-06 12:46:26.748214,913.9,180,240
2025-06-06 12:46:26.781340,913.9,180,240
2025-06-06 12:46:27.698388,913.3,180,240
2025-06-06 12:46:27.867207,913.3,300,240
2025-06-06 12:46:28.762898,912.7,300,240
2025-06-06 12:46:29.080330,912.7,180,240
2025-06-06 12:46:29.699497,913.15,180,240
2025-06-06 12:46:30.442183,913.15,180,240
2025-06-06 12:46:30.498808,906.05,480,480
2025-06-06 12:46:30.733779,906.0,480,480
2025-06-06 12:46:31.679929,910.7,150,900
2025-06-06 12:46:31.704749,910.7,150,900
2025-06-06 12:46:32.701403,909.0,150,900
2025-06-06 12:46:32.876182,909.0,240,360
2025-06-06 12:46:33.865440,910.0,240,360
2025-06-06 12:46:34.221814,909.55,240,240
2025-06-06 12:46:34.772427,908.25,240,240
2025-06-06 12:46:35.475922,909.8,270,300
2025-06-06 12:46:35.703123,909.8,270,300
2025-06-06 12:46:36.755737,907.8,210,210
2025-06-06 12:46:36.756038,907.8,210,210
2025-06-06 12:46:37.733004,908.25,210,210
2025-06-06 12:46:37.926138,904.7,240,300
2025-06-06 12:46:38.704985,901.1,240,300
2025-06-06 12:46:39.089864,901.8,330,240
2025-06-06 12:46:39.706264,903.95,330,240
2025-06-06 12:46:40.490238,901.4,270,240
2025-06-06 12:46:40.730413,901.5,270,240
2025-06-06 12:46:41.684310,901.5,210,270
2025-06-06 12:46:41.905928,900.9,210,270
2025-06-06 12:46:42.718738,902.0,210,270
2025-06-06 12:46:42.896309,902.5,510,240
2025-06-06 12:46:43.732066,900.05,510,240
2025-06-06 12:46:44.097476,900.05,240,360
2025-06-06 12:46:44.916947,901.9,240,360
2025-06-06 12:46:45.315657,903.5,240,240
2025-06-06 12:46:45.741369,903.5,240,240
2025-06-06 12:46:46.803271,902.7,210,300
2025-06-06 12:46:46.804331,902.7,210,300
2025-06-06 12:46:47.720727,902.75,210,300
2025-06-06 12:46:47.909801,902.75,510,210
2025-06-06 12:46:48.853811,900.5,510,210
2025-06-06 12:46:49.099166,900.5,540,360
2025-06-06 12:46:49.709845,902.8,540,360
2025-06-06 12:46:50.299007,902.5,180,420
2025-06-06 12:46:50.714462,902.5,180,420
2025-06-06 12:46:51.542981,903.4,180,330
2025-06-06 12:46:51.779816,903.4,180,330
2025-06-06 12:46:52.702664,903.4,240,210
2025-06-06 12:46:52.911634,903.1,240,210
2025-06-06 12:46:53.854652,900.0,240,210
2025-06-06 12:46:54.102314,898.0,180,360
2025-06-06 12:46:54.713776,898.0,180,360
2025-06-06 12:46:55.305684,899.55,300,210
2025-06-06 12:46:55.718275,899.55,300,210
2025-06-06 12:46:56.506703,899.55,150,180
2025-06-06 12:46:57.115420,899.35,150,180
2025-06-06 12:46:57.709912,900.05,300,330
2025-06-06 12:46:57.721771,900.05,300,330
2025-06-06 12:46:59.111647,898.1,210,150
2025-06-06 12:46:59.122989,898.1,210,150
2025-06-06 12:47:00.311055,898.1,270,180
2025-06-06 12:47:00.438939,898.1,270,180
2025-06-06 12:47:00.518813,900.0,270,180
2025-06-06 12:47:01.320320,898.0,270,180
2025-06-06 12:47:01.514031,898.0,180,270
2025-06-06 12:47:01.722068,898.15,180,270
2025-06-06 12:47:02.723168,898.15,210,180
2025-06-06 12:47:04.117497,898.15,210,300
2025-06-06 12:47:04.928061,898.3,210,300
2025-06-06 12:47:05.318063,898.3,240,240
2025-06-06 12:47:06.128172,898.0,240,240
2025-06-06 12:47:06.522375,898.0,300,690
2025-06-06 12:47:07.520612,898.15,300,690
2025-06-06 12:47:07.734486,898.15,480,960
2025-06-06 12:47:07.921405,900.0,480,960
2025-06-06 12:47:08.922604,900.75,480,960
2025-06-06 12:47:09.123778,900.75,210,270
2025-06-06 12:47:09.729137,900.2,210,270
2025-06-06 12:47:10.325389,900.2,390,180
2025-06-06 12:47:10.939241,899.85,390,180
2025-06-06 12:47:11.530239,899.85,540,300
2025-06-06 12:47:12.124056,901.6,540,300
2025-06-06 12:47:12.738657,901.6,330,270
2025-06-06 12:47:13.723759,901.7,330,270
2025-06-06 12:47:14.130443,901.7,150,270
2025-06-06 12:47:15.346604,901.7,240,240
2025-06-06 12:47:15.524272,899.15,240,240
2025-06-06 12:47:16.540182,899.15,270,210
2025-06-06 12:47:16.731778,900.0,270,210
2025-06-06 12:47:17.769101,900.0,240,420
2025-06-06 12:47:17.926010,899.6,240,420
2025-06-06 12:47:18.938471,899.6,210,270
2025-06-06 12:47:20.143225,899.6,180,210
2025-06-06 12:47:21.633906,899.6,360,180
2025-06-06 12:47:22.352326,897.0,360,180
2025-06-06 12:47:22.760715,897.0,180,270
2025-06-06 12:47:23.738539,898.35,180,270
2025-06-06 12:47:23.946111,898.35,240,240
2025-06-06 12:47:24.734005,898.85,240,240
2025-06-06 12:47:25.154423,898.85,270,300
2025-06-06 12:47:26.551801,898.85,300,180
2025-06-06 12:47:27.531500,896.85,300,180
2025-06-06 12:47:27.759139,896.85,210,210
2025-06-06 12:47:28.970892,896.85,210,150
2025-06-06 12:47:29.739991,897.0,210,150
2025-06-06 12:47:30.161815,897.0,210,150
2025-06-06 12:47:30.439046,897.0,210,150
2025-06-06 12:47:31.592605,897.0,210,240
2025-06-06 12:47:32.745300,897.0,210,240
2025-06-06 12:47:32.761031,897.0,300,300
2025-06-06 12:47:33.968189,897.0,270,300
2025-06-06 12:47:35.194046,897.0,150,300
2025-06-06 12:47:36.008316,896.1,150,300
2025-06-06 12:47:36.611676,896.1,390,300
2025-06-06 12:47:37.143789,897.0,390,300
2025-06-06 12:47:37.838795,897.0,330,270
2025-06-06 12:47:38.969831,897.0,300,330
2025-06-06 12:47:39.745126,898.75,300,330
2025-06-06 12:47:40.189753,898.75,270,240
2025-06-06 12:47:41.228083,899.7,270,240
2025-06-06 12:47:41.582493,900.0,300,210
2025-06-06 12:47:41.739202,900.0,300,210
2025-06-06 12:47:42.740386,901.3,300,210
2025-06-06 12:47:42.774705,901.3,300,420
2025-06-06 12:47:43.748302,907.9,300,420
2025-06-06 12:47:43.977477,907.7,240,330
2025-06-06 12:47:44.745356,907.7,240,330
2025-06-06 12:47:45.179858,906.05,300,360
2025-06-06 12:47:45.741785,906.05,300,360
2025-06-06 12:47:46.674863,906.7,300,210
2025-06-06 12:47:46.797814,906.7,300,210
2025-06-06 12:47:47.747265,908.8,300,210
2025-06-06 12:47:47.781648,908.8,210,270
2025-06-06 12:47:48.985253,908.8,210,390
2025-06-06 12:47:50.192964,908.8,240,240
2025-06-06 12:47:50.547516,906.25,240,240
2025-06-06 12:47:50.959560,907.8,240,240
2025-06-06 12:47:51.596223,907.8,210,240
2025-06-06 12:47:51.747551,906.15,210,240
2025-06-06 12:47:52.790467,906.15,330,180
2025-06-06 12:47:53.346901,909.7,330,180
2025-06-06 12:47:54.055100,909.7,210,240
2025-06-06 12:47:55.195187,909.7,180,210
2025-06-06 12:47:56.348452,907.65,180,210
2025-06-06 12:47:56.594795,907.4,300,270
2025-06-06 12:47:56.749782,907.4,300,270
2025-06-06 12:47:57.750024,907.15,300,270
2025-06-06 12:47:57.797776,907.15,330,210
2025-06-06 12:47:59.000250,907.15,240,390
2025-06-06 12:48:00.204613,907.15,210,300
2025-06-06 12:48:00.442403,907.15,210,300
2025-06-06 12:48:01.351354,908.8,210,300
2025-06-06 12:48:01.658911,908.8,150,810
2025-06-06 12:48:02.152043,908.35,150,810
2025-06-06 12:48:02.805618,908.35,270,840
2025-06-06 12:48:02.952765,909.8,270,840
2025-06-06 12:48:04.027521,909.8,240,870
2025-06-06 12:48:04.177288,907.9,240,870
2025-06-06 12:48:05.152218,910.0,240,870
2025-06-06 12:48:05.212605,910.0,240,900
2025-06-06 12:48:06.413502,910.0,240,780
2025-06-06 12:48:07.152634,909.6,240,780
2025-06-06 12:48:07.755247,907.45,240,780
2025-06-06 12:48:07.812870,909.0,240,390
2025-06-06 12:48:08.754561,908.9,240,390
2025-06-06 12:48:09.016362,908.9,480,900
2025-06-06 12:48:10.224415,908.9,270,300
2025-06-06 12:48:10.757507,908.9,270,300
2025-06-06 12:48:11.425004,908.95,330,270
2025-06-06 12:48:11.755597,908.85,330,270
2025-06-06 12:48:12.758738,909.65,330,270
2025-06-06 12:48:12.824368,909.65,480,780
2025-06-06 12:48:13.833969,910.0,480,780
2025-06-06 12:48:14.024782,910.0,210,270
2025-06-06 12:48:15.261286,910.0,390,330
2025-06-06 12:48:16.431028,910.0,300,300
2025-06-06 12:48:16.765429,910.0,300,300
2025-06-06 12:48:17.359773,909.65,300,300
2025-06-06 12:48:17.635590,909.65,240,300
2025-06-06 12:48:17.959798,908.7,240,300
2025-06-06 12:48:18.833196,908.7,300,330
2025-06-06 12:48:20.038711,908.7,450,240
2025-06-06 12:48:21.435287,908.7,240,300
2025-06-06 12:48:22.164522,906.55,240,300
2025-06-06 12:48:22.721703,906.55,420,150
2025-06-06 12:48:23.841825,906.55,420,390
2025-06-06 12:48:24.169113,904.65,420,390
2025-06-06 12:48:24.764311,905.0,420,390
2025-06-06 12:48:25.044538,905.0,300,330
2025-06-06 12:48:25.765492,904.6,300,330
2025-06-06 12:48:26.459346,904.6,420,210
2025-06-06 12:48:26.966670,904.95,420,210
2025-06-06 12:48:27.647851,904.95,270,240
2025-06-06 12:48:27.965917,906.3,270,240
2025-06-06 12:48:28.787136,906.2,270,240
2025-06-06 12:48:28.851395,906.2,450,240
2025-06-06 12:48:30.064733,906.2,450,210
2025-06-06 12:48:30.170600,904.95,450,210
2025-06-06 12:48:30.439587,904.95,450,210
2025-06-06 12:48:30.800274,903.45,450,210
2025-06-06 12:48:31.452387,905.45,240,360
2025-06-06 12:48:31.778680,905.4,240,360
2025-06-06 12:48:32.655523,905.4,300,330
2025-06-06 12:48:33.039289,905.4,300,330
2025-06-06 12:48:33.769236,905.65,300,330
2025-06-06 12:48:33.858742,905.65,210,330
2025-06-06 12:48:35.327114,905.65,540,390
2025-06-06 12:48:36.371006,905.55,540,390
2025-06-06 12:48:36.461257,905.55,300,270
2025-06-06 12:48:37.170612,905.65,300,270
2025-06-06 12:48:37.665734,905.65,180,270
2025-06-06 12:48:38.869906,905.65,180,330
2025-06-06 12:48:39.380664,904.25,180,330
2025-06-06 12:48:40.110158,904.25,240,300
2025-06-06 12:48:41.172797,906.0,240,300
2025-06-06 12:48:41.468763,906.0,510,210
2025-06-06 12:48:42.671090,906.0,390,270
2025-06-06 12:48:43.881951,906.0,420,150
2025-06-06 12:48:44.175115,905.15,420,150
2025-06-06 12:48:45.104127,905.7,300,180
2025-06-06 12:48:45.176085,905.7,300,180
2025-06-06 12:48:46.386412,908.0,300,180
2025-06-06 12:48:46.478594,908.0,300,600
2025-06-06 12:48:46.775752,910.0,300,600
2025-06-06 12:48:47.680699,912.0,300,480
2025-06-06 12:48:47.777631,913.95,300,480
2025-06-06 12:48:48.777342,911.6,300,480
2025-06-06 12:48:48.884583,911.55,300,300
2025-06-06 12:48:49.780987,913.6,300,300
2025-06-06 12:48:50.088432,913.6,180,270
2025-06-06 12:48:50.779359,911.65,180,270
2025-06-06 12:48:51.484162,913.15,270,450
2025-06-06 12:48:51.781044,911.25,270,450
2025-06-06 12:48:52.686842,911.5,240,270
2025-06-06 12:48:52.779742,911.5,240,270
2025-06-06 12:48:53.787169,910.75,240,270
2025-06-06 12:48:53.890991,913.85,270,390
2025-06-06 12:48:54.780755,912.95,270,390
2025-06-06 12:48:55.097787,912.65,240,330
2025-06-06 12:48:55.783275,912.6,240,330
2025-06-06 12:48:56.491794,912.6,180,270
2025-06-06 12:48:56.781460,912.3,180,270
2025-06-06 12:48:57.695739,912.3,210,270
2025-06-06 12:48:58.913700,912.3,300,210
2025-06-06 12:48:59.782989,913.6,300,210
2025-06-06 12:49:00.115941,913.6,270,510
2025-06-06 12:49:00.440095,913.6,270,510
2025-06-06 12:49:01.503241,913.6,210,330
2025-06-06 12:49:01.984307,913.0,210,330
2025-06-06 12:49:02.702803,913.9,300,450
2025-06-06 12:49:02.787369,913.9,300,450
2025-06-06 12:49:04.018355,914.55,300,450
2025-06-06 12:49:04.018870,914.55,270,660
2025-06-06 12:49:04.784932,914.0,270,660
2025-06-06 12:49:05.116083,913.95,270,480
2025-06-06 12:49:05.785257,914.05,270,480
2025-06-06 12:49:06.506756,914.6,300,240
2025-06-06 12:49:06.784940,914.6,300,240
2025-06-06 12:49:07.712043,913.9,300,570
2025-06-06 12:49:07.837682,913.9,300,570
2025-06-06 12:49:08.837057,914.0,300,570
2025-06-06 12:49:08.918073,914.0,390,360
2025-06-06 12:49:10.134685,914.0,300,390
2025-06-06 12:49:10.188511,914.0,300,390
2025-06-06 12:49:11.513175,914.0,240,360
2025-06-06 12:49:12.012552,915.0,240,360
2025-06-06 12:49:12.719066,913.45,330,330
2025-06-06 12:49:12.790075,913.45,330,330
2025-06-06 12:49:13.790922,913.85,330,330
2025-06-06 12:49:13.918660,913.85,570,150
2025-06-06 12:49:14.796775,913.85,570,150
2025-06-06 12:49:15.121465,913.85,270,330
2025-06-06 12:49:15.792861,913.65,270,330
2025-06-06 12:49:16.519727,911.4,240,240
2025-06-06 12:49:16.799573,911.4,240,240
2025-06-06 12:49:17.524731,913.85,210,300
2025-06-06 12:49:17.793513,911.85,210,300
2025-06-06 12:49:18.793506,910.75,210,300
2025-06-06 12:49:18.926208,912.85,300,330
2025-06-06 12:49:19.796218,911.25,300,330
2025-06-06 12:49:20.126393,914.5,270,300
2025-06-06 12:49:20.794656,912.55,270,300
2025-06-06 12:49:21.329025,906.0,240,240
2025-06-06 12:49:21.795921,907.2,240,240
2025-06-06 12:49:22.532747,907.2,210,360
2025-06-06 12:49:22.996819,905.2,210,360
2025-06-06 12:49:23.798564,905.8,210,360
2025-06-06 12:49:23.930067,905.8,210,210
2025-06-06 12:49:24.798700,902.0,210,210
2025-06-06 12:49:25.132852,904.05,240,210
2025-06-06 12:49:25.816632,903.9,240,210
2025-06-06 12:49:26.339352,904.2,210,240
2025-06-06 12:49:26.798246,904.2,210,240
2025-06-06 12:49:27.541068,905.8,240,360
2025-06-06 12:49:27.799523,905.8,240,360
2025-06-06 12:49:28.800035,908.1,240,360
2025-06-06 12:49:28.937865,908.1,240,330
2025-06-06 12:49:30.140469,912.3,240,540
2025-06-06 12:49:30.203079,912.3,240,540
2025-06-06 12:49:30.454466,912.3,240,540
2025-06-06 12:49:31.343734,910.25,210,360
2025-06-06 12:49:31.400614,910.25,210,360
2025-06-06 12:49:32.001201,912.35,210,360
2025-06-06 12:49:32.546065,911.05,210,390
2025-06-06 12:49:32.801436,911.05,210,390
2025-06-06 12:49:33.965805,911.05,210,240
2025-06-06 12:49:35.147936,911.05,180,240
2025-06-06 12:49:36.203785,911.3,180,240
2025-06-06 12:49:36.349799,911.3,210,330
2025-06-06 12:49:36.803719,909.25,210,330
2025-06-06 12:49:37.552817,909.25,270,180
2025-06-06 12:49:38.952517,909.25,300,300
2025-06-06 12:49:39.405612,909.9,300,300
2025-06-06 12:49:39.805648,911.55,300,300
2025-06-06 12:49:40.156339,911.55,240,270
2025-06-06 12:49:40.806644,912.0,240,270
2025-06-06 12:49:41.358531,912.55,300,450
2025-06-06 12:49:41.807186,912.55,300,450
2025-06-06 12:49:42.643195,912.55,270,390
2025-06-06 12:49:42.809363,907.2,270,390
2025-06-06 12:49:43.808650,910.35,270,390
2025-06-06 12:49:43.962206,910.35,390,210
2025-06-06 12:49:45.011201,910.05,390,210
2025-06-06 12:49:45.162580,910.05,390,240
2025-06-06 12:49:46.364419,910.05,150,150
2025-06-06 12:49:46.663649,910.05,150,150
2025-06-06 12:49:47.013028,910.1,150,150
2025-06-06 12:49:47.581022,910.1,360,180
2025-06-06 12:49:48.812541,911.75,360,180
2025-06-06 12:49:48.966746,911.75,420,210
2025-06-06 12:49:49.811490,907.65,420,210
2025-06-06 12:49:50.171613,907.65,360,360
2025-06-06 12:49:51.371657,907.65,240,300
2025-06-06 12:49:52.416760,906.95,240,300
2025-06-06 12:49:52.599254,906.95,240,180
2025-06-06 12:49:53.977004,905.85,270,240
2025-06-06 12:49:54.014059,905.85,270,240
2025-06-06 12:49:55.176392,903.4,300,840
2025-06-06 12:49:55.414667,894.55,300,840
2025-06-06 12:49:55.821147,892.45,300,840
2025-06-06 12:49:56.400226,892.35,150,360
2025-06-06 12:49:56.815522,892.45,150,360
2025-06-06 12:49:57.591304,890.35,300,210
2025-06-06 12:49:57.814880,892.75,300,210
2025-06-06 12:49:58.815593,894.25,300,210
2025-06-06 12:49:58.981575,894.25,210,210
2025-06-06 12:50:00.186291,894.25,300,300
2025-06-06 12:50:00.442170,894.25,300,300
2025-06-06 12:50:01.386893,894.55,210,450
2025-06-06 12:50:01.417143,894.55,210,450
2025-06-06 12:50:01.819401,893.6,210,450
2025-06-06 12:50:02.600403,895.0,180,240
2025-06-06 12:50:02.819063,895.0,180,240
2025-06-06 12:50:03.820827,895.9,180,240
2025-06-06 12:50:03.988773,895.9,240,270
2025-06-06 12:50:05.019778,895.75,240,270
2025-06-06 12:50:05.194012,895.75,390,300
2025-06-06 12:50:05.820922,894.65,390,300
2025-06-06 12:50:06.417023,894.25,270,360
2025-06-06 12:50:06.820712,895.0,270,360
2025-06-06 12:50:07.605658,894.4,270,510
2025-06-06 12:50:07.822138,894.4,270,510
2025-06-06 12:50:08.822688,895.5,270,510
2025-06-06 12:50:08.999219,895.5,180,300
2025-06-06 12:50:10.023462,899.85,180,300
2025-06-06 12:50:10.201643,899.85,180,240
2025-06-06 12:50:10.825367,903.05,180,240
2025-06-06 12:50:11.433166,903.0,240,570
2025-06-06 12:50:11.841390,903.0,240,570
2025-06-06 12:50:12.617947,901.7,150,300
2025-06-06 12:50:12.856822,901.7,150,300
2025-06-06 12:50:13.826466,903.75,150,300
2025-06-06 12:50:14.005985,903.5,210,180
2025-06-06 12:50:14.826320,903.5,210,180
2025-06-06 12:50:15.209697,903.5,270,270
2025-06-06 12:50:16.410015,903.5,330,360
2025-06-06 12:50:16.827826,902.3,330,360
2025-06-06 12:50:17.616161,900.8,240,240
2025-06-06 12:50:17.829875,900.4,240,240
2025-06-06 12:50:18.814306,902.65,210,150
2025-06-06 12:50:18.828364,902.65,210,150
2025-06-06 12:50:19.829831,902.75,210,150
2025-06-06 12:50:20.016295,903.55,450,330
2025-06-06 12:50:20.829259,905.5,450,330
2025-06-06 12:50:21.221224,905.5,240,210
2025-06-06 12:50:22.030063,907.0,240,210
2025-06-06 12:50:22.619979,907.0,270,450
2025-06-06 12:50:22.830431,907.2,270,450
2025-06-06 12:50:23.820704,906.05,300,210
2025-06-06 12:50:23.835061,906.05,300,210
2025-06-06 12:50:24.831300,904.9,300,210
2025-06-06 12:50:25.023264,904.9,300,270
2025-06-06 12:50:26.240821,904.9,210,240
2025-06-06 12:50:26.577311,903.9,210,240
2025-06-06 12:50:27.475041,905.5,180,300
2025-06-06 12:50:27.496299,905.5,180,300
2025-06-06 12:50:28.709336,905.5,330,270
2025-06-06 12:50:29.833815,905.5,210,180
2025-06-06 12:50:30.443703,905.5,210,180
2025-06-06 12:50:31.032423,905.5,450,210
2025-06-06 12:50:31.271622,906.35,450,210
2025-06-06 12:50:31.836956,906.85,450,210
2025-06-06 12:50:32.244140,906.85,210,180
2025-06-06 12:50:33.240643,906.45,210,180
2025-06-06 12:50:33.436169,906.45,180,300
2025-06-06 12:50:33.838757,906.8,180,300
2025-06-06 12:50:34.836301,907.2,390,240
2025-06-06 12:50:34.838174,907.2,390,240
2025-06-06 12:50:36.037105,907.2,300,210
2025-06-06 12:50:36.325588,908.0,300,210
2025-06-06 12:50:37.042474,908.0,330,240
2025-06-06 12:50:37.246960,908.0,330,240
2025-06-06 12:50:38.257733,908.0,150,300
2025-06-06 12:50:39.440558,909.2,150,300
2025-06-06 12:50:39.446186,909.2,210,270
2025-06-06 12:50:39.840415,908.0,210,270
2025-06-06 12:50:40.840161,908.6,210,270
2025-06-06 12:50:40.844221,908.6,180,330
2025-06-06 12:50:42.047333,908.6,330,180
2025-06-06 12:50:42.249269,908.8,330,180
2025-06-06 12:50:43.042622,907.7,330,180
2025-06-06 12:50:43.252445,907.7,210,330
2025-06-06 12:50:44.249727,905.0,210,330
2025-06-06 12:50:44.452264,905.0,210,240
2025-06-06 12:50:44.843076,906.45,210,240
2025-06-06 12:50:45.654441,907.25,210,180
2025-06-06 12:50:45.843246,907.25,210,180
2025-06-06 12:50:46.846029,906.25,210,180
2025-06-06 12:50:46.856268,906.25,240,420
2025-06-06 12:50:48.058087,906.25,270,300
2025-06-06 12:50:49.274321,906.25,210,300
2025-06-06 12:50:50.465635,906.25,420,270
2025-06-06 12:50:51.863963,906.25,210,300
2025-06-06 12:50:53.074028,906.25,270,360
2025-06-06 12:50:53.451839,904.65,270,360
2025-06-06 12:50:54.274562,904.65,270,420
2025-06-06 12:50:55.448674,904.15,270,420
2025-06-06 12:50:55.467660,904.15,180,240
2025-06-06 12:50:55.848793,904.25,180,240
2025-06-06 12:50:56.669405,903.2,240,300
2025-06-06 12:50:56.848661,903.2,240,300
2025-06-06 12:50:57.850102,904.85,240,300
2025-06-06 12:50:57.872149,904.85,300,240
2025-06-06 12:50:58.852882,904.1,300,240
2025-06-06 12:50:59.493902,904.1,180,240
2025-06-06 12:51:00.286513,904.1,330,210
2025-06-06 12:51:00.441961,904.1,330,210
2025-06-06 12:51:00.451549,906.25,330,210
2025-06-06 12:51:01.454256,907.1,330,210
2025-06-06 12:51:01.484821,907.1,240,330
2025-06-06 12:51:01.852588,904.4,240,330
2025-06-06 12:51:02.682179,907.85,210,450
2025-06-06 12:51:02.852437,907.85,210,450
2025-06-06 12:51:03.887175,905.85,210,450
2025-06-06 12:51:03.887918,905.85,240,240
2025-06-06 12:51:05.098930,905.85,210,240
2025-06-06 12:51:06.289868,905.85,210,330
2025-06-06 12:51:06.454675,907.45,210,330
2025-06-06 12:51:07.455381,907.2,210,330
2025-06-06 12:51:07.488126,907.2,240,270
2025-06-06 12:51:07.855835,905.5,240,270
2025-06-06 12:51:08.689450,905.5,270,390
2025-06-06 12:51:09.892883,905.5,180,210
2025-06-06 12:51:10.658953,907.75,180,210
2025-06-06 12:51:11.105205,907.75,270,450
2025-06-06 12:51:12.299459,905.4,330,540
2025-06-06 12:51:12.458857,905.4,330,540
2025-06-06 12:51:13.567754,905.4,180,270
2025-06-06 12:51:13.675141,905.6,180,270
2025-06-06 12:51:14.673065,908.5,180,270
2025-06-06 12:51:14.699801,908.5,180,360
2025-06-06 12:51:15.660125,905.3,180,360
2025-06-06 12:51:15.902918,905.3,240,510
2025-06-06 12:51:17.114661,905.3,270,330
2025-06-06 12:51:17.262179,905.0,270,330
2025-06-06 12:51:17.861098,900.0,270,330
2025-06-06 12:51:18.343496,895.8,300,240
2025-06-06 12:51:18.862077,895.65,300,240
2025-06-06 12:51:19.510256,897.5,270,180
2025-06-06 12:51:19.874996,897.5,270,180
2025-06-06 12:51:20.713988,896.55,210,210
2025-06-06 12:51:20.866256,896.55,210,210
2025-06-06 12:51:21.874709,896.15,210,210
2025-06-06 12:51:21.914062,896.15,300,240
2025-06-06 12:51:22.864443,898.0,300,240
2025-06-06 12:51:23.328383,899.1,300,240
2025-06-06 12:51:23.881357,899.1,300,240
2025-06-06 12:51:24.318589,899.15,210,210
2025-06-06 12:51:24.872482,899.15,210,210
2025-06-06 12:51:25.523292,897.05,180,180
2025-06-06 12:51:25.866287,897.05,180,180
2025-06-06 12:51:26.729590,897.3,330,270
2025-06-06 12:51:26.866800,897.3,330,270
2025-06-06 12:51:27.867818,897.35,330,270
2025-06-06 12:51:27.925056,897.35,180,330
2025-06-06 12:51:29.068839,900.2,180,330
2025-06-06 12:51:29.133951,900.2,270,180
2025-06-06 12:51:29.872301,902.65,270,180
2025-06-06 12:51:30.330445,903.4,180,300
2025-06-06 12:51:30.458993,903.4,180,300
2025-06-06 12:51:30.868959,899.8,180,300
2025-06-06 12:51:31.530629,899.8,300,300
2025-06-06 12:51:32.748117,899.8,300,210
2025-06-06 12:51:33.280085,902.7,300,210
2025-06-06 12:51:33.871485,902.35,300,210
2025-06-06 12:51:33.934421,902.35,180,210
2025-06-06 12:51:35.337590,902.35,300,240
2025-06-06 12:51:35.675756,900.0,300,240
2025-06-06 12:51:36.132768,898.2,300,240
2025-06-06 12:51:36.540234,898.2,240,180
2025-06-06 12:51:37.782263,898.2,180,240
2025-06-06 12:51:38.327018,895.0,180,240
2025-06-06 12:51:38.875085,897.5,180,240
2025-06-06 12:51:38.941747,897.5,390,330
