Timestamp,LTP,BidQty,AskQty
2025-06-06 12:34:42.063414,771.85,360,240
2025-06-06 12:34:42.653273,771.85,330,210
2025-06-06 12:34:44.050836,771.85,480,270
2025-06-06 12:34:45.253982,771.85,330,300
2025-06-06 12:34:46.455823,771.85,390,270
2025-06-06 12:34:47.658698,771.85,330,210
2025-06-06 12:34:48.860871,771.85,240,180
2025-06-06 12:34:50.063881,771.85,330,270
2025-06-06 12:34:51.461467,771.85,330,210
2025-06-06 12:34:52.663875,771.85,390,210
2025-06-06 12:34:53.868102,774.95,360,330
2025-06-06 12:34:53.875862,774.95,360,330
2025-06-06 12:34:55.067844,775.0,240,330
2025-06-06 12:34:55.076110,775.0,240,330
2025-06-06 12:34:56.304564,775.0,240,510
2025-06-06 12:34:57.477686,775.0,240,330
2025-06-06 12:34:58.675650,775.0,240,300
2025-06-06 12:35:00.057389,775.0,300,180
2025-06-06 12:35:00.462348,775.0,300,180
2025-06-06 12:35:01.078062,775.0,300,210
2025-06-06 12:35:02.283889,775.0,270,270
2025-06-06 12:35:03.492667,775.0,240,270
2025-06-06 12:35:03.883385,772.35,240,270
2025-06-06 12:35:04.883007,772.35,330,420
2025-06-06 12:35:06.083403,771.65,330,420
2025-06-06 12:35:06.083558,771.65,480,330
2025-06-06 12:35:07.288567,771.65,210,360
2025-06-06 12:35:07.501343,770.4,210,360
2025-06-06 12:35:08.686677,770.4,240,300
2025-06-06 12:35:08.686836,770.65,240,300
2025-06-06 12:35:09.695421,770.65,210,270
2025-06-06 12:35:10.894432,770.65,210,360
2025-06-06 12:35:11.498989,768.9,210,360
2025-06-06 12:35:12.115458,768.9,270,330
2025-06-06 12:35:13.506766,768.9,210,450
2025-06-06 12:35:14.498961,768.8,210,450
2025-06-06 12:35:14.697364,770.05,330,300
2025-06-06 12:35:15.290758,767.95,330,300
2025-06-06 12:35:15.906473,767.95,210,240
2025-06-06 12:35:17.107780,767.95,270,210
2025-06-06 12:35:18.302428,767.95,360,180
2025-06-06 12:35:19.518363,767.95,270,270
2025-06-06 12:35:20.708644,767.95,360,210
2025-06-06 12:35:21.118137,766.55,360,210
2025-06-06 12:35:21.914081,766.55,330,180
2025-06-06 12:35:23.115644,766.55,390,300
2025-06-06 12:35:24.313951,766.55,300,270
2025-06-06 12:35:25.696246,767.75,300,270
2025-06-06 12:35:25.719598,767.75,390,240
2025-06-06 12:35:26.914175,767.75,330,210
2025-06-06 12:35:28.130391,767.75,450,360
2025-06-06 12:35:29.318489,767.75,450,270
2025-06-06 12:35:30.462054,767.75,450,270
2025-06-06 12:35:30.537207,767.75,420,240
2025-06-06 12:35:31.732514,767.75,300,330
2025-06-06 12:35:32.924537,767.75,360,300
2025-06-06 12:35:34.126907,767.75,300,210
2025-06-06 12:35:35.333918,767.75,240,180
2025-06-06 12:35:36.531965,767.75,270,360
2025-06-06 12:35:37.737127,767.75,270,360
2025-06-06 12:35:39.132716,767.75,360,180
2025-06-06 12:35:40.334512,767.75,330,180
2025-06-06 12:35:41.536706,767.75,270,330
2025-06-06 12:35:42.744173,767.75,270,330
2025-06-06 12:35:43.941124,767.75,360,210
2025-06-06 12:35:44.312640,769.45,360,210
2025-06-06 12:35:45.142770,769.45,210,180
2025-06-06 12:35:45.517964,769.35,210,180
2025-06-06 12:35:46.309570,770.1,210,180
2025-06-06 12:35:46.344755,770.1,330,390
2025-06-06 12:35:47.548063,770.1,330,360
2025-06-06 12:35:48.776697,770.1,360,240
2025-06-06 12:35:49.953458,770.1,360,270
2025-06-06 12:35:51.109037,770.85,360,270
2025-06-06 12:35:51.351358,770.85,300,480
2025-06-06 12:35:51.770031,769.7,300,480
2025-06-06 12:35:54.192298,769.7,300,210
2025-06-06 12:35:54.626307,771.85,300,210
2025-06-06 12:35:54.627257,771.85,360,420
2025-06-06 12:35:54.959137,771.85,240,240
2025-06-06 12:35:56.158096,771.85,330,420
2025-06-06 12:35:57.361644,771.85,360,210
2025-06-06 12:35:58.114979,769.95,360,210
2025-06-06 12:35:58.563150,769.95,510,270
2025-06-06 12:35:59.566740,769.95,360,180
2025-06-06 12:36:00.319480,771.85,360,180
2025-06-06 12:36:00.462624,771.85,360,180
2025-06-06 12:36:00.966395,771.85,420,210
2025-06-06 12:36:02.175067,771.85,210,300
2025-06-06 12:36:03.370237,771.85,360,330
2025-06-06 12:36:04.572060,771.85,210,330
2025-06-06 12:36:05.774694,771.85,420,240
2025-06-06 12:36:06.978393,771.85,420,240
2025-06-06 12:36:08.178739,771.85,510,360
2025-06-06 12:36:08.323571,772.65,510,360
2025-06-06 12:36:09.380402,772.65,240,240
2025-06-06 12:36:10.583506,772.65,300,270
2025-06-06 12:36:11.787322,772.65,330,210
2025-06-06 12:36:12.990566,772.65,480,210
2025-06-06 12:36:14.197714,772.65,390,270
2025-06-06 12:36:15.390354,772.65,300,210
2025-06-06 12:36:16.592896,772.65,510,330
2025-06-06 12:36:17.792313,772.65,360,330
2025-06-06 12:36:19.065761,772.65,360,270
2025-06-06 12:36:19.135922,764.75,360,270
2025-06-06 12:36:19.528485,764.8,360,270
2025-06-06 12:36:20.211958,764.8,330,240
2025-06-06 12:36:21.399086,764.8,210,210
2025-06-06 12:36:22.600959,765.25,300,300
2025-06-06 12:36:22.731999,765.25,300,300
2025-06-06 12:36:23.807508,765.25,390,240
2025-06-06 12:36:24.806899,765.25,360,240
2025-06-06 12:36:26.014847,765.25,330,390
2025-06-06 12:36:27.214862,765.25,240,420
2025-06-06 12:36:28.412333,765.25,180,270
2025-06-06 12:36:29.614702,765.25,180,270
2025-06-06 12:36:30.462556,765.25,180,270
2025-06-06 12:36:30.814755,765.25,600,300
2025-06-06 12:36:31.539189,766.5,600,300
2025-06-06 12:36:32.080125,766.5,720,210
2025-06-06 12:36:32.352289,766.0,720,210
2025-06-06 12:36:33.420898,766.0,300,240
2025-06-06 12:36:34.619200,766.0,210,300
2025-06-06 12:36:35.828843,766.0,210,180
2025-06-06 12:36:37.029816,766.0,180,180
2025-06-06 12:36:38.230119,766.0,180,180
2025-06-06 12:36:38.336422,764.8,180,180
2025-06-06 12:36:39.435718,764.8,420,330
2025-06-06 12:36:40.632272,764.8,420,270
2025-06-06 12:36:42.035115,764.8,360,210
2025-06-06 12:36:42.542148,761.65,360,210
2025-06-06 12:36:43.244115,761.65,360,240
2025-06-06 12:36:44.437729,761.65,330,180
2025-06-06 12:36:45.640402,761.65,300,270
2025-06-06 12:36:46.840951,761.65,360,240
2025-06-06 12:36:48.045125,761.65,540,510
2025-06-06 12:36:48.344671,762.3,540,510
2025-06-06 12:36:49.258944,762.3,270,300
2025-06-06 12:36:50.448932,762.3,240,240
2025-06-06 12:36:51.648690,762.3,270,240
2025-06-06 12:36:52.858485,762.3,390,240
2025-06-06 12:36:54.051881,763.4,570,420
2025-06-06 12:36:54.144671,763.4,570,420
2025-06-06 12:36:55.260635,763.4,300,510
2025-06-06 12:36:56.459702,763.4,300,390
2025-06-06 12:36:57.657359,763.4,330,360
2025-06-06 12:36:58.872356,763.4,390,330
2025-06-06 12:37:00.061091,763.4,330,300
2025-06-06 12:37:00.470984,763.4,330,300
2025-06-06 12:37:01.069355,763.4,300,300
2025-06-06 12:37:02.272555,763.4,360,180
2025-06-06 12:37:03.668184,763.4,150,480
2025-06-06 12:37:04.869570,763.4,360,450
2025-06-06 12:37:06.071416,763.4,330,450
2025-06-06 12:37:07.275829,764.0,540,420
2025-06-06 12:37:07.354066,764.0,540,420
2025-06-06 12:37:08.480810,765.0,180,360
2025-06-06 12:37:08.554782,765.0,180,360
2025-06-06 12:37:09.557415,764.3,180,360
2025-06-06 12:37:09.679261,764.3,360,330
2025-06-06 12:37:10.886363,764.3,480,240
2025-06-06 12:37:12.083505,764.3,300,300
2025-06-06 12:37:13.286948,764.3,390,270
2025-06-06 12:37:13.759457,766.0,390,270
2025-06-06 12:37:14.495818,766.0,300,240
2025-06-06 12:37:15.691604,766.0,240,180
2025-06-06 12:37:16.359405,769.0,240,180
2025-06-06 12:37:17.091504,769.0,420,210
2025-06-06 12:37:18.292538,769.0,240,360
2025-06-06 12:37:19.501374,769.0,270,330
2025-06-06 12:37:20.699211,769.0,300,330
2025-06-06 12:37:22.095634,769.0,330,210
2025-06-06 12:37:23.298570,769.0,360,360
2025-06-06 12:37:24.686927,769.0,240,270
2025-06-06 12:37:25.161526,767.15,240,270
2025-06-06 12:37:25.704063,767.15,330,150
2025-06-06 12:37:27.103505,767.15,210,240
2025-06-06 12:37:27.762916,773.4,210,240
2025-06-06 12:37:28.305935,773.4,180,150
2025-06-06 12:37:28.768710,773.65,180,150
2025-06-06 12:37:29.519963,773.65,330,150
2025-06-06 12:37:30.466322,773.65,330,150
2025-06-06 12:37:30.713714,773.65,330,330
2025-06-06 12:37:32.110735,773.65,300,240
2025-06-06 12:37:33.167591,771.0,300,240
2025-06-06 12:37:33.315149,771.0,450,330
2025-06-06 12:37:34.529612,771.0,270,210
2025-06-06 12:37:35.749527,771.0,270,210
2025-06-06 12:37:37.130425,771.0,300,330
2025-06-06 12:37:38.324473,771.0,390,420
2025-06-06 12:37:38.972975,772.95,390,420
2025-06-06 12:37:39.373229,774.4,390,420
2025-06-06 12:37:39.532462,774.4,210,360
2025-06-06 12:37:40.735994,774.4,240,240
2025-06-06 12:37:42.127663,774.4,210,390
2025-06-06 12:37:43.174423,773.45,210,390
2025-06-06 12:37:43.330960,773.45,420,180
2025-06-06 12:37:44.542150,773.45,270,390
2025-06-06 12:37:45.737217,773.45,420,150
2025-06-06 12:37:47.135321,773.45,300,180
2025-06-06 12:37:48.338265,773.45,210,300
2025-06-06 12:37:49.541600,774.25,570,270
2025-06-06 12:37:49.580175,774.25,570,270
2025-06-06 12:37:50.579266,772.15,570,270
2025-06-06 12:37:50.743038,772.15,330,750
2025-06-06 12:37:51.947058,772.15,270,660
2025-06-06 12:37:53.147696,772.15,270,660
2025-06-06 12:37:54.350688,772.15,270,660
2025-06-06 12:37:55.552689,772.15,270,690
2025-06-06 12:37:55.782479,772.3,270,690
2025-06-06 12:37:56.953309,772.3,240,390
2025-06-06 12:37:58.153946,772.3,210,360
2025-06-06 12:37:59.356613,772.3,270,720
2025-06-06 12:38:00.464656,772.3,270,720
2025-06-06 12:38:00.559668,772.3,180,840
2025-06-06 12:38:01.584992,774.0,180,840
2025-06-06 12:38:01.761553,774.0,420,390
2025-06-06 12:38:02.965244,774.0,300,330
2025-06-06 12:38:03.184424,775.0,300,330
2025-06-06 12:38:04.168124,775.0,270,270
2025-06-06 12:38:05.565631,775.0,390,330
2025-06-06 12:38:06.771067,775.0,450,390
2025-06-06 12:38:07.974469,775.0,420,330
2025-06-06 12:38:09.175733,775.0,360,270
2025-06-06 12:38:10.190273,775.0,360,270
2025-06-06 12:38:10.580216,775.0,270,300
2025-06-06 12:38:11.780181,775.0,300,270
2025-06-06 12:38:11.995996,775.0,300,270
2025-06-06 12:38:12.980539,775.0,270,300
2025-06-06 12:38:14.188771,775.0,420,300
2025-06-06 12:38:15.204818,777.05,420,300
2025-06-06 12:38:15.610794,777.05,450,270
2025-06-06 12:38:16.793109,777.05,480,210
2025-06-06 12:38:17.985825,777.05,240,360
2025-06-06 12:38:19.188967,777.05,270,390
2025-06-06 12:38:19.395360,777.05,270,390
2025-06-06 12:38:20.392316,779.0,330,420
2025-06-06 12:38:20.396529,779.0,330,420
2025-06-06 12:38:21.596516,779.0,450,240
2025-06-06 12:38:22.796302,780.0,450,240
2025-06-06 12:38:23.004508,780.0,300,270
2025-06-06 12:38:24.199112,780.0,270,180
2025-06-06 12:38:24.672137,780.0,270,180
2025-06-06 12:38:25.517297,781.15,270,180
2025-06-06 12:38:25.517793,781.15,810,570
2025-06-06 12:38:26.666419,781.15,810,390
2025-06-06 12:38:27.641561,781.85,810,390
2025-06-06 12:38:27.842028,781.85,960,330
2025-06-06 12:38:28.660739,782.0,960,330
2025-06-06 12:38:29.237601,782.0,450,390
2025-06-06 12:38:30.053073,784.9,450,390
2025-06-06 12:38:30.408081,784.9,420,600
2025-06-06 12:38:30.466156,784.9,420,600
2025-06-06 12:38:31.266938,783.6,420,600
2025-06-06 12:38:31.437516,784.7,420,600
2025-06-06 12:38:31.633872,784.7,480,330
2025-06-06 12:38:32.812231,784.7,240,240
2025-06-06 12:38:33.015042,785.0,240,240
2025-06-06 12:38:33.404744,783.35,240,240
2025-06-06 12:38:34.373874,783.35,210,420
2025-06-06 12:38:35.415899,783.35,300,210
2025-06-06 12:38:36.407507,784.5,300,210
2025-06-06 12:38:36.617169,784.5,240,240
2025-06-06 12:38:37.820635,784.5,240,510
2025-06-06 12:38:39.231496,784.5,270,210
2025-06-06 12:38:40.412731,783.8,270,210
2025-06-06 12:38:40.427071,783.8,450,330
2025-06-06 12:38:41.624223,783.8,330,240
2025-06-06 12:38:42.411776,782.1,330,240
2025-06-06 12:38:42.829826,782.1,390,330
2025-06-06 12:38:44.219699,780.0,390,330
2025-06-06 12:38:44.236967,780.0,330,270
2025-06-06 12:38:45.432090,780.0,450,240
2025-06-06 12:38:46.413653,779.15,450,240
2025-06-06 12:38:46.637200,779.15,600,390
2025-06-06 12:38:47.412010,779.45,600,390
2025-06-06 12:38:47.839543,779.45,270,270
2025-06-06 12:38:48.414210,779.25,270,270
2025-06-06 12:38:49.250215,779.25,270,270
2025-06-06 12:38:49.812993,778.75,270,270
2025-06-06 12:38:50.425826,776.1,270,270
2025-06-06 12:38:50.443844,776.1,330,240
2025-06-06 12:38:51.614060,763.05,330,240
2025-06-06 12:38:51.643768,763.05,600,330
2025-06-06 12:38:52.417224,762.5,600,330
2025-06-06 12:38:52.844664,762.5,390,300
2025-06-06 12:38:54.256841,762.5,480,330
2025-06-06 12:38:54.419084,766.1,480,330
2025-06-06 12:38:55.455095,766.1,330,270
2025-06-06 12:38:56.649896,766.1,270,300
2025-06-06 12:38:57.852015,766.1,390,240
2025-06-06 12:38:58.418366,768.95,390,240
2025-06-06 12:38:59.259281,768.95,330,270
2025-06-06 12:38:59.821286,769.0,330,270
2025-06-06 12:39:00.454027,769.0,270,270
2025-06-06 12:39:00.465000,769.0,270,270
2025-06-06 12:39:01.623249,766.0,270,270
2025-06-06 12:39:01.657009,766.0,390,180
2025-06-06 12:39:02.983450,766.0,390,210
2025-06-06 12:39:04.288579,766.0,240,300
2025-06-06 12:39:05.462190,766.0,240,270
2025-06-06 12:39:05.849959,764.9,240,270
2025-06-06 12:39:06.426161,766.6,240,270
2025-06-06 12:39:06.668635,766.6,210,300
2025-06-06 12:39:07.826249,767.25,210,300
2025-06-06 12:39:07.871167,767.25,390,240
2025-06-06 12:39:09.274029,767.25,300,210
2025-06-06 12:39:09.627279,762.7,300,210
2025-06-06 12:39:10.470528,762.7,270,330
2025-06-06 12:39:10.628540,760.9,270,330
2025-06-06 12:39:11.671835,760.9,420,330
2025-06-06 12:39:12.827212,760.0,420,330
2025-06-06 12:39:12.875648,760.0,240,270
2025-06-06 12:39:13.447139,758.3,240,270
2025-06-06 12:39:14.077538,759.95,360,240
2025-06-06 12:39:14.429957,759.95,360,240
2025-06-06 12:39:15.435351,757.75,360,240
2025-06-06 12:39:15.483259,757.75,240,300
2025-06-06 12:39:16.679910,757.75,240,390
2025-06-06 12:39:17.036550,757.7,240,390
2025-06-06 12:39:17.681682,757.7,210,240
2025-06-06 12:39:18.833117,761.25,210,240
2025-06-06 12:39:18.888116,759.3,240,360
2025-06-06 12:39:19.432457,759.3,240,360
2025-06-06 12:39:20.098992,759.3,240,360
2025-06-06 12:39:21.511553,759.3,240,270
2025-06-06 12:39:22.690573,759.3,210,210
2025-06-06 12:39:23.894271,759.3,240,300
2025-06-06 12:39:25.095807,759.3,300,240
2025-06-06 12:39:26.296517,759.3,210,390
2025-06-06 12:39:27.697670,759.3,270,270
2025-06-06 12:39:28.902162,759.3,330,180
2025-06-06 12:39:29.441517,761.55,330,180
2025-06-06 12:39:30.102429,761.55,300,180
2025-06-06 12:39:30.468562,761.55,300,180
2025-06-06 12:39:31.305170,761.55,360,360
2025-06-06 12:39:32.718944,761.55,240,240
2025-06-06 12:39:33.907826,761.55,420,270
2025-06-06 12:39:35.112946,761.55,180,330
2025-06-06 12:39:36.312226,761.55,420,360
2025-06-06 12:39:37.529351,761.55,300,210
2025-06-06 12:39:38.915764,761.55,330,360
2025-06-06 12:39:40.121579,761.55,240,270
2025-06-06 12:39:41.054886,755.0,240,270
2025-06-06 12:39:41.343202,755.0,360,330
2025-06-06 12:39:42.053680,753.85,360,330
2025-06-06 12:39:42.548155,753.85,210,270
2025-06-06 12:39:43.848973,750.7,210,270
2025-06-06 12:39:43.925779,750.7,450,510
2025-06-06 12:39:45.130446,750.7,150,330
2025-06-06 12:39:46.048747,749.05,150,330
2025-06-06 12:39:46.329649,749.05,330,240
2025-06-06 12:39:46.648810,750.7,330,240
2025-06-06 12:39:47.461228,749.85,330,240
2025-06-06 12:39:47.543198,749.85,330,210
2025-06-06 12:39:48.509935,748.15,330,210
2025-06-06 12:39:48.932608,748.1,300,450
2025-06-06 12:39:49.457625,748.1,300,450
2025-06-06 12:39:50.136487,750.8,240,450
2025-06-06 12:39:50.470579,750.8,240,450
2025-06-06 12:39:51.339257,751.3,390,330
2025-06-06 12:39:51.453249,751.3,390,330
2025-06-06 12:39:52.452034,751.35,390,330
2025-06-06 12:39:52.548836,751.35,390,540
2025-06-06 12:39:53.652676,751.15,390,540
2025-06-06 12:39:53.940860,751.15,300,420
2025-06-06 12:39:55.147195,751.15,480,420
2025-06-06 12:39:55.265093,750.35,480,420
2025-06-06 12:39:55.854629,751.7,480,420
2025-06-06 12:39:56.346583,751.7,420,420
2025-06-06 12:39:57.554722,751.7,450,330
2025-06-06 12:39:57.657437,752.0,450,330
2025-06-06 12:39:58.468326,754.5,450,330
2025-06-06 12:39:58.949524,754.5,240,240
2025-06-06 12:40:00.154313,754.5,360,240
2025-06-06 12:40:00.469577,754.5,360,240
2025-06-06 12:40:01.269606,752.5,360,240
2025-06-06 12:40:01.354288,752.5,330,300
2025-06-06 12:40:02.342984,753.95,330,300
2025-06-06 12:40:02.564213,753.95,600,270
2025-06-06 12:40:03.760948,753.95,450,330
2025-06-06 12:40:05.168659,753.95,210,240
2025-06-06 12:40:06.060995,749.05,210,240
2025-06-06 12:40:06.362484,749.05,480,210
2025-06-06 12:40:06.660913,752.35,480,210
2025-06-06 12:40:07.460908,749.9,480,210
2025-06-06 12:40:07.578474,749.9,330,300
2025-06-06 12:40:08.768627,749.9,450,240
2025-06-06 12:40:09.861107,750.65,450,240
2025-06-06 12:40:10.168674,750.65,270,270
2025-06-06 12:40:10.863627,748.25,270,270
2025-06-06 12:40:11.451941,748.4,420,300
2025-06-06 12:40:11.462137,748.4,420,300
2025-06-06 12:40:12.574522,748.4,240,270
2025-06-06 12:40:13.775403,748.4,240,450
2025-06-06 12:40:14.980010,748.4,180,300
2025-06-06 12:40:16.376301,748.4,180,240
2025-06-06 12:40:17.584128,748.4,540,210
2025-06-06 12:40:17.866063,747.95,540,210
2025-06-06 12:40:18.781808,750.2,270,210
2025-06-06 12:40:18.869117,750.2,270,210
2025-06-06 12:40:19.469149,747.1,270,210
2025-06-06 12:40:20.003608,747.1,540,240
2025-06-06 12:40:21.383246,747.1,180,330
2025-06-06 12:40:22.587385,747.1,300,300
2025-06-06 12:40:23.790763,747.1,210,450
2025-06-06 12:40:24.672656,744.45,210,450
2025-06-06 12:40:25.009203,744.45,240,180
2025-06-06 12:40:25.498137,742.65,240,180
2025-06-06 12:40:26.404705,740.0,180,270
2025-06-06 12:40:26.527568,740.0,180,270
2025-06-06 12:40:27.474666,739.6,180,270
2025-06-06 12:40:27.599306,739.6,360,300
2025-06-06 12:40:28.797163,736.1,240,300
2025-06-06 12:40:28.873099,736.1,240,300
2025-06-06 12:40:29.999038,736.1,180,210
2025-06-06 12:40:30.272718,736.3,180,210
2025-06-06 12:40:30.468397,736.3,180,210
2025-06-06 12:40:31.202494,735.35,420,270
2025-06-06 12:40:31.275355,735.35,420,270
2025-06-06 12:40:32.276808,736.8,420,270
2025-06-06 12:40:32.480706,735.45,420,270
2025-06-06 12:40:32.651831,735.45,450,210
2025-06-06 12:40:33.478851,742.65,450,210
2025-06-06 12:40:33.805116,742.65,180,210
2025-06-06 12:40:34.478036,740.05,180,210
2025-06-06 12:40:35.008244,742.75,240,360
2025-06-06 12:40:35.480353,742.75,240,360
2025-06-06 12:40:36.212200,742.75,360,360
2025-06-06 12:40:37.292321,741.25,360,360
2025-06-06 12:40:37.609751,741.25,420,330
2025-06-06 12:40:38.814142,741.25,390,300
2025-06-06 12:40:40.022724,741.25,270,390
2025-06-06 12:40:41.225429,741.25,210,270
2025-06-06 12:40:42.420424,741.25,300,240
2025-06-06 12:40:43.819350,741.25,240,390
2025-06-06 12:40:45.033795,741.25,390,270
2025-06-06 12:40:46.232629,741.25,360,360
2025-06-06 12:40:47.432259,741.25,450,240
2025-06-06 12:40:48.283595,748.9,450,240
2025-06-06 12:40:48.631136,748.9,270,210
2025-06-06 12:40:48.685926,753.5,270,210
2025-06-06 12:40:50.042530,753.5,270,180
2025-06-06 12:40:51.244165,753.5,240,270
2025-06-06 12:40:52.436672,753.5,420,360
2025-06-06 12:40:53.639199,756.45,270,150
2025-06-06 12:40:53.690034,756.45,270,150
2025-06-06 12:40:55.052753,756.45,240,240
2025-06-06 12:40:56.254692,756.45,240,240
2025-06-06 12:40:57.444722,756.45,270,1170
2025-06-06 12:40:58.647619,756.45,240,1140
2025-06-06 12:41:00.058053,756.45,270,1140
2025-06-06 12:41:00.476743,756.45,270,1140
2025-06-06 12:41:01.262218,756.45,270,1140
2025-06-06 12:41:02.104189,755.0,270,1140
2025-06-06 12:41:02.452894,755.0,360,630
2025-06-06 12:41:03.102507,755.95,360,630
2025-06-06 12:41:03.656674,755.05,240,270
2025-06-06 12:41:03.711423,755.05,240,270
2025-06-06 12:41:05.068946,755.05,270,240
2025-06-06 12:41:06.265701,755.05,240,210
2025-06-06 12:41:07.460850,755.05,390,240
2025-06-06 12:41:08.665151,755.05,390,240
2025-06-06 12:41:09.497843,756.4,390,240
2025-06-06 12:41:09.866159,756.4,240,240
2025-06-06 12:41:10.499100,761.05,240,240
2025-06-06 12:41:11.072356,761.05,390,240
2025-06-06 12:41:12.469163,761.05,270,240
2025-06-06 12:41:13.670539,761.05,270,270
2025-06-06 12:41:14.875822,761.05,390,240
2025-06-06 12:41:15.102091,762.6,390,240
2025-06-06 12:41:16.076378,762.6,240,240
2025-06-06 12:41:17.477792,762.6,330,360
2025-06-06 12:41:18.678232,762.6,240,240
2025-06-06 12:41:19.705035,764.1,240,240
2025-06-06 12:41:19.881141,764.1,390,300
2025-06-06 12:41:20.705059,765.5,390,300
2025-06-06 12:41:21.084029,765.5,330,270
2025-06-06 12:41:22.304994,765.0,330,270
2025-06-06 12:41:22.482372,765.0,240,210
2025-06-06 12:41:23.809003,765.0,390,270
2025-06-06 12:41:24.706814,764.6,390,270
2025-06-06 12:41:24.888600,764.6,420,300
2025-06-06 12:41:26.091622,764.6,270,330
2025-06-06 12:41:27.296125,764.6,360,240
2025-06-06 12:41:28.692009,764.6,150,240
2025-06-06 12:41:29.896177,764.6,180,150
2025-06-06 12:41:30.469538,764.6,180,150
2025-06-06 12:41:31.099632,764.6,330,210
2025-06-06 12:41:32.301315,764.6,330,240
2025-06-06 12:41:33.505318,764.6,450,270
2025-06-06 12:41:34.705851,764.6,390,180
2025-06-06 12:41:34.916395,765.5,390,180
2025-06-06 12:41:36.105563,765.5,420,240
2025-06-06 12:41:36.913980,766.95,420,240
2025-06-06 12:41:37.307027,766.95,330,270
2025-06-06 12:41:38.115641,767.2,330,270
2025-06-06 12:41:38.509787,767.2,330,570
2025-06-06 12:41:38.916197,767.05,330,570
2025-06-06 12:41:39.718134,767.05,330,210
2025-06-06 12:41:40.526672,766.95,330,210
2025-06-06 12:41:41.122585,766.95,420,300
2025-06-06 12:41:42.319931,766.95,570,330
2025-06-06 12:41:43.520301,766.95,390,330
2025-06-06 12:41:44.737424,766.95,270,210
2025-06-06 12:41:46.430908,766.95,270,240
2025-06-06 12:41:47.366462,766.95,300,360
2025-06-06 12:41:48.535926,766.95,270,300
2025-06-06 12:41:49.736415,766.95,360,240
2025-06-06 12:41:51.128416,766.95,450,300
2025-06-06 12:41:52.332738,766.95,240,300
2025-06-06 12:41:53.124766,765.0,240,300
2025-06-06 12:41:53.535834,765.25,240,300
2025-06-06 12:41:53.543273,765.25,330,210
2025-06-06 12:41:54.534288,764.6,330,210
2025-06-06 12:41:54.742327,764.6,210,1170
2025-06-06 12:41:55.538602,765.95,210,1170
2025-06-06 12:41:56.137425,765.95,420,870
2025-06-06 12:41:56.535168,765.95,420,870
2025-06-06 12:41:57.342555,765.95,330,690
2025-06-06 12:41:57.931073,765.95,330,690
2025-06-06 12:41:58.539261,769.25,330,690
2025-06-06 12:41:58.977293,769.25,240,240
2025-06-06 12:41:59.751542,769.25,300,210
2025-06-06 12:42:00.132039,767.5,300,210
2025-06-06 12:42:00.469002,767.5,300,210
2025-06-06 12:42:00.947005,767.5,480,780
2025-06-06 12:42:02.347907,767.5,360,690
2025-06-06 12:42:02.931085,770.0,360,690
2025-06-06 12:42:03.567585,770.0,360,690
2025-06-06 12:42:03.567934,770.0,270,150
2025-06-06 12:42:04.741666,771.85,270,150
2025-06-06 12:42:04.753244,771.85,330,240
2025-06-06 12:42:05.957997,771.85,180,390
2025-06-06 12:42:07.356412,771.85,420,210
2025-06-06 12:42:07.568252,774.0,420,210
2025-06-06 12:42:08.572782,774.6,420,210
2025-06-06 12:42:08.573677,774.6,330,240
2025-06-06 12:42:09.761142,774.6,240,510
2025-06-06 12:42:10.412988,777.65,240,510
2025-06-06 12:42:10.742399,779.1,240,510
2025-06-06 12:42:10.964298,779.1,210,1080
2025-06-06 12:42:12.368673,779.1,240,240
2025-06-06 12:42:12.745845,779.95,240,240
2025-06-06 12:42:13.572565,779.95,270,240
2025-06-06 12:42:14.768120,779.95,330,270
2025-06-06 12:42:15.749485,780.05,330,270
2025-06-06 12:42:15.974650,780.05,450,420
2025-06-06 12:42:16.940078,780.75,450,420
2025-06-06 12:42:17.185654,780.75,360,390
2025-06-06 12:42:17.713759,782.2,360,390
2025-06-06 12:42:18.373548,782.95,390,330
2025-06-06 12:42:18.555960,782.95,390,330
2025-06-06 12:42:19.552703,782.6,390,330
2025-06-06 12:42:19.579462,782.6,420,300
2025-06-06 12:42:20.778903,782.6,300,270
2025-06-06 12:42:21.752275,782.15,300,270
2025-06-06 12:42:21.988213,783.7,270,240
2025-06-06 12:42:22.574246,782.2,270,240
2025-06-06 12:42:23.382025,781.75,270,330
2025-06-06 12:42:23.591846,781.75,270,330
2025-06-06 12:42:24.580320,781.75,270,330
2025-06-06 12:42:25.144798,782.7,270,330
2025-06-06 12:42:25.783352,782.7,330,330
2025-06-06 12:42:26.950245,788.0,330,330
2025-06-06 12:42:26.990152,791.0,210,210
2025-06-06 12:42:27.558659,790.3,210,210
2025-06-06 12:42:28.191574,790.3,390,180
2025-06-06 12:42:28.555651,792.8,390,180
2025-06-06 12:42:29.393886,792.8,360,420
2025-06-06 12:42:30.481124,792.8,360,420
2025-06-06 12:42:30.592812,792.8,240,360
2025-06-06 12:42:31.558698,790.15,240,360
2025-06-06 12:42:31.795512,790.15,180,360
2025-06-06 12:42:33.002616,790.15,330,1320
2025-06-06 12:42:34.198300,790.15,300,1170
2025-06-06 12:42:35.400124,790.15,210,300
2025-06-06 12:42:35.559700,788.7,210,300
2025-06-06 12:42:36.560983,788.65,210,300
2025-06-06 12:42:36.803533,788.65,360,1140
2025-06-06 12:42:38.002663,788.65,360,1110
2025-06-06 12:42:38.353691,789.0,360,1110
2025-06-06 12:42:39.204237,789.0,360,1110
2025-06-06 12:42:39.555424,787.85,360,1110
2025-06-06 12:42:40.407008,787.85,360,210
2025-06-06 12:42:40.964539,789.8,360,210
2025-06-06 12:42:41.712008,789.8,480,1200
2025-06-06 12:42:41.954289,790.05,480,1200
2025-06-06 12:42:42.562177,788.65,480,1200
2025-06-06 12:42:42.809990,788.65,210,1260
2025-06-06 12:42:43.563677,786.6,210,1260
2025-06-06 12:42:44.013601,786.6,270,300
2025-06-06 12:42:44.563599,788.9,270,300
2025-06-06 12:42:45.217620,788.9,300,300
2025-06-06 12:42:45.560544,788.55,300,300
2025-06-06 12:42:46.415401,786.95,210,210
2025-06-06 12:42:46.567588,786.95,210,210
2025-06-06 12:42:47.566406,785.85,210,210
2025-06-06 12:42:47.816133,785.85,210,270
2025-06-06 12:42:48.569834,786.7,210,270
2025-06-06 12:42:49.015850,786.7,390,240
2025-06-06 12:42:50.225048,786.7,270,360
2025-06-06 12:42:51.421992,786.7,240,1290
2025-06-06 12:42:51.959722,798.8,240,1290
2025-06-06 12:42:52.603383,796.4,240,1290
2025-06-06 12:42:52.622438,796.4,210,300
2025-06-06 12:42:53.824680,796.4,270,330
2025-06-06 12:42:55.037870,794.05,360,330
2025-06-06 12:42:55.157844,794.05,360,330
2025-06-06 12:42:55.563252,793.95,360,330
2025-06-06 12:42:56.253534,793.95,240,240
2025-06-06 12:42:57.158326,797.1,240,240
2025-06-06 12:42:57.627468,797.1,270,330
2025-06-06 12:42:58.602808,795.45,270,330
2025-06-06 12:42:58.834041,795.45,180,300
2025-06-06 12:43:00.043532,795.45,240,330
2025-06-06 12:43:00.469384,795.45,240,330
2025-06-06 12:43:00.965949,797.15,240,330
2025-06-06 12:43:01.250082,797.15,210,240
2025-06-06 12:43:01.571273,798.6,210,240
2025-06-06 12:43:02.442764,798.6,240,240
2025-06-06 12:43:02.805902,796.3,240,240
2025-06-06 12:43:03.570659,794.95,240,240
2025-06-06 12:43:03.639040,794.95,240,210
2025-06-06 12:43:04.572350,795.15,240,210
2025-06-06 12:43:04.840790,795.15,330,240
2025-06-06 12:43:06.069864,795.15,330,210
2025-06-06 12:43:06.167807,795.65,330,210
2025-06-06 12:43:06.575330,794.3,330,210
2025-06-06 12:43:07.276561,794.7,270,270
2025-06-06 12:43:07.568166,794.7,270,270
2025-06-06 12:43:08.571997,793.65,270,270
2025-06-06 12:43:08.643773,793.65,300,240
2025-06-06 12:43:09.846809,793.65,330,270
2025-06-06 12:43:11.092236,793.65,360,240
2025-06-06 12:43:12.260894,793.65,330,300
2025-06-06 12:43:13.200036,795.45,330,300
2025-06-06 12:43:13.457928,795.45,300,390
2025-06-06 12:43:14.656452,795.45,330,390
2025-06-06 12:43:15.371000,794.65,330,390
2025-06-06 12:43:15.862469,794.65,240,300
2025-06-06 12:43:16.373719,793.65,240,300
2025-06-06 12:43:16.580933,794.3,240,300
2025-06-06 12:43:17.067838,792.7,420,300
2025-06-06 12:43:17.580264,792.7,420,300
2025-06-06 12:43:18.276302,792.6,300,240
2025-06-06 12:43:18.576502,792.6,300,240
2025-06-06 12:43:19.464722,792.05,300,210
2025-06-06 12:43:19.575554,794.5,300,210
2025-06-06 12:43:20.670277,794.5,270,210
2025-06-06 12:43:21.870365,794.5,510,150
2025-06-06 12:43:23.174254,794.0,510,150
2025-06-06 12:43:23.276531,794.0,180,210
2025-06-06 12:43:24.472969,794.0,330,270
2025-06-06 12:43:25.673870,794.0,240,270
2025-06-06 12:43:26.877618,794.0,360,210
2025-06-06 12:43:28.082333,794.0,360,210
2025-06-06 12:43:29.283755,794.0,210,240
2025-06-06 12:43:29.780305,788.0,210,240
2025-06-06 12:43:30.469443,788.0,210,240
2025-06-06 12:43:30.484272,788.0,270,240
2025-06-06 12:43:31.882874,788.0,210,240
2025-06-06 12:43:33.084420,788.0,270,270
2025-06-06 12:43:34.287175,788.0,210,300
2025-06-06 12:43:35.384599,784.0,210,300
2025-06-06 12:43:35.490066,783.0,330,300
2025-06-06 12:43:35.584665,783.0,330,300
2025-06-06 12:43:36.584549,782.5,330,300
2025-06-06 12:43:36.695754,782.5,240,270
2025-06-06 12:43:37.584405,782.95,240,270
2025-06-06 12:43:37.894398,782.95,180,210
2025-06-06 12:43:38.584559,781.0,180,210
2025-06-06 12:43:39.292920,781.85,210,300
2025-06-06 12:43:39.585407,781.85,210,300
2025-06-06 12:43:40.494806,782.4,300,180
2025-06-06 12:43:40.585509,782.4,300,180
2025-06-06 12:43:41.700152,782.4,300,180
2025-06-06 12:43:42.898959,782.4,210,240
2025-06-06 12:43:44.119591,782.4,270,330
2025-06-06 12:43:45.304404,782.4,270,360
2025-06-06 12:43:45.789768,785.4,270,360
2025-06-06 12:43:46.705778,785.4,300,180
2025-06-06 12:43:47.912126,785.4,330,240
2025-06-06 12:43:49.108846,785.4,270,240
2025-06-06 12:43:50.311499,785.4,270,210
2025-06-06 12:43:51.712470,785.4,180,360
2025-06-06 12:43:52.594718,780.2,180,360
2025-06-06 12:43:52.913257,780.2,180,240
2025-06-06 12:43:54.114765,780.2,270,240
2025-06-06 12:43:54.194701,780.0,270,240
2025-06-06 12:43:55.317118,780.0,270,270
2025-06-06 12:43:55.796686,781.1,270,270
2025-06-06 12:43:56.519527,781.1,300,300
2025-06-06 12:43:57.597683,779.25,300,300
2025-06-06 12:43:57.919255,779.25,240,240
2025-06-06 12:43:59.121287,779.25,300,270
2025-06-06 12:44:00.323206,781.35,330,240
2025-06-06 12:44:00.396818,781.35,330,240
2025-06-06 12:44:00.473764,781.35,330,240
2025-06-06 12:44:00.796664,785.4,330,240
2025-06-06 12:44:01.528403,783.65,300,210
2025-06-06 12:44:01.598843,783.65,300,210
2025-06-06 12:44:02.740315,783.65,240,210
2025-06-06 12:44:03.600562,789.0,240,210
2025-06-06 12:44:03.929324,789.0,270,300
2025-06-06 12:44:05.328384,789.0,360,240
2025-06-06 12:44:06.544093,787.7,210,240
2025-06-06 12:44:06.602580,787.7,210,240
2025-06-06 12:44:07.752764,789.2,240,210
2025-06-06 12:44:07.801203,789.2,240,210
2025-06-06 12:44:08.935303,789.2,270,240
2025-06-06 12:44:10.137964,789.2,270,300
2025-06-06 12:44:10.604931,785.7,270,300
2025-06-06 12:44:11.341796,785.7,300,270
2025-06-06 12:44:12.744114,787.35,270,240
2025-06-06 12:44:12.836519,787.35,270,240
2025-06-06 12:44:13.943732,787.35,240,180
2025-06-06 12:44:15.145457,787.35,300,210
2025-06-06 12:44:16.348025,787.35,240,300
2025-06-06 12:44:17.583342,787.35,240,210
2025-06-06 12:44:18.766782,787.45,300,720
2025-06-06 12:44:18.821971,787.45,300,720
2025-06-06 12:44:19.955901,787.45,360,690
2025-06-06 12:44:21.357024,787.45,240,750
2025-06-06 12:44:22.009596,790.4,240,750
2025-06-06 12:44:22.567263,789.7,270,270
2025-06-06 12:44:22.609946,789.7,270,270
2025-06-06 12:44:23.611621,787.65,270,270
2025-06-06 12:44:23.759200,787.65,210,330
2025-06-06 12:44:24.964316,787.65,270,150
2025-06-06 12:44:25.010101,787.6,270,150
2025-06-06 12:44:26.361953,787.6,300,240
2025-06-06 12:44:27.572796,787.6,240,240
2025-06-06 12:44:28.772204,787.6,210,270
2025-06-06 12:44:29.971749,787.6,330,240
2025-06-06 12:44:30.470298,787.6,330,240
2025-06-06 12:44:31.369893,787.6,210,330
2025-06-06 12:44:32.580669,787.6,210,210
2025-06-06 12:44:33.785222,787.6,270,270
2025-06-06 12:44:34.977564,787.6,270,180
2025-06-06 12:44:36.180505,787.6,330,210
2025-06-06 12:44:37.225881,784.3,330,210
2025-06-06 12:44:37.391421,784.3,240,210
2025-06-06 12:44:38.788566,784.3,330,180
2025-06-06 12:44:39.021311,785.05,330,180
2025-06-06 12:44:39.622220,786.35,330,180
2025-06-06 12:44:39.986400,786.35,180,330
2025-06-06 12:44:41.187760,786.35,210,270
2025-06-06 12:44:41.423829,785.0,210,270
2025-06-06 12:44:41.625000,782.85,210,270
2025-06-06 12:44:42.429815,782.85,390,210
2025-06-06 12:44:42.628232,774.05,390,210
2025-06-06 12:44:43.602436,774.0,300,240
2025-06-06 12:44:43.630959,774.0,300,240
2025-06-06 12:44:44.992549,774.0,270,330
2025-06-06 12:44:46.197088,774.35,300,300
2025-06-06 12:44:46.233803,774.35,300,300
2025-06-06 12:44:47.399720,774.35,210,240
2025-06-06 12:44:48.601409,774.35,270,300
2025-06-06 12:44:50.009111,774.35,240,270
2025-06-06 12:44:50.827553,779.7,240,270
2025-06-06 12:44:51.217699,779.7,330,300
2025-06-06 12:44:52.406355,779.7,210,330
2025-06-06 12:44:53.609388,779.7,300,270
2025-06-06 12:44:55.008985,779.7,210,270
2025-06-06 12:44:56.213777,779.7,300,330
2025-06-06 12:44:57.415232,779.7,270,240
2025-06-06 12:44:57.632923,780.2,270,240
2025-06-06 12:44:58.618306,781.0,210,360
2025-06-06 12:44:58.631078,781.0,210,360
2025-06-06 12:45:00.017611,781.0,270,210
2025-06-06 12:45:00.489052,781.0,270,210
2025-06-06 12:45:01.229271,781.0,300,180
2025-06-06 12:45:01.433748,783.5,300,180
2025-06-06 12:45:02.424567,783.5,210,300
2025-06-06 12:45:02.686755,782.05,210,300
2025-06-06 12:45:03.626534,780.35,270,240
2025-06-06 12:45:03.634689,780.35,270,240
2025-06-06 12:45:05.028960,780.35,480,240
2025-06-06 12:45:06.236125,780.35,210,180
2025-06-06 12:45:07.432094,780.35,180,270
2025-06-06 12:45:08.635352,780.35,330,270
2025-06-06 12:45:10.041151,785.2,300,240
2025-06-06 12:45:10.048351,785.2,300,240
2025-06-06 12:45:11.306966,785.2,240,180
2025-06-06 12:45:12.443229,785.2,270,210
2025-06-06 12:45:13.644200,785.2,240,270
2025-06-06 12:45:15.068947,791.85,210,240
2025-06-06 12:45:15.069756,791.85,210,240
2025-06-06 12:45:16.265437,791.85,180,270
2025-06-06 12:45:17.248513,791.55,180,270
2025-06-06 12:45:17.450732,790.05,270,270
2025-06-06 12:45:17.661290,790.05,270,270
2025-06-06 12:45:18.646901,789.85,270,270
2025-06-06 12:45:18.653792,789.85,390,240
2025-06-06 12:45:19.857038,789.85,300,270
2025-06-06 12:45:20.447900,793.15,300,270
2025-06-06 12:45:21.261384,793.15,240,300
2025-06-06 12:45:22.457083,793.15,330,360
2025-06-06 12:45:22.754472,794.5,330,360
2025-06-06 12:45:23.646292,794.0,330,360
2025-06-06 12:45:23.658319,794.0,240,300
2025-06-06 12:45:24.646478,795.8,240,300
2025-06-06 12:45:24.872030,795.8,180,300
2025-06-06 12:45:25.646574,793.95,180,300
2025-06-06 12:45:26.271640,793.95,360,270
2025-06-06 12:45:26.648898,796.0,360,270
2025-06-06 12:45:27.463329,796.0,240,180
2025-06-06 12:45:27.651052,796.0,240,180
2025-06-06 12:45:28.668336,796.0,360,420
2025-06-06 12:45:29.851019,798.2,360,420
2025-06-06 12:45:29.867822,798.2,420,360
2025-06-06 12:45:30.475236,798.2,420,360
2025-06-06 12:45:30.652982,796.4,420,360
2025-06-06 12:45:31.277718,796.45,390,420
2025-06-06 12:45:31.671588,796.45,390,420
2025-06-06 12:45:32.490880,796.45,360,1020
2025-06-06 12:45:32.654031,796.95,360,1020
2025-06-06 12:45:33.654312,799.0,360,1020
2025-06-06 12:45:33.674568,799.0,240,270
2025-06-06 12:45:34.874474,799.0,600,300
2025-06-06 12:45:35.654884,796.0,600,300
2025-06-06 12:45:36.086703,796.0,390,240
2025-06-06 12:45:37.199837,795.9,390,240
2025-06-06 12:45:37.476692,795.9,270,360
2025-06-06 12:45:38.682366,795.9,210,300
2025-06-06 12:45:39.882933,795.9,210,210
2025-06-06 12:45:41.077160,798.4,210,210
2025-06-06 12:45:41.093019,798.4,210,300
2025-06-06 12:45:42.105104,798.7,210,300
2025-06-06 12:45:42.485577,798.7,210,240
2025-06-06 12:45:43.137034,798.05,210,240
2025-06-06 12:45:43.689043,798.05,330,330
2025-06-06 12:45:44.891335,798.05,240,270
2025-06-06 12:45:46.126000,798.05,360,240
2025-06-06 12:45:47.493585,798.05,240,330
2025-06-06 12:45:48.697913,798.05,450,420
2025-06-06 12:45:49.072689,796.0,450,420
2025-06-06 12:45:49.662548,796.0,450,420
2025-06-06 12:45:49.899384,796.0,300,240
2025-06-06 12:45:51.113003,796.0,210,270
2025-06-06 12:45:51.271390,795.85,210,270
2025-06-06 12:45:51.663595,797.75,210,270
2025-06-06 12:45:52.307209,798.0,180,180
2025-06-06 12:45:53.186635,806.05,180,180
2025-06-06 12:45:53.703101,806.05,270,240
2025-06-06 12:45:54.275970,807.15,270,240
2025-06-06 12:45:54.670224,806.75,270,240
2025-06-06 12:45:54.906514,807.1,210,270
2025-06-06 12:45:55.664691,807.1,210,270
2025-06-06 12:45:56.118699,807.1,330,210
2025-06-06 12:45:57.367053,807.1,270,300
2025-06-06 12:45:57.669734,807.65,270,300
2025-06-06 12:45:58.675723,804.35,270,300
2025-06-06 12:45:58.715558,804.35,360,510
2025-06-06 12:45:59.669568,804.65,360,510
2025-06-06 12:45:59.915027,804.65,210,360
2025-06-06 12:46:00.472783,804.65,210,360
2025-06-06 12:46:01.128405,804.65,420,330
2025-06-06 12:46:01.870916,804.8,420,330
2025-06-06 12:46:02.329105,804.75,150,240
2025-06-06 12:46:02.684637,804.1,150,240
2025-06-06 12:46:03.718495,804.1,300,240
2025-06-06 12:46:04.671077,807.0,300,240
2025-06-06 12:46:04.921439,807.0,210,420
2025-06-06 12:46:05.670585,807.4,210,420
2025-06-06 12:46:06.156883,807.4,210,150
2025-06-06 12:46:06.671680,808.5,210,150
2025-06-06 12:46:07.327593,808.8,390,450
2025-06-06 12:46:07.672564,808.8,390,450
2025-06-06 12:46:08.673849,807.0,390,450
2025-06-06 12:46:08.726093,804.75,510,180
2025-06-06 12:46:09.673163,800.25,510,180
2025-06-06 12:46:09.928345,800.25,240,300
2025-06-06 12:46:11.086355,805.05,240,300
2025-06-06 12:46:11.212610,805.05,180,300
2025-06-06 12:46:12.365107,805.05,390,240
2025-06-06 12:46:12.691737,806.15,390,240
2025-06-06 12:46:13.739172,806.15,390,360
2025-06-06 12:46:14.483133,807.5,390,360
2025-06-06 12:46:14.935697,807.5,450,390
2025-06-06 12:46:15.485206,807.5,450,390
2025-06-06 12:46:15.890999,807.45,450,390
2025-06-06 12:46:16.149382,807.45,420,420
2025-06-06 12:46:16.714118,805.45,420,420
2025-06-06 12:46:17.219071,805.0,420,390
2025-06-06 12:46:17.682897,805.0,420,390
2025-06-06 12:46:18.347704,805.0,420,270
2025-06-06 12:46:18.685716,805.0,420,270
2025-06-06 12:46:19.556638,804.6,330,240
2025-06-06 12:46:19.681446,806.25,330,240
2025-06-06 12:46:20.942579,806.25,210,330
2025-06-06 12:46:22.147532,806.25,390,600
2025-06-06 12:46:23.350389,806.25,210,330
2025-06-06 12:46:24.282940,806.35,210,330
2025-06-06 12:46:24.561850,806.35,270,360
2025-06-06 12:46:24.684748,807.75,270,360
2025-06-06 12:46:25.781248,807.0,270,360
2025-06-06 12:46:25.981946,807.0,180,240
2025-06-06 12:46:26.768070,807.0,180,240
2025-06-06 12:46:27.162838,807.2,240,270
2025-06-06 12:46:27.684467,807.2,240,270
2025-06-06 12:46:28.354960,807.2,180,570
2025-06-06 12:46:29.569320,807.2,240,330
2025-06-06 12:46:30.284645,804.35,240,330
2025-06-06 12:46:30.499473,804.35,240,330
2025-06-06 12:46:30.688058,803.1,240,330
2025-06-06 12:46:30.963045,803.1,630,630
2025-06-06 12:46:32.172326,803.1,330,420
2025-06-06 12:46:32.498967,805.0,330,420
2025-06-06 12:46:33.395193,805.0,300,510
2025-06-06 12:46:33.487060,804.1,300,510
2025-06-06 12:46:34.772038,804.1,300,240
2025-06-06 12:46:35.489925,800.3,300,240
2025-06-06 12:46:35.963806,800.3,390,390
2025-06-06 12:46:36.097641,801.0,390,390
2025-06-06 12:46:36.906131,802.5,390,390
2025-06-06 12:46:37.190593,802.5,300,270
2025-06-06 12:46:37.732314,802.45,300,270
2025-06-06 12:46:38.374730,799.0,360,360
2025-06-06 12:46:38.699333,799.0,360,360
2025-06-06 12:46:39.587997,799.0,240,300
2025-06-06 12:46:40.693807,799.0,240,300
2025-06-06 12:46:40.978618,797.25,210,300
2025-06-06 12:46:41.693672,797.25,210,300
2025-06-06 12:46:42.182545,797.25,360,360
2025-06-06 12:46:43.376414,797.25,210,360
2025-06-06 12:46:43.731455,796.5,210,360
2025-06-06 12:46:44.615156,796.5,270,270
2025-06-06 12:46:45.172127,798.9,270,270
2025-06-06 12:46:45.702073,795.55,270,270
2025-06-06 12:46:45.988202,795.55,270,270
2025-06-06 12:46:46.803643,795.5,270,270
2025-06-06 12:46:47.382143,795.5,300,510
2025-06-06 12:46:48.396320,795.5,300,210
2025-06-06 12:46:48.852873,797.6,300,210
2025-06-06 12:46:49.593305,798.1,330,360
2025-06-06 12:46:49.698320,798.1,330,360
2025-06-06 12:46:50.790320,798.1,240,330
2025-06-06 12:46:52.217530,798.1,210,240
2025-06-06 12:46:53.387461,798.1,330,360
2025-06-06 12:46:53.502281,795.0,330,360
2025-06-06 12:46:54.596163,795.0,300,420
2025-06-06 12:46:55.792795,795.0,330,240
2025-06-06 12:46:57.202166,795.0,510,150
2025-06-06 12:46:57.502205,795.0,510,150
2025-06-06 12:46:58.394588,795.0,270,660
2025-06-06 12:46:59.103363,795.75,270,660
2025-06-06 12:46:59.599644,795.75,240,210
2025-06-06 12:47:00.472721,795.75,240,210
2025-06-06 12:47:00.502424,796.5,240,210
2025-06-06 12:47:00.820199,796.5,240,360
2025-06-06 12:47:02.209247,796.5,300,300
2025-06-06 12:47:02.515960,792.5,300,300
2025-06-06 12:47:03.402699,792.5,270,330
2025-06-06 12:47:04.607144,791.8,210,330
2025-06-06 12:47:04.708184,791.8,210,330
2025-06-06 12:47:05.808914,791.8,330,270
2025-06-06 12:47:07.220769,791.8,300,330
2025-06-06 12:47:08.417727,791.8,180,270
2025-06-06 12:47:09.614569,791.8,180,210
2025-06-06 12:47:10.830723,791.8,270,300
2025-06-06 12:47:12.018648,791.8,300,240
2025-06-06 12:47:13.232938,791.8,150,210
2025-06-06 12:47:14.424422,791.8,180,300
2025-06-06 12:47:14.716302,795.2,180,300
2025-06-06 12:47:15.626348,795.2,210,150
2025-06-06 12:47:16.829225,795.2,300,150
2025-06-06 12:47:17.916907,794.3,300,150
2025-06-06 12:47:18.029167,794.3,360,240
2025-06-06 12:47:19.434436,794.3,240,210
2025-06-06 12:47:20.648579,794.3,240,150
2025-06-06 12:47:21.317038,793.35,240,150
2025-06-06 12:47:21.914911,793.35,210,420
2025-06-06 12:47:23.037173,793.35,330,240
2025-06-06 12:47:24.436093,794.75,270,420
2025-06-06 12:47:24.521060,794.75,270,420
2025-06-06 12:47:25.642386,794.75,270,300
2025-06-06 12:47:26.843074,794.75,270,240
2025-06-06 12:47:27.120735,793.5,270,240
2025-06-06 12:47:28.050228,793.5,300,450
2025-06-06 12:47:28.966813,793.55,300,450
2025-06-06 12:47:29.260999,793.55,300,270
2025-06-06 12:47:29.731429,793.35,300,270
2025-06-06 12:47:30.474642,793.35,300,270
2025-06-06 12:47:30.647278,793.35,240,420
2025-06-06 12:47:32.003703,793.35,210,330
2025-06-06 12:47:33.265399,793.35,210,390
2025-06-06 12:47:33.338214,793.35,210,390
2025-06-06 12:47:34.301897,793.35,240,210
2025-06-06 12:47:36.005802,793.35,360,300
2025-06-06 12:47:36.188167,794.05,360,300
2025-06-06 12:47:37.045659,794.05,300,480
2025-06-06 12:47:38.070285,794.05,240,180
2025-06-06 12:47:39.459229,794.05,240,300
2025-06-06 12:47:40.465417,794.05,180,300
2025-06-06 12:47:41.206262,794.05,180,300
2025-06-06 12:47:41.732378,796.8,180,300
2025-06-06 12:47:41.867037,796.8,270,240
2025-06-06 12:47:43.130480,796.8,270,810
2025-06-06 12:47:43.740105,802.5,270,810
2025-06-06 12:47:44.468764,802.75,390,300
2025-06-06 12:47:44.738354,802.75,390,300
2025-06-06 12:47:45.471356,802.75,360,210
2025-06-06 12:47:46.706102,802.75,300,240
2025-06-06 12:47:48.088183,804.05,330,330
2025-06-06 12:47:48.136548,804.05,330,330
2025-06-06 12:47:48.748452,802.25,330,330
2025-06-06 12:47:49.474086,802.25,390,240
2025-06-06 12:47:50.478721,802.25,300,240
2025-06-06 12:47:51.681022,802.25,180,240
2025-06-06 12:47:51.742087,801.5,180,240
2025-06-06 12:47:52.735190,803.25,180,240
2025-06-06 12:47:53.315645,802.4,480,270
2025-06-06 12:47:53.751524,803.75,480,270
2025-06-06 12:47:54.295356,802.65,360,330
2025-06-06 12:47:54.751476,802.65,360,330
2025-06-06 12:47:55.485580,802.65,210,390
2025-06-06 12:47:56.690352,802.65,240,300
2025-06-06 12:47:57.889868,802.65,330,510
2025-06-06 12:47:59.487918,802.65,180,210
2025-06-06 12:48:00.473762,802.65,180,210
2025-06-06 12:48:00.491339,802.65,210,360
2025-06-06 12:48:01.730835,802.65,420,360
2025-06-06 12:48:02.895483,802.65,540,390
2025-06-06 12:48:04.116992,802.65,330,360
2025-06-06 12:48:05.496258,802.65,390,420
2025-06-06 12:48:06.698853,802.65,360,480
2025-06-06 12:48:07.902931,802.65,330,300
2025-06-06 12:48:08.945365,804.9,330,300
2025-06-06 12:48:09.103768,804.9,450,600
2025-06-06 12:48:10.323544,804.9,300,180
2025-06-06 12:48:11.509014,804.9,270,180
2025-06-06 12:48:12.907085,804.9,210,600
2025-06-06 12:48:13.550569,805.45,210,600
2025-06-06 12:48:14.108605,805.45,270,420
2025-06-06 12:48:15.349892,805.15,390,300
2025-06-06 12:48:15.350425,805.15,390,300
2025-06-06 12:48:15.946516,805.8,390,300
2025-06-06 12:48:16.514309,805.8,210,300
2025-06-06 12:48:17.351005,804.9,210,300
2025-06-06 12:48:17.912963,804.9,300,240
2025-06-06 12:48:18.151552,803.0,300,240
2025-06-06 12:48:19.116287,803.0,480,390
2025-06-06 12:48:20.356240,803.0,240,330
2025-06-06 12:48:20.952728,803.2,240,330
2025-06-06 12:48:21.520687,803.2,360,240
2025-06-06 12:48:22.742842,803.2,330,300
2025-06-06 12:48:24.123329,803.2,210,210
2025-06-06 12:48:25.333149,803.2,360,300
2025-06-06 12:48:26.532958,803.2,270,150
2025-06-06 12:48:27.795822,803.2,270,240
2025-06-06 12:48:29.148333,803.2,270,210
2025-06-06 12:48:29.756537,803.65,270,210
2025-06-06 12:48:30.344848,802.05,300,330
2025-06-06 12:48:30.473406,802.05,300,330
2025-06-06 12:48:30.799734,802.05,300,330
2025-06-06 12:48:31.540242,801.8,300,270
2025-06-06 12:48:31.773160,801.8,300,270
2025-06-06 12:48:32.746932,799.8,270,420
2025-06-06 12:48:32.757794,799.8,270,420
2025-06-06 12:48:34.141524,799.8,210,270
2025-06-06 12:48:35.373381,799.8,270,330
2025-06-06 12:48:36.549205,799.8,240,270
2025-06-06 12:48:37.753603,799.8,210,390
2025-06-06 12:48:39.149259,799.8,210,660
2025-06-06 12:48:40.365685,799.8,300,630
2025-06-06 12:48:41.575584,799.8,240,300
2025-06-06 12:48:42.759946,801.85,300,210
2025-06-06 12:48:42.763667,801.85,300,210
2025-06-06 12:48:43.764599,801.75,300,210
2025-06-06 12:48:44.164710,801.75,300,240
2025-06-06 12:48:45.390907,801.75,210,270
2025-06-06 12:48:46.749206,801.75,480,450
2025-06-06 12:48:46.765892,805.0,480,450
2025-06-06 12:48:47.763982,805.0,330,240
2025-06-06 12:48:47.967440,809.0,330,240
2025-06-06 12:48:48.967697,809.0,330,240
2025-06-06 12:48:50.371545,808.55,330,270
2025-06-06 12:48:50.377314,808.55,330,270
2025-06-06 12:48:51.584532,808.55,360,270
2025-06-06 12:48:51.780407,806.4,360,270
2025-06-06 12:48:52.772354,806.4,360,240
2025-06-06 12:48:53.172562,807.05,360,240
2025-06-06 12:48:53.786893,806.1,360,240
2025-06-06 12:48:53.974684,806.1,270,240
2025-06-06 12:48:54.770793,806.2,270,240
2025-06-06 12:48:55.387255,807.95,300,420
2025-06-06 12:48:55.782595,807.95,300,420
2025-06-06 12:48:56.587270,807.95,330,240
2025-06-06 12:48:57.779655,807.95,360,180
2025-06-06 12:48:58.582822,808.65,360,180
2025-06-06 12:48:59.014321,808.65,300,480
2025-06-06 12:48:59.782490,809.4,300,480
2025-06-06 12:49:00.186201,809.4,240,330
2025-06-06 12:49:00.374678,806.85,240,330
2025-06-06 12:49:00.477238,806.85,240,330
2025-06-06 12:49:01.595751,806.85,300,240
2025-06-06 12:49:02.788856,806.85,240,180
2025-06-06 12:49:04.019182,806.85,360,1920
2025-06-06 12:49:04.378980,807.95,360,1920
2025-06-06 12:49:05.206867,807.5,390,780
2025-06-06 12:49:05.775701,807.95,390,780
2025-06-06 12:49:06.597469,808.0,360,960
2025-06-06 12:49:06.779108,808.0,360,960
2025-06-06 12:49:07.837160,810.0,360,960
2025-06-06 12:49:07.838154,810.0,300,720
2025-06-06 12:49:09.006740,810.35,300,720
2025-06-06 12:49:09.007448,810.35,420,330
2025-06-06 12:49:09.784027,809.0,420,330
2025-06-06 12:49:10.203738,809.0,390,360
2025-06-06 12:49:11.609271,809.0,270,390
2025-06-06 12:49:12.831398,809.0,210,390
2025-06-06 12:49:13.981382,808.85,210,390
2025-06-06 12:49:14.008851,808.85,390,210
2025-06-06 12:49:14.782824,808.6,390,210
2025-06-06 12:49:15.212854,808.6,360,360
2025-06-06 12:49:16.430336,808.6,390,270
2025-06-06 12:49:17.617390,808.6,210,180
2025-06-06 12:49:17.785721,807.0,210,180
2025-06-06 12:49:18.787712,808.4,210,180
2025-06-06 12:49:18.817271,808.4,180,240
2025-06-06 12:49:19.787920,806.15,180,240
2025-06-06 12:49:20.019014,806.15,300,240
2025-06-06 12:49:20.786646,806.15,300,240
2025-06-06 12:49:21.429017,801.75,180,210
2025-06-06 12:49:21.789550,802.25,180,210
2025-06-06 12:49:22.621012,802.6,240,330
2025-06-06 12:49:22.788426,802.6,240,330
2025-06-06 12:49:23.788989,801.2,240,330
2025-06-06 12:49:23.825171,801.2,300,180
2025-06-06 12:49:24.789361,797.85,300,180
2025-06-06 12:49:25.025514,797.85,270,300
2025-06-06 12:49:25.805277,797.25,270,300
2025-06-06 12:49:26.773925,799.5,330,300
2025-06-06 12:49:26.789562,799.1,330,300
2025-06-06 12:49:27.658327,799.2,450,330
2025-06-06 12:49:27.797760,799.2,450,330
2025-06-06 12:49:28.831495,799.2,300,690
2025-06-06 12:49:29.600396,804.0,300,690
2025-06-06 12:49:30.033144,804.0,420,150
2025-06-06 12:49:30.480822,804.0,420,150
2025-06-06 12:49:31.448538,804.0,270,210
2025-06-06 12:49:31.802133,806.9,270,210
2025-06-06 12:49:32.644709,806.9,270,330
2025-06-06 12:49:32.993894,806.8,270,330
2025-06-06 12:49:33.823962,805.2,270,330
2025-06-06 12:49:33.836785,805.2,360,630
2025-06-06 12:49:34.794595,805.25,360,630
2025-06-06 12:49:35.039974,805.25,300,270
2025-06-06 12:49:35.796268,802.95,300,270
2025-06-06 12:49:36.450139,802.95,300,390
2025-06-06 12:49:37.197381,804.55,300,390
2025-06-06 12:49:37.642944,804.55,180,210
2025-06-06 12:49:38.845927,804.55,360,210
2025-06-06 12:49:39.397946,807.15,360,210
2025-06-06 12:49:40.047537,807.15,300,270
2025-06-06 12:49:40.605911,806.75,300,270
2025-06-06 12:49:41.198614,804.9,300,270
2025-06-06 12:49:41.250462,804.9,210,390
2025-06-06 12:49:42.398599,802.2,210,390
2025-06-06 12:49:42.653041,802.2,330,390
2025-06-06 12:49:43.916205,802.2,390,180
2025-06-06 12:49:44.202953,806.25,390,180
2025-06-06 12:49:45.060688,806.25,180,300
2025-06-06 12:49:46.260901,806.25,210,210
2025-06-06 12:49:47.655038,806.25,240,270
2025-06-06 12:49:48.857396,806.25,210,360
2025-06-06 12:49:50.069242,806.25,300,240
2025-06-06 12:49:51.266773,806.25,240,270
2025-06-06 12:49:52.406778,803.2,240,270
2025-06-06 12:49:52.661596,803.2,270,210
2025-06-06 12:49:53.866070,803.2,240,210
2025-06-06 12:49:55.079572,803.2,270,270
2025-06-06 12:49:55.614507,787.9,270,270
2025-06-06 12:49:55.820476,789.05,270,270
2025-06-06 12:49:56.282463,788.5,240,240
2025-06-06 12:49:56.808400,789.05,240,240
2025-06-06 12:49:57.485142,789.95,210,300
2025-06-06 12:49:57.808536,789.95,210,300
2025-06-06 12:49:58.808689,788.85,210,300
2025-06-06 12:49:58.872499,788.85,270,480
2025-06-06 12:49:59.808213,789.2,270,480
2025-06-06 12:50:00.087108,789.2,360,330
2025-06-06 12:50:00.475544,789.2,360,330
2025-06-06 12:50:01.286684,789.2,420,240
2025-06-06 12:50:01.615371,790.75,420,240
2025-06-06 12:50:02.495214,790.75,240,210
2025-06-06 12:50:03.009369,792.15,240,210
2025-06-06 12:50:03.881145,792.15,330,210
2025-06-06 12:50:05.097652,792.15,210,270
2025-06-06 12:50:06.296011,792.15,390,420
2025-06-06 12:50:06.812611,791.9,390,420
2025-06-06 12:50:07.504762,791.9,240,240
2025-06-06 12:50:08.416841,790.65,240,240
2025-06-06 12:50:08.693252,790.65,390,270
2025-06-06 12:50:09.013402,794.15,390,270
2025-06-06 12:50:09.819213,795.0,390,270
2025-06-06 12:50:10.110806,795.0,270,210
2025-06-06 12:50:11.385532,795.0,300,300
2025-06-06 12:50:12.531516,795.0,210,300
2025-06-06 12:50:13.701334,799.0,210,450
2025-06-06 12:50:13.818520,799.0,210,450
2025-06-06 12:50:15.104606,798.75,240,480
2025-06-06 12:50:15.240908,798.75,240,480
2025-06-06 12:50:15.821473,797.6,240,480
2025-06-06 12:50:16.303778,797.6,330,210
2025-06-06 12:50:17.512768,797.6,210,240
2025-06-06 12:50:18.710239,797.6,240,240
2025-06-06 12:50:19.229204,798.35,240,240
2025-06-06 12:50:19.821238,798.2,240,240
2025-06-06 12:50:19.910256,798.2,420,210
2025-06-06 12:50:20.822025,800.05,420,210
2025-06-06 12:50:21.117755,800.05,750,240
2025-06-06 12:50:22.422639,800.6,750,240
2025-06-06 12:50:22.525089,800.6,390,210
2025-06-06 12:50:23.423258,799.85,390,210
2025-06-06 12:50:23.720655,799.85,330,270
2025-06-06 12:50:24.918794,799.85,270,270
2025-06-06 12:50:26.124091,799.85,360,210
2025-06-06 12:50:26.576358,800.4,360,210
2025-06-06 12:50:27.024483,801.7,360,210
2025-06-06 12:50:27.879745,801.45,390,210
2025-06-06 12:50:27.880867,801.0,390,210
2025-06-06 12:50:28.777242,801.5,330,270
2025-06-06 12:50:28.825869,801.45,330,270
2025-06-06 12:50:29.926011,802.0,540,270
2025-06-06 12:50:30.026744,802.0,540,270
2025-06-06 12:50:30.485524,802.0,540,270
2025-06-06 12:50:30.825491,801.65,540,270
2025-06-06 12:50:31.133049,801.65,210,300
2025-06-06 12:50:32.540342,801.65,270,300
2025-06-06 12:50:33.050283,802.75,270,300
2025-06-06 12:50:33.742373,803.0,330,360
2025-06-06 12:50:33.831955,803.0,330,360
2025-06-06 12:50:34.830148,803.75,330,360
2025-06-06 12:50:34.935394,803.75,330,450
2025-06-06 12:50:35.829919,802.15,330,450
2025-06-06 12:50:36.137150,803.9,450,390
2025-06-06 12:50:36.831642,802.5,450,390
2025-06-06 12:50:37.338553,802.5,210,210
2025-06-06 12:50:38.749473,802.5,390,180
2025-06-06 12:50:39.632801,803.95,390,180
2025-06-06 12:50:39.939944,803.95,210,270
2025-06-06 12:50:40.631954,804.15,210,270
2025-06-06 12:50:41.144115,804.15,300,270
2025-06-06 12:50:42.345901,804.15,210,540
2025-06-06 12:50:43.438400,802.5,210,540
2025-06-06 12:50:43.561324,802.5,420,300
2025-06-06 12:50:44.947308,802.5,480,180
2025-06-06 12:50:46.154958,802.5,870,240
2025-06-06 12:50:47.038243,799.85,870,240
2025-06-06 12:50:47.352918,799.85,390,690
2025-06-06 12:50:48.766378,799.85,180,360
2025-06-06 12:50:49.758685,799.85,330,210
2025-06-06 12:50:50.960874,799.85,270,270
2025-06-06 12:50:52.162826,799.85,300,630
2025-06-06 12:50:53.594510,799.85,210,240
2025-06-06 12:50:54.248268,800.15,210,240
2025-06-06 12:50:54.765507,800.15,330,210
2025-06-06 12:50:55.978471,800.15,270,330
2025-06-06 12:50:56.644318,799.1,270,330
2025-06-06 12:50:57.169624,799.1,510,210
2025-06-06 12:50:58.383300,799.1,390,240
2025-06-06 12:50:59.043172,799.75,390,240
2025-06-06 12:50:59.781868,799.75,210,450
2025-06-06 12:51:00.268677,800.55,210,450
2025-06-06 12:51:00.475101,800.55,210,450
2025-06-06 12:51:00.974125,800.55,180,240
2025-06-06 12:51:02.176289,800.55,300,240
2025-06-06 12:51:03.378556,800.55,240,210
2025-06-06 12:51:04.592802,800.55,270,240
2025-06-06 12:51:05.783128,800.55,240,300
2025-06-06 12:51:06.986595,800.55,210,330
2025-06-06 12:51:08.387484,800.55,270,510
2025-06-06 12:51:09.797943,800.55,240,330
2025-06-06 12:51:10.260247,801.0,240,330
2025-06-06 12:51:10.792452,801.0,270,270
2025-06-06 12:51:11.994546,801.0,240,330
2025-06-06 12:51:13.212356,801.0,300,240
2025-06-06 12:51:14.397208,801.0,300,270
2025-06-06 12:51:15.659758,801.0,390,240
2025-06-06 12:51:17.004515,801.0,210,210
2025-06-06 12:51:17.455742,800.0,210,210
2025-06-06 12:51:18.251392,800.0,390,300
2025-06-06 12:51:19.647079,800.0,270,240
2025-06-06 12:51:20.460141,793.15,270,240
2025-06-06 12:51:20.817225,793.15,330,210
2025-06-06 12:51:21.259055,792.5,330,210
2025-06-06 12:51:22.012548,792.5,270,210
2025-06-06 12:51:22.259899,794.55,270,210
2025-06-06 12:51:23.212868,794.55,240,300
2025-06-06 12:51:24.427135,794.55,240,180
2025-06-06 12:51:25.630593,794.55,300,270
2025-06-06 12:51:27.015376,794.55,180,210
2025-06-06 12:51:28.230260,794.55,180,240
2025-06-06 12:51:29.422055,796.2,270,360
2025-06-06 12:51:29.462776,796.2,270,360
2025-06-06 12:51:29.862745,797.95,270,360
2025-06-06 12:51:30.480446,797.95,270,360
2025-06-06 12:51:30.656038,797.95,240,330
2025-06-06 12:51:32.023651,797.95,180,240
2025-06-06 12:51:33.243471,797.95,210,330
2025-06-06 12:51:34.428176,797.95,300,240
2025-06-06 12:51:35.631721,797.95,270,240
2025-06-06 12:51:36.835754,797.95,300,390
2025-06-06 12:51:38.326534,797.95,330,270
2025-06-06 12:51:38.468806,790.65,330,270
2025-06-06 12:51:39.437396,790.65,180,300
2025-06-06 12:51:39.868874,791.7,180,300
2025-06-06 12:51:40.645496,791.7,270,270
2025-06-06 12:51:41.679870,792.4,270,270
2025-06-06 12:51:41.844043,792.45,360,270
2025-06-06 12:51:41.873285,792.45,360,270
2025-06-06 12:51:43.248919,792.45,270,270
2025-06-06 12:51:43.879141,790.5,270,270
2025-06-06 12:51:44.462609,790.5,210,240
2025-06-06 12:51:45.649294,790.5,270,360
2025-06-06 12:51:45.875463,792.0,270,360
2025-06-06 12:51:46.851507,792.0,330,240
2025-06-06 12:51:48.249775,792.0,300,270
2025-06-06 12:51:49.452983,792.0,240,240
2025-06-06 12:51:50.722769,792.0,210,330
2025-06-06 12:51:51.860714,792.0,240,210
2025-06-06 12:51:53.062244,792.0,420,210
2025-06-06 12:51:54.264740,792.0,270,270
2025-06-06 12:51:55.464532,792.0,300,240
2025-06-06 12:51:56.719241,792.0,300,270
2025-06-06 12:51:57.868557,792.0,300,330
2025-06-06 12:51:59.075235,792.0,330,330
2025-06-06 12:51:59.712423,792.0,330,330
2025-06-06 12:51:59.886438,790.65,330,330
2025-06-06 12:52:00.299429,792.75,300,330
2025-06-06 12:52:00.484817,792.75,300,330
2025-06-06 12:52:00.885160,792.75,300,330
2025-06-06 12:52:01.684043,792.75,390,360
2025-06-06 12:52:02.876719,792.75,180,210
2025-06-06 12:52:04.086840,792.75,210,240
2025-06-06 12:52:05.289438,792.75,210,330
2025-06-06 12:52:06.482815,792.75,270,240
2025-06-06 12:52:07.289394,792.7,270,240
2025-06-06 12:52:07.685412,792.7,210,450
2025-06-06 12:52:08.887892,792.7,210,240
2025-06-06 12:52:10.315889,792.7,300,510
2025-06-06 12:52:10.692350,787.9,300,510
2025-06-06 12:52:11.490048,787.9,270,360
2025-06-06 12:52:11.690555,784.7,270,360
2025-06-06 12:52:12.485598,785.8,270,360
2025-06-06 12:52:12.703437,785.8,330,240
2025-06-06 12:52:13.894680,785.8,330,450
2025-06-06 12:52:14.111038,783.25,330,450
2025-06-06 12:52:14.890245,782.9,330,450
2025-06-06 12:52:15.128678,782.9,360,390
2025-06-06 12:52:16.301918,782.9,210,300
2025-06-06 12:52:17.502600,782.9,540,330
2025-06-06 12:52:18.866623,782.9,270,270
2025-06-06 12:52:20.104586,782.05,270,270
2025-06-06 12:52:20.114064,782.05,420,240
2025-06-06 12:52:20.892095,782.0,420,240
2025-06-06 12:52:21.325561,782.0,300,240
2025-06-06 12:52:21.894084,781.95,300,240
2025-06-06 12:52:22.524197,783.7,390,180
2025-06-06 12:52:22.895041,786.8,390,180
2025-06-06 12:52:23.725374,786.8,240,210
2025-06-06 12:52:24.915847,786.8,240,390
2025-06-06 12:52:25.497184,789.75,240,390
2025-06-06 12:52:26.125486,789.75,270,270
2025-06-06 12:52:27.516276,789.75,270,330
2025-06-06 12:52:28.912205,789.75,240,300
2025-06-06 12:52:29.927486,789.75,300,210
2025-06-06 12:52:30.477176,789.75,300,210
2025-06-06 12:52:31.129654,789.75,210,420
2025-06-06 12:52:32.328648,789.75,240,360
2025-06-06 12:52:32.904471,787.8,240,360
2025-06-06 12:52:33.528907,787.65,330,210
2025-06-06 12:52:33.905279,787.65,330,210
2025-06-06 12:52:34.930584,787.65,390,300
2025-06-06 12:52:36.295383,787.65,300,210
2025-06-06 12:52:37.333528,787.65,240,360
2025-06-06 12:52:37.712809,787.3,240,360
2025-06-06 12:52:38.117840,789.25,240,360
2025-06-06 12:52:38.536461,789.25,270,300
2025-06-06 12:52:39.943421,789.25,240,270
2025-06-06 12:52:41.120415,788.55,240,270
2025-06-06 12:52:41.136575,788.55,360,240
2025-06-06 12:52:42.339220,788.55,300,270
2025-06-06 12:52:43.542512,788.55,450,450
2025-06-06 12:52:44.723334,789.1,450,450
2025-06-06 12:52:44.952470,789.1,300,150
2025-06-06 12:52:45.122347,787.35,300,150
2025-06-06 12:52:46.143947,787.35,240,300
2025-06-06 12:52:47.345645,787.35,210,240
2025-06-06 12:52:48.549188,787.35,300,330
2025-06-06 12:52:49.750627,787.35,300,270
2025-06-06 12:52:50.961452,787.35,270,240
2025-06-06 12:52:52.120538,784.9,270,240
2025-06-06 12:52:52.177467,784.9,300,300
2025-06-06 12:52:53.135530,787.55,300,300
2025-06-06 12:52:53.556086,787.55,420,300
2025-06-06 12:52:54.765509,787.55,240,390
2025-06-06 12:52:55.960582,787.55,330,270
2025-06-06 12:52:56.929686,791.3,330,270
2025-06-06 12:52:57.171591,791.3,300,510
2025-06-06 12:52:57.919145,792.65,300,510
2025-06-06 12:52:58.561894,792.65,210,270
2025-06-06 12:52:59.828945,792.65,270,210
2025-06-06 12:53:00.478808,792.65,270,210
2025-06-06 12:53:00.516545,790.45,270,210
2025-06-06 12:53:00.967237,790.45,300,270
2025-06-06 12:53:02.169318,790.45,300,300
2025-06-06 12:53:03.376654,790.45,420,180
2025-06-06 12:53:04.583437,790.45,210,300
2025-06-06 12:53:05.974134,790.45,240,270
2025-06-06 12:53:07.177666,790.45,420,540
2025-06-06 12:53:07.924720,793.15,420,540
2025-06-06 12:53:08.379163,793.15,240,360
2025-06-06 12:53:08.922699,795.2,240,360
2025-06-06 12:53:09.593305,795.2,210,360
2025-06-06 12:53:10.133131,793.4,210,360
2025-06-06 12:53:10.879999,793.4,330,270
2025-06-06 12:53:11.994400,793.4,240,180
2025-06-06 12:53:13.425480,793.4,240,180
2025-06-06 12:53:14.177842,793.4,240,180
2025-06-06 12:53:14.602297,793.4,510,330
2025-06-06 12:53:15.738117,795.15,510,330
2025-06-06 12:53:15.793176,795.15,240,360
2025-06-06 12:53:16.995336,795.15,360,270
2025-06-06 12:53:17.329040,793.4,360,270
2025-06-06 12:53:18.197511,793.4,270,300
2025-06-06 12:53:19.400222,793.4,240,210
2025-06-06 12:53:20.806971,793.4,390,180
2025-06-06 12:53:22.001274,793.4,270,300
2025-06-06 12:53:23.203735,793.4,450,210
2025-06-06 12:53:24.405511,793.4,390,240
2025-06-06 12:53:25.618830,793.4,420,210
2025-06-06 12:53:26.817267,793.4,270,240
2025-06-06 12:53:27.335272,792.2,270,240
2025-06-06 12:53:27.935667,791.5,270,240
2025-06-06 12:53:28.209635,791.5,300,210
2025-06-06 12:53:29.413004,791.5,600,240
2025-06-06 12:53:30.485650,791.5,600,240
2025-06-06 12:53:30.536460,789.65,600,240
2025-06-06 12:53:30.624244,789.65,570,210
2025-06-06 12:53:31.823842,789.65,570,300
2025-06-06 12:53:33.033427,789.65,210,450
2025-06-06 12:53:34.137454,788.65,210,450
2025-06-06 12:53:34.235034,788.65,450,300
2025-06-06 12:53:35.424174,788.65,330,420
2025-06-06 12:53:36.629735,788.65,390,330
2025-06-06 12:53:37.852904,788.65,270,270
2025-06-06 12:53:39.029453,788.65,240,270
2025-06-06 12:53:40.239020,788.65,300,420
2025-06-06 12:53:41.438544,788.65,240,420
2025-06-06 12:53:42.684212,788.65,450,210
2025-06-06 12:53:43.889165,788.65,360,300
2025-06-06 12:53:44.374901,794.2,360,300
2025-06-06 12:53:45.039578,794.2,300,270
2025-06-06 12:53:46.245996,794.2,180,270
2025-06-06 12:53:47.446199,794.2,360,390
2025-06-06 12:53:47.755392,795.85,360,390
2025-06-06 12:53:48.842278,795.85,300,270
2025-06-06 12:53:50.044594,795.85,240,390
2025-06-06 12:53:51.251083,795.85,240,360
2025-06-06 12:53:52.448567,795.85,360,300
2025-06-06 12:53:53.650808,795.85,270,180
2025-06-06 12:53:54.852776,795.85,270,210
2025-06-06 12:53:56.054639,795.85,480,240
2025-06-06 12:53:57.257364,795.85,540,360
2025-06-06 12:53:58.459549,795.85,540,510
2025-06-06 12:53:59.856803,801.1,510,270
2025-06-06 12:53:59.955121,801.1,510,270
2025-06-06 12:54:00.477615,801.1,510,270
2025-06-06 12:54:00.955516,800.05,510,270
2025-06-06 12:54:01.058602,800.05,300,420
2025-06-06 12:54:02.261571,800.05,360,780
2025-06-06 12:54:03.463035,800.05,360,720
2025-06-06 12:54:04.158403,800.0,360,720
2025-06-06 12:54:04.666507,800.0,180,480
2025-06-06 12:54:05.556842,800.0,180,480
2025-06-06 12:54:05.867140,800.0,330,690
2025-06-06 12:54:06.356527,797.55,330,690
2025-06-06 12:54:06.962357,799.35,330,690
2025-06-06 12:54:07.076282,799.35,360,450
2025-06-06 12:54:08.274763,799.35,240,240
2025-06-06 12:54:09.473111,795.3,870,300
2025-06-06 12:54:09.561913,795.3,870,300
2025-06-06 12:54:10.675252,795.3,270,180
2025-06-06 12:54:11.878384,795.3,450,150
2025-06-06 12:54:13.082300,795.3,270,420
2025-06-06 12:54:13.992949,797.15,270,420
2025-06-06 12:54:14.480294,797.15,240,240
2025-06-06 12:54:15.683827,798.0,420,240
2025-06-06 12:54:15.765099,798.0,420,240
2025-06-06 12:54:16.884976,798.0,330,240
2025-06-06 12:54:18.096185,798.0,180,240
2025-06-06 12:54:19.298768,798.0,330,270
2025-06-06 12:54:20.167825,795.65,330,270
2025-06-06 12:54:20.690581,795.5,1260,300
2025-06-06 12:54:20.969183,795.5,1260,300
2025-06-06 12:54:21.892514,797.1,270,270
2025-06-06 12:54:21.970457,797.1,270,270
2025-06-06 12:54:23.106713,797.1,300,240
2025-06-06 12:54:24.300143,797.1,300,270
2025-06-06 12:54:25.499987,797.1,630,420
2025-06-06 12:54:26.172796,796.75,630,420
2025-06-06 12:54:26.702521,796.75,300,210
2025-06-06 12:54:27.576398,799.15,300,210
2025-06-06 12:54:27.905231,799.15,330,420
2025-06-06 12:54:28.775256,797.4,330,420
2025-06-06 12:54:29.306114,797.4,1380,330
2025-06-06 12:54:29.575002,797.2,1380,330
2025-06-06 12:54:29.974949,795.0,1380,330
2025-06-06 12:54:30.478670,795.0,1380,330
2025-06-06 12:54:30.505598,787.0,450,270
2025-06-06 12:54:30.976387,787.0,450,270
2025-06-06 12:54:31.709140,787.0,180,240
2025-06-06 12:54:32.486322,787.0,180,240
2025-06-06 12:54:32.487072,787.0,180,240
2025-06-06 12:54:32.913325,787.0,240,300
2025-06-06 12:54:34.310931,787.0,240,210
2025-06-06 12:54:35.514855,787.0,210,330
2025-06-06 12:54:36.779493,787.0,270,330
2025-06-06 12:54:37.589275,787.7,270,330
2025-06-06 12:54:37.936287,788.1,450,360
2025-06-06 12:54:38.000591,788.1,450,360
2025-06-06 12:54:39.345150,788.1,330,300
2025-06-06 12:54:40.524285,788.1,210,300
2025-06-06 12:54:41.774516,788.1,180,240
2025-06-06 12:54:42.929265,787.6,270,270
2025-06-06 12:54:42.986636,787.6,270,270
2025-06-06 12:56:25.320887,808.0,420,420
2025-06-06 12:56:25.448953,806.9,420,420
2025-06-06 12:56:25.493509,806.9,180,360
2025-06-06 12:56:26.892134,806.9,270,270
2025-06-06 12:56:27.449163,801.95,270,270
2025-06-06 12:56:28.057926,803.1,270,270
2025-06-06 12:56:28.097715,803.1,270,270
2025-06-06 12:56:29.304324,803.1,360,240
2025-06-06 12:56:30.249035,804.5,360,240
2025-06-06 12:56:30.485619,804.5,360,240
2025-06-06 12:56:30.499833,804.5,420,240
2025-06-06 12:56:31.849672,804.7,420,240
2025-06-06 12:56:31.898807,804.7,330,300
2025-06-06 12:56:32.051495,802.9,330,300
2025-06-06 12:56:33.055351,803.0,330,300
2025-06-06 12:56:33.116985,803.0,390,480
2025-06-06 12:56:34.056085,803.7,390,480
2025-06-06 12:56:34.308270,802.1,420,300
2025-06-06 12:56:35.055861,802.1,420,300
2025-06-06 12:56:35.506245,802.1,360,270
2025-06-06 12:56:36.455540,802.8,360,270
2025-06-06 12:56:36.706757,802.8,300,300
2025-06-06 12:56:37.455906,802.45,300,300
2025-06-06 12:56:38.117319,802.45,510,390
2025-06-06 12:56:39.316163,802.45,330,270
2025-06-06 12:56:40.512448,802.45,390,210
2025-06-06 12:56:41.717010,802.45,510,210
2025-06-06 12:56:43.124286,802.45,330,150
2025-06-06 12:56:43.458899,804.05,330,150
2025-06-06 12:56:44.063846,803.5,330,150
2025-06-06 12:56:44.317874,803.5,210,270
2025-06-06 12:56:45.058967,802.25,210,270
2025-06-06 12:56:45.519656,802.25,210,390
2025-06-06 12:56:46.727870,802.25,270,600
2025-06-06 12:56:48.130757,804.15,450,390
2025-06-06 12:56:48.263814,805.95,450,390
2025-06-06 12:56:49.062644,804.5,450,390
2025-06-06 12:56:49.326799,804.5,330,360
2025-06-06 12:56:50.527760,804.5,270,270
2025-06-06 12:56:53.065450,804.6,270,270
2025-06-06 12:56:53.136468,804.6,240,630
2025-06-06 12:56:54.330963,804.6,210,660
2025-06-06 12:56:54.865719,804.5,210,660
2025-06-06 12:56:55.534702,804.5,210,600
2025-06-06 12:56:56.736721,804.5,270,570
2025-06-06 12:56:57.069963,804.6,270,570
2025-06-06 12:56:57.938851,804.6,300,360
2025-06-06 12:56:58.795312,805.25,300,360
2025-06-06 12:56:59.143374,805.25,270,330
2025-06-06 12:56:59.269448,805.65,270,330
2025-06-06 12:57:00.069424,805.6,270,330
2025-06-06 12:57:00.344478,805.6,420,420
2025-06-06 12:57:00.484617,805.6,420,420
2025-06-06 12:57:01.470737,805.0,420,420
2025-06-06 12:57:01.744465,805.0,390,330
2025-06-06 12:57:02.984840,805.0,330,300
2025-06-06 12:57:03.481045,806.45,330,300
2025-06-06 12:57:04.150151,806.45,300,330
2025-06-06 12:57:04.281314,805.15,300,330
2025-06-06 12:57:05.081660,804.05,300,330
2025-06-06 12:57:05.351207,804.05,330,360
2025-06-06 12:57:06.758781,804.05,240,420
2025-06-06 12:57:07.673500,804.65,240,420
2025-06-06 12:57:07.950078,806.3,330,360
2025-06-06 12:57:08.072318,806.3,330,360
2025-06-06 12:57:09.072695,805.8,330,360
2025-06-06 12:57:09.153887,805.8,330,270
2025-06-06 12:57:10.074624,805.0,330,270
2025-06-06 12:57:10.357106,805.0,480,240
2025-06-06 12:57:11.073515,807.1,480,240
2025-06-06 12:57:11.763546,807.1,210,180
2025-06-06 12:57:12.474377,807.35,210,180
2025-06-06 12:57:12.959379,807.35,420,360
2025-06-06 12:57:13.476592,808.9,420,360
2025-06-06 12:57:14.160216,807.3,300,450
2025-06-06 12:57:14.278862,808.8,300,450
2025-06-06 12:57:15.077741,807.55,300,450
2025-06-06 12:57:15.363511,807.55,300,390
2025-06-06 12:57:16.078321,806.15,300,390
2025-06-06 12:57:16.762696,805.35,360,390
2025-06-06 12:57:17.080898,805.35,360,390
2025-06-06 12:57:17.765896,805.35,360,270
2025-06-06 12:57:18.969931,805.35,210,330
2025-06-06 12:57:20.084792,804.85,210,330
2025-06-06 12:57:20.368765,804.85,210,390
2025-06-06 12:57:21.570961,804.85,210,390
2025-06-06 12:57:22.781160,804.85,300,390
2025-06-06 12:57:23.989982,804.85,210,360
2025-06-06 12:57:24.331034,805.25,210,360
2025-06-06 12:57:25.115015,804.95,210,360
2025-06-06 12:57:25.209598,805.0,540,390
2025-06-06 12:57:26.109508,806.35,540,390
2025-06-06 12:57:26.398771,804.5,330,330
2025-06-06 12:57:27.101754,804.5,330,330
2025-06-06 12:57:27.606180,804.15,420,450
2025-06-06 12:57:28.104043,804.15,420,450
2025-06-06 12:57:29.017314,804.15,420,180
2025-06-06 12:57:30.199561,804.15,360,150
2025-06-06 12:57:30.506233,804.15,360,150
2025-06-06 12:57:31.402407,804.15,420,240
2025-06-06 12:57:32.589336,804.15,210,360
2025-06-06 12:57:33.314301,801.0,210,360
2025-06-06 12:57:33.806623,801.0,150,210
2025-06-06 12:57:34.324479,800.1,150,210
2025-06-06 12:57:35.012547,801.25,360,300
2025-06-06 12:57:35.119293,801.95,360,300
2025-06-06 12:57:36.214001,801.95,420,300
2025-06-06 12:57:37.400415,797.2,270,420
2025-06-06 12:57:37.490801,797.2,270,420
2025-06-06 12:57:38.091593,797.5,270,420
2025-06-06 12:57:38.606173,797.35,240,270
2025-06-06 12:57:39.091356,797.35,240,270
2025-06-06 12:57:40.001593,797.35,210,360
2025-06-06 12:57:41.202812,797.35,180,270
2025-06-06 12:57:42.404893,797.35,150,300
2025-06-06 12:57:43.612717,797.35,270,330
2025-06-06 12:57:44.810076,797.35,270,390
2025-06-06 12:57:46.054845,797.35,330,390
2025-06-06 12:57:47.217532,797.35,240,390
2025-06-06 12:57:48.100779,797.55,240,390
2025-06-06 12:57:48.418069,797.55,330,330
2025-06-06 12:57:49.648086,797.55,240,360
2025-06-06 12:57:50.500006,798.9,240,360
2025-06-06 12:57:50.820285,798.9,330,300
2025-06-06 12:57:52.021698,798.9,240,330
2025-06-06 12:57:52.900421,797.75,240,330
2025-06-06 12:57:53.229402,800.3,240,330
2025-06-06 12:57:53.310170,800.3,240,330
2025-06-06 12:57:54.427414,800.3,300,180
2025-06-06 12:57:55.106236,800.0,300,180
2025-06-06 12:57:55.643828,800.0,210,390
2025-06-06 12:57:56.107596,800.2,210,390
2025-06-06 12:57:57.030514,800.3,240,300
2025-06-06 12:57:57.112087,800.3,240,300
2025-06-06 12:57:58.244919,800.3,240,390
2025-06-06 12:57:59.431079,800.3,240,300
2025-06-06 12:58:00.484920,800.3,240,300
2025-06-06 12:58:00.640244,800.3,270,360
2025-06-06 12:58:01.507898,802.05,270,360
2025-06-06 12:58:01.836670,802.05,240,420
2025-06-06 12:58:03.039230,802.05,240,600
2025-06-06 12:58:04.244210,802.05,180,570
2025-06-06 12:58:04.709750,803.75,180,570
2025-06-06 12:58:05.444118,803.75,300,240
2025-06-06 12:58:05.912664,803.65,300,240
2025-06-06 12:58:06.645784,803.65,300,480
2025-06-06 12:58:07.120708,805.7,300,480
2025-06-06 12:58:07.851322,805.7,330,300
2025-06-06 12:58:09.051485,805.7,330,390
2025-06-06 12:58:09.740931,809.25,330,390
2025-06-06 12:58:10.449511,809.25,420,600
2025-06-06 12:58:10.713705,809.2,420,600
2025-06-06 12:58:11.650513,809.2,420,240
2025-06-06 12:58:12.854753,809.2,240,450
2025-06-06 12:58:14.057706,809.2,180,240
2025-06-06 12:58:15.257779,809.2,210,210
2025-06-06 12:58:16.459771,809.2,660,270
2025-06-06 12:58:17.463195,809.2,480,210
2025-06-06 12:58:18.665130,809.2,270,300
2025-06-06 12:58:20.063527,809.2,270,210
2025-06-06 12:58:21.268207,809.2,270,270
2025-06-06 12:58:22.485841,809.2,210,270
2025-06-06 12:58:23.688448,809.2,300,300
2025-06-06 12:58:24.875460,809.2,210,390
2025-06-06 12:58:26.273833,809.2,510,210
2025-06-06 12:58:27.477123,809.2,210,270
2025-06-06 12:58:28.680622,809.2,420,240
2025-06-06 12:58:29.883057,809.2,390,210
2025-06-06 12:58:30.481596,809.2,390,210
2025-06-06 12:58:31.282790,809.2,420,210
2025-06-06 12:58:32.484752,804.15,420,420
2025-06-06 12:58:32.524093,804.15,420,420
2025-06-06 12:58:33.137632,804.85,420,420
2025-06-06 12:58:33.687836,806.55,360,240
2025-06-06 12:58:34.136438,806.55,360,240
2025-06-06 12:58:34.889899,806.55,510,210
2025-06-06 12:58:36.091887,807.65,510,210
2025-06-06 12:58:36.136247,807.65,510,210
2025-06-06 12:58:37.492102,807.65,270,330
2025-06-06 12:58:38.708291,807.65,330,270
2025-06-06 12:58:39.907552,807.65,210,270
2025-06-06 12:58:40.526728,804.85,210,270
2025-06-06 12:58:41.103830,804.85,420,150
2025-06-06 12:58:42.313918,804.85,300,210
2025-06-06 12:58:43.139965,804.15,300,210
2025-06-06 12:58:43.700289,804.15,600,300
2025-06-06 12:58:44.903825,804.15,390,480
2025-06-06 12:58:45.141813,803.0,390,480
2025-06-06 12:58:46.118730,803.0,360,180
2025-06-06 12:58:47.316595,803.0,510,210
2025-06-06 12:58:47.950185,800.3,510,210
2025-06-06 12:58:48.766169,800.3,390,210
2025-06-06 12:58:49.913360,800.3,360,240
2025-06-06 12:58:50.739023,805.0,360,240
2025-06-06 12:58:51.123722,805.0,300,390
2025-06-06 12:58:52.320204,805.0,210,180
2025-06-06 12:58:53.522501,805.0,270,210
2025-06-06 12:58:54.728046,805.0,420,240
2025-06-06 12:58:55.923576,805.0,150,240
2025-06-06 12:58:57.346422,805.0,210,240
2025-06-06 12:58:58.524982,805.0,360,270
2025-06-06 12:58:59.753025,805.0,390,240
2025-06-06 12:59:00.483941,805.0,390,240
2025-06-06 12:59:00.931101,805.0,420,300
2025-06-06 12:59:02.141394,803.05,270,330
2025-06-06 12:59:02.150097,803.05,270,330
2025-06-06 12:59:03.335850,803.05,390,210
2025-06-06 12:59:04.740706,803.05,360,540
2025-06-06 12:59:05.950327,803.05,390,780
2025-06-06 12:59:06.744979,800.8,390,780
2025-06-06 12:59:07.145423,800.8,420,330
2025-06-06 12:59:07.346575,797.15,420,330
2025-06-06 12:59:08.148969,799.85,420,330
2025-06-06 12:59:08.347923,799.85,240,360
2025-06-06 12:59:09.150802,799.3,240,360
2025-06-06 12:59:09.745943,799.5,240,450
2025-06-06 12:59:10.148229,799.5,240,450
2025-06-06 12:59:10.944894,800.0,360,180
2025-06-06 12:59:11.152976,800.0,360,180
2025-06-06 12:59:12.150067,797.3,240,300
2025-06-06 12:59:12.150439,797.3,240,300
2025-06-06 12:59:13.350420,797.3,270,390
2025-06-06 12:59:14.150223,800.15,270,390
2025-06-06 12:59:14.557467,800.15,180,360
2025-06-06 12:59:15.349095,800.7,180,360
2025-06-06 12:59:15.754659,800.7,210,270
2025-06-06 12:59:16.152977,800.05,210,270
2025-06-06 12:59:16.960918,799.9,180,510
2025-06-06 12:59:17.152367,799.9,180,510
2025-06-06 12:59:18.356179,799.9,180,270
2025-06-06 12:59:18.550772,800.65,180,270
2025-06-06 12:59:19.552241,799.85,180,270
2025-06-06 12:59:19.558010,799.85,390,360
2025-06-06 12:59:20.556978,800.3,390,360
2025-06-06 12:59:20.761166,800.3,330,270
2025-06-06 12:59:21.967679,800.3,210,270
2025-06-06 12:59:23.165613,800.3,210,570
2025-06-06 12:59:23.552993,798.7,210,570
2025-06-06 12:59:24.450838,798.7,210,270
2025-06-06 12:59:25.575049,798.7,210,240
2025-06-06 12:59:26.787350,798.7,240,360
2025-06-06 12:59:28.172148,798.7,270,240
2025-06-06 12:59:29.057468,799.35,270,240
2025-06-06 12:59:29.374530,799.35,240,330
2025-06-06 12:59:30.486192,799.35,240,330
2025-06-06 12:59:30.577243,799.35,240,300
2025-06-06 12:59:31.862764,799.35,330,330
2025-06-06 12:59:32.390579,795.0,330,330
2025-06-06 12:59:32.986797,795.0,360,240
2025-06-06 12:59:34.241063,793.0,360,240
2025-06-06 12:59:34.384067,793.0,390,300
2025-06-06 12:59:35.585536,793.0,270,300
2025-06-06 12:59:36.786788,793.0,180,480
2025-06-06 12:59:37.990434,793.0,180,240
2025-06-06 12:59:39.197665,793.0,300,210
2025-06-06 12:59:39.765642,790.0,300,210
2025-06-06 12:59:40.166537,788.8,300,210
2025-06-06 12:59:40.593162,789.05,300,300
2025-06-06 12:59:41.166173,789.05,300,300
2025-06-06 12:59:41.796368,788.55,810,330
2025-06-06 12:59:42.169268,788.55,810,330
2025-06-06 12:59:42.999487,788.55,840,360
2025-06-06 12:59:44.201687,788.55,810,210
2025-06-06 12:59:45.406068,788.55,240,450
2025-06-06 12:59:46.626950,788.55,150,300
2025-06-06 12:59:46.770103,788.8,150,300
2025-06-06 12:59:48.004368,788.8,270,180
2025-06-06 12:59:49.206908,788.8,210,270
2025-06-06 12:59:50.409924,788.8,300,360
2025-06-06 12:59:50.569548,788.05,300,360
2025-06-06 12:59:51.174260,788.0,300,360
2025-06-06 12:59:51.616788,788.0,180,630
2025-06-06 12:59:52.688185,786.3,180,630
2025-06-06 12:59:52.861820,786.3,210,360
2025-06-06 12:59:54.017364,786.3,270,270
2025-06-06 12:59:55.416367,786.3,210,270
2025-06-06 12:59:56.374596,788.7,210,270
2025-06-06 12:59:56.627011,788.7,240,540
2025-06-06 12:59:57.838887,788.7,330,540
2025-06-06 12:59:59.027693,788.7,270,450
2025-06-06 13:00:00.239307,786.6,270,450
2025-06-06 13:00:00.304343,786.6,180,330
2025-06-06 13:00:00.532810,786.6,180,330
2025-06-06 13:00:01.255259,786.65,180,330
2025-06-06 13:00:01.684341,786.65,240,360
2025-06-06 13:00:02.190111,783.15,240,360
2025-06-06 13:00:02.829694,781.75,240,270
2025-06-06 13:00:03.209971,780.8,240,270
2025-06-06 13:00:04.032503,783.2,270,300
2025-06-06 13:00:04.181449,781.15,270,300
2025-06-06 13:00:05.179964,782.4,270,300
2025-06-06 13:00:05.238980,782.4,180,300
2025-06-06 13:00:06.180490,782.65,180,300
2025-06-06 13:00:06.648075,782.65,300,210
2025-06-06 13:00:07.183605,780.95,300,210
2025-06-06 13:00:07.837317,780.95,450,360
2025-06-06 13:00:08.186147,777.0,450,360
2025-06-06 13:00:09.041495,775.0,630,330
2025-06-06 13:00:09.185799,775.0,630,330
2025-06-06 13:00:10.191208,777.85,630,330
2025-06-06 13:00:10.245768,777.85,270,390
2025-06-06 13:00:11.643846,777.85,240,300
2025-06-06 13:00:11.985126,775.6,240,300
2025-06-06 13:00:12.845023,775.6,630,360
2025-06-06 13:00:13.386738,775.0,630,360
2025-06-06 13:00:14.048007,775.0,540,570
2025-06-06 13:00:14.445947,775.0,540,570
2025-06-06 13:00:15.186058,777.15,540,570
2025-06-06 13:00:15.251661,777.15,420,360
2025-06-06 13:00:16.187055,779.55,420,360
2025-06-06 13:00:16.662897,779.55,210,240
2025-06-06 13:00:17.656269,779.55,240,240
2025-06-06 13:00:17.787907,779.1,240,240
2025-06-06 13:00:19.055608,779.1,540,240
2025-06-06 13:00:19.587729,778.55,540,240
2025-06-06 13:00:20.197658,778.7,540,240
2025-06-06 13:00:20.257279,778.7,240,270
2025-06-06 13:00:21.460046,778.7,210,180
2025-06-06 13:00:21.790300,777.35,210,180
2025-06-06 13:00:22.188464,778.55,210,180
2025-06-06 13:00:22.662351,778.55,300,390
2025-06-06 13:00:23.788733,779.1,300,390
2025-06-06 13:00:23.864398,779.1,270,420
2025-06-06 13:00:25.067789,779.1,420,150
2025-06-06 13:00:25.998544,781.5,420,150
2025-06-06 13:00:26.269560,781.5,210,180
2025-06-06 13:00:27.392512,783.1,210,180
2025-06-06 13:00:27.669255,783.1,300,360
2025-06-06 13:00:28.870872,783.1,270,300
2025-06-06 13:00:30.076647,783.1,210,210
2025-06-06 13:00:30.195043,785.0,210,210
2025-06-06 13:00:30.482656,785.0,210,210
2025-06-06 13:00:31.195317,787.35,210,210
2025-06-06 13:00:31.276163,787.35,270,330
2025-06-06 13:00:32.826570,787.35,300,270
2025-06-06 13:00:33.684080,787.35,240,210
2025-06-06 13:00:34.883118,787.35,240,240
2025-06-06 13:00:36.282270,787.35,240,240
2025-06-06 13:00:37.485309,787.35,210,360
2025-06-06 13:00:38.000151,785.15,210,360
2025-06-06 13:00:38.686579,785.15,240,240
2025-06-06 13:00:39.888574,785.15,210,210
2025-06-06 13:00:41.092166,785.15,240,210
2025-06-06 13:00:42.294385,785.15,210,210
2025-06-06 13:00:43.202493,785.5,210,210
2025-06-06 13:00:43.495437,785.5,210,540
2025-06-06 13:00:44.699350,785.5,390,390
2025-06-06 13:00:45.900905,785.5,270,300
2025-06-06 13:00:47.100861,785.5,210,480
2025-06-06 13:00:48.304051,785.5,300,420
2025-06-06 13:00:49.505195,785.5,300,210
2025-06-06 13:00:50.707905,785.5,360,270
2025-06-06 13:00:51.907064,785.5,210,300
2025-06-06 13:00:53.111722,785.5,210,240
2025-06-06 13:00:54.725328,785.5,300,180
2025-06-06 13:00:55.513339,785.5,270,330
2025-06-06 13:00:56.209614,788.0,270,330
2025-06-06 13:00:56.719733,788.0,180,510
2025-06-06 13:00:57.808682,788.45,180,510
2025-06-06 13:00:57.916038,788.45,240,270
2025-06-06 13:00:59.124465,788.45,210,420
2025-06-06 13:01:00.324727,788.45,300,240
2025-06-06 13:01:00.485534,788.45,300,240
2025-06-06 13:01:01.525512,788.45,240,420
2025-06-06 13:01:02.730997,788.45,360,240
2025-06-06 13:01:03.924814,788.45,210,270
2025-06-06 13:01:04.218058,792.9,210,270
2025-06-06 13:01:05.149185,792.9,240,360
2025-06-06 13:01:06.334406,791.95,240,420
2025-06-06 13:01:06.415569,791.95,240,420
2025-06-06 13:01:07.528572,791.95,210,210
2025-06-06 13:01:08.742396,791.95,330,330
2025-06-06 13:01:09.816243,795.0,330,330
2025-06-06 13:01:09.930950,795.0,210,180
2025-06-06 13:01:11.147649,795.0,180,270
2025-06-06 13:01:12.338918,795.0,390,480
2025-06-06 13:01:13.536173,795.0,180,510
2025-06-06 13:01:14.738921,795.0,180,270
2025-06-06 13:01:15.939162,795.0,270,240
2025-06-06 13:01:17.147915,795.0,210,360
2025-06-06 13:01:17.419051,795.0,210,360
2025-06-06 13:01:18.342589,795.0,420,210
2025-06-06 13:01:18.820127,795.4,420,210
2025-06-06 13:01:19.745457,795.4,360,300
2025-06-06 13:01:20.634076,799.75,360,300
2025-06-06 13:01:20.944677,799.75,300,780
2025-06-06 13:01:22.153033,799.75,330,180
2025-06-06 13:01:23.349946,799.95,270,330
2025-06-06 13:01:23.424557,799.95,270,330
2025-06-06 13:01:24.274369,798.05,270,330
2025-06-06 13:01:24.748682,798.05,240,270
2025-06-06 13:01:25.228072,796.65,240,270
2025-06-06 13:01:25.951912,795.85,180,360
2025-06-06 13:01:26.231033,795.85,180,360
2025-06-06 13:01:27.155284,795.85,240,450
2025-06-06 13:01:28.253499,796.75,240,450
2025-06-06 13:01:28.356197,796.75,240,330
2025-06-06 13:01:29.557884,796.75,240,420
2025-06-06 13:01:30.483798,796.75,240,420
2025-06-06 13:01:30.759655,796.75,210,300
2025-06-06 13:01:30.828616,797.4,210,300
2025-06-06 13:01:31.234854,795.85,210,300
2025-06-06 13:01:31.962910,795.85,300,390
2025-06-06 13:01:33.164169,795.85,300,180
2025-06-06 13:01:34.562315,795.85,180,210
2025-06-06 13:01:35.031350,796.65,180,210
2025-06-06 13:01:35.234316,795.3,180,210
2025-06-06 13:01:35.766652,795.3,210,270
2025-06-06 13:01:36.965857,795.3,270,390
2025-06-06 13:01:38.172470,795.3,240,240
2025-06-06 13:01:39.472636,795.3,240,270
2025-06-06 13:01:43.777656,795.3,240,330
2025-06-06 13:01:43.778088,796.25,240,330
2025-06-06 13:01:43.779452,796.25,300,180
2025-06-06 13:01:43.865769,796.25,180,300
2025-06-06 13:01:43.978335,796.25,210,300
2025-06-06 13:01:45.179203,796.25,180,300
2025-06-06 13:01:46.381289,796.25,240,330
2025-06-06 13:01:47.037137,796.35,240,330
2025-06-06 13:01:47.582449,796.35,300,210
2025-06-06 13:01:48.436866,798.05,300,210
2025-06-06 13:01:48.784742,798.05,240,300
2025-06-06 13:01:49.984753,798.05,180,420
2025-06-06 13:01:51.186550,798.05,390,390
2025-06-06 13:01:52.395115,798.05,210,360
2025-06-06 13:01:52.439570,797.9,210,360
2025-06-06 13:01:53.592439,797.9,330,210
2025-06-06 13:01:53.840947,790.0,330,210
2025-06-06 13:01:54.793130,790.0,300,300
2025-06-06 13:01:55.994939,790.0,210,240
2025-06-06 13:01:56.443499,789.4,210,240
2025-06-06 13:01:57.197006,789.4,240,240
2025-06-06 13:01:58.404679,789.4,360,210
2025-06-06 13:01:59.800953,795.8,300,270
2025-06-06 13:01:59.843518,795.8,300,270
2025-06-06 13:02:00.484660,795.8,300,270
2025-06-06 13:02:01.001979,795.8,330,240
2025-06-06 13:02:02.203190,791.25,240,300
2025-06-06 13:02:02.246097,791.25,240,300
2025-06-06 13:02:03.403560,791.25,300,330
2025-06-06 13:02:04.605859,791.25,300,180
2025-06-06 13:02:05.807227,791.25,270,300
2025-06-06 13:02:06.731859,793.05,270,300
2025-06-06 13:02:07.008786,793.05,180,330
2025-06-06 13:02:08.210785,793.05,360,270
2025-06-06 13:02:09.414416,793.05,360,300
2025-06-06 13:02:10.620155,793.05,300,180
2025-06-06 13:02:10.850177,791.85,300,180
2025-06-06 13:02:11.248476,793.65,300,180
2025-06-06 13:02:11.815834,793.65,300,480
2025-06-06 13:02:13.017070,793.65,270,360
2025-06-06 13:02:13.852246,795.2,270,360
2025-06-06 13:02:14.227952,795.2,270,270
2025-06-06 13:02:15.421624,795.2,270,360
2025-06-06 13:02:16.670830,795.2,210,360
2025-06-06 13:02:17.827930,795.2,210,240
2025-06-06 13:02:19.026044,795.2,420,210
2025-06-06 13:02:20.240520,795.2,300,210
2025-06-06 13:02:20.664060,795.65,300,210
2025-06-06 13:02:21.640754,795.65,210,390
2025-06-06 13:02:22.849480,795.65,240,300
2025-06-06 13:02:24.034415,795.65,240,180
2025-06-06 13:02:25.239394,795.65,270,450
2025-06-06 13:02:26.438202,795.65,330,570
2025-06-06 13:02:27.651289,795.65,210,360
2025-06-06 13:02:28.134419,796.55,210,360
2025-06-06 13:02:29.122577,796.7,240,300
2025-06-06 13:02:29.155174,796.7,240,300
2025-06-06 13:02:30.276574,796.3,240,210
2025-06-06 13:02:30.291115,796.3,240,210
2025-06-06 13:02:30.508599,796.3,240,210
2025-06-06 13:02:31.262202,796.1,240,210
2025-06-06 13:02:31.444162,796.1,210,390
2025-06-06 13:02:32.651268,796.1,300,300
2025-06-06 13:02:33.846968,794.75,330,300
2025-06-06 13:02:33.864955,794.75,330,300
2025-06-06 13:02:35.049438,794.75,420,180
2025-06-06 13:02:36.251846,794.75,210,240
2025-06-06 13:02:37.657815,794.75,300,300
2025-06-06 13:02:38.852098,794.75,210,300
2025-06-06 13:02:40.054700,793.4,240,270
2025-06-06 13:02:40.064175,793.4,240,270
2025-06-06 13:02:41.257392,793.4,270,300
2025-06-06 13:02:42.459189,793.4,240,360
2025-06-06 13:02:43.661854,793.4,240,300
2025-06-06 13:02:44.863273,793.4,330,270
2025-06-06 13:02:46.064968,793.4,300,240
2025-06-06 13:02:47.270437,793.4,240,360
2025-06-06 13:02:48.666687,793.4,300,240
2025-06-06 13:02:49.869197,793.4,210,330
2025-06-06 13:02:51.072399,793.4,240,240
2025-06-06 13:02:52.277418,793.4,270,270
2025-06-06 13:02:53.674489,793.4,270,330
2025-06-06 13:02:54.886573,793.4,330,240
2025-06-06 13:02:56.087610,793.4,210,270
2025-06-06 13:02:57.293703,793.4,240,210
2025-06-06 13:02:58.486166,793.4,180,330
2025-06-06 13:02:59.885410,793.4,240,210
2025-06-06 13:03:02.444571,793.4,240,210
2025-06-06 13:03:02.446500,793.4,300,330
2025-06-06 13:03:02.487649,793.4,300,360
2025-06-06 13:03:06.321611,793.4,420,210
2025-06-06 13:03:06.373943,793.4,240,300
2025-06-06 13:03:06.438478,793.4,210,240
2025-06-06 13:03:07.100897,793.4,210,270
2025-06-06 13:03:07.880946,794.8,210,270
2025-06-06 13:03:08.500067,794.8,420,240
2025-06-06 13:03:09.483416,794.3,420,240
2025-06-06 13:03:09.705457,794.3,270,210
2025-06-06 13:03:10.904819,794.3,300,240
2025-06-06 13:03:12.084550,794.25,300,240
2025-06-06 13:03:12.123248,794.25,210,300
2025-06-06 13:03:13.322728,794.25,240,390
2025-06-06 13:03:14.508890,794.25,270,510
2025-06-06 13:03:15.737677,794.25,210,240
2025-06-06 13:03:16.952335,794.25,210,390
2025-06-06 13:03:17.161244,794.85,210,390
2025-06-06 13:03:18.117048,794.85,300,240
2025-06-06 13:03:19.321043,794.85,270,270
2025-06-06 13:03:19.488585,794.25,270,270
2025-06-06 13:03:20.521291,794.25,210,210
2025-06-06 13:03:21.944081,794.25,300,240
2025-06-06 13:03:22.891935,794.25,300,240
2025-06-06 13:03:22.924721,794.25,180,210
2025-06-06 13:03:23.289661,792.6,180,210
2025-06-06 13:03:24.333735,792.6,240,240
2025-06-06 13:03:24.489208,792.7,240,240
2025-06-06 13:03:25.290083,792.05,240,240
2025-06-06 13:03:25.525476,792.25,180,180
2025-06-06 13:03:26.290616,792.25,180,180
2025-06-06 13:03:26.742363,790.2,240,270
2025-06-06 13:03:27.290796,790.2,240,270
2025-06-06 13:03:27.932687,792.55,300,510
2025-06-06 13:03:28.293452,792.55,300,510
2025-06-06 13:03:29.178764,794.7,330,360
2025-06-06 13:03:29.293683,794.7,330,360
2025-06-06 13:03:30.340509,794.7,270,270
2025-06-06 13:03:30.484773,794.7,270,270
2025-06-06 13:03:31.496351,794.9,270,270
2025-06-06 13:03:31.539400,794.9,180,480
2025-06-06 13:03:32.742407,794.9,210,270
2025-06-06 13:03:34.150646,794.9,270,270
2025-06-06 13:03:35.348001,794.9,270,240
2025-06-06 13:03:36.548595,794.9,240,270
2025-06-06 13:03:37.746231,794.9,240,210
2025-06-06 13:03:38.947563,794.9,270,300
2025-06-06 13:03:40.101306,790.75,270,300
2025-06-06 13:03:40.163219,790.75,240,270
2025-06-06 13:03:40.901724,792.75,240,270
2025-06-06 13:03:41.352869,792.75,240,300
2025-06-06 13:03:42.555514,792.75,360,240
2025-06-06 13:03:43.793241,792.75,270,240
2025-06-06 13:03:44.958433,792.75,270,510
2025-06-06 13:03:46.170028,792.75,240,420
2025-06-06 13:03:47.559425,792.75,390,240
2025-06-06 13:03:48.760438,792.75,390,210
2025-06-06 13:03:49.963148,792.75,270,270
2025-06-06 13:03:50.916388,792.65,270,270
2025-06-06 13:03:51.164509,792.65,210,300
2025-06-06 13:03:52.366246,792.65,570,150
2025-06-06 13:03:53.568115,792.65,360,210
2025-06-06 13:03:54.707727,794.15,360,210
2025-06-06 13:03:54.770435,794.15,330,240
2025-06-06 13:03:55.972439,794.15,210,300
2025-06-06 13:03:57.178235,794.15,180,210
2025-06-06 13:03:58.374696,794.15,180,240
2025-06-06 13:03:59.575456,794.15,180,210
2025-06-06 13:04:00.485228,794.15,180,210
2025-06-06 13:04:00.715080,792.0,180,210
2025-06-06 13:04:00.778445,792.0,240,270
2025-06-06 13:04:01.980152,792.0,240,300
2025-06-06 13:04:03.183125,792.0,330,180
2025-06-06 13:04:04.383993,792.0,300,210
2025-06-06 13:04:04.515595,791.25,300,210
2025-06-06 13:04:05.516453,791.3,300,210
2025-06-06 13:04:05.584679,791.3,270,180
2025-06-06 13:04:06.786308,791.3,210,210
2025-06-06 13:04:07.988508,791.3,240,330
2025-06-06 13:04:09.265333,791.3,210,270
2025-06-06 13:04:09.810060,794.45,210,270
2025-06-06 13:04:10.419854,794.45,270,270
2025-06-06 13:04:11.677210,794.45,420,240
2025-06-06 13:04:12.793796,794.45,240,270
2025-06-06 13:04:14.009961,794.45,300,240
2025-06-06 13:04:15.196534,794.45,180,300
2025-06-06 13:04:16.399529,794.45,180,390
2025-06-06 13:04:17.602958,794.45,210,270
2025-06-06 13:04:18.806108,794.45,240,240
2025-06-06 13:04:20.124086,789.3,240,240
2025-06-06 13:04:20.204372,788.0,360,300
2025-06-06 13:04:20.329894,788.0,360,300
2025-06-06 13:04:21.331642,785.0,360,300
2025-06-06 13:04:21.411856,785.0,240,360
2025-06-06 13:04:22.611720,785.0,420,240
2025-06-06 13:04:23.814318,785.0,240,270
2025-06-06 13:04:25.232431,785.0,270,210
2025-06-06 13:04:26.413948,785.0,180,270
2025-06-06 13:04:27.618092,785.0,300,240
2025-06-06 13:04:28.819805,785.0,210,330
2025-06-06 13:04:30.225951,785.0,180,270
2025-06-06 13:04:30.551600,785.0,180,270
2025-06-06 13:04:31.421934,785.0,240,390
2025-06-06 13:04:32.141599,784.85,240,390
2025-06-06 13:04:32.625850,784.85,210,300
2025-06-06 13:04:33.826409,784.85,300,240
2025-06-06 13:04:35.317781,784.85,240,210
2025-06-06 13:04:36.427633,784.85,240,210
2025-06-06 13:04:37.629729,784.85,240,180
2025-06-06 13:04:37.738227,783.2,240,180
2025-06-06 13:04:38.832064,783.2,330,330
2025-06-06 13:04:40.035479,783.2,270,210
2025-06-06 13:04:41.242894,783.2,240,240
2025-06-06 13:04:41.742086,782.05,240,240
2025-06-06 13:04:42.644730,782.05,270,240
2025-06-06 13:04:43.841945,782.05,210,270
2025-06-06 13:04:44.146331,782.0,210,270
2025-06-06 13:04:45.041010,782.0,180,330
2025-06-06 13:04:46.152376,782.65,180,330
2025-06-06 13:04:46.248346,782.65,300,360
2025-06-06 13:04:47.653476,782.65,330,210
2025-06-06 13:04:48.846043,782.65,300,270
2025-06-06 13:04:50.047549,782.65,360,330
2025-06-06 13:04:51.249653,782.65,360,180
2025-06-06 13:04:52.454666,782.65,450,270
2025-06-06 13:04:53.156518,781.6,450,270
2025-06-06 13:04:53.665798,781.6,300,270
2025-06-06 13:04:54.741050,781.6,300,270
2025-06-06 13:04:55.922124,781.6,240,210
2025-06-06 13:04:56.036263,781.1,240,210
2025-06-06 13:04:56.346904,781.2,240,210
2025-06-06 13:04:57.135724,781.2,210,330
2025-06-06 13:04:58.063147,781.2,270,240
2025-06-06 13:04:58.353209,781.25,270,240
2025-06-06 13:04:59.462930,781.25,330,210
2025-06-06 13:05:00.485374,781.25,330,210
2025-06-06 13:05:00.671490,781.25,210,240
2025-06-06 13:05:00.962913,782.85,210,240
2025-06-06 13:05:01.350446,780.8,210,240
2025-06-06 13:05:01.865722,780.8,210,240
2025-06-06 13:05:03.076760,780.8,270,210
2025-06-06 13:05:04.270407,780.8,300,240
2025-06-06 13:05:05.163634,783.0,300,240
2025-06-06 13:05:05.473995,783.0,300,240
2025-06-06 13:05:06.681375,783.0,330,300
2025-06-06 13:05:07.880015,783.0,210,210
2025-06-06 13:05:09.081807,783.0,360,210
2025-06-06 13:05:10.479094,783.0,270,240
2025-06-06 13:05:10.553393,785.85,270,240
2025-06-06 13:05:11.684389,785.85,270,270
2025-06-06 13:05:12.884617,785.85,330,360
2025-06-06 13:05:14.089163,785.85,330,270
2025-06-06 13:05:15.486937,785.85,270,240
2025-06-06 13:05:16.700559,785.85,240,180
2025-06-06 13:05:18.088341,785.85,240,270
2025-06-06 13:05:18.560741,786.0,240,270
2025-06-06 13:05:19.311020,786.0,360,210
2025-06-06 13:05:20.318318,786.0,180,300
2025-06-06 13:05:25.688085,786.0,240,210
2025-06-06 13:05:29.190658,786.0,180,330
2025-06-06 13:05:29.269461,786.0,510,270
2025-06-06 13:05:29.272002,784.9,510,270
2025-06-06 13:05:29.272098,784.9,210,300
2025-06-06 13:05:29.272747,784.9,210,300
2025-06-06 13:05:29.280006,784.9,510,300
2025-06-06 13:05:29.376230,784.9,240,270
2025-06-06 13:05:29.381315,784.9,210,270
2025-06-06 13:05:34.398437,784.9,270,360
2025-06-06 13:05:40.208974,784.9,270,360
2025-06-06 13:05:40.209562,784.9,330,360
2025-06-06 13:05:40.210108,784.9,240,270
2025-06-06 13:05:40.210664,784.9,180,240
2025-06-06 13:05:40.211336,784.9,210,180
2025-06-06 13:05:40.231780,784.9,210,270
2025-06-06 13:05:40.256342,784.9,210,360
2025-06-06 13:05:40.297303,787.75,300,240
2025-06-06 13:05:40.297645,787.75,300,240
2025-06-06 13:05:40.312576,787.75,240,210
2025-06-06 13:05:40.929454,787.75,270,300
2025-06-06 13:05:41.975924,786.65,270,300
2025-06-06 13:05:42.354736,786.65,390,210
2025-06-06 13:05:43.816834,786.65,330,180
2025-06-06 13:05:44.223956,786.7,330,180
2025-06-06 13:05:44.771188,786.7,180,270
2025-06-06 13:05:46.177551,786.7,330,180
2025-06-06 13:05:48.711878,786.7,300,180
2025-06-06 13:05:48.814977,785.85,300,180
2025-06-06 13:05:48.903307,785.85,270,360
2025-06-06 13:05:49.185405,787.75,270,360
2025-06-06 13:05:49.540809,787.75,210,330
2025-06-06 13:05:50.818806,787.75,180,300
2025-06-06 13:05:51.381129,787.6,180,300
2025-06-06 13:05:52.700351,787.6,360,270
2025-06-06 13:06:18.077577,787.6,240,210
2025-06-06 13:06:18.594066,787.6,270,210
2025-06-06 13:06:18.595906,787.6,270,270
2025-06-06 13:06:18.596484,787.05,270,270
2025-06-06 13:06:18.596787,787.05,300,300
2025-06-06 13:06:18.636071,787.05,240,270
2025-06-06 13:06:18.688126,787.05,330,240
2025-06-06 13:06:18.689773,787.05,330,240
2025-06-06 13:06:18.689911,787.05,270,240
2025-06-06 13:06:18.734572,787.05,180,210
2025-06-06 13:06:18.739866,787.05,270,240
2025-06-06 13:06:18.741160,787.05,300,240
2025-06-06 13:06:18.775812,787.05,240,270
2025-06-06 13:06:18.776301,787.05,300,450
2025-06-06 13:06:18.777371,787.05,180,360
2025-06-06 13:06:18.818540,787.05,270,240
2025-06-06 13:06:18.820063,787.05,210,180
2025-06-06 13:06:18.855226,787.05,300,240
2025-06-06 13:06:18.856114,787.05,270,180
2025-06-06 13:06:18.858232,787.05,300,300
2025-06-06 13:06:18.858931,787.05,240,300
2025-06-06 13:06:19.079240,787.05,270,270
2025-06-06 13:06:19.292164,787.05,300,330
2025-06-06 13:06:20.491310,787.05,270,180
2025-06-06 13:06:21.132646,789.0,270,180
2025-06-06 13:06:42.905709,789.0,240,240
2025-06-06 13:06:42.980243,789.0,240,300
2025-06-06 13:06:42.981311,789.0,240,330
2025-06-06 13:06:46.048606,789.0,270,300
2025-06-06 13:06:46.048939,789.0,270,210
2025-06-06 13:06:46.049126,789.0,300,360
2025-06-06 13:06:46.049362,790.0,300,360
2025-06-06 13:06:46.489260,790.0,270,330
2025-06-06 13:06:56.498325,790.0,270,270
2025-06-06 13:06:56.499669,790.0,210,240
2025-06-06 13:06:56.500324,790.0,210,240
2025-06-06 13:06:56.500793,792.5,210,240
2025-06-06 13:06:56.501621,792.5,390,240
2025-06-06 13:06:56.506456,792.5,330,450
2025-06-06 13:06:56.826959,792.5,210,360
2025-06-06 13:06:57.020685,792.5,390,240
2025-06-06 13:07:00.279007,792.9,390,240
2025-06-06 13:07:07.303051,792.9,210,390
2025-06-06 13:07:07.303716,791.9,210,390
2025-06-06 13:07:07.768661,791.9,300,180
2025-06-06 13:07:09.247978,791.9,330,390
2025-06-06 13:07:09.552627,791.9,420,330
2025-06-06 13:07:10.431606,791.9,300,270
2025-06-06 13:07:10.511766,791.9,390,330
2025-06-06 13:07:10.516641,791.9,270,300
2025-06-06 13:07:10.522305,791.9,240,360
2025-06-06 13:07:10.728230,791.9,420,240
2025-06-06 13:07:10.745368,785.8,420,240
2025-06-06 13:07:10.745540,785.8,240,300
2025-06-06 13:07:10.844963,785.8,240,210
2025-06-06 13:07:10.845299,786.5,240,210
2025-06-06 13:07:10.848341,786.5,270,270
2025-06-06 13:07:10.850857,786.5,180,240
2025-06-06 13:07:10.853254,786.5,360,360
2025-06-06 13:07:10.853443,784.9,360,360
2025-06-06 13:07:10.854143,784.9,240,360
2025-06-06 13:07:10.947433,784.9,210,180
2025-06-06 13:07:10.958460,785.0,210,180
2025-06-06 13:07:10.964416,785.0,240,240
2025-06-06 13:07:11.031325,785.0,240,360
2025-06-06 13:07:11.032323,785.0,270,240
2025-06-06 13:07:11.033831,784.4,270,240
2025-06-06 13:07:11.034033,784.4,210,360
2025-06-06 13:07:11.035429,784.4,210,360
2025-06-06 13:07:11.037838,785.7,210,360
2025-06-06 13:07:11.038035,785.7,210,390
2025-06-06 13:07:11.038731,785.7,300,240
2025-06-06 13:07:11.045472,785.7,240,270
2025-06-06 13:07:11.046707,785.7,240,270
2025-06-06 13:07:11.048129,785.7,450,270
2025-06-06 13:07:11.049472,785.9,450,270
2025-06-06 13:07:11.067279,785.9,360,300
2025-06-06 13:07:11.068161,785.85,360,300
2025-06-06 13:07:11.068442,785.85,300,210
2025-06-06 13:07:11.069181,785.85,330,270
2025-06-06 13:07:11.275261,785.85,270,210
2025-06-06 13:07:12.471987,785.85,360,270
2025-06-06 13:07:13.686760,785.85,270,210
2025-06-06 13:07:14.879010,785.85,270,150
2025-06-06 13:07:16.084301,785.85,210,270
2025-06-06 13:07:17.081304,785.85,210,240
2025-06-06 13:07:18.288793,785.85,240,150
2025-06-06 13:07:19.431173,782.6,240,150
2025-06-06 13:07:19.690759,782.6,180,270
2025-06-06 13:07:20.429498,782.7,180,270
2025-06-06 13:07:20.884894,782.7,240,150
2025-06-06 13:07:22.089318,782.7,210,270
2025-06-06 13:07:23.240894,781.7,210,270
2025-06-06 13:07:23.292478,781.7,270,270
2025-06-06 13:07:24.033563,779.8,270,270
2025-06-06 13:07:24.693842,779.8,240,330
2025-06-06 13:07:25.892339,779.8,210,240
2025-06-06 13:07:27.094567,779.8,210,240
2025-06-06 13:07:28.238827,779.85,210,240
2025-06-06 13:07:28.297221,779.85,150,240
2025-06-06 13:07:29.726826,779.85,240,240
2025-06-06 13:07:30.486717,779.85,240,240
2025-06-06 13:07:30.834750,777.6,240,240
2025-06-06 13:07:30.903116,777.6,210,420
2025-06-06 13:07:31.836525,780.3,210,420
2025-06-06 13:07:32.104969,780.3,300,240
2025-06-06 13:07:32.635293,777.7,300,240
2025-06-06 13:07:33.305034,777.7,210,240
2025-06-06 13:07:34.507557,777.7,210,150
2025-06-06 13:07:35.906100,777.7,270,300
2025-06-06 13:07:36.640977,780.7,270,300
2025-06-06 13:07:37.110454,780.7,210,360
2025-06-06 13:07:38.333496,780.7,300,360
2025-06-06 13:07:39.514585,780.7,300,450
2025-06-06 13:07:40.724081,780.7,300,450
2025-06-06 13:07:41.044023,783.65,300,450
2025-06-06 13:07:42.116447,783.65,330,240
2025-06-06 13:07:42.445797,782.55,330,240
2025-06-06 13:07:43.322948,782.55,210,390
2025-06-06 13:07:44.247166,782.55,210,390
2025-06-06 13:07:44.522058,782.55,180,570
2025-06-06 13:07:45.731023,782.55,240,210
2025-06-06 13:07:47.124215,779.5,270,210
2025-06-06 13:07:47.247600,779.5,270,210
2025-06-06 13:07:48.334847,779.5,360,390
2025-06-06 13:07:49.529549,779.5,240,240
2025-06-06 13:07:50.741083,779.5,240,300
2025-06-06 13:07:51.447128,780.05,240,300
2025-06-06 13:07:51.933405,780.05,300,270
2025-06-06 13:07:53.135148,780.05,210,330
2025-06-06 13:07:54.399787,780.05,360,210
