Timestamp,LTP,Volume,OI,LastQty,BidQty,AskQty
2025-06-09 10:26:06.000000,846.3,2347800,1194255,90,360,570
2025-06-09 10:26:07.000000,846.45,2347800,1194255,30,360,570
2025-06-09 10:26:07.000000,847.0,2347950,1194255,30,330,180
2025-06-09 10:26:08.000000,848.95,2347950,1194255,30,330,180
2025-06-09 10:26:09.000000,847.0,2348640,1194255,30,390,630
2025-06-09 10:26:09.000000,847.0,2348640,1194255,30,390,630
2025-06-09 10:26:10.000000,847.25,2349240,1194255,30,570,900
2025-06-09 10:26:10.000000,847.25,2349240,1194255,30,570,900
2025-06-09 10:26:11.000000,849.0,2349240,1194255,30,570,900
2025-06-09 10:26:11.000000,849.05,2349660,1194255,30,330,540
2025-06-09 10:26:12.000000,847.25,2349660,1194255,60,330,540
2025-06-09 10:26:12.000000,849.25,2350710,1194255,60,330,720
2025-06-09 10:26:13.000000,847.5,2350710,1194255,30,330,720
2025-06-09 10:26:13.000000,849.25,2351100,1194255,60,360,480
2025-06-09 10:26:14.000000,847.0,2351100,1194255,30,360,480
2025-06-09 10:26:15.000000,848.6,2351280,1194255,30,420,210
2025-06-09 10:26:15.000000,848.6,2351280,1194255,30,420,210
2025-06-09 10:26:16.000000,849.35,2351280,1194255,30,420,210
2025-06-09 10:26:16.000000,849.35,2351460,1194255,30,420,990
2025-06-09 10:26:17.000000,846.85,2351460,1194255,30,420,990
2025-06-09 10:26:17.000000,846.85,2351580,1194255,30,480,330
2025-06-09 10:26:18.000000,846.7,2351580,1194255,30,480,330
2025-06-09 10:26:18.000000,846.4,2352300,1194255,30,270,270
2025-06-09 10:26:19.000000,846.4,2352300,1194255,30,270,270
2025-06-09 10:26:20.000000,847.3,2352360,1194255,30,270,450
2025-06-09 10:26:20.000000,849.2,2352360,1194255,30,270,450
2025-06-09 10:26:21.000000,847.5,2352360,1194255,30,270,450
2025-06-09 10:26:21.000000,847.5,2352540,1194255,30,330,180
2025-06-09 10:26:22.000000,847.5,2352540,1194255,30,330,390
2025-06-09 10:26:23.000000,847.5,2352540,1194255,30,510,150
2025-06-09 10:26:23.000000,848.45,2352540,1194255,30,510,150
2025-06-09 10:26:24.000000,848.45,2352570,1194255,30,450,360
2025-06-09 10:26:24.000000,848.45,2352570,1194255,30,450,360
2025-06-09 10:26:24.000000,848.45,2352570,1194255,30,450,360
2025-06-09 10:26:25.000000,847.25,2352570,1194255,30,450,360
2025-06-09 10:26:26.000000,847.25,2352600,1194255,30,360,240
2025-06-09 10:26:26.000000,848.0,2352600,1194255,30,360,240
2025-06-09 10:26:27.000000,848.7,2352600,1194255,30,360,240
2025-06-09 10:26:27.000000,848.7,2352780,1194255,30,480,510
2025-06-09 10:26:28.000000,848.7,2352780,1194255,30,300,600
2025-06-09 10:26:28.000000,847.15,2352780,1194255,30,300,600
2025-06-09 10:26:29.000000,847.35,2352780,1194255,30,300,600
2025-06-09 10:26:29.000000,847.35,2353290,1194255,30,450,750
2025-06-09 10:26:30.000000,847.35,2353290,1194255,30,450,750
2025-06-09 10:26:30.000000,847.1,2353290,1194255,30,450,750
2025-06-09 10:26:30.000000,846.4,2353590,1194255,30,390,420
2025-06-09 10:26:31.000000,847.6,2353590,1194255,30,390,420
2025-06-09 10:26:32.000000,845.0,2353590,1194255,30,390,420
2025-06-09 10:26:32.000000,845.0,2354430,1194255,30,330,540
2025-06-09 10:26:33.000000,844.0,2354430,1194255,30,330,540
2025-06-09 10:26:33.000000,842.7,2354820,1194255,30,240,270
2025-06-09 10:26:34.000000,842.7,2354820,1194255,30,240,270
2025-06-09 10:26:34.000000,842.95,2354850,1194255,30,450,270
2025-06-09 10:26:35.000000,842.85,2354850,1194255,30,450,270
2025-06-09 10:26:35.000000,843.05,2355150,1194255,30,510,270
2025-06-09 10:26:36.000000,843.1,2355150,1194255,30,510,270
2025-06-09 10:26:36.000000,842.9,2355300,1194255,30,480,600
2025-06-09 10:26:37.000000,844.8,2355300,1194255,30,480,600
2025-06-09 10:26:38.000000,842.85,2355300,1194255,30,480,600
2025-06-09 10:26:38.000000,842.85,2355600,1194255,30,570,1410
2025-06-09 10:26:39.000000,843.7,2355600,1194255,30,570,1410
2025-06-09 10:26:39.000000,843.7,2355720,1194255,30,240,240
2025-06-09 10:26:40.000000,845.0,2355720,1194255,30,240,240
2025-06-09 10:26:40.000000,845.0,2355750,1194255,30,330,1020
2025-06-09 10:26:41.000000,843.35,2355750,1194255,30,330,1020
2025-06-09 10:26:41.000000,843.35,2355840,1194255,30,360,270
2025-06-09 10:26:42.000000,845.65,2355840,1194255,30,360,270
2025-06-09 10:26:43.000000,845.65,2355870,1194255,30,210,480
2025-06-09 10:26:43.000000,845.75,2355870,1194255,30,210,480
2025-06-09 10:26:44.000000,843.55,2355870,1194255,30,210,480
2025-06-09 10:26:44.000000,843.55,2356110,1194255,30,330,990
2025-06-09 10:26:45.000000,845.0,2356110,1194255,30,330,990
2025-06-09 10:26:45.000000,845.0,2356230,1194255,30,510,810
2025-06-09 10:26:46.000000,844.75,2356230,1194255,30,510,810
2025-06-09 10:26:46.000000,844.75,2356290,1194255,30,150,330
2025-06-09 10:26:47.000000,844.75,2356290,1194255,30,300,600
2025-06-09 10:26:48.000000,844.7,2356290,1194255,30,300,600
2025-06-09 10:26:49.000000,844.7,2356320,1194255,30,600,1020
2025-06-09 10:26:49.000000,845.0,2356320,1194255,270,600,1020
2025-06-09 10:26:50.000000,845.0,2356650,1194255,270,240,480
2025-06-09 10:26:50.000000,845.45,2356650,1194255,60,240,480
2025-06-09 10:26:51.000000,844.35,2356650,1194255,30,240,480
2025-06-09 10:26:51.000000,844.2,2358510,1194255,30,240,420
2025-06-09 10:26:52.000000,844.15,2358510,1194255,30,240,420
2025-06-09 10:26:52.000000,846.1,2359770,1194255,60,270,180
2025-06-09 10:26:53.000000,844.05,2359770,1194255,60,270,180
2025-06-09 10:26:54.000000,845.8,2360190,1194255,30,330,390
2025-06-09 10:26:54.000000,845.8,2360190,1194255,30,330,390
2025-06-09 10:26:55.000000,845.5,2360190,1194255,30,330,390
2025-06-09 10:26:55.000000,845.95,2360400,1194255,60,330,240
2025-06-09 10:26:56.000000,850.05,2360400,1194255,30,330,240
2025-06-09 10:26:56.000000,849.9,2361960,1194255,30,210,240
2025-06-09 10:26:57.000000,847.7,2361960,1194255,30,210,240
2025-06-09 10:26:57.000000,847.7,2361990,1194255,30,270,270
2025-06-09 10:26:58.000000,849.85,2361990,1194255,60,270,270
2025-06-09 10:26:58.000000,850.05,2362260,1194255,30,330,720
2025-06-09 10:26:59.000000,848.9,2362260,1194255,60,330,720
2025-06-09 10:27:00.000000,848.9,2362260,1194255,60,330,720
2025-06-09 10:27:00.000000,849.75,2363250,1194255,30,330,570
2025-06-09 10:27:00.000000,850.25,2363250,1194255,30,330,570
2025-06-09 10:27:01.000000,849.75,2363250,1194255,30,330,570
2025-06-09 10:27:01.000000,849.75,2363970,1194255,30,330,330
2025-06-09 10:27:02.000000,849.55,2363970,1194255,30,330,330
2025-06-09 10:27:02.000000,849.55,2364000,1194255,30,420,330
2025-06-09 10:27:03.000000,849.85,2364000,1194255,30,420,330
2025-06-09 10:27:03.000000,849.85,2364360,1194255,30,360,630
2025-06-09 10:27:04.000000,848.7,2364360,1194255,30,360,630
2025-06-09 10:27:05.000000,847.95,2364510,1194255,30,330,420
2025-06-09 10:27:05.000000,847.95,2364510,1194255,30,330,420
2025-06-09 10:27:06.000000,845.8,2364600,1194255,30,210,510
2025-06-09 10:27:06.000000,845.8,2364600,1194255,30,210,510
2025-06-09 10:27:07.000000,845.8,2364600,1194255,30,240,330
2025-06-09 10:27:07.000000,846.15,2364600,1194255,30,240,330
2025-06-09 10:27:08.000000,844.2,2364600,1194255,30,240,330
2025-06-09 10:27:08.000000,844.2,2364870,1194255,30,570,330
2025-06-09 10:27:09.000000,844.1,2364870,1194255,30,570,330
2025-06-09 10:27:09.000000,844.8,2364990,1194255,30,600,330
2025-06-09 10:27:10.000000,845.3,2364990,1194255,30,600,330
2025-06-09 10:27:11.000000,844.15,2365800,1194255,120,210,270
2025-06-09 10:27:11.000000,847.0,2365800,1194255,30,210,270
2025-06-09 10:27:12.000000,844.95,2366400,1194255,30,540,300
2025-06-09 10:27:12.000000,844.95,2366400,1194255,30,540,300
2025-06-09 10:27:13.000000,845.4,2366400,1194255,30,540,300
2025-06-09 10:27:13.000000,845.4,2366430,1194255,30,540,390
2025-06-09 10:27:14.000000,845.4,2366430,1194255,30,810,390
2025-06-09 10:27:14.000000,844.6,2366430,1194255,30,810,390
2025-06-09 10:27:15.000000,847.0,2366430,1194255,30,810,390
2025-06-09 10:27:16.000000,847.0,2366580,1194255,30,570,240
2025-06-09 10:27:16.000000,845.55,2366580,1194255,30,570,240
2025-06-09 10:27:17.000000,845.85,2367810,1194255,30,240,210
2025-06-09 10:27:17.000000,845.85,2367810,1194255,30,240,210
2025-06-09 10:27:18.000000,847.0,2367810,1194255,30,240,210
2025-06-09 10:27:18.000000,847.0,2367870,1194255,30,240,450
2025-06-09 10:27:19.000000,845.7,2367870,1194255,30,240,450
2025-06-09 10:27:19.000000,845.7,2368260,1194255,30,1080,450
2025-06-09 10:27:20.000000,844.95,2368260,1194255,60,1080,450
2025-06-09 10:27:20.000000,844.95,2368650,1194255,60,750,360
2025-06-09 10:27:21.000000,844.15,2368650,1194255,30,750,360
2025-06-09 10:27:22.000000,844.0,2369010,1194255,30,300,390
2025-06-09 10:27:22.000000,844.95,2369010,1194255,30,300,390
2025-06-09 10:27:23.000000,844.9,2369010,1194255,30,300,390
2025-06-09 10:27:23.000000,844.9,2369160,1194255,30,240,300
2025-06-09 10:27:24.000000,845.65,2369160,1194255,30,240,300
2025-06-09 10:27:24.000000,848.55,2369880,1194255,30,450,1170
2025-06-09 10:27:25.000000,856.05,2369880,1194255,60,450,1170
2025-06-09 10:27:25.000000,855.75,2373150,1194255,30,570,360
2025-06-09 10:27:26.000000,853.75,2373150,1194255,60,570,360
2025-06-09 10:27:27.000000,857.9,2374200,1194255,30,270,420
2025-06-09 10:27:27.000000,854.65,2374200,1194255,150,270,420
2025-06-09 10:27:28.000000,854.65,2374500,1194255,150,510,240
2025-06-09 10:27:28.000000,855.85,2374500,1194255,30,510,240
2025-06-09 10:27:29.000000,854.6,2374500,1194255,30,510,240
2025-06-09 10:27:29.000000,854.6,2374830,1194255,30,270,300
2025-06-09 10:27:30.000000,854.6,2374830,1194255,30,270,300
2025-06-09 10:27:30.000000,854.3,2374830,1194255,30,270,300
2025-06-09 10:27:30.000000,857.55,2375070,1194255,30,270,300
2025-06-09 10:27:31.000000,857.55,2375070,1194255,30,270,300
2025-06-09 10:27:32.000000,857.55,2375100,1194255,30,240,330
2025-06-09 10:27:32.000000,858.0,2375100,1194255,30,240,330
2025-06-09 10:27:33.000000,856.2,2375370,1194255,30,180,420
2025-06-09 10:27:33.000000,857.9,2375370,1194255,30,180,420
2025-06-09 10:27:34.000000,858.6,2375370,1194255,30,180,420
2025-06-09 10:27:34.000000,859.0,2376870,1194255,30,180,300
2025-06-09 10:27:35.000000,856.3,2376870,1194255,30,180,300
2025-06-09 10:27:35.000000,856.3,2377530,1194255,30,330,300
2025-06-09 10:27:36.000000,855.75,2377530,1194255,90,330,300
2025-06-09 10:27:37.000000,855.15,2378460,1194255,180,810,270
2025-06-09 10:27:37.000000,856.05,2378460,1194255,30,810,270
2025-06-09 10:27:38.000000,854.4,2379840,1194255,120,960,330
2025-06-09 10:27:38.000000,854.4,2379840,1196805,120,960,330
2025-06-09 10:27:39.000000,855.4,2379840,1196805,60,960,330
2025-06-09 10:27:39.000000,854.1,2389800,1196805,30,660,420
2025-06-09 10:27:40.000000,853.65,2389800,1196805,30,660,420
2025-06-09 10:27:40.000000,853.35,2391300,1196805,30,1680,360
2025-06-09 10:27:41.000000,853.3,2391300,1196805,30,1680,360
2025-06-09 10:27:42.000000,852.65,2392170,1196805,30,750,630
2025-06-09 10:27:42.000000,852.0,2392170,1196805,30,750,630
2025-06-09 10:27:43.000000,852.95,2392650,1196805,30,1170,510
2025-06-09 10:27:43.000000,852.55,2392650,1196805,60,1170,510
2025-06-09 10:27:44.000000,850.25,2392650,1196805,60,1170,510
2025-06-09 10:27:44.000000,850.25,2393490,1196805,60,630,450
2025-06-09 10:27:45.000000,851.85,2393490,1196805,30,630,450
2025-06-09 10:27:45.000000,849.5,2394390,1196805,30,750,270
2025-06-09 10:27:46.000000,850.8,2394390,1196805,30,750,270
2025-06-09 10:27:47.000000,848.4,2394750,1196805,210,480,360
2025-06-09 10:27:47.000000,848.4,2394750,1196805,210,480,360
2025-06-09 10:27:48.000000,850.15,2394960,1196805,90,900,510
2025-06-09 10:27:48.000000,847.9,2394960,1196805,120,900,510
2025-06-09 10:27:49.000000,849.55,2394960,1196805,30,900,510
2025-06-09 10:27:49.000000,849.55,2395200,1196805,30,750,780
2025-06-09 10:27:50.000000,847.4,2395200,1196805,30,750,780
2025-06-09 10:27:50.000000,848.6,2395380,1196805,30,630,1050
2025-06-09 10:27:51.000000,848.55,2395380,1196805,30,630,1050
2025-06-09 10:27:52.000000,849.2,2397150,1196805,30,720,810
2025-06-09 10:27:52.000000,849.2,2397150,1196805,30,720,810
2025-06-09 10:27:53.000000,847.7,2397330,1196805,150,870,1230
2025-06-09 10:27:53.000000,847.7,2397330,1196805,150,870,1230
2025-06-09 10:27:54.000000,846.45,2397330,1196805,30,870,1230
2025-06-09 10:27:54.000000,846.45,2397990,1196805,30,600,270
2025-06-09 10:27:55.000000,845.0,2397990,1196805,30,600,270
2025-06-09 10:27:55.000000,845.0,2398320,1196805,30,330,600
2025-06-09 10:27:56.000000,844.15,2398320,1196805,30,330,600
2025-06-09 10:27:57.000000,843.55,2398770,1196805,30,480,300
2025-06-09 10:27:57.000000,843.55,2398770,1196805,30,480,300
2025-06-09 10:27:58.000000,842.1,2399040,1196805,30,780,570
2025-06-09 10:27:58.000000,842.1,2399040,1196805,30,780,570
2025-06-09 10:27:59.000000,840.3,2399040,1196805,30,780,570
2025-06-09 10:27:59.000000,840.3,2400090,1196805,30,570,870
2025-06-09 10:28:00.000000,840.3,2400090,1196805,30,570,870
2025-06-09 10:28:00.000000,842.15,2400090,1196805,30,570,870
2025-06-09 10:28:00.000000,842.15,2400120,1196805,30,630,1140
2025-06-09 10:28:01.000000,840.3,2400120,1196805,30,630,1140
2025-06-09 10:28:01.000000,841.9,2400870,1196805,30,2880,870
2025-06-09 10:28:02.000000,841.85,2400870,1196805,30,2880,870
2025-06-09 10:28:03.000000,840.1,2401020,1196805,30,2490,2430
2025-06-09 10:28:03.000000,840.0,2401020,1196805,30,2490,2430
2025-06-09 10:28:04.000000,840.0,2402250,1196805,30,660,2490
2025-06-09 10:28:05.000000,840.0,2402250,1196805,30,660,2490
2025-06-09 10:28:05.000000,840.0,2402310,1196805,30,690,1320
2025-06-09 10:28:06.000000,840.0,2402310,1196805,30,690,1320
2025-06-09 10:28:06.000000,839.15,2402880,1196805,120,720,930
2025-06-09 10:28:07.000000,839.9,2402880,1196805,30,720,930
2025-06-09 10:28:08.000000,836.6,2403690,1196805,30,990,330
2025-06-09 10:28:08.000000,836.6,2403690,1196805,30,990,330
2025-06-09 10:28:09.000000,835.0,2404020,1196805,90,690,1740
2025-06-09 10:28:09.000000,836.25,2404020,1196805,30,690,1740
2025-06-09 10:28:10.000000,833.35,2404020,1196805,30,690,1740
2025-06-09 10:28:10.000000,833.35,2405910,1196805,30,240,450
2025-06-09 10:28:11.000000,833.5,2405910,1196805,30,240,450
2025-06-09 10:28:11.000000,833.5,2406240,1196805,30,390,270
2025-06-09 10:28:12.000000,833.15,2406240,1196805,30,390,270
2025-06-09 10:28:13.000000,832.95,2406660,1196805,30,780,1980
2025-06-09 10:28:13.000000,834.3,2406660,1196805,30,780,1980
2025-06-09 10:28:14.000000,832.75,2406870,1196805,30,300,3090
2025-06-09 10:28:14.000000,833.0,2406870,1196805,30,300,3090
2025-06-09 10:28:15.000000,834.55,2411640,1196805,30,1290,480
2025-06-09 10:28:15.000000,834.55,2411640,1196805,30,1290,480
2025-06-09 10:28:16.000000,835.5,2411640,1196805,30,1290,480
2025-06-09 10:28:16.000000,835.5,2411760,1196805,30,720,540
2025-06-09 10:28:17.000000,835.3,2411760,1196805,30,720,540
2025-06-09 10:28:17.000000,837.75,2412450,1196805,60,210,750
2025-06-09 10:28:18.000000,835.95,2412450,1196805,30,210,750
2025-06-09 10:28:18.000000,837.3,2412750,1196805,30,150,390
2025-06-09 10:28:19.000000,837.3,2412750,1196805,30,150,390
2025-06-09 10:28:20.000000,835.85,2413230,1196805,30,330,750
2025-06-09 10:28:20.000000,837.75,2413230,1196805,30,330,750
2025-06-09 10:28:21.000000,837.5,2413230,1196805,30,330,750
2025-06-09 10:28:21.000000,837.65,2413410,1196805,30,210,840
2025-06-09 10:28:22.000000,839.65,2413410,1196805,30,210,840
2025-06-09 10:28:22.000000,839.95,2414790,1196805,60,240,420
2025-06-09 10:28:23.000000,836.85,2414790,1196805,60,240,420
2025-06-09 10:28:23.000000,836.85,2414940,1196805,60,480,270
2025-06-09 10:28:24.000000,836.35,2414940,1196805,30,480,270
2025-06-09 10:28:25.000000,837.3,2415000,1196805,30,480,420
2025-06-09 10:28:25.000000,837.3,2415000,1196805,30,480,420
2025-06-09 10:28:26.000000,837.45,2415030,1196805,30,450,270
2025-06-09 10:28:26.000000,837.45,2415030,1196805,30,450,270
2025-06-09 10:28:27.000000,838.95,2415030,1196805,30,450,270
2025-06-09 10:28:27.000000,838.85,2415150,1196805,30,240,330
2025-06-09 10:28:28.000000,837.6,2415150,1196805,30,240,330
2025-06-09 10:28:28.000000,837.6,2415300,1196805,30,990,1500
2025-06-09 10:28:29.000000,836.75,2415300,1196805,30,990,1500
2025-06-09 10:28:29.000000,835.0,2415450,1196805,30,570,300
2025-06-09 10:28:30.000000,835.0,2415450,1196805,30,570,300
2025-06-09 10:28:30.000000,836.5,2415450,1196805,30,570,300
2025-06-09 10:28:31.000000,836.8,2415750,1196805,30,240,1710
2025-06-09 10:28:31.000000,836.8,2415750,1196805,30,240,1710
2025-06-09 10:28:32.000000,836.8,2415750,1196805,60,240,1710
2025-06-09 10:28:32.000000,836.8,2415930,1196805,60,390,1500
2025-06-09 10:28:33.000000,835.0,2415930,1196805,30,390,1500
2025-06-09 10:28:33.000000,835.0,2416020,1196805,30,330,360
2025-06-09 10:28:34.000000,836.4,2416020,1196805,30,330,360
2025-06-09 10:28:34.000000,836.4,2416140,1196805,30,420,1530
2025-06-09 10:28:35.000000,834.55,2416140,1196805,30,420,1530
2025-06-09 10:28:36.000000,834.0,2416410,1196805,30,330,210
2025-06-09 10:28:36.000000,835.0,2416410,1196805,30,330,210
2025-06-09 10:28:37.000000,835.7,2416530,1196805,30,1020,270
2025-06-09 10:28:37.000000,835.7,2416530,1196805,30,1020,270
2025-06-09 10:28:38.000000,833.4,2416530,1196805,30,1020,270
2025-06-09 10:28:38.000000,833.4,2416830,1196805,30,270,540
2025-06-09 10:28:39.000000,836.1,2416830,1196805,30,270,540
2025-06-09 10:28:39.000000,834.35,2419080,1196805,30,270,1440
2025-06-09 10:28:40.000000,836.5,2419080,1196805,30,270,1440
2025-06-09 10:28:40.000000,836.5,2419170,1196805,30,810,1500
2025-06-09 10:28:41.000000,835.1,2419170,1196805,30,810,1500
2025-06-09 10:28:42.000000,835.4,2419920,1196805,30,180,1050
2025-06-09 10:28:42.000000,835.4,2419920,1196805,30,180,1050
2025-06-09 10:28:43.000000,836.1,2419920,1196805,30,180,1050
2025-06-09 10:28:43.000000,836.1,2420040,1196805,30,450,960
2025-06-09 10:28:44.000000,837.45,2420040,1196805,30,450,960
2025-06-09 10:28:44.000000,837.45,2420940,1196805,30,1050,330
2025-06-09 10:28:45.000000,839.05,2420940,1196805,30,1050,330
2025-06-09 10:28:45.000000,837.6,2421120,1196805,30,660,480
2025-06-09 10:28:46.000000,838.8,2421120,1196805,30,660,480
2025-06-09 10:28:47.000000,838.8,2421150,1196805,30,270,480
2025-06-09 10:28:47.000000,837.45,2421150,1196805,30,270,480
2025-06-09 10:28:48.000000,837.75,2421480,1196805,30,240,420
2025-06-09 10:28:48.000000,837.75,2421480,1196805,30,240,420
2025-06-09 10:28:49.000000,837.7,2421480,1196805,30,240,420
2025-06-09 10:28:49.000000,837.45,2421540,1196805,30,240,330
2025-06-09 10:28:50.000000,836.2,2421540,1196805,30,240,330
2025-06-09 10:28:50.000000,836.1,2421660,1196805,30,330,360
2025-06-09 10:28:51.000000,836.1,2421660,1196805,120,330,360
2025-06-09 10:28:51.000000,837.95,2421840,1196805,30,240,420
2025-06-09 10:28:52.000000,837.95,2421840,1196805,30,240,420
2025-06-09 10:28:53.000000,836.35,2421870,1196805,30,240,210
2025-06-09 10:28:53.000000,838.0,2421870,1196805,60,240,210
2025-06-09 10:28:54.000000,839.0,2421960,1196805,30,270,360
2025-06-09 10:28:54.000000,839.0,2421960,1196805,30,270,360
2025-06-09 10:28:55.000000,837.75,2421960,1196805,30,270,360
2025-06-09 10:28:55.000000,837.75,2422230,1196805,30,840,270
2025-06-09 10:28:56.000000,837.75,2422230,1196805,30,900,300
2025-06-09 10:28:56.000000,837.0,2422230,1196805,30,900,300
2025-06-09 10:28:57.000000,838.0,2422230,1196805,30,900,300
2025-06-09 10:28:57.000000,838.75,2422620,1196805,30,180,360
2025-06-09 10:28:58.000000,838.15,2422620,1196805,30,180,360
2025-06-09 10:28:59.000000,838.65,2422890,1196805,30,270,330
2025-06-09 10:28:59.000000,838.65,2422890,1196805,30,270,330
2025-06-09 10:29:00.000000,838.9,2423370,1196805,30,450,270
2025-06-09 10:29:00.000000,838.0,2423370,1196805,30,450,270
2025-06-09 10:29:01.000000,839.25,2423370,1196805,30,450,270
2025-06-09 10:29:01.000000,839.25,2423550,1196805,30,1020,360
2025-06-09 10:29:02.000000,837.6,2423550,1196805,60,1020,360
2025-06-09 10:29:02.000000,837.3,2423970,1196805,30,510,300
2025-06-09 10:29:03.000000,839.3,2423970,1196805,30,510,300
2025-06-09 10:29:04.000000,839.3,2424270,1196805,30,270,570
2025-06-09 10:29:04.000000,838.65,2424270,1196805,30,270,570
2025-06-09 10:29:05.000000,838.65,2424300,1196805,30,930,210
2025-06-09 10:29:05.000000,836.35,2424300,1196805,30,930,210
2025-06-09 10:29:06.000000,836.25,2424300,1196805,30,930,210
2025-06-09 10:29:06.000000,836.25,2424360,1196805,30,510,270
2025-06-09 10:29:07.000000,838.15,2424360,1196805,30,510,270
2025-06-09 10:29:07.000000,838.15,2424480,1196805,30,480,360
2025-06-09 10:29:08.000000,838.15,2424480,1196805,30,450,330
2025-06-09 10:29:09.000000,838.65,2424480,1196805,30,450,330
2025-06-09 10:29:10.000000,838.65,2424570,1196805,30,240,450
2025-06-09 10:29:10.000000,839.0,2424570,1196805,30,240,450
2025-06-09 10:29:11.000000,839.05,2424570,1196805,30,240,450
2025-06-09 10:29:11.000000,839.05,2424690,1196805,30,210,300
2025-06-09 10:29:12.000000,837.4,2424690,1196805,30,210,300
2025-06-09 10:29:12.000000,837.4,2424810,1196805,30,240,300
2025-06-09 10:29:13.000000,838.75,2424810,1196805,30,240,300
2025-06-09 10:29:13.000000,838.75,2424840,1196805,30,300,240
2025-06-09 10:29:14.000000,836.55,2424840,1196805,30,300,240
2025-06-09 10:29:14.000000,836.55,2424990,1196805,30,1350,240
2025-06-09 10:29:16.000000,838.25,2425020,1196805,30,270,300
2025-06-09 10:29:16.000000,838.3,2425020,1196805,30,270,300
2025-06-09 10:29:17.000000,838.0,2425020,1196805,30,270,300
2025-06-09 10:29:17.000000,838.0,2425230,1196805,30,750,420
2025-06-09 10:29:18.000000,836.0,2425230,1196805,30,750,420
2025-06-09 10:29:18.000000,837.65,2425350,1196805,30,330,300
2025-06-09 10:29:19.000000,838.2,2425350,1196805,30,330,300
2025-06-09 10:29:19.000000,840.0,2425770,1196805,30,240,270
2025-06-09 10:29:20.000000,840.0,2425770,1196805,30,240,270
2025-06-09 10:29:21.000000,839.1,2426100,1196805,180,300,270
2025-06-09 10:29:21.000000,839.75,2426100,1196805,30,300,270
2025-06-09 10:29:22.000000,837.85,2426100,1196805,30,300,270
2025-06-09 10:29:22.000000,837.85,2426190,1196805,30,270,300
2025-06-09 10:29:23.000000,838.15,2426190,1196805,30,270,300
2025-06-09 10:29:23.000000,838.15,2426220,1196805,30,1050,330
2025-06-09 10:29:24.000000,839.35,2426220,1196805,60,1050,330
2025-06-09 10:29:24.000000,838.0,2426370,1196805,30,1080,270
2025-06-09 10:29:25.000000,838.0,2426370,1196805,30,1080,270
2025-06-09 10:29:26.000000,839.8,2426400,1196805,30,1230,300
2025-06-09 10:29:26.000000,839.8,2426400,1196805,30,1230,300
2025-06-09 10:29:27.000000,839.7,2426400,1196805,60,1230,300
2025-06-09 10:29:27.000000,839.7,2426580,1196805,60,1140,420
2025-06-09 10:29:28.000000,839.55,2426580,1196805,30,1140,420
2025-06-09 10:29:28.000000,839.55,2426640,1196805,30,1170,420
2025-06-09 10:29:29.000000,839.55,2426640,1196805,30,1230,270
2025-06-09 10:29:30.000000,839.55,2426640,1196805,30,1230,270
2025-06-09 10:29:30.000000,839.7,2426640,1196805,30,1230,270
2025-06-09 10:29:31.000000,839.75,2426700,1196805,30,1020,390
2025-06-09 10:29:31.000000,839.6,2426700,1196805,30,1020,390
2025-06-09 10:29:32.000000,838.0,2426790,1196805,30,1020,450
2025-06-09 10:29:32.000000,838.0,2426790,1196805,30,1020,450
2025-06-09 10:29:33.000000,838.0,2426850,1196805,30,1020,240
2025-06-09 10:29:34.000000,838.0,2426850,1196805,30,1050,540
2025-06-09 10:29:35.000000,839.85,2426850,1196805,90,1050,540
2025-06-09 10:29:36.000000,839.85,2427000,1196805,90,1170,330
2025-06-09 10:29:36.000000,839.65,2427000,1196805,30,1170,330
2025-06-09 10:29:37.000000,839.65,2427270,1196805,30,1020,390
2025-06-09 10:29:37.000000,839.65,2427270,1196805,30,1020,390
2025-06-09 10:29:38.000000,838.1,2427300,1196805,30,990,330
2025-06-09 10:29:38.000000,838.1,2427300,1196805,30,990,330
2025-06-09 10:29:39.000000,839.4,2427300,1196805,30,990,330
2025-06-09 10:29:39.000000,840.6,2427750,1196805,60,540,420
2025-06-09 10:29:40.000000,840.6,2427750,1196805,60,540,420
2025-06-09 10:29:41.000000,840.35,2427870,1196805,30,300,240
2025-06-09 10:29:41.000000,841.8,2427870,1196805,30,300,240
2025-06-09 10:29:42.000000,842.0,2428380,1196805,30,270,360
2025-06-09 10:29:42.000000,841.0,2428380,1196805,30,270,360
2025-06-09 10:29:43.000000,841.95,2428380,1196805,30,270,360
2025-06-09 10:29:43.000000,843.0,2429130,1196805,60,330,180
2025-06-09 10:29:44.000000,841.35,2429130,1196805,30,330,180
2025-06-09 10:29:44.000000,841.35,2429280,1196805,30,600,330
2025-06-09 10:29:45.000000,843.4,2429280,1196805,60,600,330
2025-06-09 10:29:46.000000,843.4,2429370,1196805,30,300,330
2025-06-09 10:29:46.000000,843.4,2429370,1196805,30,300,330
2025-06-09 10:29:47.000000,844.55,2429790,1196805,30,270,240
2025-06-09 10:29:47.000000,844.55,2429790,1196805,30,270,240
2025-06-09 10:29:48.000000,843.55,2430330,1196805,30,630,150
2025-06-09 10:29:49.000000,843.55,2430330,1196805,30,630,150
2025-06-09 10:29:49.000000,843.55,2430330,1196805,30,390,210
2025-06-09 10:29:50.000000,844.5,2430330,1196805,30,390,210
2025-06-09 10:29:51.000000,844.5,2430450,1196805,30,480,210
2025-06-09 10:29:51.000000,843.6,2430450,1196805,30,480,210
2025-06-09 10:29:52.000000,842.2,2430570,1196805,90,390,270
2025-06-09 10:29:52.000000,842.2,2430570,1196805,90,390,270
2025-06-09 10:29:53.000000,843.9,2430570,1196805,60,390,270
2025-06-09 10:29:53.000000,843.9,2430930,1196805,60,840,330
2025-06-09 10:29:54.000000,842.5,2430930,1196805,30,840,330
2025-06-09 10:29:54.000000,842.5,2431170,1196805,30,660,300
2025-06-09 10:29:55.000000,843.15,2431170,1196805,30,660,300
2025-06-09 10:29:56.000000,843.15,2431230,1196805,30,300,240
2025-06-09 10:29:56.000000,842.2,2431230,1196805,30,300,240
2025-06-09 10:29:57.000000,843.35,2431410,1196805,30,300,300
2025-06-09 10:29:57.000000,843.35,2431410,1196805,30,300,300
2025-06-09 10:29:58.000000,842.0,2431410,1196805,30,300,300
2025-06-09 10:29:58.000000,842.0,2431560,1196805,30,570,330
2025-06-09 10:29:59.000000,841.9,2431560,1196805,30,570,330
2025-06-09 10:29:59.000000,841.9,2431740,1196805,30,300,270
2025-06-09 10:30:00.000000,841.9,2431740,1196805,30,300,270
2025-06-09 10:30:01.000000,841.9,2431740,1196805,30,630,420
2025-06-09 10:30:01.000000,842.4,2431740,1196805,60,630,420
2025-06-09 10:30:02.000000,843.35,2431830,1196805,30,390,270
2025-06-09 10:30:02.000000,843.35,2431830,1196805,30,390,270
2025-06-09 10:30:03.000000,843.85,2431830,1196805,30,390,270
2025-06-09 10:30:03.000000,843.4,2431920,1196805,30,300,300
2025-06-09 10:30:04.000000,841.85,2431920,1196805,30,300,300
2025-06-09 10:30:04.000000,841.95,2432550,1196805,30,630,300
2025-06-09 10:30:05.000000,841.7,2432550,1196805,30,630,300
2025-06-09 10:30:06.000000,840.55,2432700,1196805,30,360,330
2025-06-09 10:30:06.000000,840.55,2432700,1196805,30,360,330
2025-06-09 10:30:07.000000,842.35,2432940,1196805,30,420,300
2025-06-09 10:30:07.000000,842.35,2432940,1196805,30,420,300
2025-06-09 10:30:08.000000,840.05,2432940,1196805,30,420,300
2025-06-09 10:30:08.000000,840.05,2432970,1196805,30,330,450
2025-06-09 10:30:09.000000,840.1,2432970,1196805,30,330,450
2025-06-09 10:30:09.000000,840.1,2433000,1196805,30,390,210
2025-06-09 10:30:10.000000,840.0,2433000,1196805,30,390,210
2025-06-09 10:30:11.000000,840.35,2433120,1196805,30,510,210
2025-06-09 10:30:11.000000,840.35,2433120,1196805,30,510,210
2025-06-09 10:30:12.000000,841.2,2433270,1196805,30,540,270
2025-06-09 10:30:12.000000,841.2,2433270,1196805,30,540,270
2025-06-09 10:30:13.000000,840.0,2433270,1196805,30,540,270
2025-06-09 10:30:13.000000,838.4,2433930,1196805,30,390,510
2025-06-09 10:30:14.000000,838.75,2433930,1196805,30,390,510
2025-06-09 10:30:15.000000,838.7,2434050,1196805,30,240,300
2025-06-09 10:30:15.000000,838.7,2434050,1196805,30,240,300
2025-06-09 10:30:16.000000,838.7,2434050,1196805,30,690,270
2025-06-09 10:30:16.000000,840.0,2434050,1196805,30,690,270
2025-06-09 10:30:17.000000,839.1,2434320,1196805,180,510,360
2025-06-09 10:30:17.000000,839.1,2434320,1196805,180,510,360
2025-06-09 10:30:18.000000,840.35,2434320,1196805,30,510,360
2025-06-09 10:30:18.000000,840.35,2434350,1196805,30,510,270
2025-06-09 10:30:19.000000,840.35,2434350,1196805,30,510,270
2025-06-09 10:30:20.000000,840.0,2434410,1196805,30,510,420
2025-06-09 10:30:20.000000,841.55,2434410,1196805,120,510,420
2025-06-09 10:30:21.000000,841.55,2434710,1196805,120,270,240
2025-06-09 10:30:21.000000,841.4,2434710,1196805,30,270,240
2025-06-09 10:30:22.000000,841.4,2434740,1196805,30,360,240
2025-06-09 10:30:23.000000,840.6,2434740,1196805,60,360,240
2025-06-09 10:30:23.000000,840.6,2434950,1196805,60,690,420
2025-06-09 10:30:24.000000,839.1,2434950,1196805,30,690,420
2025-06-09 10:30:24.000000,839.05,2434950,1196805,30,690,420
2025-06-09 10:30:24.000000,839.05,2435070,1196805,30,480,240
2025-06-09 10:30:25.000000,839.0,2435070,1196805,30,480,240
2025-06-09 10:30:26.000000,839.0,2435100,1196805,30,420,330
2025-06-09 10:30:26.000000,839.0,2435100,1196805,30,420,330
2025-06-09 10:30:27.000000,838.0,2436300,1196805,30,480,180
2025-06-09 10:30:27.000000,838.0,2436300,1196805,30,480,180
2025-06-09 10:30:28.000000,835.95,2436900,1196805,30,210,300
2025-06-09 10:30:28.000000,835.95,2436900,1196805,30,210,300
2025-06-09 10:30:29.000000,837.95,2436900,1196805,30,210,300
2025-06-09 10:30:29.000000,837.95,2437080,1196805,30,270,270
2025-06-09 10:30:30.000000,837.95,2437080,1196805,30,270,270
2025-06-09 10:30:30.000000,836.35,2437080,1196805,30,270,270
2025-06-09 10:30:31.000000,837.8,2437410,1196805,120,210,390
2025-06-09 10:30:31.000000,837.8,2437410,1196805,120,210,390
2025-06-09 10:30:32.000000,835.35,2437650,1196805,30,2160,270
2025-06-09 10:30:32.000000,835.35,2437650,1196805,30,2160,270
2025-06-09 10:30:33.000000,836.3,2437710,1196805,30,420,390
2025-06-09 10:30:33.000000,836.3,2437710,1196805,30,420,390
2025-06-09 10:30:34.000000,835.6,2437710,1196805,60,420,390
2025-06-09 10:30:34.000000,835.45,2438520,1196805,60,840,210
2025-06-09 10:30:35.000000,836.25,2438520,1196805,30,840,210
2025-06-09 10:30:36.000000,836.0,2439780,1196805,30,990,270
2025-06-09 10:30:36.000000,836.0,2439780,1196805,30,990,270
2025-06-09 10:30:37.000000,837.25,2440020,1196805,30,960,330
2025-06-09 10:30:37.000000,837.2,2440020,1196805,30,960,330
2025-06-09 10:30:38.000000,837.2,2440020,1199385,60,270,390
2025-06-09 10:30:38.000000,837.2,2440260,1199385,60,270,390
2025-06-09 10:30:39.000000,837.2,2440260,1199385,60,270,390
2025-06-09 10:30:40.000000,838.05,2440260,1199385,30,270,390
2025-06-09 10:30:41.000000,837.35,2440260,1199385,30,270,390
2025-06-09 10:30:41.000000,837.35,2440320,1199385,30,240,360
2025-06-09 10:30:41.000000,837.45,2440320,1199385,30,240,360
2025-06-09 10:30:42.000000,837.25,2440470,1199385,30,360,270
2025-06-09 10:30:42.000000,837.25,2440470,1199385,30,360,270
2025-06-09 10:30:43.000000,836.95,2440470,1199385,30,360,270
2025-06-09 10:30:43.000000,836.95,2440500,1199385,30,810,300
2025-06-09 10:30:44.000000,836.95,2440500,1199385,30,810,300
2025-06-09 10:30:44.000000,836.95,2440560,1199385,30,990,330
2025-06-09 10:30:45.000000,835.55,2440560,1199385,90,990,330
2025-06-09 10:30:46.000000,836.95,2441250,1199385,30,1020,300
2025-06-09 10:30:46.000000,836.95,2441250,1199385,30,1020,300
2025-06-09 10:30:47.000000,835.5,2441370,1199385,30,2070,630
2025-06-09 10:30:47.000000,835.5,2441370,1199385,30,2070,630
2025-06-09 10:30:48.000000,835.55,2441370,1199385,30,2070,630
2025-06-09 10:30:48.000000,835.55,2441520,1199385,30,960,330
2025-06-09 10:30:49.000000,837.05,2441520,1199385,30,960,330
2025-06-09 10:30:49.000000,836.0,2441580,1199385,30,720,360
2025-06-09 10:30:50.000000,837.2,2441580,1199385,30,720,360
2025-06-09 10:30:51.000000,837.15,2441820,1199385,30,930,390
2025-06-09 10:30:51.000000,835.5,2441820,1199385,30,930,390
2025-06-09 10:30:52.000000,837.15,2441880,1199385,30,1020,270
2025-06-09 10:30:52.000000,835.3,2441880,1199385,300,1020,270
2025-06-09 10:30:53.000000,836.7,2441880,1199385,30,1020,270
2025-06-09 10:30:53.000000,836.7,2442480,1199385,30,1620,270
2025-06-09 10:30:54.000000,838.45,2442480,1199385,90,1620,270
2025-06-09 10:30:54.000000,838.45,2443530,1199385,90,450,570
2025-06-09 10:30:55.000000,843.7,2443530,1199385,30,450,570
2025-06-09 10:30:55.000000,843.5,2446230,1199385,30,660,240
2025-06-09 10:30:56.000000,842.25,2446230,1199385,30,660,240
2025-06-09 10:30:57.000000,843.3,2446950,1199385,30,810,420
2025-06-09 10:30:57.000000,843.3,2446950,1199385,30,810,420
2025-06-09 10:30:58.000000,842.45,2446950,1199385,30,810,420
2025-06-09 10:30:58.000000,842.45,2447490,1199385,30,570,270
2025-06-09 10:30:59.000000,840.2,2447490,1199385,60,570,270
2025-06-09 10:30:59.000000,840.2,2447700,1199385,60,510,720
2025-06-09 10:31:00.000000,840.2,2447700,1199385,60,510,720
2025-06-09 10:31:00.000000,845.8,2447700,1199385,180,510,720
2025-06-09 10:31:00.000000,845.8,2448810,1199385,30,870,390
2025-06-09 10:31:01.000000,843.5,2448810,1199385,30,870,390
2025-06-09 10:31:02.000000,843.3,2449020,1199385,30,1260,510
2025-06-09 10:31:02.000000,842.3,2449020,1199385,30,1260,510
2025-06-09 10:31:03.000000,841.65,2449020,1199385,30,1260,510
2025-06-09 10:31:03.000000,841.65,2450610,1199385,30,420,600
2025-06-09 10:31:04.000000,841.5,2450610,1199385,30,420,600
2025-06-09 10:31:04.000000,841.5,2450700,1199385,30,390,450
2025-06-09 10:31:05.000000,840.05,2450700,1199385,30,390,450
2025-06-09 10:31:05.000000,840.05,2451210,1199385,30,480,480
2025-06-09 10:31:06.000000,840.0,2451210,1199385,30,480,480
2025-06-09 10:31:07.000000,838.05,2451390,1199385,30,600,420
2025-06-09 10:31:07.000000,839.95,2451390,1199385,30,600,420
2025-06-09 10:31:08.000000,840.1,2451390,1199385,30,600,420
2025-06-09 10:31:08.000000,840.1,2451540,1199385,30,570,330
2025-06-09 10:31:09.000000,840.7,2451540,1199385,30,570,330
2025-06-09 10:31:09.000000,840.7,2451690,1199385,30,420,570
2025-06-09 10:31:10.000000,840.7,2451690,1199385,30,270,570
2025-06-09 10:31:11.000000,839.3,2451690,1199385,30,270,570
2025-06-09 10:31:11.000000,840.45,2451690,1199385,60,270,570
2025-06-09 10:31:12.000000,839.0,2452140,1199385,30,270,420
2025-06-09 10:31:12.000000,839.0,2452140,1199385,30,270,420
2025-06-09 10:31:13.000000,840.05,2452140,1199385,30,270,420
2025-06-09 10:31:13.000000,840.05,2452170,1199385,30,150,330
2025-06-09 10:31:14.000000,838.65,2452170,1199385,30,150,330
2025-06-09 10:31:14.000000,838.65,2452470,1199385,30,330,360
2025-06-09 10:31:15.000000,838.65,2452470,1199385,30,330,300
2025-06-09 10:31:16.000000,839.85,2452470,1199385,30,330,300
2025-06-09 10:31:16.000000,840.1,2452470,1199385,30,330,300
2025-06-09 10:31:16.000000,840.1,2452650,1199385,30,330,450
2025-06-09 10:31:17.000000,839.2,2452650,1199385,30,330,450
2025-06-09 10:31:18.000000,839.2,2452830,1199385,30,540,270
2025-06-09 10:31:18.000000,840.9,2452830,1199385,60,540,270
2025-06-09 10:31:19.000000,840.7,2452830,1199385,30,540,270
2025-06-09 10:31:19.000000,840.7,2453070,1199385,30,360,330
2025-06-09 10:31:20.000000,840.65,2453070,1199385,30,360,330
2025-06-09 10:31:20.000000,840.65,2453100,1199385,30,270,450
2025-06-09 10:31:21.000000,840.9,2453100,1199385,30,270,450
2025-06-09 10:31:21.000000,840.4,2453400,1199385,30,210,450
2025-06-09 10:31:22.000000,842.2,2453400,1199385,30,210,450
2025-06-09 10:31:23.000000,842.25,2453880,1199385,30,180,780
2025-06-09 10:31:23.000000,842.2,2453880,1199385,30,180,780
2025-06-09 10:31:24.000000,842.2,2454000,1199385,30,330,510
2025-06-09 10:31:25.000000,842.15,2454000,1199385,30,330,510
2025-06-09 10:31:25.000000,842.15,2454120,1199385,30,300,570
2025-06-09 10:31:26.000000,842.1,2454120,1199385,30,300,570
2025-06-09 10:31:26.000000,842.0,2454390,1199385,30,240,360
2025-06-09 10:31:27.000000,842.0,2454390,1199385,30,240,360
2025-06-09 10:31:28.000000,840.65,2454480,1199385,60,180,390
2025-06-09 10:31:28.000000,840.65,2454480,1199385,60,180,390
2025-06-09 10:31:29.000000,842.1,2454480,1199385,30,180,390
2025-06-09 10:31:29.000000,842.1,2454810,1199385,30,150,450
2025-06-09 10:31:30.000000,842.1,2454810,1199385,30,150,450
2025-06-09 10:31:30.000000,841.15,2454810,1199385,30,150,450
2025-06-09 10:31:30.000000,841.15,2454900,1199385,30,210,210
2025-06-09 10:31:31.000000,841.25,2454900,1199385,30,210,210
2025-06-09 10:31:31.000000,841.2,2454990,1199385,30,180,480
2025-06-09 10:31:32.000000,843.25,2454990,1199385,30,180,480
2025-06-09 10:31:33.000000,843.25,2455080,1199385,30,210,210
2025-06-09 10:31:33.000000,840.75,2455080,1199385,30,210,210
2025-06-09 10:31:34.000000,842.0,2455080,1199385,30,210,210
2025-06-09 10:31:34.000000,842.0,2455170,1199385,30,150,600
2025-06-09 10:31:35.000000,842.85,2455170,1199385,30,150,600
2025-06-09 10:31:35.000000,842.9,2455530,1199385,30,150,450
2025-06-09 10:31:36.000000,843.0,2455530,1199385,60,150,450
2025-06-09 10:31:36.000000,843.9,2455740,1199385,30,180,360
2025-06-09 10:31:37.000000,843.9,2455740,1199385,30,180,360
2025-06-09 10:31:38.000000,843.9,2455740,1199385,30,270,360
2025-06-09 10:31:38.000000,841.5,2455740,1199385,60,270,360
2025-06-09 10:31:39.000000,841.5,2455740,1199385,120,270,360
2025-06-09 10:31:39.000000,841.5,2456340,1199385,120,810,450
2025-06-09 10:31:40.000000,841.2,2456340,1199385,30,810,450
2025-06-09 10:31:40.000000,843.1,2456580,1199385,30,300,390
2025-06-09 10:31:41.000000,843.2,2456580,1199385,30,300,390
2025-06-09 10:31:42.000000,841.3,2456790,1199385,30,1350,480
2025-06-09 10:31:42.000000,841.55,2456790,1199385,30,1350,480
2025-06-09 10:31:43.000000,843.2,2456910,1199385,30,1230,300
2025-06-09 10:31:43.000000,843.2,2456910,1199385,30,1230,300
2025-06-09 10:31:44.000000,843.25,2456910,1199385,30,1230,300
2025-06-09 10:31:44.000000,843.25,2457120,1199385,30,870,300
2025-06-09 10:31:45.000000,845.0,2457120,1199385,30,870,300
2025-06-09 10:31:45.000000,845.0,2457150,1199385,30,360,360
2025-06-09 10:31:46.000000,845.0,2457150,1199385,30,360,360
2025-06-09 10:31:47.000000,845.0,2457240,1199385,30,240,450
2025-06-09 10:31:47.000000,843.55,2457240,1199385,30,240,450
2025-06-09 10:31:48.000000,843.55,2457270,1199385,30,720,360
2025-06-09 10:31:48.000000,844.95,2457270,1199385,30,720,360
2025-06-09 10:31:49.000000,844.95,2457300,1199385,30,180,270
2025-06-09 10:31:50.000000,844.85,2457300,1199385,30,180,270
2025-06-09 10:31:50.000000,844.85,2457330,1199385,30,150,630
2025-06-09 10:31:52.000000,844.85,2457330,1199385,30,270,720
2025-06-09 10:31:52.000000,844.85,2457330,1199385,30,270,720
2025-06-09 10:31:53.000000,844.85,2457360,1199385,30,300,1020
2025-06-09 10:31:53.000000,844.85,2457360,1199385,30,300,1020
2025-06-09 10:31:54.000000,844.85,2457390,1199385,30,330,330
2025-06-09 10:31:55.000000,844.85,2457390,1199385,30,330,330
2025-06-09 10:31:55.000000,844.85,2457480,1199385,30,330,450
2025-06-09 10:31:56.000000,844.95,2457480,1199385,30,330,450
2025-06-09 10:31:57.000000,845.0,2457570,1199385,30,390,450
2025-06-09 10:31:57.000000,845.1,2457570,1199385,30,390,450
2025-06-09 10:31:58.000000,845.6,2457750,1199385,30,300,450
2025-06-09 10:31:58.000000,845.6,2457750,1199385,30,300,450
2025-06-09 10:31:59.000000,844.45,2457840,1199385,30,180,720
2025-06-09 10:31:59.000000,844.45,2457840,1199385,30,180,720
2025-06-09 10:32:00.000000,844.45,2457840,1199385,30,180,720
2025-06-09 10:32:00.000000,847.4,2457840,1199385,30,180,720
2025-06-09 10:32:00.000000,846.55,2458260,1199385,30,540,390
2025-06-09 10:32:01.000000,845.0,2458260,1199385,30,540,390
2025-06-09 10:32:02.000000,846.75,2458530,1199385,30,150,720
2025-06-09 10:32:02.000000,846.45,2458530,1199385,30,150,720
2025-06-09 10:32:03.000000,844.85,2458800,1199385,30,540,330
2025-06-09 10:32:03.000000,845.05,2458800,1199385,90,540,330
2025-06-09 10:32:04.000000,846.15,2459220,1199385,30,240,630
2025-06-09 10:32:04.000000,846.15,2459220,1199385,30,240,630
2025-06-09 10:32:05.000000,845.85,2459220,1199385,30,240,630
2025-06-09 10:32:05.000000,845.85,2459280,1199385,30,240,540
2025-06-09 10:32:06.000000,844.45,2459280,1199385,30,240,540
2025-06-09 10:32:07.000000,844.45,2459400,1199385,30,420,810
2025-06-09 10:32:08.000000,846.15,2459400,1199385,30,420,810
2025-06-09 10:32:08.000000,846.15,2459430,1199385,30,330,750
2025-06-09 10:32:08.000000,845.0,2459430,1199385,30,330,750
2025-06-09 10:32:09.000000,845.0,2459490,1199385,30,270,720
2025-06-09 10:32:09.000000,845.2,2459490,1199385,30,270,720
2025-06-09 10:32:10.000000,845.55,2459490,1199385,30,270,720
2025-06-09 10:32:10.000000,845.55,2459550,1199385,30,360,330
2025-06-09 10:32:11.000000,845.45,2459550,1199385,30,360,330
2025-06-09 10:32:12.000000,844.0,2459640,1199385,30,510,300
2025-06-09 10:32:12.000000,844.0,2459640,1199385,30,510,300
2025-06-09 10:32:13.000000,844.0,2459640,1199385,30,300,660
2025-06-09 10:32:14.000000,845.05,2459670,1199385,30,360,300
2025-06-09 10:32:14.000000,845.05,2459670,1199385,30,360,300
2025-06-09 10:32:15.000000,844.0,2459670,1199385,30,360,300
2025-06-09 10:32:15.000000,844.0,2459760,1199385,30,360,240
2025-06-09 10:32:16.000000,843.55,2459760,1199385,30,360,240
2025-06-09 10:32:17.000000,845.05,2459970,1199385,30,450,270
2025-06-09 10:32:17.000000,844.4,2459970,1199385,30,450,270
2025-06-09 10:32:18.000000,844.4,2460000,1199385,30,450,1200
2025-06-09 10:32:19.000000,844.75,2460030,1199385,30,600,1200
2025-06-09 10:32:19.000000,844.75,2460030,1199385,30,600,1200
2025-06-09 10:32:20.000000,844.95,2460030,1199385,30,600,1200
2025-06-09 10:32:20.000000,844.8,2460090,1199385,30,480,1140
2025-06-09 10:32:21.000000,844.8,2460090,1199385,30,480,1140
2025-06-09 10:32:22.000000,845.0,2460180,1199385,90,270,990
2025-06-09 10:32:22.000000,844.85,2460180,1199385,30,270,990
2025-06-09 10:32:23.000000,844.85,2460330,1199385,30,450,900
2025-06-09 10:32:23.000000,845.0,2460330,1199385,30,450,900
2025-06-09 10:32:24.000000,842.6,2460930,1199385,90,450,1080
2025-06-09 10:32:24.000000,842.7,2460930,1199385,30,450,1080
2025-06-09 10:32:25.000000,844.4,2460930,1199385,60,450,1080
2025-06-09 10:32:25.000000,844.4,2461020,1199385,60,690,780
2025-06-09 10:32:26.000000,842.0,2461020,1199385,30,690,780
2025-06-09 10:32:27.000000,840.75,2461440,1199385,90,1290,330
2025-06-09 10:32:27.000000,840.85,2461440,1199385,30,1290,330
2025-06-09 10:32:28.000000,840.05,2462040,1199385,60,2190,630
2025-06-09 10:32:28.000000,840.05,2462040,1199385,60,2190,630
2025-06-09 10:32:29.000000,840.1,2462130,1199385,30,2610,270
2025-06-09 10:32:29.000000,840.6,2462130,1199385,30,2610,270
2025-06-09 10:32:30.000000,840.6,2462130,1199385,30,2610,270
2025-06-09 10:32:30.000000,841.05,2462130,1199385,30,2610,270
2025-06-09 10:32:30.000000,841.05,2462280,1199385,30,720,270
2025-06-09 10:32:31.000000,841.35,2462280,1199385,30,720,270
2025-06-09 10:32:32.000000,843.05,2462550,1199385,30,750,360
2025-06-09 10:32:32.000000,842.0,2462550,1199385,30,750,360
2025-06-09 10:32:33.000000,842.0,2462580,1199385,30,480,390
2025-06-09 10:32:33.000000,843.25,2462580,1199385,60,480,390
2025-06-09 10:32:34.000000,843.25,2462730,1199385,60,690,330
2025-06-09 10:32:34.000000,841.35,2462730,1199385,60,690,330
2025-06-09 10:32:35.000000,841.35,2462730,1199385,30,690,330
2025-06-09 10:32:35.000000,841.35,2463030,1199385,30,540,420
2025-06-09 10:32:36.000000,841.55,2463030,1199385,30,540,420
2025-06-09 10:32:37.000000,843.15,2463150,1199385,30,900,300
2025-06-09 10:32:37.000000,842.6,2463150,1199385,30,900,300
2025-06-09 10:32:38.000000,843.75,2463600,1199385,30,390,360
2025-06-09 10:32:38.000000,843.95,2463600,1199385,30,390,360
2025-06-09 10:32:39.000000,844.0,2463690,1199385,30,150,360
2025-06-09 10:32:39.000000,844.0,2463690,1199385,30,150,360
2025-06-09 10:32:40.000000,843.05,2463690,1199385,30,150,360
2025-06-09 10:32:40.000000,842.55,2463780,1199385,30,150,300
2025-06-09 10:32:41.000000,841.8,2463780,1199385,30,150,300
2025-06-09 10:32:42.000000,841.7,2463870,1199385,30,390,510
2025-06-09 10:32:42.000000,841.7,2463870,1199385,30,390,510
2025-06-09 10:32:43.000000,841.7,2463870,1199385,30,480,300
2025-06-09 10:32:43.000000,843.05,2463870,1199385,30,480,300
2025-06-09 10:32:44.000000,843.05,2463960,1199385,30,990,330
2025-06-09 10:32:44.000000,842.5,2463960,1199385,30,990,330
2025-06-09 10:32:45.000000,842.5,2464020,1199385,30,450,330
2025-06-09 10:32:45.000000,843.8,2464020,1199385,60,450,330
2025-06-09 10:32:47.000000,843.45,2464110,1199385,30,570,450
2025-06-09 10:32:47.000000,843.45,2464110,1199385,30,570,450
2025-06-09 10:32:48.000000,843.5,2464110,1199385,30,570,450
2025-06-09 10:32:48.000000,843.5,2464140,1199385,30,180,360
2025-06-09 10:32:48.000000,842.4,2464140,1199385,30,180,360
2025-06-09 10:32:49.000000,842.7,2464500,1199385,30,300,450
2025-06-09 10:32:49.000000,842.7,2464500,1199385,30,300,450
2025-06-09 10:32:50.000000,844.2,2464500,1199385,30,300,450
2025-06-09 10:32:50.000000,844.2,2464620,1199385,30,210,240
2025-06-09 10:32:51.000000,842.7,2464620,1199385,30,210,240
2025-06-09 10:32:52.000000,842.25,2464980,1199385,120,1020,270
2025-06-09 10:32:52.000000,844.7,2464980,1199385,30,1020,270
2025-06-09 10:32:53.000000,846.0,2466180,1199385,30,270,630
2025-06-09 10:32:53.000000,846.0,2466180,1199385,30,270,630
2025-06-09 10:32:54.000000,846.95,2466570,1199385,30,1140,390
2025-06-09 10:32:54.000000,846.95,2466570,1199385,30,1140,390
2025-06-09 10:32:55.000000,846.95,2466570,1199385,30,810,360
2025-06-09 10:32:55.000000,847.55,2466570,1199385,30,810,360
2025-06-09 10:32:56.000000,848.25,2466570,1199385,30,810,360
2025-06-09 10:32:57.000000,846.65,2466840,1199385,30,390,420
2025-06-09 10:32:57.000000,848.95,2466840,1199385,30,390,420
2025-06-09 10:32:58.000000,848.9,2467200,1199385,30,600,390
2025-06-09 10:32:58.000000,846.4,2467200,1199385,30,600,390
2025-06-09 10:32:59.000000,846.3,2467350,1199385,30,810,210
2025-06-09 10:32:59.000000,845.45,2467350,1199385,30,810,210
2025-06-09 10:33:00.000000,845.45,2467350,1199385,30,810,210
2025-06-09 10:33:00.000000,847.4,2467350,1199385,30,810,210
2025-06-09 10:33:00.000000,847.8,2468040,1199385,30,750,480
2025-06-09 10:33:01.000000,845.95,2468040,1199385,30,750,480
2025-06-09 10:33:02.000000,846.45,2470080,1199385,30,690,360
2025-06-09 10:33:02.000000,847.75,2470080,1199385,30,690,360
2025-06-09 10:33:03.000000,847.55,2470380,1199385,30,1530,480
2025-06-09 10:33:03.000000,845.9,2470380,1199385,30,1530,480
2025-06-09 10:33:04.000000,845.9,2470440,1199385,30,480,570
2025-06-09 10:33:04.000000,845.0,2470440,1199385,30,480,570
2025-06-09 10:33:05.000000,845.0,2470590,1199385,30,1080,510
2025-06-09 10:33:06.000000,845.05,2470590,1199385,60,1080,510
2025-06-09 10:33:07.000000,845.05,2470740,1199385,60,570,420
2025-06-09 10:33:07.000000,845.15,2470740,1199385,30,570,420
2025-06-09 10:33:08.000000,845.15,2470770,1199385,30,600,420
2025-06-09 10:33:08.000000,846.4,2470770,1199385,30,600,420
2025-06-09 10:33:09.000000,845.0,2471070,1199385,30,870,480
2025-06-09 10:33:09.000000,845.0,2471070,1199385,30,870,480
2025-06-09 10:33:10.000000,845.0,2471070,1199385,60,870,480
2025-06-09 10:33:10.000000,845.0,2471130,1199385,60,3270,420
2025-06-09 10:33:11.000000,845.0,2471130,1199385,60,3270,420
2025-06-09 10:33:12.000000,845.0,2471190,1199385,60,3690,360
2025-06-09 10:33:12.000000,843.0,2471190,1199385,60,3690,360
2025-06-09 10:33:13.000000,842.2,2474850,1199385,30,750,510
2025-06-09 10:33:13.000000,842.2,2474850,1199385,30,750,510
2025-06-09 10:33:14.000000,843.75,2475690,1199385,30,990,330
2025-06-09 10:33:14.000000,843.75,2475690,1199385,30,990,330
2025-06-09 10:33:15.000000,841.15,2476440,1199385,30,1080,540
2025-06-09 10:33:15.000000,841.15,2476440,1199385,30,1080,540
2025-06-09 10:33:16.000000,841.2,2476440,1199385,30,1080,540
2025-06-09 10:33:16.000000,842.35,2476560,1199385,30,960,330
2025-06-09 10:33:17.000000,842.35,2476560,1199385,30,960,330
2025-06-09 10:33:18.000000,842.0,2476650,1199385,30,870,420
2025-06-09 10:33:18.000000,842.4,2476650,1199385,30,870,420
2025-06-09 10:33:19.000000,842.4,2476800,1199385,30,900,420
2025-06-09 10:33:19.000000,843.45,2476800,1199385,30,900,420
2025-06-09 10:33:20.000000,843.45,2476830,1199385,30,1560,390
2025-06-09 10:33:21.000000,843.45,2476830,1199385,30,510,300
2025-06-09 10:33:23.000000,843.85,2476860,1199385,30,180,330
2025-06-09 10:33:23.000000,843.85,2476860,1199385,30,180,330
2025-06-09 10:33:24.000000,844.2,2476860,1199385,120,180,330
2025-06-09 10:33:24.000000,844.2,2477160,1199385,120,1590,450
2025-06-09 10:33:25.000000,844.2,2477160,1199385,120,960,450
2025-06-09 10:33:26.000000,842.75,2477190,1199385,30,540,390
2025-06-09 10:33:26.000000,842.75,2477190,1199385,30,540,390
2025-06-09 10:33:27.000000,842.75,2477190,1199385,30,840,480
2025-06-09 10:33:29.000000,842.75,2477190,1199385,30,2160,510
2025-06-09 10:33:30.000000,842.75,2477190,1199385,30,2160,510
2025-06-09 10:33:30.000000,841.8,2477190,1199385,30,2160,510
2025-06-09 10:33:30.000000,841.8,2477220,1199385,30,2340,210
2025-06-09 10:33:30.000000,841.8,2477220,1199385,30,2340,210
2025-06-09 10:33:31.000000,841.9,2477220,1199385,30,2340,210
2025-06-09 10:33:31.000000,841.9,2477310,1199385,30,1110,570
2025-06-09 10:33:32.000000,841.9,2477310,1199385,30,630,420
2025-06-09 10:33:34.000000,842.75,2477340,1199385,30,1050,360
2025-06-09 10:33:34.000000,842.75,2477340,1199385,30,1050,360
2025-06-09 10:33:34.000000,841.55,2477340,1199385,30,1050,360
2025-06-09 10:33:35.000000,842.2,2478120,1199385,30,2820,360
2025-06-09 10:33:35.000000,842.2,2478120,1199385,30,2820,360
2025-06-09 10:33:36.000000,842.65,2478270,1199385,60,420,390
2025-06-09 10:33:36.000000,842.65,2478270,1199385,60,420,390
2025-06-09 10:33:37.000000,842.65,2478270,1199385,60,480,330
2025-06-09 10:33:38.000000,841.55,2478270,1199385,30,480,330
2025-06-09 10:33:38.000000,841.6,2478270,1203345,30,480,330
2025-06-09 10:33:39.000000,841.6,2478600,1203345,30,1080,480
2025-06-09 10:33:39.000000,841.6,2478600,1203345,30,1080,480
2025-06-09 10:33:40.000000,841.6,2478600,1203345,30,600,420
2025-06-09 10:33:40.000000,843.0,2478600,1203345,30,600,420
2025-06-09 10:33:41.000000,841.55,2478750,1203345,30,330,450
2025-06-09 10:33:41.000000,843.05,2478750,1203345,90,330,450
2025-06-09 10:33:42.000000,841.6,2478990,1203345,30,870,420
2025-06-09 10:33:42.000000,841.6,2478990,1203345,30,870,420
2025-06-09 10:33:43.000000,841.2,2478990,1203345,30,870,420
2025-06-09 10:33:43.000000,841.2,2479020,1203345,30,540,570
2025-06-09 10:33:44.000000,842.95,2479020,1203345,30,540,570
2025-06-09 10:33:44.000000,842.95,2479050,1203345,30,810,570
2025-06-09 10:33:45.000000,843.1,2479050,1203345,30,810,570
2025-06-09 10:33:46.000000,843.1,2479170,1203345,30,990,780
2025-06-09 10:33:47.000000,843.0,2479170,1203345,150,990,780
2025-06-09 10:33:47.000000,841.95,2479350,1203345,30,840,420
2025-06-09 10:33:47.000000,841.95,2479350,1203345,30,840,420
2025-06-09 10:33:48.000000,844.5,2479350,1203345,90,840,420
2025-06-09 10:33:48.000000,844.5,2479530,1203345,90,780,300
2025-06-09 10:33:49.000000,843.75,2479530,1203345,90,780,300
2025-06-09 10:33:49.000000,843.75,2479620,1203345,90,900,540
2025-06-09 10:33:51.000000,843.75,2479620,1203345,90,1110,540
2025-06-09 10:33:51.000000,843.2,2479620,1203345,30,1110,540
2025-06-09 10:33:52.000000,843.2,2479650,1203345,30,780,480
2025-06-09 10:33:53.000000,842.6,2479650,1203345,30,780,480
2025-06-09 10:33:53.000000,842.6,2479680,1203345,30,720,630
2025-06-09 10:33:54.000000,844.4,2479680,1203345,60,720,630
2025-06-09 10:33:54.000000,844.4,2479980,1203345,60,1080,360
2025-06-09 10:33:55.000000,844.0,2479980,1203345,60,1080,360
2025-06-09 10:33:55.000000,844.0,2480040,1203345,60,750,300
2025-06-09 10:33:56.000000,843.5,2480040,1203345,30,750,300
2025-06-09 10:33:57.000000,847.0,2480370,1203345,60,810,390
2025-06-09 10:33:57.000000,847.0,2480370,1203345,60,810,390
2025-06-09 10:33:58.000000,847.0,2480370,1203345,60,1500,570
2025-06-09 10:33:59.000000,846.4,2480370,1203345,30,1500,570
2025-06-09 10:33:59.000000,846.3,2480370,1203345,30,1500,570
2025-06-09 10:33:59.000000,846.3,2480430,1203345,30,960,570
2025-06-09 10:34:00.000000,846.3,2480430,1203345,30,960,570
2025-06-09 10:34:00.000000,845.7,2480430,1203345,30,960,570
2025-06-09 10:34:00.000000,848.45,2482230,1203345,60,630,450
2025-06-09 10:34:01.000000,847.0,2482230,1203345,90,630,450
2025-06-09 10:34:02.000000,847.0,2482590,1203345,90,570,570
2025-06-09 10:34:03.000000,846.3,2482590,1203345,30,570,570
2025-06-09 10:34:03.000000,847.0,2483250,1203345,90,750,750
2025-06-09 10:34:03.000000,847.5,2483250,1203345,60,750,750
2025-06-09 10:34:04.000000,848.6,2484510,1203345,30,480,600
2025-06-09 10:34:04.000000,848.6,2484510,1203345,30,480,600
2025-06-09 10:34:05.000000,848.95,2484510,1203345,30,480,600
2025-06-09 10:34:05.000000,848.95,2484540,1203345,30,300,270
2025-06-09 10:34:06.000000,848.6,2484540,1203345,30,300,270
2025-06-09 10:34:07.000000,847.2,2484750,1203345,30,540,690
2025-06-09 10:34:07.000000,847.2,2484750,1203345,30,540,690
2025-06-09 10:34:08.000000,847.0,2484870,1203345,30,510,570
2025-06-09 10:34:08.000000,847.3,2484870,1203345,30,510,570
2025-06-09 10:34:09.000000,847.45,2485080,1203345,30,810,300
2025-06-09 10:34:09.000000,847.45,2485080,1203345,30,810,300
2025-06-09 10:34:10.000000,848.2,2485080,1203345,90,810,300
2025-06-09 10:34:10.000000,848.0,2485230,1203345,30,240,330
2025-06-09 10:34:11.000000,848.0,2485230,1203345,120,240,330
2025-06-09 10:34:12.000000,848.0,2485380,1203345,30,240,360
2025-06-09 10:34:12.000000,848.2,2485380,1203345,90,240,360
2025-06-09 10:34:13.000000,849.0,2485860,1203345,270,390,390
2025-06-09 10:34:13.000000,849.0,2485860,1203345,270,390,390
2025-06-09 10:34:14.000000,849.0,2485920,1203345,60,360,270
2025-06-09 10:34:14.000000,847.05,2485920,1203345,30,360,270
2025-06-09 10:34:15.000000,846.0,2486370,1203345,60,570,540
2025-06-09 10:34:15.000000,846.0,2486370,1203345,60,570,540
2025-06-09 10:34:16.000000,847.4,2486370,1203345,30,570,540
2025-06-09 10:34:16.000000,847.4,2486400,1203345,30,630,330
2025-06-09 10:34:17.000000,845.95,2486400,1203345,30,630,330
2025-06-09 10:34:18.000000,846.15,2486550,1203345,30,990,210
2025-06-09 10:34:18.000000,846.15,2486550,1203345,30,990,210
2025-06-09 10:34:19.000000,846.35,2486640,1203345,60,1800,450
2025-06-09 10:34:19.000000,846.35,2486640,1203345,60,1800,450
2025-06-09 10:34:20.000000,847.55,2486760,1203345,30,750,300
2025-06-09 10:34:20.000000,847.55,2486760,1203345,30,750,300
2025-06-09 10:34:21.000000,847.55,2486760,1203345,30,600,300
2025-06-09 10:34:22.000000,846.6,2486760,1203345,30,600,300
2025-06-09 10:34:23.000000,846.6,2486820,1203345,30,810,360
2025-06-09 10:34:23.000000,846.45,2486820,1203345,30,810,360
2025-06-09 10:34:24.000000,846.45,2486880,1203345,30,1170,270
2025-06-09 10:34:25.000000,847.55,2486940,1203345,30,300,300
2025-06-09 10:34:25.000000,847.55,2486940,1203345,30,300,300
2025-06-09 10:34:25.000000,846.65,2486940,1203345,30,300,300
2025-06-09 10:34:26.000000,847.0,2487510,1203345,30,420,390
2025-06-09 10:34:26.000000,847.0,2487510,1203345,30,420,390
2025-06-09 10:34:27.000000,849.05,2487510,1203345,30,420,390
2025-06-09 10:34:28.000000,849.05,2488020,1203345,30,780,570
2025-06-09 10:34:28.000000,848.8,2488020,1203345,30,780,570
2025-06-09 10:34:29.000000,846.8,2488140,1203345,30,1080,480
2025-06-09 10:34:29.000000,847.95,2488140,1203345,30,1080,480
2025-06-09 10:34:30.000000,847.95,2488140,1203345,30,1080,480
2025-06-09 10:34:30.000000,847.95,2488590,1203345,30,870,570
2025-06-09 10:34:31.000000,847.0,2488590,1203345,30,870,570
2025-06-09 10:34:31.000000,847.0,2488620,1203345,30,1170,450
2025-06-09 10:34:32.000000,847.0,2488620,1203345,30,810,300
2025-06-09 10:34:33.000000,846.0,2488620,1203345,60,810,300
2025-06-09 10:34:33.000000,846.9,2488620,1203345,30,810,300
2025-06-09 10:34:34.000000,846.0,2488860,1203345,60,1620,240
2025-06-09 10:34:34.000000,847.35,2488860,1203345,30,1620,240
2025-06-09 10:34:35.000000,847.35,2488890,1203345,30,990,210
2025-06-09 10:34:35.000000,846.65,2488890,1203345,60,990,210
2025-06-09 10:34:36.000000,846.5,2489190,1203345,30,2250,210
2025-06-09 10:34:36.000000,846.5,2489190,1203345,30,2250,210
2025-06-09 10:34:37.000000,846.55,2489310,1203345,30,780,390
2025-06-09 10:34:37.000000,846.55,2489310,1203345,30,780,390
2025-06-09 10:34:38.000000,846.6,2489310,1203345,30,780,390
2025-06-09 10:34:38.000000,845.8,2489910,1203345,30,1230,540
2025-06-09 10:34:39.000000,845.0,2489910,1203345,30,1230,540
2025-06-09 10:34:40.000000,844.4,2491050,1203345,30,1260,510
2025-06-09 10:34:40.000000,844.4,2491050,1203345,30,1260,510
2025-06-09 10:34:41.000000,841.9,2491770,1203345,150,600,360
2025-06-09 10:34:41.000000,841.95,2491770,1203345,30,600,360
2025-06-09 10:34:42.000000,841.9,2491950,1203345,30,1410,330
2025-06-09 10:34:42.000000,841.0,2491950,1203345,30,1410,330
2025-06-09 10:34:43.000000,841.9,2492100,1203345,30,1290,390
2025-06-09 10:34:43.000000,841.9,2492100,1203345,30,1290,390
2025-06-09 10:34:44.000000,841.0,2492100,1203345,30,1290,390
2025-06-09 10:34:44.000000,841.0,2492160,1203345,30,870,270
2025-06-09 10:34:45.000000,842.25,2492160,1203345,30,870,270
2025-06-09 10:34:46.000000,841.0,2492310,1203345,30,1140,240
2025-06-09 10:34:46.000000,841.0,2492310,1203345,30,1140,240
2025-06-09 10:34:47.000000,841.75,2492460,1203345,30,570,390
2025-06-09 10:34:47.000000,841.7,2492460,1203345,30,570,390
2025-06-09 10:34:48.000000,841.7,2492550,1203345,30,750,300
2025-06-09 10:34:48.000000,841.8,2492550,1203345,30,750,300
2025-06-09 10:34:49.000000,842.0,2492550,1203345,30,750,300
2025-06-09 10:34:49.000000,842.0,2492730,1203345,30,1230,390
2025-06-09 10:34:50.000000,841.7,2492730,1203345,30,1230,390
2025-06-09 10:34:50.000000,841.7,2492790,1203345,30,3990,270
2025-06-09 10:34:51.000000,841.7,2492790,1203345,30,3990,270
2025-06-09 10:34:52.000000,841.0,2493570,1203345,30,2460,450
2025-06-09 10:34:52.000000,840.0,2493570,1203345,120,2460,450
2025-06-09 10:34:53.000000,840.8,2494050,1203345,30,2250,270
2025-06-09 10:34:53.000000,840.0,2494050,1203345,30,2250,270
2025-06-09 10:34:54.000000,840.0,2494110,1203345,30,2130,270
2025-06-09 10:34:54.000000,840.0,2494110,1203345,30,2130,270
2025-06-09 10:34:55.000000,841.0,2494110,1203345,30,2130,270
2025-06-09 10:34:55.000000,841.0,2494560,1203345,30,1920,300
2025-06-09 10:34:56.000000,840.85,2494560,1203345,30,1920,300
2025-06-09 10:34:56.000000,840.85,2494680,1203345,30,1950,210
2025-06-09 10:34:57.000000,840.0,2494680,1203345,30,1950,210
2025-06-09 10:34:58.000000,840.0,2494710,1203345,30,1830,330
2025-06-09 10:34:59.000000,840.6,2494710,1203345,30,1830,330
2025-06-09 10:34:59.000000,840.6,2494770,1203345,30,1920,690
2025-06-09 10:35:00.000000,841.15,2494770,1203345,30,1920,690
2025-06-09 10:35:00.000000,841.15,2494770,1203345,30,1920,690
2025-06-09 10:35:00.000000,840.0,2495010,1203345,180,1920,270
2025-06-09 10:35:00.000000,840.0,2495010,1203345,180,1920,270
2025-06-09 10:35:01.000000,839.0,2495010,1203345,30,1920,270
2025-06-09 10:35:01.000000,839.0,2496420,1203345,30,990,360
2025-06-09 10:35:02.000000,839.9,2496420,1203345,30,990,360
2025-06-09 10:35:02.000000,839.9,2496480,1203345,30,480,390
2025-06-09 10:35:03.000000,838.05,2496480,1203345,30,480,390
2025-06-09 10:35:04.000000,839.2,2496660,1203345,30,840,510
2025-06-09 10:35:04.000000,837.5,2496660,1203345,30,840,510
2025-06-09 10:35:05.000000,837.85,2496870,1203345,90,840,360
2025-06-09 10:35:05.000000,838.35,2496870,1203345,30,840,360
2025-06-09 10:35:06.000000,839.4,2497110,1203345,120,450,780
2025-06-09 10:35:06.000000,839.4,2497110,1203345,120,450,780
2025-06-09 10:35:07.000000,837.95,2497110,1203345,30,450,780
2025-06-09 10:35:07.000000,837.95,2497170,1203345,30,300,720
2025-06-09 10:35:08.000000,839.95,2497170,1203345,30,300,720
2025-06-09 10:35:08.000000,839.95,2497230,1203345,30,780,420
2025-06-09 10:35:09.000000,838.3,2497230,1203345,30,780,420
2025-06-09 10:35:10.000000,839.95,2497290,1203345,30,840,1050
2025-06-09 10:35:10.000000,839.95,2497290,1203345,30,840,1050
2025-06-09 10:35:11.000000,837.65,2497320,1203345,30,1650,450
2025-06-09 10:35:11.000000,837.65,2497320,1203345,30,1650,450
2025-06-09 10:35:12.000000,837.65,2497320,1203345,30,810,540
2025-06-09 10:35:12.000000,839.0,2497320,1203345,30,810,540
2025-06-09 10:35:13.000000,837.0,2497320,1203345,30,810,540
2025-06-09 10:35:13.000000,837.0,2497470,1203345,30,840,660
2025-06-09 10:35:14.000000,836.5,2497470,1203345,30,840,660
2025-06-09 10:35:14.000000,836.5,2497500,1203345,30,330,990
2025-06-09 10:35:15.000000,837.3,2497500,1203345,30,330,990
2025-06-09 10:35:15.000000,837.3,2497560,1203345,30,300,420
2025-06-09 10:35:16.000000,838.75,2497560,1203345,30,300,420
2025-06-09 10:35:17.000000,838.75,2497650,1203345,30,690,510
2025-06-09 10:35:17.000000,838.75,2497650,1203345,30,690,510
2025-06-09 10:35:18.000000,837.1,2497800,1203345,30,240,750
2025-06-09 10:35:18.000000,837.1,2497800,1203345,30,240,750
2025-06-09 10:35:19.000000,837.1,2497800,1203345,30,330,390
2025-06-09 10:35:20.000000,837.1,2497800,1203345,30,570,390
2025-06-09 10:35:21.000000,839.15,2497800,1203345,30,570,390
2025-06-09 10:35:21.000000,838.1,2497800,1203345,30,570,390
2025-06-09 10:35:22.000000,838.1,2497860,1203345,30,1170,660
2025-06-09 10:35:22.000000,838.65,2497860,1203345,30,1170,660
2025-06-09 10:35:23.000000,838.65,2497950,1203345,30,1170,720
2025-06-09 10:35:23.000000,837.1,2497950,1203345,30,1170,720
2025-06-09 10:35:24.000000,833.85,2502210,1203345,30,480,660
2025-06-09 10:35:24.000000,833.85,2502210,1203345,30,480,660
2025-06-09 10:35:25.000000,833.0,2502210,1203345,30,480,660
2025-06-09 10:35:25.000000,833.0,2502270,1203345,30,360,540
2025-06-09 10:35:26.000000,833.0,2502270,1203345,30,360,540
2025-06-09 10:35:26.000000,834.25,2502690,1203345,30,720,660
2025-06-09 10:35:27.000000,834.05,2502690,1203345,30,720,660
2025-06-09 10:35:28.000000,834.05,2502840,1203345,30,330,810
2025-06-09 10:35:28.000000,833.1,2502840,1203345,30,330,810
2025-06-09 10:35:29.000000,833.5,2503110,1203345,30,390,690
2025-06-09 10:35:29.000000,833.5,2503110,1203345,30,390,690
2025-06-09 10:35:30.000000,833.5,2503110,1203345,30,390,690
2025-06-09 10:35:30.000000,833.45,2503140,1203345,30,450,360
2025-06-09 10:35:30.000000,833.45,2503140,1203345,30,450,360
2025-06-09 10:35:31.000000,833.2,2503140,1203345,30,450,360
2025-06-09 10:35:31.000000,833.2,2503470,1203345,30,540,630
2025-06-09 10:35:32.000000,834.05,2503470,1203345,30,540,630
2025-06-09 10:35:32.000000,834.0,2503590,1203345,30,690,360
2025-06-09 10:35:33.000000,833.45,2503590,1203345,30,690,360
2025-06-09 10:35:34.000000,833.9,2503710,1203345,30,720,390
2025-06-09 10:35:34.000000,833.0,2503710,1203345,30,720,390
2025-06-09 10:35:35.000000,833.95,2503800,1203345,30,330,330
2025-06-09 10:35:35.000000,833.95,2503800,1203345,30,330,330
2025-06-09 10:35:36.000000,832.2,2503800,1203345,30,330,330
2025-06-09 10:35:36.000000,832.05,2504700,1203345,30,480,300
2025-06-09 10:35:37.000000,832.05,2504700,1203345,30,480,300
2025-06-09 10:35:37.000000,832.05,2504730,1203345,30,630,360
2025-06-09 10:35:38.000000,833.55,2504730,1203345,30,630,360
2025-06-09 10:35:39.000000,833.9,2504910,1203345,30,1050,360
2025-06-09 10:35:39.000000,833.9,2504910,1203345,30,1050,360
2025-06-09 10:35:40.000000,832.25,2505030,1203345,90,570,450
2025-06-09 10:35:40.000000,832.1,2505030,1203345,30,570,450
2025-06-09 10:35:41.000000,832.05,2505180,1203345,30,660,270
2025-06-09 10:35:41.000000,832.05,2505180,1203345,30,660,270
2025-06-09 10:35:42.000000,832.2,2505180,1203345,30,660,270
2025-06-09 10:35:42.000000,832.2,2505390,1203345,30,900,390
2025-06-09 10:35:43.000000,832.05,2505390,1203345,30,900,390
2025-06-09 10:35:43.000000,832.05,2505540,1203345,30,810,360
2025-06-09 10:35:44.000000,832.05,2505540,1203345,30,810,360
2025-06-09 10:35:45.000000,833.05,2506860,1203345,30,690,450
2025-06-09 10:35:45.000000,833.05,2506860,1203345,30,690,450
2025-06-09 10:35:46.000000,833.05,2506860,1203345,30,690,210
2025-06-09 10:35:46.000000,833.65,2506860,1203345,60,690,210
2025-06-09 10:35:47.000000,833.05,2507490,1203345,30,630,660
2025-06-09 10:35:47.000000,833.05,2507490,1203345,30,630,660
2025-06-09 10:35:48.000000,833.4,2507490,1203345,30,630,660
2025-06-09 10:35:48.000000,833.4,2507820,1203345,30,270,360
2025-06-09 10:35:49.000000,833.1,2507820,1203345,30,270,360
2025-06-09 10:35:49.000000,831.45,2507910,1203345,30,390,420
2025-06-09 10:35:50.000000,833.15,2507910,1203345,30,390,420
2025-06-09 10:35:51.000000,833.85,2508000,1203345,30,300,390
2025-06-09 10:35:51.000000,833.55,2508000,1203345,30,300,390
2025-06-09 10:35:52.000000,832.2,2508270,1203345,30,450,390
2025-06-09 10:35:52.000000,832.2,2508270,1203345,30,450,390
2025-06-09 10:35:53.000000,834.15,2508270,1203345,30,450,390
2025-06-09 10:35:53.000000,834.15,2508450,1203345,30,210,510
2025-06-09 10:35:54.000000,832.2,2508450,1203345,30,210,510
2025-06-09 10:35:54.000000,831.4,2508720,1203345,30,630,360
2025-06-09 10:35:55.000000,831.0,2508720,1203345,30,630,360
2025-06-09 10:35:56.000000,830.9,2509470,1203345,30,240,540
2025-06-09 10:35:56.000000,831.0,2509470,1203345,150,240,540
2025-06-09 10:35:57.000000,830.45,2509860,1203345,30,360,300
2025-06-09 10:35:57.000000,830.45,2509860,1203345,30,360,300
2025-06-09 10:35:58.000000,830.4,2510010,1203345,60,510,450
2025-06-09 10:35:58.000000,831.05,2510010,1203345,30,510,450
2025-06-09 10:35:59.000000,830.35,2510010,1203345,30,510,450
2025-06-09 10:35:59.000000,830.3,2510790,1203345,30,3180,690
2025-06-09 10:36:00.000000,830.3,2510790,1203345,30,3180,690
2025-06-09 10:36:00.000000,831.0,2510790,1203345,30,3180,690
2025-06-09 10:36:00.000000,831.0,2510970,1203345,30,840,420
2025-06-09 10:36:01.000000,832.1,2510970,1203345,30,840,420
2025-06-09 10:36:02.000000,831.95,2511630,1203345,30,570,480
2025-06-09 10:36:02.000000,832.15,2511630,1203345,30,570,480
2025-06-09 10:36:03.000000,834.35,2512050,1203345,30,390,390
2025-06-09 10:36:03.000000,833.45,2512050,1203345,30,390,390
2025-06-09 10:36:04.000000,835.2,2512230,1203345,30,300,210
2025-06-09 10:36:04.000000,835.2,2512230,1203345,30,300,210
2025-06-09 10:36:05.000000,837.8,2512230,1203345,30,300,210
2025-06-09 10:36:05.000000,835.25,2512380,1203345,30,570,240
2025-06-09 10:36:06.000000,835.8,2512380,1203345,30,570,240
2025-06-09 10:36:07.000000,835.6,2512590,1203345,30,450,360
2025-06-09 10:36:07.000000,835.6,2512590,1203345,30,450,360
2025-06-09 10:36:08.000000,835.45,2512710,1203345,30,870,420
2025-06-09 10:36:08.000000,834.75,2512710,1203345,30,870,420
2025-06-09 10:36:09.000000,836.55,2512890,1203345,90,600,330
2025-06-09 10:36:09.000000,836.55,2512890,1203345,90,600,330
2025-06-09 10:36:10.000000,835.55,2512890,1203345,30,600,330
2025-06-09 10:36:10.000000,835.55,2512950,1203345,30,270,510
2025-06-09 10:36:11.000000,837.0,2512950,1203345,90,270,510
2025-06-09 10:36:11.000000,837.25,2513370,1203345,30,390,360
2025-06-09 10:36:12.000000,837.2,2513370,1203345,90,390,360
2025-06-09 10:36:13.000000,837.2,2513490,1203345,90,300,420
2025-06-09 10:36:13.000000,837.5,2513490,1203345,30,300,420
2025-06-09 10:36:14.000000,837.5,2513520,1203345,30,210,330
2025-06-09 10:36:15.000000,836.0,2513520,1203345,30,210,330
2025-06-09 10:36:15.000000,836.4,2513610,1203345,30,360,750
2025-06-09 10:36:15.000000,837.95,2513610,1203345,30,360,750
2025-06-09 10:36:16.000000,838.0,2513610,1203345,90,360,750
2025-06-09 10:36:16.000000,838.0,2513760,1203345,90,300,660
2025-06-09 10:36:17.000000,838.0,2513760,1203345,240,300,660
2025-06-09 10:36:17.000000,838.0,2514090,1203345,240,330,300
2025-06-09 10:36:19.000000,838.0,2514090,1203345,240,240,390
2025-06-09 10:36:19.000000,838.7,2514090,1203345,30,240,390
2025-06-09 10:36:19.000000,837.2,2514090,1203345,30,240,390
2025-06-09 10:36:20.000000,837.0,2514480,1203345,300,360,390
2025-06-09 10:36:20.000000,837.0,2514480,1203345,300,360,390
2025-06-09 10:36:21.000000,838.0,2514510,1203345,30,480,330
2025-06-09 10:36:21.000000,838.55,2514510,1203345,30,480,330
2025-06-09 10:36:22.000000,838.7,2514510,1203345,30,480,330
2025-06-09 10:36:23.000000,838.7,2514840,1203345,30,810,300
2025-06-09 10:36:23.000000,837.25,2514840,1203345,60,810,300
2025-06-09 10:36:24.000000,837.05,2515230,1203345,30,1170,270
2025-06-09 10:36:24.000000,838.9,2515230,1203345,30,1170,270
2025-06-09 10:36:25.000000,837.0,2515710,1203345,150,600,540
2025-06-09 10:36:25.000000,837.0,2515710,1203345,150,600,540
2025-06-09 10:36:26.000000,839.75,2516190,1203345,30,570,510
2025-06-09 10:36:26.000000,839.75,2516190,1203345,30,570,510
2025-06-09 10:36:27.000000,839.05,2516190,1203345,30,570,510
2025-06-09 10:36:27.000000,839.05,2516340,1203345,30,360,630
2025-06-09 10:36:28.000000,837.25,2516340,1203345,30,360,630
2025-06-09 10:36:29.000000,837.0,2516460,1203345,60,480,540
2025-06-09 10:36:29.000000,837.0,2516460,1203345,60,480,540
2025-06-09 10:36:30.000000,837.0,2516460,1203345,60,480,540
2025-06-09 10:36:30.000000,837.55,2516550,1203345,30,360,300
2025-06-09 10:36:30.000000,837.55,2516550,1203345,30,360,300
2025-06-09 10:36:31.000000,837.6,2516580,1203345,30,540,570
2025-06-09 10:36:31.000000,837.6,2516580,1203345,30,540,570
2025-06-09 10:36:32.000000,839.15,2516850,1203345,30,390,630
2025-06-09 10:36:32.000000,838.65,2516850,1203345,30,390,630
2025-06-09 10:36:33.000000,837.7,2516850,1203345,30,390,630
2025-06-09 10:36:34.000000,837.75,2517090,1203345,60,840,240
2025-06-09 10:36:34.000000,839.7,2517090,1203345,30,840,240
2025-06-09 10:36:35.000000,839.7,2517180,1203345,30,330,540
2025-06-09 10:36:35.000000,839.5,2517180,1203345,30,330,540
2025-06-09 10:36:36.000000,839.1,2517240,1203345,30,330,300
2025-06-09 10:36:36.000000,839.1,2517240,1203345,30,330,300
2025-06-09 10:36:37.000000,837.75,2517240,1203345,30,330,300
2025-06-09 10:36:37.000000,837.75,2517270,1203345,30,420,720
2025-06-09 10:36:38.000000,839.25,2517270,1203345,30,420,720
2025-06-09 10:36:39.000000,839.25,2517390,1203345,30,360,240
2025-06-09 10:36:40.000000,839.5,2517390,1210545,30,360,240
2025-06-09 10:36:40.000000,839.5,2517420,1210545,30,480,390
2025-06-09 10:36:40.000000,838.0,2517420,1210545,30,480,390
2025-06-09 10:36:41.000000,838.0,2517450,1210545,30,630,1080
2025-06-09 10:36:42.000000,839.7,2517450,1210545,120,630,1080
2025-06-09 10:36:42.000000,837.75,2517450,1210545,60,630,1080
2025-06-09 10:36:42.000000,837.75,2518200,1210545,60,360,750
2025-06-09 10:36:43.000000,838.45,2518200,1210545,30,360,750
2025-06-09 10:36:44.000000,838.45,2518230,1210545,30,660,390
2025-06-09 10:36:44.000000,838.6,2518230,1210545,30,660,390
2025-06-09 10:36:45.000000,835.85,2518560,1210545,30,720,750
2025-06-09 10:36:45.000000,835.1,2518560,1210545,30,720,750
2025-06-09 10:36:46.000000,836.9,2518770,1210545,30,690,480
2025-06-09 10:36:46.000000,836.9,2518770,1210545,30,690,480
2025-06-09 10:36:47.000000,839.7,2518890,1210545,60,480,750
2025-06-09 10:36:47.000000,839.7,2518890,1210545,60,480,750
2025-06-09 10:36:48.000000,836.8,2518890,1210545,30,480,750
2025-06-09 10:36:49.000000,836.8,2519070,1210545,30,390,570
2025-06-09 10:36:50.000000,836.8,2519070,1210545,60,390,570
2025-06-09 10:36:50.000000,836.8,2519130,1210545,60,510,390
2025-06-09 10:36:50.000000,833.0,2519130,1210545,30,510,390
2025-06-09 10:36:51.000000,833.0,2519460,1210545,30,780,480
2025-06-09 10:36:52.000000,835.35,2519460,1210545,30,780,480
2025-06-09 10:36:52.000000,835.35,2519550,1210545,30,750,540
2025-06-09 10:36:53.000000,834.15,2519550,1210545,30,750,540
2025-06-09 10:36:54.000000,834.15,2519580,1210545,30,390,300
2025-06-09 10:36:54.000000,834.2,2519580,1210545,60,390,300
2025-06-09 10:36:55.000000,834.15,2519580,1210545,30,390,300
2025-06-09 10:36:55.000000,834.5,2519790,1210545,120,720,420
2025-06-09 10:36:55.000000,834.5,2519790,1210545,120,720,420
2025-06-09 10:36:56.000000,834.5,2519790,1210545,120,870,690
2025-06-09 10:36:57.000000,835.5,2519850,1210545,30,660,750
2025-06-09 10:36:57.000000,835.5,2519850,1210545,30,660,750
2025-06-09 10:36:58.000000,835.5,2519850,1210545,30,960,300
2025-06-09 10:37:00.000000,835.5,2519850,1210545,30,960,300
2025-06-09 10:37:00.000000,834.5,2520420,1210545,510,600,420
2025-06-09 10:37:00.000000,834.5,2520420,1210545,510,600,420
2025-06-09 10:37:00.000000,835.35,2520420,1210545,30,600,420
2025-06-09 10:37:01.000000,835.35,2520510,1210545,30,780,540
2025-06-09 10:37:01.000000,836.05,2520510,1210545,60,780,540
2025-06-09 10:37:02.000000,836.05,2520600,1210545,60,690,780
2025-06-09 10:37:03.000000,837.7,2520600,1210545,30,690,780
2025-06-09 10:37:03.000000,837.75,2520600,1210545,30,690,780
2025-06-09 10:37:03.000000,837.75,2520660,1210545,30,840,270
2025-06-09 10:37:05.000000,837.75,2520660,1210545,30,870,150
2025-06-09 10:37:05.000000,837.1,2520660,1210545,30,870,150
2025-06-09 10:37:06.000000,837.1,2520690,1210545,30,600,240
2025-06-09 10:37:06.000000,838.6,2520690,1210545,30,600,240
2025-06-09 10:37:07.000000,837.2,2520780,1210545,30,1080,900
2025-06-09 10:37:07.000000,837.2,2520780,1210545,30,1080,900
2025-06-09 10:37:08.000000,837.2,2520780,1210545,30,780,330
2025-06-09 10:37:09.000000,839.15,2520780,1210545,30,780,330
2025-06-09 10:37:10.000000,839.15,2520870,1210545,30,570,330
2025-06-09 10:37:11.000000,837.1,2521080,1210545,30,360,540
2025-06-09 10:37:11.000000,837.1,2521080,1210545,30,360,540
2025-06-09 10:37:12.000000,838.0,2521110,1210545,30,540,390
2025-06-09 10:37:12.000000,838.1,2521110,1210545,30,540,390
2025-06-09 10:37:13.000000,838.1,2521170,1210545,30,990,360
2025-06-09 10:37:14.000000,838.6,2521170,1210545,90,990,360
2025-06-09 10:37:14.000000,838.6,2521170,1210545,30,990,360
2025-06-09 10:37:14.000000,839.15,2521590,1210545,30,1200,390
2025-06-09 10:37:15.000000,838.85,2521590,1210545,30,1200,390
2025-06-09 10:37:16.000000,838.85,2521650,1210545,30,360,750
2025-06-09 10:37:16.000000,837.15,2521650,1210545,60,360,750
2025-06-09 10:37:17.000000,837.15,2521800,1210545,60,270,720
2025-06-09 10:37:17.000000,838.3,2521800,1210545,90,270,720
2025-06-09 10:37:18.000000,838.25,2522010,1210545,30,330,450
2025-06-09 10:37:18.000000,838.25,2522010,1210545,30,330,450
2025-06-09 10:37:19.000000,838.25,2522010,1210545,30,330,570
2025-06-09 10:37:21.000000,838.25,2522010,1210545,30,990,390
2025-06-09 10:37:22.000000,838.25,2522010,1210545,30,960,300
2025-06-09 10:37:22.000000,838.1,2522010,1210545,30,960,300
2025-06-09 10:37:22.000000,838.85,2522010,1210545,30,960,300
2025-06-09 10:37:23.000000,838.85,2522100,1210545,30,990,270
2025-06-09 10:37:24.000000,840.0,2522100,1210545,30,990,270
2025-06-09 10:37:24.000000,838.3,2522430,1210545,60,780,690
2025-06-09 10:37:24.000000,840.0,2522430,1210545,30,780,690
2025-06-09 10:37:25.000000,840.0,2522730,1210545,30,510,750
2025-06-09 10:37:26.000000,840.0,2522730,1210545,30,480,600
2025-06-09 10:37:27.000000,840.0,2522730,1210545,90,480,600
2025-06-09 10:37:28.000000,840.0,2522850,1210545,90,960,570
2025-06-09 10:37:28.000000,839.65,2522850,1210545,30,960,570
2025-06-09 10:37:29.000000,839.65,2522910,1210545,30,1290,360
2025-06-09 10:37:30.000000,839.65,2522910,1210545,30,1290,360
2025-06-09 10:37:30.000000,838.35,2522910,1210545,30,1290,360
2025-06-09 10:37:30.000000,838.25,2523000,1210545,60,1320,360
2025-06-09 10:37:30.000000,838.25,2523000,1210545,60,1320,360
2025-06-09 10:37:31.000000,838.85,2523120,1210545,30,810,750
2025-06-09 10:37:31.000000,838.9,2523120,1210545,30,810,750
2025-06-09 10:37:32.000000,839.75,2523120,1210545,30,810,750
2025-06-09 10:37:32.000000,839.75,2523240,1210545,30,1410,750
2025-06-09 10:37:33.000000,838.2,2523240,1210545,30,1410,750
2025-06-09 10:37:34.000000,838.15,2523420,1210545,30,1800,600
2025-06-09 10:37:34.000000,838.15,2523420,1210545,30,1800,600
2025-06-09 10:37:35.000000,838.15,2523420,1210545,30,1710,720
2025-06-09 10:37:35.000000,838.1,2523420,1210545,60,1710,720
2025-06-09 10:37:36.000000,838.1,2523510,1210545,60,1470,840
2025-06-09 10:37:37.000000,838.1,2523510,1210545,60,1050,870
2025-06-09 10:37:37.000000,840.0,2523510,1210545,30,1050,870
2025-06-09 10:37:38.000000,838.3,2523510,1210545,30,1050,870
2025-06-09 10:37:38.000000,838.35,2523690,1210545,30,630,690
2025-06-09 10:37:39.000000,840.0,2523690,1210545,60,630,690
2025-06-09 10:37:40.000000,840.0,2523930,1210545,60,300,840
2025-06-09 10:37:40.000000,840.6,2523930,1210545,30,300,840
2025-06-09 10:37:41.000000,840.6,2524410,1210545,30,270,330
2025-06-09 10:37:42.000000,841.0,2524440,1210545,30,840,180
2025-06-09 10:37:42.000000,841.0,2524440,1210545,30,840,180
2025-06-09 10:37:42.000000,840.95,2524440,1210545,30,840,180
2025-06-09 10:37:43.000000,840.9,2524500,1210545,30,510,330
2025-06-09 10:37:43.000000,840.9,2524500,1210545,30,510,330
2025-06-09 10:37:44.000000,840.0,2524500,1210545,30,510,330
2025-06-09 10:37:44.000000,840.0,2524680,1210545,30,570,420
2025-06-09 10:37:45.000000,841.75,2524680,1210545,30,570,420
2025-06-09 10:37:46.000000,841.75,2524710,1210545,30,540,480
2025-06-09 10:37:46.000000,839.75,2524710,1210545,30,540,480
2025-06-09 10:37:47.000000,840.95,2525460,1210545,30,540,360
2025-06-09 10:37:47.000000,840.95,2525460,1210545,30,540,360
2025-06-09 10:37:48.000000,840.6,2525610,1210545,30,300,690
2025-06-09 10:37:48.000000,840.6,2525610,1210545,30,300,690
2025-06-09 10:37:49.000000,841.6,2525670,1210545,30,570,480
2025-06-09 10:37:49.000000,841.6,2525670,1210545,30,570,480
2025-06-09 10:37:50.000000,841.65,2525670,1210545,30,570,480
2025-06-09 10:37:50.000000,841.6,2525880,1210545,30,450,600
2025-06-09 10:37:51.000000,841.6,2525880,1210545,30,450,600
2025-06-09 10:37:52.000000,842.0,2525970,1210545,30,540,450
2025-06-09 10:37:52.000000,843.1,2525970,1210545,30,540,450
2025-06-09 10:37:53.000000,843.3,2527020,1210545,90,540,540
2025-06-09 10:37:53.000000,843.7,2527020,1210545,60,540,540
2025-06-09 10:37:54.000000,845.0,2527470,1210545,30,570,870
2025-06-09 10:37:54.000000,845.0,2527470,1210545,30,570,870
2025-06-09 10:37:55.000000,842.45,2527920,1210545,30,360,870
2025-06-09 10:37:55.000000,842.45,2527920,1210545,30,360,870
2025-06-09 10:37:56.000000,841.75,2527920,1210545,30,360,870
2025-06-09 10:37:56.000000,841.75,2528070,1210545,30,750,780
2025-06-09 10:37:57.000000,840.0,2528070,1210545,30,750,780
2025-06-09 10:37:58.000000,840.75,2528370,1210545,60,720,720
2025-06-09 10:37:58.000000,840.75,2528370,1210545,60,720,720
2025-06-09 10:37:59.000000,840.0,2528550,1210545,30,720,750
2025-06-09 10:37:59.000000,840.0,2528550,1210545,30,720,750
2025-06-09 10:38:00.000000,840.0,2528550,1210545,30,720,750
2025-06-09 10:38:00.000000,840.3,2529090,1210545,30,570,630
2025-06-09 10:38:00.000000,840.3,2529090,1210545,30,570,630
2025-06-09 10:38:01.000000,840.3,2529090,1210545,30,1560,420
2025-06-09 10:38:02.000000,840.45,2529090,1210545,60,1560,420
2025-06-09 10:38:03.000000,840.9,2529240,1210545,30,840,570
2025-06-09 10:38:03.000000,841.3,2529240,1210545,30,840,570
2025-06-09 10:38:04.000000,839.6,2529540,1210545,90,420,570
2025-06-09 10:38:04.000000,841.55,2529540,1210545,60,420,570
2025-06-09 10:38:05.000000,839.75,2529990,1210545,30,780,570
2025-06-09 10:38:05.000000,841.7,2529990,1210545,30,780,570
2025-06-09 10:38:06.000000,841.75,2530110,1210545,90,480,660
2025-06-09 10:38:06.000000,841.75,2530110,1210545,90,480,660
2025-06-09 10:38:07.000000,840.1,2530110,1210545,30,480,660
2025-06-09 10:38:07.000000,840.1,2530140,1210545,30,360,480
2025-06-09 10:38:08.000000,841.45,2530140,1210545,30,360,480
2025-06-09 10:38:09.000000,840.0,2530410,1210545,30,1140,840
2025-06-09 10:38:09.000000,840.0,2530410,1210545,30,1140,840
2025-06-09 10:38:10.000000,840.0,2530410,1210545,30,510,480
2025-06-09 10:38:11.000000,840.0,2530410,1210545,30,570,900
2025-06-09 10:38:11.000000,840.7,2530410,1210545,30,570,900
2025-06-09 10:38:12.000000,839.65,2530410,1210545,90,570,900
2025-06-09 10:38:12.000000,839.65,2530620,1210545,90,810,360
2025-06-09 10:38:13.000000,841.2,2530620,1210545,30,810,360
2025-06-09 10:38:13.000000,841.2,2530650,1210545,30,900,390
2025-06-09 10:38:14.000000,840.1,2530650,1210545,30,900,390
2025-06-09 10:38:15.000000,841.9,2530770,1210545,90,870,360
2025-06-09 10:38:15.000000,841.9,2530770,1210545,90,870,360
2025-06-09 10:38:16.000000,841.35,2531010,1210545,30,510,660
2025-06-09 10:38:16.000000,841.35,2531010,1210545,30,510,660
2025-06-09 10:38:17.000000,840.0,2531040,1210545,30,540,750
2025-06-09 10:38:17.000000,840.0,2531040,1210545,30,540,750
2025-06-09 10:38:18.000000,840.25,2531040,1210545,60,540,750
2025-06-09 10:38:18.000000,840.25,2531100,1210545,60,780,690
2025-06-09 10:38:19.000000,840.25,2531100,1210545,30,780,690
2025-06-09 10:38:20.000000,842.0,2531400,1210545,30,900,930
2025-06-09 10:38:20.000000,842.0,2531400,1210545,30,900,930
2025-06-09 10:38:21.000000,842.3,2531460,1210545,30,480,750
2025-06-09 10:38:21.000000,842.3,2531460,1210545,30,480,750
2025-06-09 10:38:22.000000,842.3,2531460,1210545,30,360,900
2025-06-09 10:38:23.000000,841.3,2531460,1210545,180,360,900
2025-06-09 10:38:23.000000,840.0,2531460,1210545,30,360,900
2025-06-09 10:38:23.000000,840.0,2531700,1210545,30,1110,450
2025-06-09 10:38:24.000000,841.65,2531700,1210545,30,1110,450
2025-06-09 10:38:25.000000,841.65,2531760,1210545,30,930,690
2025-06-09 10:38:25.000000,841.3,2531760,1210545,150,930,690
2025-06-09 10:38:26.000000,841.3,2531940,1210545,150,510,450
2025-06-09 10:38:27.000000,842.25,2531940,1210545,60,510,450
2025-06-09 10:38:27.000000,842.25,2532540,1210545,60,450,660
2025-06-09 10:38:28.000000,841.3,2532540,1210545,30,450,660
2025-06-09 10:38:28.000000,841.3,2532660,1210545,30,1350,1140
2025-06-09 10:38:28.000000,840.0,2532660,1210545,60,1350,1140
2025-06-09 10:38:29.000000,841.05,2532660,1210545,30,1350,1140
2025-06-09 10:38:29.000000,841.05,2532810,1210545,30,1080,420
2025-06-09 10:38:30.000000,841.05,2532810,1210545,30,1080,420
2025-06-09 10:38:30.000000,840.95,2532810,1210545,30,1080,420
2025-06-09 10:38:31.000000,840.95,2532840,1210545,30,870,750
2025-06-09 10:38:32.000000,841.5,2532840,1210545,60,870,750
2025-06-09 10:38:32.000000,840.1,2533470,1210545,30,870,420
2025-06-09 10:38:32.000000,841.05,2533470,1210545,30,870,420
2025-06-09 10:38:33.000000,841.05,2533530,1210545,30,1050,450
2025-06-09 10:38:33.000000,841.35,2533530,1210545,30,1050,450
2025-06-09 10:38:34.000000,840.1,2533530,1210545,30,1050,450
2025-06-09 10:38:34.000000,840.1,2533590,1210545,30,900,480
2025-06-09 10:38:35.000000,841.4,2533590,1210545,30,900,480
2025-06-09 10:38:36.000000,841.4,2533620,1210545,30,900,660
2025-06-09 10:38:37.000000,836.8,2533620,1210545,30,900,660
2025-06-09 10:38:37.000000,836.8,2534370,1210545,30,420,420
2025-06-09 10:38:37.000000,836.15,2534370,1210545,30,420,420
2025-06-09 10:38:38.000000,839.05,2534460,1210545,30,480,540
2025-06-09 10:38:38.000000,839.05,2534460,1210545,30,480,540
2025-06-09 10:38:39.000000,837.1,2534460,1210545,30,480,540
2025-06-09 10:38:40.000000,837.25,2535030,1210545,30,690,390
2025-06-09 10:38:40.000000,838.95,2535030,1210545,30,690,390
2025-06-09 10:38:41.000000,838.95,2535060,1210545,30,450,480
2025-06-09 10:38:42.000000,838.95,2535060,1210545,30,540,210
2025-06-09 10:38:42.000000,836.75,2535060,1210545,30,540,210
2025-06-09 10:38:43.000000,837.05,2535420,1210545,30,510,870
2025-06-09 10:38:43.000000,837.05,2535420,1210545,30,510,870
2025-06-09 10:38:44.000000,836.7,2535420,1210545,30,510,870
2025-06-09 10:38:45.000000,836.7,2535600,1210545,30,450,330
2025-06-09 10:38:45.000000,837.25,2535600,1210545,90,450,330
2025-06-09 10:38:46.000000,836.9,2535720,1210545,30,240,540
2025-06-09 10:38:46.000000,838.15,2535720,1210545,30,240,540
2025-06-09 10:38:47.000000,838.15,2535750,1210545,30,390,210
2025-06-09 10:38:47.000000,838.45,2535750,1210545,30,390,210
2025-06-09 10:38:48.000000,838.45,2535780,1210545,30,510,270
2025-06-09 10:38:48.000000,839.55,2535780,1210545,120,510,270
2025-06-09 10:38:49.000000,839.55,2536500,1210545,120,570,240
2025-06-09 10:38:51.000000,839.55,2536500,1210545,120,570,360
2025-06-09 10:38:51.000000,838.15,2536500,1210545,30,570,360
2025-06-09 10:38:52.000000,838.15,2537010,1210545,30,960,600
2025-06-09 10:38:53.000000,838.15,2537010,1210545,30,810,390
2025-06-09 10:38:53.000000,838.2,2537010,1210545,30,810,390
2025-06-09 10:38:54.000000,840.1,2537010,1210545,90,810,390
2025-06-09 10:38:54.000000,840.1,2537310,1210545,90,600,450
2025-06-09 10:38:55.000000,840.0,2537310,1210545,30,600,450
2025-06-09 10:38:56.000000,840.0,2537340,1210545,30,930,630
2025-06-09 10:38:56.000000,839.95,2537340,1210545,30,930,630
2025-06-09 10:38:57.000000,839.65,2537610,1210545,60,930,750
2025-06-09 10:38:57.000000,839.35,2537610,1210545,30,930,750
2025-06-09 10:38:58.000000,839.35,2537700,1210545,30,480,450
2025-06-09 10:38:58.000000,840.0,2537700,1210545,30,480,450
2025-06-09 10:38:59.000000,839.65,2537700,1210545,120,480,450
2025-06-09 10:38:59.000000,839.65,2538630,1210545,120,360,630
2025-06-09 10:39:00.000000,839.65,2538630,1210545,120,360,630
2025-06-09 10:39:00.000000,839.45,2538630,1210545,30,360,630
2025-06-09 10:39:01.000000,839.4,2538690,1210545,30,390,630
2025-06-09 10:39:01.000000,839.75,2538690,1210545,30,390,630
2025-06-09 10:39:02.000000,839.75,2538870,1210545,30,660,630
2025-06-09 10:39:03.000000,840.25,2538870,1210545,30,660,630
2025-06-09 10:39:03.000000,840.25,2538930,1210545,30,630,420
2025-06-09 10:39:03.000000,840.25,2538930,1210545,60,630,420
2025-06-09 10:39:04.000000,840.25,2538990,1210545,60,390,330
2025-06-09 10:39:05.000000,840.25,2538990,1210545,60,750,330
2025-06-09 10:39:07.000000,840.25,2538990,1210545,30,750,330
2025-06-09 10:39:07.000000,840.25,2539020,1210545,30,450,750
2025-06-09 10:39:08.000000,841.55,2539020,1210545,30,450,750
2025-06-09 10:39:08.000000,841.95,2539110,1210545,60,870,300
2025-06-09 10:39:08.000000,841.95,2539110,1210545,60,870,300
2025-06-09 10:39:09.000000,841.95,2539110,1210545,60,390,330
2025-06-09 10:39:10.000000,841.0,2539110,1210545,30,390,330
2025-06-09 10:39:10.000000,841.0,2539140,1210545,30,840,480
2025-06-09 10:39:11.000000,841.0,2539140,1210545,30,540,480
2025-06-09 10:39:12.000000,842.45,2539140,1210545,120,540,480
2025-06-09 10:39:13.000000,840.5,2539680,1210545,30,510,1110
2025-06-09 10:39:13.000000,840.5,2539680,1210545,30,510,1110
2025-06-09 10:39:14.000000,843.0,2539680,1210545,30,510,1110
2025-06-09 10:39:15.000000,843.0,2539860,1210545,30,840,450
2025-06-09 10:39:16.000000,843.0,2539860,1210545,30,840,450
2025-06-09 10:39:16.000000,845.0,2540460,1210545,30,840,720
2025-06-09 10:39:16.000000,844.05,2540460,1210545,90,840,720
2025-06-09 10:39:17.000000,844.2,2540460,1210545,30,840,720
2025-06-09 10:39:17.000000,844.2,2540580,1210545,30,300,1200
2025-06-09 10:39:18.000000,843.35,2540580,1210545,30,300,1200
2025-06-09 10:39:19.000000,842.45,2540970,1210545,30,420,780
2025-06-09 10:39:19.000000,843.2,2540970,1210545,30,420,780
2025-06-09 10:39:20.000000,843.2,2541000,1210545,30,300,1080
2025-06-09 10:39:20.000000,843.55,2541000,1210545,30,300,1080
2025-06-09 10:39:21.000000,843.9,2541630,1210545,30,690,1320
2025-06-09 10:39:21.000000,843.9,2541630,1210545,30,690,1320
2025-06-09 10:39:22.000000,843.9,2541630,1210545,30,510,1170
2025-06-09 10:39:23.000000,844.95,2541630,1210545,30,510,1170
2025-06-09 10:39:23.000000,844.95,2541660,1210545,30,540,720
2025-06-09 10:39:24.000000,844.8,2541660,1210545,30,540,720
2025-06-09 10:39:25.000000,843.8,2541780,1210545,30,150,1230
2025-06-09 10:39:25.000000,843.8,2541780,1210545,30,150,1230
2025-06-09 10:39:26.000000,843.45,2541870,1210545,30,270,2010
2025-06-09 10:39:26.000000,843.45,2541870,1210545,30,270,2010
2025-06-09 10:39:27.000000,842.7,2543190,1210545,90,600,960
2025-06-09 10:39:27.000000,842.7,2543190,1210545,90,600,960
2025-06-09 10:39:28.000000,844.95,2543490,1210545,30,450,1830
2025-06-09 10:39:28.000000,844.95,2543490,1210545,30,450,1830
2025-06-09 10:39:29.000000,843.8,2543490,1210545,30,450,1830
2025-06-09 10:39:29.000000,843.8,2543550,1210545,30,780,1980
2025-06-09 10:39:30.000000,843.8,2543550,1210545,30,780,1980
2025-06-09 10:39:30.000000,843.75,2543550,1210545,30,780,1980
2025-06-09 10:39:31.000000,843.75,2544240,1210545,30,300,1350
2025-06-09 10:39:31.000000,845.0,2544240,1210545,150,300,1350
2025-06-09 10:39:32.000000,843.5,2544570,1210545,30,690,1080
2025-06-09 10:39:32.000000,844.95,2544570,1210545,30,690,1080
2025-06-09 10:39:33.000000,844.95,2544750,1210545,30,690,900
2025-06-09 10:39:34.000000,845.0,2544780,1210545,30,690,840
2025-06-09 10:39:35.000000,845.0,2544780,1210545,30,690,840
2025-06-09 10:39:35.000000,845.0,2544780,1210545,300,690,840
2025-06-09 10:39:36.000000,845.0,2545080,1210545,300,450,660
2025-06-09 10:39:36.000000,843.6,2545080,1210545,30,450,660
2025-06-09 10:39:37.000000,844.95,2545170,1210545,30,840,690
2025-06-09 10:39:37.000000,844.95,2545170,1210545,30,840,690
2025-06-09 10:39:38.000000,844.95,2545170,1210545,30,600,690
2025-06-09 10:39:39.000000,844.95,2545170,1210545,30,780,810
2025-06-09 10:39:40.000000,845.6,2545680,1210545,60,900,390
2025-06-09 10:39:41.000000,845.6,2545680,1211925,60,900,390
2025-06-09 10:39:42.000000,845.6,2545680,1211925,60,1140,570
2025-06-09 10:39:42.000000,844.0,2545680,1211925,120,1140,570
2025-06-09 10:39:43.000000,844.0,2546130,1211925,120,480,450
2025-06-09 10:39:44.000000,843.65,2546130,1211925,90,480,450
2025-06-09 10:39:44.000000,842.45,2546340,1211925,30,570,960
2025-06-09 10:39:44.000000,842.0,2546340,1211925,60,570,960
2025-06-09 10:39:45.000000,842.0,2546400,1211925,60,540,540
2025-06-09 10:39:45.000000,841.1,2546400,1211925,30,540,540
2025-06-09 10:39:47.000000,841.1,2546430,1211925,30,660,870
2025-06-09 10:39:47.000000,840.2,2546430,1211925,30,660,870
2025-06-09 10:39:47.000000,841.45,2546430,1211925,30,660,870
2025-06-09 10:39:48.000000,841.45,2546580,1211925,30,540,750
2025-06-09 10:39:49.000000,840.0,2546580,1211925,120,540,750
2025-06-09 10:39:49.000000,839.65,2547330,1211925,90,690,720
2025-06-09 10:39:49.000000,839.65,2547330,1211925,90,690,720
2025-06-09 10:39:50.000000,841.0,2547420,1211925,60,390,630
2025-06-09 10:39:50.000000,841.0,2547420,1211925,60,390,630
2025-06-09 10:39:51.000000,841.05,2547420,1211925,30,390,630
2025-06-09 10:39:51.000000,841.4,2547540,1211925,30,600,450
2025-06-09 10:39:52.000000,841.4,2547540,1211925,30,600,450
2025-06-09 10:39:53.000000,840.65,2547570,1211925,30,600,510
2025-06-09 10:39:53.000000,840.65,2547570,1211925,30,600,510
2025-06-09 10:39:54.000000,841.75,2547600,1211925,30,780,480
2025-06-09 10:39:54.000000,841.75,2547600,1211925,30,780,480
2025-06-09 10:39:55.000000,841.9,2547630,1211925,30,300,780
2025-06-09 10:39:55.000000,841.9,2547630,1211925,30,300,780
2025-06-09 10:39:56.000000,839.4,2547630,1211925,30,300,780
2025-06-09 10:39:56.000000,839.4,2547660,1211925,30,450,390
2025-06-09 10:39:57.000000,843.0,2547660,1211925,30,450,390
2025-06-09 10:39:58.000000,843.0,2548260,1211925,30,1200,630
2025-06-09 10:39:58.000000,840.8,2548260,1211925,30,1200,630
2025-06-09 10:39:59.000000,840.8,2548350,1211925,30,870,210
2025-06-09 10:40:00.000000,841.05,2548350,1211925,30,870,210
2025-06-09 10:40:00.000000,841.05,2548350,1211925,30,870,210
2025-06-09 10:40:00.000000,841.05,2548380,1211925,30,540,420
2025-06-09 10:40:00.000000,842.2,2548380,1211925,30,540,420
2025-06-09 10:40:01.000000,842.15,2548470,1211925,30,510,210
2025-06-09 10:40:01.000000,842.15,2548470,1211925,30,510,210
2025-06-09 10:40:02.000000,842.15,2548470,1211925,30,1110,450
2025-06-09 10:40:03.000000,840.5,2548470,1211925,30,1110,450
2025-06-09 10:40:04.000000,840.25,2548560,1211925,30,1110,390
2025-06-09 10:40:04.000000,841.7,2548560,1211925,30,1110,390
2025-06-09 10:40:05.000000,841.7,2548590,1211925,30,990,510
2025-06-09 10:40:05.000000,841.85,2548590,1211925,30,990,510
2025-06-09 10:40:06.000000,842.2,2548710,1211925,30,540,450
2025-06-09 10:40:06.000000,842.2,2548710,1211925,30,540,450
2025-06-09 10:40:07.000000,843.0,2548710,1211925,30,540,450
2025-06-09 10:40:07.000000,843.0,2549310,1211925,30,420,330
2025-06-09 10:40:08.000000,843.55,2549310,1211925,30,420,330
2025-06-09 10:40:09.000000,843.55,2549430,1211925,30,600,630
2025-06-09 10:40:10.000000,844.85,2549430,1211925,30,600,630
2025-06-09 10:40:10.000000,844.85,2549460,1211925,30,450,540
2025-06-09 10:40:10.000000,843.3,2549460,1211925,30,450,540
2025-06-09 10:40:11.000000,843.3,2549640,1211925,30,270,720
2025-06-09 10:40:11.000000,842.85,2549640,1211925,30,270,720
2025-06-09 10:40:12.000000,844.4,2549640,1211925,30,270,720
2025-06-09 10:40:12.000000,844.4,2549730,1211925,30,360,450
2025-06-09 10:40:14.000000,841.9,2549730,1211925,30,360,450
2025-06-09 10:40:14.000000,841.9,2549760,1211925,30,270,750
2025-06-09 10:40:15.000000,841.9,2549760,1211925,30,450,390
2025-06-09 10:40:16.000000,841.9,2549760,1211925,30,300,480
2025-06-09 10:40:17.000000,842.9,2549760,1211925,60,300,480
2025-06-09 10:40:17.000000,840.75,2550330,1211925,90,390,690
2025-06-09 10:40:17.000000,840.75,2550330,1211925,90,390,690
2025-06-09 10:40:18.000000,842.5,2550330,1211925,30,390,690
2025-06-09 10:40:18.000000,842.5,2550390,1211925,30,600,480
2025-06-09 10:40:19.000000,842.85,2550390,1211925,30,600,480
2025-06-09 10:40:20.000000,841.1,2550570,1211925,30,600,540
2025-06-09 10:40:20.000000,841.1,2550570,1211925,30,600,540
2025-06-09 10:40:21.000000,841.1,2550570,1211925,30,810,360
2025-06-09 10:40:22.000000,843.05,2550570,1211925,30,810,360
2025-06-09 10:40:22.000000,843.05,2550630,1211925,30,900,510
2025-06-09 10:40:22.000000,843.05,2550630,1211925,30,900,510
2025-06-09 10:40:23.000000,843.05,2550630,1211925,30,630,600
2025-06-09 10:40:24.000000,842.05,2550630,1211925,30,630,600
2025-06-09 10:40:24.000000,841.0,2550630,1211925,30,630,600
2025-06-09 10:40:25.000000,841.0,2550810,1211925,30,1020,270
2025-06-09 10:40:26.000000,841.0,2550810,1211925,30,690,390
2025-06-09 10:40:26.000000,841.75,2550810,1211925,60,690,390
2025-06-09 10:40:27.000000,841.8,2550810,1211925,30,690,390
2025-06-09 10:40:27.000000,840.5,2550990,1211925,30,900,330
2025-06-09 10:40:27.000000,840.5,2550990,1211925,30,900,330
2025-06-09 10:40:28.000000,842.1,2550990,1211925,30,900,330
2025-06-09 10:40:28.000000,842.1,2551020,1211925,30,600,540
2025-06-09 10:40:30.000000,842.85,2551020,1211925,30,600,540
2025-06-09 10:40:30.000000,842.85,2551020,1211925,30,600,540
2025-06-09 10:40:30.000000,842.85,2551050,1211925,30,720,390
2025-06-09 10:40:31.000000,842.85,2551050,1211925,30,810,420
2025-06-09 10:40:31.000000,842.85,2551050,1211925,30,810,420
2025-06-09 10:40:32.000000,842.85,2551080,1211925,30,720,330
2025-06-09 10:40:32.000000,843.05,2551080,1211925,30,720,330
2025-06-09 10:40:32.000000,843.2,2551080,1211925,90,720,330
2025-06-09 10:40:33.000000,843.2,2551350,1211925,90,540,690
2025-06-09 10:40:33.000000,844.0,2551350,1211925,90,540,690
2025-06-09 10:40:34.000000,842.9,2551350,1211925,120,540,690
2025-06-09 10:40:34.000000,842.9,2551980,1211925,120,1050,480
2025-06-09 10:40:35.000000,844.95,2551980,1211925,90,1050,480
2025-06-09 10:40:36.000000,842.25,2553090,1211925,60,390,540
2025-06-09 10:40:36.000000,840.95,2553090,1211925,30,390,540
2025-06-09 10:40:37.000000,842.6,2553210,1211925,30,630,540
2025-06-09 10:40:37.000000,842.6,2553210,1211925,30,630,540
2025-06-09 10:40:38.000000,840.9,2553330,1211925,120,360,510
2025-06-09 10:40:38.000000,841.1,2553330,1211925,30,360,510
2025-06-09 10:40:39.000000,841.15,2553330,1211925,90,360,510
2025-06-09 10:40:39.000000,843.25,2553480,1211925,30,780,750
2025-06-09 10:40:40.000000,843.2,2553480,1211925,60,780,750
2025-06-09 10:40:41.000000,843.2,2553570,1211925,60,720,540
2025-06-09 10:40:42.000000,842.0,2553570,1211925,30,720,540
2025-06-09 10:40:42.000000,842.0,2553630,1211925,30,390,570
2025-06-09 10:40:42.000000,843.45,2553630,1211925,30,390,570
2025-06-09 10:40:43.000000,843.45,2553660,1211925,30,630,330
2025-06-09 10:40:44.000000,843.45,2553660,1211925,30,630,600
2025-06-09 10:40:46.000000,843.45,2553660,1211925,30,540,750
2025-06-09 10:40:47.000000,843.45,2553660,1211925,30,570,390
2025-06-09 10:40:47.000000,844.15,2553660,1211925,30,570,390
2025-06-09 10:40:48.000000,842.35,2553660,1211925,30,570,390
2025-06-09 10:40:48.000000,842.35,2554290,1211925,30,630,540
2025-06-09 10:40:49.000000,842.35,2554290,1211925,30,690,360
2025-06-09 10:40:50.000000,843.75,2554290,1211925,60,690,360
2025-06-09 10:40:50.000000,843.3,2554290,1211925,30,690,360
2025-06-09 10:40:50.000000,843.3,2554410,1211925,30,900,270
2025-06-09 10:40:51.000000,842.3,2554410,1211925,30,900,270
2025-06-09 10:40:52.000000,842.3,2554980,1211925,30,810,330
2025-06-09 10:40:53.000000,843.95,2554980,1211925,30,810,330
2025-06-09 10:40:53.000000,843.95,2555010,1211925,30,720,300
2025-06-09 10:40:53.000000,842.4,2555010,1211925,30,720,300
2025-06-09 10:40:54.000000,842.4,2555400,1211925,30,930,210
2025-06-09 10:40:54.000000,843.5,2555400,1211925,30,930,210
2025-06-09 10:40:55.000000,843.5,2555430,1211925,30,930,750
2025-06-09 10:40:56.000000,844.0,2555430,1211925,30,930,750
2025-06-09 10:40:56.000000,843.05,2555430,1211925,120,930,750
2025-06-09 10:40:57.000000,843.05,2555820,1211925,120,540,660
2025-06-09 10:40:57.000000,843.15,2555820,1211925,30,540,660
2025-06-09 10:40:58.000000,843.15,2555880,1211925,30,480,810
2025-06-09 10:40:58.000000,844.85,2555880,1211925,30,480,810
2025-06-09 10:40:59.000000,844.7,2555940,1211925,30,480,630
2025-06-09 10:40:59.000000,843.25,2555940,1211925,30,480,630
2025-06-09 10:41:00.000000,843.25,2555940,1211925,30,480,630
2025-06-09 10:41:00.000000,843.6,2556090,1211925,60,360,690
2025-06-09 10:41:00.000000,844.95,2556090,1211925,30,360,690
2025-06-09 10:41:01.000000,844.85,2556090,1211925,30,360,690
2025-06-09 10:41:02.000000,844.85,2556240,1211925,30,420,1170
2025-06-09 10:41:02.000000,843.5,2556240,1211925,30,420,1170
2025-06-09 10:41:03.000000,844.95,2556540,1211925,30,450,900
2025-06-09 10:41:03.000000,843.5,2556540,1211925,30,450,900
2025-06-09 10:41:04.000000,844.95,2556900,1211925,30,750,1080
2025-06-09 10:41:04.000000,844.85,2556900,1211925,30,750,1080
2025-06-09 10:41:05.000000,844.85,2556960,1211925,30,420,1350
2025-06-09 10:41:05.000000,844.85,2556960,1211925,30,420,1350
2025-06-09 10:41:06.000000,845.0,2557560,1211925,30,540,840
2025-06-09 10:41:06.000000,845.0,2557560,1211925,30,540,840
2025-06-09 10:41:07.000000,843.5,2557560,1211925,90,540,840
2025-06-09 10:41:08.000000,843.5,2557650,1211925,90,900,660
2025-06-09 10:41:08.000000,844.5,2557650,1211925,30,900,660
2025-06-09 10:41:09.000000,844.5,2557680,1211925,30,330,300
2025-06-09 10:41:09.000000,844.5,2557680,1211925,30,330,300
2025-06-09 10:41:10.000000,844.5,2557740,1211925,30,480,750
2025-06-09 10:41:11.000000,844.0,2558280,1211925,30,600,600
2025-06-09 10:41:11.000000,844.0,2558280,1211925,30,600,600
2025-06-09 10:41:12.000000,845.0,2558280,1211925,30,600,600
2025-06-09 10:41:13.000000,845.0,2558310,1211925,30,690,390
2025-06-09 10:41:13.000000,842.95,2558310,1211925,120,690,390
2025-06-09 10:41:14.000000,842.95,2558970,1211925,120,300,540
2025-06-09 10:41:14.000000,842.95,2558970,1211925,30,300,540
2025-06-09 10:41:15.000000,842.95,2559150,1211925,30,270,540
2025-06-09 10:41:15.000000,843.45,2559150,1211925,30,270,540
2025-06-09 10:41:16.000000,843.45,2559180,1211925,30,150,210
2025-06-09 10:41:16.000000,841.85,2559180,1211925,30,150,210
2025-06-09 10:41:17.000000,841.8,2559300,1211925,30,570,270
