Timestamp,LTP,BidQty,AskQty
2025-06-06 12:34:42.062728,930.65,360,540
2025-06-06 12:34:42.701814,930.65,570,240
2025-06-06 12:34:43.420828,928.0,570,240
2025-06-06 12:34:43.904355,927.95,390,480
2025-06-06 12:34:44.025319,927.95,390,480
2025-06-06 12:34:45.025917,928.75,390,480
2025-06-06 12:34:45.107543,928.75,390,450
2025-06-06 12:34:46.030370,928.55,390,450
2025-06-06 12:34:46.309503,928.55,390,300
2025-06-06 12:34:47.027554,930.0,390,300
2025-06-06 12:34:47.724062,930.0,420,390
2025-06-06 12:34:48.825329,931.35,420,390
2025-06-06 12:34:48.911625,931.35,270,390
2025-06-06 12:34:49.424181,929.25,270,390
2025-06-06 12:34:50.114113,929.25,360,420
2025-06-06 12:34:51.032176,930.05,360,420
2025-06-06 12:34:51.316651,930.05,180,390
2025-06-06 12:34:52.029130,931.15,180,390
2025-06-06 12:34:52.533123,930.0,180,330
2025-06-06 12:34:53.033580,930.0,180,330
2025-06-06 12:34:53.919575,932.05,360,360
2025-06-06 12:34:54.032002,932.05,360,360
2025-06-06 12:34:55.062140,932.7,360,360
2025-06-06 12:34:55.121929,932.7,330,270
2025-06-06 12:34:56.031321,931.6,330,270
2025-06-06 12:34:56.324062,931.4,390,540
2025-06-06 12:34:57.031661,931.4,390,540
2025-06-06 12:34:57.527315,931.4,270,360
2025-06-06 12:34:58.734552,931.4,330,390
2025-06-06 12:34:59.236278,930.5,330,390
2025-06-06 12:35:00.129235,930.5,300,300
2025-06-06 12:35:00.430088,930.5,300,300
2025-06-06 12:35:00.630032,930.95,300,300
2025-06-06 12:35:01.332404,930.95,240,300
2025-06-06 12:35:01.829786,930.0,240,300
2025-06-06 12:35:02.536716,930.0,330,270
2025-06-06 12:35:02.829559,929.0,330,270
2025-06-06 12:35:03.743209,930.5,300,300
2025-06-06 12:35:03.831675,930.5,300,300
2025-06-06 12:35:04.036476,930.1,300,300
2025-06-06 12:35:04.943711,930.1,180,420
2025-06-06 12:35:05.242440,929.6,180,420
2025-06-06 12:35:06.038320,930.05,180,420
2025-06-06 12:35:06.340456,930.05,480,300
2025-06-06 12:35:07.434386,928.9,480,300
2025-06-06 12:35:07.545173,928.45,750,210
2025-06-06 12:35:08.059806,928.45,750,210
2025-06-06 12:35:08.745856,928.45,390,300
2025-06-06 12:35:09.037404,928.45,390,300
2025-06-06 12:35:09.949585,928.45,450,300
2025-06-06 12:35:10.240107,927.05,450,300
2025-06-06 12:35:11.351382,927.0,300,390
2025-06-06 12:35:12.043141,927.0,300,390
2025-06-06 12:35:12.551506,927.0,390,180
2025-06-06 12:35:13.039164,927.0,390,180
2025-06-06 12:35:13.753476,927.0,690,240
2025-06-06 12:35:14.039588,928.15,690,240
2025-06-06 12:35:14.957452,928.15,1410,450
2025-06-06 12:35:15.440230,925.0,1410,450
2025-06-06 12:35:16.162762,925.0,840,330
2025-06-06 12:35:17.361548,925.0,810,330
2025-06-06 12:35:17.642025,925.0,810,330
2025-06-06 12:35:18.763090,925.0,480,480
2025-06-06 12:35:19.060990,925.0,480,480
2025-06-06 12:35:19.967589,925.0,480,330
2025-06-06 12:35:21.177401,924.05,270,480
2025-06-06 12:35:21.246967,922.05,270,480
2025-06-06 12:35:22.052237,921.8,270,480
2025-06-06 12:35:22.369844,921.8,420,240
2025-06-06 12:35:23.271499,922.95,420,240
2025-06-06 12:35:23.573304,922.95,510,300
2025-06-06 12:35:24.047399,924.4,510,300
2025-06-06 12:35:24.981279,924.4,330,330
2025-06-06 12:35:25.856262,925.7,330,330
2025-06-06 12:35:26.174245,925.7,300,270
2025-06-06 12:35:27.255919,927.85,300,270
2025-06-06 12:35:27.385930,927.85,390,420
2025-06-06 12:35:28.072690,927.95,390,420
2025-06-06 12:35:28.581265,927.95,270,480
2025-06-06 12:35:29.055855,925.0,270,480
2025-06-06 12:35:29.784868,925.0,690,300
2025-06-06 12:35:30.430987,925.0,690,300
2025-06-06 12:35:31.181585,925.0,360,270
2025-06-06 12:35:31.854976,926.1,360,270
2025-06-06 12:35:32.384453,926.1,330,330
2025-06-06 12:35:32.850892,925.0,330,330
2025-06-06 12:35:33.454029,924.15,330,330
2025-06-06 12:35:33.586384,924.15,300,300
2025-06-06 12:35:34.793372,924.15,300,360
2025-06-06 12:35:36.201550,924.15,300,330
2025-06-06 12:35:37.198019,924.15,240,510
2025-06-06 12:35:38.591841,924.15,270,480
2025-06-06 12:35:39.794421,924.15,300,300
2025-06-06 12:35:40.855748,923.5,300,300
2025-06-06 12:35:41.006731,923.5,240,450
2025-06-06 12:35:42.212645,923.5,510,390
2025-06-06 12:35:42.459505,926.0,510,390
2025-06-06 12:35:43.062664,926.5,510,390
2025-06-06 12:35:43.400249,926.5,300,270
2025-06-06 12:35:44.106473,927.1,300,270
2025-06-06 12:35:44.601391,925.75,240,570
2025-06-06 12:35:45.069440,925.15,240,570
2025-06-06 12:35:45.803657,928.0,330,270
2025-06-06 12:35:46.072895,928.0,330,270
2025-06-06 12:35:47.213461,926.6,330,270
2025-06-06 12:35:47.213905,927.45,300,300
2025-06-06 12:35:48.065454,927.95,300,300
2025-06-06 12:35:48.404185,927.95,330,270
2025-06-06 12:35:49.608045,928.0,360,270
2025-06-06 12:35:49.662480,928.0,360,270
2025-06-06 12:35:50.809520,928.0,480,330
2025-06-06 12:35:52.017263,926.6,480,300
2025-06-06 12:35:52.071493,928.0,480,300
2025-06-06 12:35:54.621807,929.35,480,300
2025-06-06 12:35:54.626072,929.0,210,630
2025-06-06 12:35:54.627880,929.7,210,630
2025-06-06 12:35:54.628898,929.75,330,480
2025-06-06 12:35:55.071774,929.75,330,480
2025-06-06 12:35:55.815114,929.75,330,600
2025-06-06 12:35:57.021174,929.75,300,540
2025-06-06 12:35:58.233062,929.75,300,750
2025-06-06 12:35:59.422810,928.0,300,480
2025-06-06 12:35:59.469149,928.0,300,480
2025-06-06 12:36:00.434760,928.0,300,480
2025-06-06 12:36:00.823216,929.8,360,300
2025-06-06 12:36:01.068172,929.8,360,300
2025-06-06 12:36:02.027282,929.8,480,510
2025-06-06 12:36:02.667429,926.4,480,510
2025-06-06 12:36:03.067909,927.9,480,510
2025-06-06 12:36:03.236306,927.9,240,150
2025-06-06 12:36:04.276879,927.9,240,150
2025-06-06 12:36:04.440484,927.9,450,300
2025-06-06 12:36:05.275782,927.45,450,300
2025-06-06 12:36:05.630554,927.45,300,240
2025-06-06 12:36:06.834672,927.45,270,360
2025-06-06 12:36:07.069862,928.0,270,360
2025-06-06 12:36:08.070862,928.65,270,360
2025-06-06 12:36:08.239862,928.2,450,540
2025-06-06 12:36:09.071543,928.85,450,540
2025-06-06 12:36:09.449142,928.85,270,270
2025-06-06 12:36:10.072144,928.85,270,270
2025-06-06 12:36:10.640047,926.35,390,270
2025-06-06 12:36:11.077619,917.95,390,270
2025-06-06 12:36:11.838404,923.45,390,300
2025-06-06 12:36:12.074313,921.05,390,300
2025-06-06 12:36:13.245918,921.05,240,240
2025-06-06 12:36:14.442320,921.5,210,330
2025-06-06 12:36:14.476841,921.5,210,330
2025-06-06 12:36:15.076085,922.75,210,330
2025-06-06 12:36:15.642926,922.75,750,390
2025-06-06 12:36:16.843453,922.75,270,390
2025-06-06 12:36:17.278047,921.85,270,390
2025-06-06 12:36:18.046753,921.8,270,330
2025-06-06 12:36:18.078555,921.8,270,330
2025-06-06 12:36:19.257523,921.8,210,420
2025-06-06 12:36:20.469977,921.8,390,480
2025-06-06 12:36:21.287378,921.3,390,480
2025-06-06 12:36:21.850177,921.75,240,450
2025-06-06 12:36:22.081238,921.75,240,450
2025-06-06 12:36:23.051834,924.0,180,270
2025-06-06 12:36:23.081082,924.0,180,270
2025-06-06 12:36:24.085457,924.0,180,270
2025-06-06 12:36:24.254111,924.0,270,300
2025-06-06 12:36:25.083013,922.75,270,300
2025-06-06 12:36:25.454166,922.75,390,360
2025-06-06 12:36:26.657243,922.75,540,330
2025-06-06 12:36:27.980370,922.75,510,210
2025-06-06 12:36:28.084282,922.2,510,210
2025-06-06 12:36:29.066708,921.85,450,300
2025-06-06 12:36:29.100964,921.85,450,300
2025-06-06 12:36:30.265117,921.85,690,240
2025-06-06 12:36:30.432586,921.85,690,240
2025-06-06 12:36:31.286886,921.85,690,240
2025-06-06 12:36:31.464541,921.9,540,330
2025-06-06 12:36:32.088596,921.9,540,330
2025-06-06 12:36:32.667524,921.9,330,570
2025-06-06 12:36:33.887122,921.75,330,570
2025-06-06 12:36:34.066918,924.0,330,450
2025-06-06 12:36:34.086437,924.0,330,450
2025-06-06 12:36:35.087021,921.75,330,450
2025-06-06 12:36:35.268582,921.75,360,450
2025-06-06 12:36:36.470713,921.75,420,480
2025-06-06 12:36:37.674262,921.75,540,420
2025-06-06 12:36:38.493158,921.4,540,420
2025-06-06 12:36:38.877941,921.4,510,240
2025-06-06 12:36:39.090617,922.3,510,240
2025-06-06 12:36:40.078058,922.3,270,360
2025-06-06 12:36:40.292964,920.0,270,360
2025-06-06 12:36:41.306389,919.6,270,360
2025-06-06 12:36:41.484013,919.65,180,330
2025-06-06 12:36:42.092639,919.65,180,330
2025-06-06 12:36:42.679281,919.65,270,270
2025-06-06 12:36:43.292920,920.4,270,270
2025-06-06 12:36:43.886229,918.55,480,390
2025-06-06 12:36:44.098523,918.55,480,390
2025-06-06 12:36:45.083886,918.65,360,450
2025-06-06 12:36:45.093748,918.65,360,450
2025-06-06 12:36:46.299481,918.65,420,300
2025-06-06 12:36:47.685827,918.65,360,480
2025-06-06 12:36:48.511589,918.4,360,480
2025-06-06 12:36:48.888022,918.15,420,390
2025-06-06 12:36:49.097532,918.15,420,390
2025-06-06 12:36:50.091425,920.4,390,570
2025-06-06 12:36:50.097600,920.4,390,570
2025-06-06 12:36:51.098349,919.45,390,570
2025-06-06 12:36:51.293160,919.45,510,360
2025-06-06 12:36:52.503672,919.45,960,360
2025-06-06 12:36:53.893758,919.45,690,240
2025-06-06 12:36:54.702202,921.65,690,240
2025-06-06 12:36:55.103192,922.65,690,240
2025-06-06 12:36:55.103779,922.65,300,390
2025-06-06 12:36:56.109716,920.15,300,390
2025-06-06 12:36:56.299396,920.15,270,210
2025-06-06 12:36:57.102610,918.65,270,210
2025-06-06 12:36:57.653412,918.65,420,360
2025-06-06 12:36:58.907270,921.3,150,330
2025-06-06 12:36:58.907820,921.3,150,330
2025-06-06 12:36:59.704090,921.75,150,330
2025-06-06 12:37:00.103555,921.75,210,300
2025-06-06 12:37:00.304470,920.85,210,300
2025-06-06 12:37:00.431662,920.85,210,300
2025-06-06 12:37:01.305355,920.85,180,510
2025-06-06 12:37:02.304585,922.0,180,510
2025-06-06 12:37:02.519309,922.0,300,390
2025-06-06 12:37:03.106220,922.2,300,390
2025-06-06 12:37:03.712708,922.2,300,480
2025-06-06 12:37:04.707728,921.5,300,480
2025-06-06 12:37:04.914534,921.5,210,300
2025-06-06 12:37:06.113990,921.5,300,300
2025-06-06 12:37:07.027397,921.5,300,300
2025-06-06 12:37:07.315482,921.5,240,300
2025-06-06 12:37:08.518162,922.65,240,300
2025-06-06 12:37:08.526796,922.65,390,900
2025-06-06 12:37:09.916260,922.65,360,960
2025-06-06 12:37:11.120521,922.65,330,540
2025-06-06 12:37:12.321356,922.65,180,990
2025-06-06 12:37:13.531254,922.65,540,990
2025-06-06 12:37:13.713745,924.0,540,990
2025-06-06 12:37:14.732376,924.0,270,360
2025-06-06 12:37:15.311195,924.95,270,360
2025-06-06 12:37:15.930180,924.95,210,450
2025-06-06 12:37:16.112154,925.0,210,450
2025-06-06 12:37:17.113092,927.75,210,450
2025-06-06 12:37:17.327124,927.75,480,420
2025-06-06 12:37:18.533002,927.75,360,330
2025-06-06 12:37:19.115599,927.5,360,330
2025-06-06 12:37:19.737681,927.5,390,360
2025-06-06 12:37:20.935284,927.5,390,450
2025-06-06 12:37:22.138122,927.5,270,300
2025-06-06 12:37:23.545210,927.5,780,210
2025-06-06 12:37:24.721718,927.05,780,210
2025-06-06 12:37:24.740604,927.05,570,360
2025-06-06 12:37:25.319963,928.0,570,360
2025-06-06 12:37:25.940477,928.0,360,1020
2025-06-06 12:37:27.142934,928.0,330,990
2025-06-06 12:37:27.726263,930.0,330,990
2025-06-06 12:37:28.346609,930.0,300,660
2025-06-06 12:37:28.768000,930.95,300,660
2025-06-06 12:37:29.125658,931.0,300,660
2025-06-06 12:37:29.747247,931.0,360,480
2025-06-06 12:37:30.170645,931.0,360,480
2025-06-06 12:37:30.438519,931.0,360,480
2025-06-06 12:37:30.950274,929.85,390,240
2025-06-06 12:37:31.121848,929.4,390,240
2025-06-06 12:37:32.122655,928.55,390,240
2025-06-06 12:37:32.150889,928.55,210,450
2025-06-06 12:37:33.123160,930.85,210,450
2025-06-06 12:37:33.354945,930.85,330,420
2025-06-06 12:37:34.330159,930.75,330,420
2025-06-06 12:37:34.555587,930.5,360,330
2025-06-06 12:37:35.124776,930.1,360,330
2025-06-06 12:37:35.954039,927.95,540,390
2025-06-06 12:37:36.123790,927.95,540,390
2025-06-06 12:37:37.130922,927.45,540,390
2025-06-06 12:37:37.156159,927.45,390,270
2025-06-06 12:37:38.125347,931.0,390,270
2025-06-06 12:37:38.364865,931.0,390,750
2025-06-06 12:37:39.131971,932.4,390,750
2025-06-06 12:37:39.562101,932.4,240,450
2025-06-06 12:37:40.766560,932.4,330,780
2025-06-06 12:37:42.164103,932.4,270,270
2025-06-06 12:37:42.927640,932.35,270,270
2025-06-06 12:37:43.366486,932.35,300,540
2025-06-06 12:37:43.933575,927.35,300,540
2025-06-06 12:37:44.128905,927.75,300,540
2025-06-06 12:37:44.569870,930.45,300,540
2025-06-06 12:37:45.129143,930.45,300,540
2025-06-06 12:37:45.772460,930.45,300,510
2025-06-06 12:37:46.387825,932.35,300,510
2025-06-06 12:37:46.974040,930.2,270,630
2025-06-06 12:37:47.130644,930.2,270,630
2025-06-06 12:37:48.373494,930.2,210,390
2025-06-06 12:37:48.553410,932.4,210,390
2025-06-06 12:37:49.576327,932.4,480,510
2025-06-06 12:37:50.332880,932.4,480,510
2025-06-06 12:37:50.778975,932.4,270,600
2025-06-06 12:37:51.737794,931.2,270,600
2025-06-06 12:37:51.980556,931.2,360,600
2025-06-06 12:37:53.183396,931.2,210,510
2025-06-06 12:37:54.385878,931.2,300,300
2025-06-06 12:37:55.784284,931.2,240,420
2025-06-06 12:37:55.940254,930.0,240,420
2025-06-06 12:37:56.137686,929.7,240,420
2025-06-06 12:37:56.989323,929.7,360,300
2025-06-06 12:37:58.139625,929.6,360,300
2025-06-06 12:37:58.193891,929.6,570,420
2025-06-06 12:37:59.139782,931.8,570,420
2025-06-06 12:37:59.401057,931.8,300,330
2025-06-06 12:38:00.341982,929.85,300,330
2025-06-06 12:38:00.437076,929.85,300,330
2025-06-06 12:38:00.791567,929.85,300,330
2025-06-06 12:38:01.747928,932.2,300,330
2025-06-06 12:38:01.999382,933.0,390,780
2025-06-06 12:38:02.141445,933.0,390,780
2025-06-06 12:38:03.201744,933.0,210,870
2025-06-06 12:38:04.142782,932.2,210,870
2025-06-06 12:38:04.402358,932.2,270,720
2025-06-06 12:38:05.601518,932.2,300,840
2025-06-06 12:38:06.143577,932.15,300,840
2025-06-06 12:38:06.808398,932.15,240,750
2025-06-06 12:38:07.144325,932.15,240,750
2025-06-06 12:38:08.019817,932.15,390,840
2025-06-06 12:38:08.343776,931.0,390,840
2025-06-06 12:38:09.409569,931.0,240,720
2025-06-06 12:38:10.611517,931.0,420,810
2025-06-06 12:38:11.813232,933.0,420,870
2025-06-06 12:38:11.945181,934.0,420,870
2025-06-06 12:38:12.345828,933.9,420,870
2025-06-06 12:38:13.024703,935.75,360,360
2025-06-06 12:38:13.146472,935.75,360,360
2025-06-06 12:38:14.153513,936.0,360,360
2025-06-06 12:38:14.228519,936.0,240,300
2025-06-06 12:38:15.169679,937.8,240,300
2025-06-06 12:38:15.647715,935.1,330,690
2025-06-06 12:38:16.183920,936.3,330,690
2025-06-06 12:38:16.826516,935.0,330,240
2025-06-06 12:38:17.150068,937.2,330,240
2025-06-06 12:38:17.822173,937.2,810,780
2025-06-06 12:38:18.151424,935.35,810,780
2025-06-06 12:38:19.153071,937.7,810,780
2025-06-06 12:38:19.284061,937.7,240,510
2025-06-06 12:38:20.151741,935.8,240,510
2025-06-06 12:38:20.426965,937.15,300,420
2025-06-06 12:38:21.153908,938.55,300,420
2025-06-06 12:38:21.626397,938.7,330,1350
2025-06-06 12:38:22.152273,938.25,330,1350
2025-06-06 12:38:22.829996,937.35,360,300
2025-06-06 12:38:23.162064,937.4,360,300
2025-06-06 12:38:24.043547,938.7,390,330
2025-06-06 12:38:24.155498,938.7,390,330
2025-06-06 12:38:25.423835,938.7,360,390
2025-06-06 12:38:25.557137,939.0,360,390
2025-06-06 12:38:26.228167,938.3,360,390
2025-06-06 12:38:26.696548,938.3,390,1140
2025-06-06 12:38:27.878931,939.8,480,1140
2025-06-06 12:38:27.961699,939.8,480,1140
2025-06-06 12:38:28.620064,940.8,480,1140
2025-06-06 12:38:29.109006,941.35,360,330
2025-06-06 12:38:29.179952,941.35,360,330
2025-06-06 12:38:30.196312,941.8,360,330
2025-06-06 12:38:30.250643,941.8,390,270
2025-06-06 12:38:30.433298,941.8,390,270
2025-06-06 12:38:31.215605,941.2,390,270
2025-06-06 12:38:31.473332,941.9,870,420
2025-06-06 12:38:32.158962,941.85,870,420
2025-06-06 12:38:32.646052,943.95,420,210
2025-06-06 12:38:33.159688,941.45,420,210
2025-06-06 12:38:34.365375,943.0,450,330
2025-06-06 12:38:34.373308,943.0,450,330
2025-06-06 12:38:35.186639,941.15,450,330
2025-06-06 12:38:35.258751,941.15,390,180
2025-06-06 12:38:36.165476,943.45,390,180
2025-06-06 12:38:36.451740,943.2,750,540
2025-06-06 12:38:37.161722,941.05,750,540
2025-06-06 12:38:37.653003,942.5,450,540
2025-06-06 12:38:38.161767,942.3,450,540
2025-06-06 12:38:38.860333,942.3,420,480
2025-06-06 12:38:39.163595,941.0,420,480
2025-06-06 12:38:40.162909,942.9,420,480
2025-06-06 12:38:40.255271,942.9,210,270
2025-06-06 12:38:41.163332,942.95,210,270
2025-06-06 12:38:41.461031,941.0,360,450
2025-06-06 12:38:42.164218,941.0,360,450
2025-06-06 12:38:42.661188,941.15,570,510
2025-06-06 12:38:43.164882,941.2,570,510
2025-06-06 12:38:43.864254,940.0,450,240
2025-06-06 12:38:44.170255,938.3,450,240
2025-06-06 12:38:45.071277,937.2,240,270
2025-06-06 12:38:45.166329,937.2,240,270
2025-06-06 12:38:46.166639,937.65,240,270
2025-06-06 12:38:46.273715,937.65,210,300
2025-06-06 12:38:47.167730,940.2,210,300
2025-06-06 12:38:47.668799,939.95,180,450
2025-06-06 12:38:48.168577,937.85,180,450
2025-06-06 12:38:48.874533,937.85,330,270
2025-06-06 12:38:49.170639,939.6,330,270
2025-06-06 12:38:50.075274,936.85,450,240
2025-06-06 12:38:50.170901,936.85,450,240
2025-06-06 12:38:51.171815,923.15,450,240
2025-06-06 12:38:51.277215,921.5,570,390
2025-06-06 12:38:52.181371,918.1,570,390
2025-06-06 12:38:52.479450,921.1,300,330
2025-06-06 12:38:53.174494,922.0,300,330
2025-06-06 12:38:53.878243,923.9,510,300
2025-06-06 12:38:54.174805,923.9,510,300
2025-06-06 12:38:55.081874,926.95,390,270
2025-06-06 12:38:55.174247,926.95,390,270
2025-06-06 12:38:56.176382,926.9,390,270
2025-06-06 12:38:56.284209,926.9,210,390
2025-06-06 12:38:57.487167,926.9,360,210
2025-06-06 12:38:57.981500,926.9,360,210
2025-06-06 12:38:58.381069,924.3,360,210
2025-06-06 12:38:58.893829,924.3,240,360
2025-06-06 12:38:59.387647,924.1,240,360
2025-06-06 12:39:00.095436,924.1,270,330
2025-06-06 12:39:00.177711,924.1,270,330
2025-06-06 12:39:00.436729,924.1,270,330
2025-06-06 12:39:01.178799,923.2,270,330
2025-06-06 12:39:01.291336,923.2,270,300
2025-06-06 12:39:02.178229,925.2,270,300
2025-06-06 12:39:02.500420,925.2,210,300
2025-06-06 12:39:03.179555,922.5,210,300
2025-06-06 12:39:03.894800,924.3,300,240
2025-06-06 12:39:04.182723,920.55,300,240
2025-06-06 12:39:05.096424,923.15,270,420
2025-06-06 12:39:05.247868,922.3,270,420
2025-06-06 12:39:06.183900,923.45,270,420
2025-06-06 12:39:06.311162,923.45,330,180
2025-06-06 12:39:07.230825,925.1,330,180
2025-06-06 12:39:07.512416,922.6,240,360
2025-06-06 12:39:08.196909,922.6,240,360
2025-06-06 12:39:08.904628,923.6,390,300
2025-06-06 12:39:09.186401,923.6,390,300
2025-06-06 12:39:10.104657,919.2,540,210
2025-06-06 12:39:10.185444,919.2,540,210
2025-06-06 12:39:11.197106,919.65,540,210
2025-06-06 12:39:11.307181,919.65,690,210
2025-06-06 12:39:12.183573,918.0,690,210
2025-06-06 12:39:12.522059,917.6,300,390
2025-06-06 12:39:13.231125,917.0,300,390
2025-06-06 12:39:13.911080,916.7,270,390
2025-06-06 12:39:14.185655,916.7,270,390
2025-06-06 12:39:15.113216,914.1,210,390
2025-06-06 12:39:15.184910,914.1,210,390
2025-06-06 12:39:16.189500,916.7,210,390
2025-06-06 12:39:16.316928,916.7,510,450
2025-06-06 12:39:17.188616,917.3,510,450
2025-06-06 12:39:17.528511,915.2,330,360
2025-06-06 12:39:18.191553,915.2,330,360
2025-06-06 12:39:18.730764,915.35,210,300
2025-06-06 12:39:19.193177,915.35,210,300
2025-06-06 12:39:19.933202,920.0,330,210
2025-06-06 12:39:20.188697,922.95,330,210
2025-06-06 12:39:21.194648,920.25,330,210
2025-06-06 12:39:21.320990,920.25,300,390
2025-06-06 12:39:22.190166,919.15,300,390
2025-06-06 12:39:22.537805,919.15,390,270
2025-06-06 12:39:23.193969,920.4,390,270
2025-06-06 12:39:23.731974,917.75,540,330
2025-06-06 12:39:24.193174,918.8,540,330
2025-06-06 12:39:24.929646,918.85,540,390
2025-06-06 12:39:25.193910,918.85,540,390
2025-06-06 12:39:26.198119,919.8,540,390
2025-06-06 12:39:26.328982,919.8,600,390
2025-06-06 12:39:27.194188,917.7,600,390
2025-06-06 12:39:27.541669,920.55,180,240
2025-06-06 12:39:28.297029,920.3,180,240
2025-06-06 12:39:28.745906,920.75,180,300
2025-06-06 12:39:29.195687,920.75,180,300
2025-06-06 12:39:29.937212,919.0,510,420
2025-06-06 12:39:30.196798,917.6,510,420
2025-06-06 12:39:30.446455,917.6,510,420
2025-06-06 12:39:31.197439,917.15,510,420
2025-06-06 12:39:31.336195,917.15,330,210
2025-06-06 12:39:32.196493,917.3,330,210
2025-06-06 12:39:32.548909,917.3,270,240
2025-06-06 12:39:33.238324,915.05,270,240
2025-06-06 12:39:33.741452,915.3,210,180
2025-06-06 12:39:34.201107,918.0,210,180
2025-06-06 12:39:34.944136,918.0,270,300
2025-06-06 12:39:35.199123,915.45,270,300
2025-06-06 12:39:36.201122,917.45,270,300
2025-06-06 12:39:36.341714,917.45,210,270
2025-06-06 12:39:37.200113,916.6,210,270
2025-06-06 12:39:37.552094,916.6,300,450
2025-06-06 12:39:38.201651,913.45,300,450
2025-06-06 12:39:38.748174,913.9,510,270
2025-06-06 12:39:39.201599,913.9,510,270
2025-06-06 12:39:39.950849,913.9,210,300
2025-06-06 12:39:40.201920,913.9,210,300
2025-06-06 12:39:41.205187,911.65,210,300
2025-06-06 12:39:41.349957,911.65,600,360
2025-06-06 12:39:42.205278,910.1,600,360
2025-06-06 12:39:42.563624,910.0,750,510
2025-06-06 12:39:43.208814,907.05,750,510
2025-06-06 12:39:43.756576,907.0,150,270
2025-06-06 12:39:44.206531,906.05,150,270
2025-06-06 12:39:44.957804,907.2,360,510
2025-06-06 12:39:45.207399,908.95,360,510
2025-06-06 12:39:46.160056,906.0,300,390
2025-06-06 12:39:46.210825,906.0,300,390
2025-06-06 12:39:47.212996,906.5,300,390
2025-06-06 12:39:47.567294,903.9,240,300
2025-06-06 12:39:48.216427,903.85,240,300
2025-06-06 12:39:48.775906,904.4,210,420
2025-06-06 12:39:49.211131,903.15,210,420
2025-06-06 12:39:49.967057,905.2,330,360
2025-06-06 12:39:50.212333,906.9,330,360
2025-06-06 12:39:51.169689,905.55,240,240
2025-06-06 12:39:51.253933,905.45,240,240
2025-06-06 12:39:52.218636,908.85,240,240
2025-06-06 12:39:52.572803,908.65,270,270
2025-06-06 12:39:53.218028,908.65,270,270
2025-06-06 12:39:53.773505,908.95,300,300
2025-06-06 12:39:54.220306,908.55,300,300
2025-06-06 12:39:54.973207,908.2,360,450
2025-06-06 12:39:55.224528,908.7,360,450
2025-06-06 12:39:56.174994,908.2,270,420
2025-06-06 12:39:56.225926,908.2,270,420
2025-06-06 12:39:57.381731,908.2,690,360
2025-06-06 12:39:58.227869,913.2,690,360
2025-06-06 12:39:58.776657,913.2,750,270
2025-06-06 12:39:59.230433,911.5,750,270
2025-06-06 12:39:59.979236,910.35,240,240
2025-06-06 12:40:00.224507,910.35,240,240
2025-06-06 12:40:00.435677,910.35,240,240
2025-06-06 12:40:01.182243,907.45,540,270
2025-06-06 12:40:01.224559,907.45,540,270
2025-06-06 12:40:02.223465,910.3,540,270
2025-06-06 12:40:02.383901,910.3,450,600
2025-06-06 12:40:03.229729,907.0,450,600
2025-06-06 12:40:03.588164,907.0,690,480
2025-06-06 12:40:04.223482,907.75,690,480
2025-06-06 12:40:04.986532,908.25,600,420
2025-06-06 12:40:05.232950,907.15,600,420
2025-06-06 12:40:06.191152,905.0,300,240
2025-06-06 12:40:06.230081,905.0,300,240
2025-06-06 12:40:07.231818,905.95,300,240
2025-06-06 12:40:07.392609,906.0,210,360
2025-06-06 12:40:08.234742,906.0,210,360
2025-06-06 12:40:08.593082,905.6,360,270
2025-06-06 12:40:09.236498,908.2,360,270
2025-06-06 12:40:09.812192,905.1,540,360
2025-06-06 12:40:10.227772,907.15,540,360
2025-06-06 12:40:10.999297,905.0,270,270
2025-06-06 12:40:11.451405,905.0,270,270
2025-06-06 12:40:12.236090,905.25,270,270
2025-06-06 12:40:12.403139,905.25,390,270
2025-06-06 12:40:13.599496,905.25,270,390
2025-06-06 12:40:14.424952,902.3,270,390
2025-06-06 12:40:14.801669,902.3,660,240
2025-06-06 12:40:15.230571,904.05,660,240
2025-06-06 12:40:16.004682,904.6,210,390
2025-06-06 12:40:16.234503,904.6,210,390
2025-06-06 12:40:17.207587,902.25,360,390
2025-06-06 12:40:17.233345,902.25,360,390
2025-06-06 12:40:18.234803,904.05,360,390
2025-06-06 12:40:18.407710,904.05,270,330
2025-06-06 12:40:19.289511,909.0,270,330
2025-06-06 12:40:19.807175,905.45,750,390
2025-06-06 12:40:20.429254,905.45,750,390
2025-06-06 12:40:21.055801,905.45,390,480
2025-06-06 12:40:21.426642,906.65,390,480
2025-06-06 12:40:22.218873,905.1,180,300
2025-06-06 12:40:22.241678,905.1,180,300
2025-06-06 12:40:23.237276,905.0,180,300
2025-06-06 12:40:23.413320,905.0,570,360
2025-06-06 12:40:24.281701,908.9,570,360
2025-06-06 12:40:24.617426,896.7,300,360
2025-06-06 12:40:25.284032,897.2,300,360
2025-06-06 12:40:26.024385,895.05,210,390
2025-06-06 12:40:26.249887,895.3,210,390
2025-06-06 12:40:27.225365,893.25,210,270
2025-06-06 12:40:27.246191,893.25,210,270
2025-06-06 12:40:28.249226,892.05,210,270
2025-06-06 12:40:28.426114,892.05,390,240
2025-06-06 12:40:29.244816,892.0,390,240
2025-06-06 12:40:29.623788,890.9,810,390
2025-06-06 12:40:30.243511,890.6,810,390
2025-06-06 12:40:30.442372,890.6,810,390
2025-06-06 12:40:31.037225,890.55,810,330
2025-06-06 12:40:31.247553,890.55,810,330
2025-06-06 12:40:32.232735,890.25,780,450
2025-06-06 12:40:32.251217,890.25,780,450
2025-06-06 12:40:33.249342,893.8,780,450
2025-06-06 12:40:33.426404,896.6,300,450
2025-06-06 12:40:34.251039,895.8,300,450
2025-06-06 12:40:34.631208,895.8,360,510
2025-06-06 12:40:35.248740,897.85,360,510
2025-06-06 12:40:35.833357,894.5,210,390
2025-06-06 12:40:36.251433,893.4,210,390
2025-06-06 12:40:37.292155,894.9,240,360
2025-06-06 12:40:37.292214,894.9,240,360
2025-06-06 12:40:38.434477,894.9,210,540
2025-06-06 12:40:39.049582,894.9,210,540
2025-06-06 12:40:39.636921,894.9,270,450
2025-06-06 12:40:40.640080,895.4,270,450
2025-06-06 12:40:40.838702,895.4,210,390
2025-06-06 12:40:41.441186,898.1,210,390
2025-06-06 12:40:42.264631,896.65,210,600
2025-06-06 12:40:42.265088,896.65,210,600
2025-06-06 12:40:43.254560,898.9,210,600
2025-06-06 12:40:43.439868,898.9,450,450
2025-06-06 12:40:44.252834,896.6,450,450
2025-06-06 12:40:44.658136,895.85,360,540
2025-06-06 12:40:45.361705,897.3,360,540
2025-06-06 12:40:45.847623,899.0,240,480
2025-06-06 12:40:46.253664,899.0,240,480
2025-06-06 12:40:47.094252,899.0,210,1080
2025-06-06 12:40:48.078478,900.0,210,1080
2025-06-06 12:40:48.255219,908.65,210,1080
2025-06-06 12:40:48.447157,908.45,330,270
2025-06-06 12:40:49.259199,910.0,330,270
2025-06-06 12:40:49.649767,912.0,420,270
2025-06-06 12:40:50.262976,911.65,420,270
2025-06-06 12:40:50.853380,911.85,660,270
2025-06-06 12:40:51.254772,911.85,660,270
2025-06-06 12:40:52.061740,913.45,600,330
2025-06-06 12:40:52.258489,913.3,600,330
2025-06-06 12:40:53.445777,911.85,600,330
2025-06-06 12:40:53.452814,911.85,360,300
2025-06-06 12:40:54.256635,913.15,360,300
2025-06-06 12:40:54.655293,912.85,300,180
2025-06-06 12:40:55.293386,911.45,300,180
2025-06-06 12:40:55.857402,911.75,300,300
2025-06-06 12:40:56.267932,911.9,300,300
2025-06-06 12:40:57.071230,911.9,270,420
2025-06-06 12:40:58.059082,912.45,270,420
2025-06-06 12:40:58.271182,912.45,210,300
2025-06-06 12:40:59.451667,913.05,210,300
2025-06-06 12:40:59.464497,913.05,150,300
2025-06-06 12:41:00.262203,910.7,150,300
2025-06-06 12:41:00.446992,910.7,150,300
2025-06-06 12:41:00.864142,910.0,420,210
2025-06-06 12:41:01.269268,910.0,420,210
2025-06-06 12:41:02.067350,911.8,330,240
2025-06-06 12:41:02.259936,911.8,330,240
2025-06-06 12:41:03.297898,911.8,390,480
2025-06-06 12:41:04.471119,911.8,240,300
2025-06-06 12:41:05.260881,913.05,240,300
2025-06-06 12:41:05.674646,913.05,240,300
2025-06-06 12:41:06.263895,910.7,240,300
2025-06-06 12:41:06.875986,910.7,240,270
2025-06-06 12:41:07.455898,912.6,240,270
2025-06-06 12:41:08.081997,912.6,270,300
2025-06-06 12:41:08.266657,913.05,270,300
2025-06-06 12:41:09.264594,912.6,270,300
2025-06-06 12:41:09.477504,912.6,210,420
2025-06-06 12:41:10.267597,917.75,210,420
2025-06-06 12:41:10.679283,917.75,510,300
2025-06-06 12:41:11.267346,918.75,510,300
2025-06-06 12:41:11.883172,916.25,330,660
2025-06-06 12:41:12.265136,916.65,330,660
2025-06-06 12:41:13.084952,916.65,960,180
2025-06-06 12:41:13.660367,919.35,960,180
2025-06-06 12:41:14.484068,919.35,1440,420
2025-06-06 12:41:14.860438,920.65,1440,420
2025-06-06 12:41:15.461762,920.4,1440,420
2025-06-06 12:41:15.685911,920.4,1350,1020
2025-06-06 12:41:16.461670,918.95,1350,1020
2025-06-06 12:41:16.888124,922.0,210,330
2025-06-06 12:41:17.268640,922.0,210,330
2025-06-06 12:41:18.089973,921.65,300,300
2025-06-06 12:41:18.268256,921.65,300,300
2025-06-06 12:41:19.267944,923.7,300,300
2025-06-06 12:41:19.292480,923.7,300,210
2025-06-06 12:41:20.495744,923.7,300,420
2025-06-06 12:41:21.073728,923.25,300,420
2025-06-06 12:41:21.272797,922.0,300,420
2025-06-06 12:41:21.895717,923.05,240,150
2025-06-06 12:41:22.272870,923.8,240,150
2025-06-06 12:41:23.097659,923.75,240,390
2025-06-06 12:41:23.279879,923.75,240,390
2025-06-06 12:41:24.269821,921.6,240,390
2025-06-06 12:41:24.301314,921.6,390,270
2025-06-06 12:41:25.271269,923.65,390,270
2025-06-06 12:41:25.503287,923.65,270,930
2025-06-06 12:41:26.270554,923.2,270,930
2025-06-06 12:41:26.903692,923.2,270,300
2025-06-06 12:41:27.466966,923.55,270,300
2025-06-06 12:41:28.106691,922.5,240,270
2025-06-06 12:41:28.268351,922.5,240,270
2025-06-06 12:41:29.309833,920.6,480,240
2025-06-06 12:41:29.470812,922.75,480,240
2025-06-06 12:41:30.269996,923.0,480,240
2025-06-06 12:41:30.439385,923.0,480,240
2025-06-06 12:41:30.512183,923.0,270,270
2025-06-06 12:41:31.910186,923.05,270,210
2025-06-06 12:41:32.072673,922.15,270,210
2025-06-06 12:41:33.074885,923.85,270,210
2025-06-06 12:41:33.112223,923.85,180,330
2025-06-06 12:41:33.685922,924.2,180,330
2025-06-06 12:41:34.316056,924.2,360,270
2025-06-06 12:41:35.139585,924.4,360,270
2025-06-06 12:41:35.563297,924.4,420,1560
2025-06-06 12:41:35.690414,922.8,420,1560
2025-06-06 12:41:36.285584,924.65,420,1560
2025-06-06 12:41:36.920669,924.9,450,360
2025-06-06 12:41:37.288335,924.9,450,360
2025-06-06 12:41:38.120422,922.75,300,1680
2025-06-06 12:41:38.289957,922.75,300,1680
2025-06-06 12:41:39.280465,924.6,300,1680
2025-06-06 12:41:39.322490,924.6,270,180
2025-06-06 12:41:40.278207,922.45,270,180
2025-06-06 12:41:40.537038,924.25,300,180
2025-06-06 12:41:41.279649,924.25,300,180
2025-06-06 12:41:41.925608,922.0,330,240
2025-06-06 12:41:42.284845,922.0,330,240
2025-06-06 12:41:43.128949,922.0,300,180
2025-06-06 12:41:43.685975,922.0,300,180
2025-06-06 12:41:44.280799,924.0,300,180
2025-06-06 12:41:44.338131,924.0,180,420
2025-06-06 12:41:45.289262,922.7,180,420
2025-06-06 12:41:45.545399,922.7,240,270
2025-06-06 12:41:46.431173,924.25,240,270
2025-06-06 12:41:46.743490,924.25,330,300
2025-06-06 12:41:47.682211,921.95,330,300
2025-06-06 12:41:47.939001,924.3,210,270
2025-06-06 12:41:48.283118,924.3,210,270
2025-06-06 12:41:49.295991,925.0,210,270
2025-06-06 12:41:49.358777,925.0,420,1500
2025-06-06 12:41:50.283582,925.0,420,1500
2025-06-06 12:41:50.709012,925.0,240,1290
2025-06-06 12:41:51.286047,922.75,240,1290
2025-06-06 12:41:51.748527,924.95,180,1350
2025-06-06 12:41:52.284591,924.85,180,1350
2025-06-06 12:41:52.952527,924.5,270,270
2025-06-06 12:41:53.286798,923.0,270,270
2025-06-06 12:41:54.285430,923.5,270,270
2025-06-06 12:41:54.344615,923.5,330,330
2025-06-06 12:41:55.284625,924.35,330,330
2025-06-06 12:41:55.561949,924.35,210,1500
2025-06-06 12:41:56.284373,922.3,210,1500
2025-06-06 12:41:56.749991,922.3,480,1530
2025-06-06 12:41:57.887090,925.0,480,1530
2025-06-06 12:41:57.951293,925.0,330,330
2025-06-06 12:41:58.289107,927.45,330,330
2025-06-06 12:41:59.160557,927.45,420,330
2025-06-06 12:41:59.692631,927.45,420,330
2025-06-06 12:42:00.291380,927.6,420,330
2025-06-06 12:42:00.358636,927.05,270,330
2025-06-06 12:42:00.436792,927.05,270,330
2025-06-06 12:42:01.292147,928.0,270,330
2025-06-06 12:42:01.759706,928.0,270,600
2025-06-06 12:42:02.292287,929.0,270,600
2025-06-06 12:42:02.983127,929.0,240,660
2025-06-06 12:42:03.293411,929.0,240,660
2025-06-06 12:42:04.164297,928.95,510,420
2025-06-06 12:42:04.292869,928.9,510,420
2025-06-06 12:42:05.294141,930.0,510,420
2025-06-06 12:42:05.367839,930.0,390,390
2025-06-06 12:42:06.295047,930.0,390,390
2025-06-06 12:42:06.764956,930.4,330,210
2025-06-06 12:42:07.293780,932.0,330,210
2025-06-06 12:42:07.968990,933.45,300,510
2025-06-06 12:42:08.296814,933.45,300,510
2025-06-06 12:42:09.177549,933.45,420,480
2025-06-06 12:42:09.495717,934.0,420,480
2025-06-06 12:42:10.412227,935.0,420,480
2025-06-06 12:42:10.413421,935.0,330,240
2025-06-06 12:42:11.298063,937.4,330,240
2025-06-06 12:42:11.776760,935.9,330,270
2025-06-06 12:42:12.298987,939.05,330,270
2025-06-06 12:42:12.977693,940.0,240,480
2025-06-06 12:42:13.298234,939.65,240,480
2025-06-06 12:42:14.180607,940.0,510,630
2025-06-06 12:42:14.298051,940.0,510,630
2025-06-06 12:42:15.383707,940.0,330,540
2025-06-06 12:42:16.300748,940.0,330,540
2025-06-06 12:42:16.787393,940.0,360,630
2025-06-06 12:42:17.304200,940.0,360,630
2025-06-06 12:42:17.986023,941.3,420,300
2025-06-06 12:42:18.302459,939.15,420,300
2025-06-06 12:42:19.193427,943.25,330,240
2025-06-06 12:42:19.302312,943.35,330,240
2025-06-06 12:42:20.315054,940.4,330,240
2025-06-06 12:42:20.388576,940.4,300,360
2025-06-06 12:42:21.301481,942.1,300,360
2025-06-06 12:42:21.593170,942.1,300,480
2025-06-06 12:42:22.301616,942.25,300,480
2025-06-06 12:42:22.995931,942.55,210,540
2025-06-06 12:42:23.303446,942.55,210,540
2025-06-06 12:42:24.192790,943.1,540,360
2025-06-06 12:42:24.303562,940.95,540,360
2025-06-06 12:42:25.302455,943.75,540,360
2025-06-06 12:42:25.395664,943.75,360,270
2025-06-06 12:42:26.303764,943.0,360,270
2025-06-06 12:42:26.603247,944.25,1350,480
2025-06-06 12:42:27.305313,950.0,1350,480
2025-06-06 12:42:27.800764,949.7,240,270
2025-06-06 12:42:28.318214,951.35,240,270
2025-06-06 12:42:29.002887,949.55,420,180
2025-06-06 12:42:29.305212,952.1,420,180
2025-06-06 12:42:30.204777,951.35,330,270
2025-06-06 12:42:30.305621,949.4,330,270
2025-06-06 12:42:30.444314,949.4,330,270
2025-06-06 12:42:31.306489,951.1,330,270
2025-06-06 12:42:31.407909,951.1,420,330
2025-06-06 12:42:32.307109,946.9,420,330
2025-06-06 12:42:32.811546,947.45,300,330
2025-06-06 12:42:33.307277,949.25,300,330
2025-06-06 12:42:34.009307,949.1,720,240
2025-06-06 12:42:34.308220,949.1,720,240
2025-06-06 12:42:35.217720,947.3,150,270
2025-06-06 12:42:35.309884,947.3,150,270
2025-06-06 12:42:36.313173,950.15,150,270
2025-06-06 12:42:36.414288,949.75,600,180
2025-06-06 12:42:37.389325,948.7,600,180
2025-06-06 12:42:37.621544,951.05,420,150
2025-06-06 12:42:38.316621,950.0,420,150
2025-06-06 12:42:38.819854,949.3,480,510
2025-06-06 12:42:39.314923,951.4,480,510
2025-06-06 12:42:40.229907,949.8,570,450
2025-06-06 12:42:40.316739,949.8,570,450
2025-06-06 12:42:41.317057,949.2,570,450
2025-06-06 12:42:41.427346,949.2,240,210
2025-06-06 12:42:42.326440,950.8,240,210
2025-06-06 12:42:42.625773,951.4,630,330
2025-06-06 12:42:43.320074,947.35,630,330
2025-06-06 12:42:43.826492,946.95,720,270
2025-06-06 12:42:44.320013,946.95,720,270
2025-06-06 12:42:45.036450,947.55,540,390
2025-06-06 12:42:45.320088,948.6,540,390
2025-06-06 12:42:46.357634,949.6,600,300
2025-06-06 12:42:46.357785,949.6,600,300
2025-06-06 12:42:47.428120,949.35,600,300
2025-06-06 12:42:47.441564,948.35,360,240
2025-06-06 12:42:48.321639,947.55,360,240
2025-06-06 12:42:48.635823,946.65,570,270
2025-06-06 12:42:49.321060,949.75,570,270
2025-06-06 12:42:49.836790,949.75,690,420
2025-06-06 12:42:50.526207,948.45,690,420
2025-06-06 12:42:51.051182,948.35,390,240
2025-06-06 12:42:51.321853,948.45,390,240
2025-06-06 12:42:52.325573,955.5,390,240
2025-06-06 12:42:52.437671,957.3,300,180
2025-06-06 12:42:53.321213,957.65,300,180
2025-06-06 12:42:53.640802,956.45,300,270
2025-06-06 12:42:54.323429,956.8,300,270
2025-06-06 12:42:54.842902,952.95,630,360
2025-06-06 12:42:55.321555,952.8,630,360
2025-06-06 12:42:56.253070,951.5,360,210
2025-06-06 12:42:56.321314,951.5,360,210
2025-06-06 12:42:57.251715,958.75,180,180
2025-06-06 12:42:57.322217,958.75,180,180
2025-06-06 12:42:58.325975,955.85,180,180
2025-06-06 12:42:58.647525,958.7,270,420
2025-06-06 12:42:59.324256,955.8,270,420
2025-06-06 12:42:59.851053,956.15,210,180
2025-06-06 12:43:00.323262,956.65,210,180
2025-06-06 12:43:00.437370,956.65,210,180
2025-06-06 12:43:01.062433,956.0,210,270
2025-06-06 12:43:01.325030,958.9,210,270
2025-06-06 12:43:02.266925,959.8,450,840
2025-06-06 12:43:02.325063,959.8,450,840
2025-06-06 12:43:03.327210,954.3,450,840
2025-06-06 12:43:03.458118,954.3,270,420
2025-06-06 12:43:04.325306,957.35,270,420
2025-06-06 12:43:04.871549,957.75,360,270
2025-06-06 12:43:05.327491,957.95,360,270
2025-06-06 12:43:06.070097,958.2,1350,180
2025-06-06 12:43:06.330792,958.4,1350,180
2025-06-06 12:43:07.276768,955.25,330,780
2025-06-06 12:43:07.328754,955.25,330,780
2025-06-06 12:43:08.327844,955.0,330,780
2025-06-06 12:43:08.470243,956.55,390,240
2025-06-06 12:43:09.387392,956.55,390,240
2025-06-06 12:43:09.667441,956.55,180,540
2025-06-06 12:43:10.331288,956.0,180,540
2025-06-06 12:43:11.092760,957.15,300,480
2025-06-06 12:43:11.330757,957.15,300,480
2025-06-06 12:43:12.304825,958.05,270,240
2025-06-06 12:43:12.331847,958.05,270,240
2025-06-06 12:43:13.339995,956.8,270,240
2025-06-06 12:43:13.469880,958.25,240,210
2025-06-06 12:43:14.333223,957.1,240,210
2025-06-06 12:43:14.671960,957.1,390,330
2025-06-06 12:43:15.334720,955.0,390,330
2025-06-06 12:43:15.874831,954.0,300,270
2025-06-06 12:43:16.333898,954.5,300,270
2025-06-06 12:43:17.076900,953.0,930,240
2025-06-06 12:43:17.334210,953.0,930,240
2025-06-06 12:43:18.280487,952.35,240,210
2025-06-06 12:43:18.335492,952.35,240,210
2025-06-06 12:43:19.345188,956.7,240,210
2025-06-06 12:43:19.677423,955.5,330,330
2025-06-06 12:43:20.341398,955.05,330,330
2025-06-06 12:43:20.878901,956.15,360,330
2025-06-06 12:43:21.337217,956.6,360,330
2025-06-06 12:43:22.081717,952.9,870,390
2025-06-06 12:43:22.337544,952.9,870,390
2025-06-06 12:43:23.286432,952.15,1020,240
2025-06-06 12:43:23.345567,952.15,1020,240
2025-06-06 12:43:24.339587,955.7,1020,240
2025-06-06 12:43:24.682862,955.7,420,510
2025-06-06 12:43:25.885566,955.7,270,450
2025-06-06 12:43:26.139309,952.95,270,450
2025-06-06 12:43:27.107100,954.9,270,1260
2025-06-06 12:43:27.138768,954.9,270,1260
2025-06-06 12:43:27.549962,955.4,270,1260
2025-06-06 12:43:28.303636,955.4,390,360
2025-06-06 12:43:28.601165,955.6,390,360
2025-06-06 12:43:29.341503,955.0,390,360
2025-06-06 12:43:29.695703,947.8,510,330
2025-06-06 12:43:30.340659,945.05,510,330
2025-06-06 12:43:30.436455,945.05,510,330
2025-06-06 12:43:30.893345,945.0,420,150
2025-06-06 12:43:31.340464,946.6,420,150
2025-06-06 12:43:32.094259,944.8,270,240
2025-06-06 12:43:32.340814,944.8,270,240
2025-06-06 12:43:33.308357,944.85,630,210
2025-06-06 12:43:33.343209,944.85,630,210
2025-06-06 12:43:34.342709,945.05,630,210
2025-06-06 12:43:34.701228,945.05,300,210
2025-06-06 12:43:35.356385,944.15,300,210
2025-06-06 12:43:35.898935,942.0,450,270
2025-06-06 12:43:36.346546,940.0,450,270
2025-06-06 12:43:37.101210,940.0,330,240
2025-06-06 12:43:37.557348,940.3,330,240
2025-06-06 12:43:38.304305,939.9,180,240
2025-06-06 12:43:38.347480,939.9,180,240
2025-06-06 12:43:39.347483,940.25,180,240
2025-06-06 12:43:39.705722,941.75,210,180
2025-06-06 12:43:40.394386,941.2,210,180
2025-06-06 12:43:40.904800,940.95,210,150
2025-06-06 12:43:41.348379,943.4,210,150
2025-06-06 12:43:42.107716,943.4,570,300
2025-06-06 12:43:42.349769,943.7,570,300
2025-06-06 12:43:43.311278,945.0,210,210
2025-06-06 12:43:43.353917,945.0,210,210
2025-06-06 12:43:44.713104,945.0,270,360
2025-06-06 12:43:45.352101,941.3,270,360
2025-06-06 12:43:45.912151,943.9,180,270
2025-06-06 12:43:46.351453,943.9,180,270
2025-06-06 12:43:47.114924,944.95,240,150
2025-06-06 12:43:47.351959,944.95,240,150
2025-06-06 12:43:48.317437,943.0,270,300
2025-06-06 12:43:48.353210,943.0,270,300
2025-06-06 12:43:49.355582,944.25,270,300
2025-06-06 12:43:49.519159,944.25,240,270
2025-06-06 12:43:50.565252,940.1,240,270
2025-06-06 12:43:50.918965,940.5,270,270
2025-06-06 12:43:51.355028,935.1,270,270
2025-06-06 12:43:52.120937,938.7,270,180
2025-06-06 12:43:52.355620,938.25,270,180
2025-06-06 12:43:53.324144,939.35,270,270
2025-06-06 12:43:53.355935,939.35,270,270
2025-06-06 12:43:54.358596,937.55,270,270
2025-06-06 12:43:54.528923,937.55,240,240
2025-06-06 12:43:55.924390,937.55,420,300
2025-06-06 12:43:56.565787,940.35,420,300
2025-06-06 12:43:57.128962,940.35,270,180
2025-06-06 12:43:57.760233,940.35,270,180
2025-06-06 12:43:58.335529,941.6,240,240
2025-06-06 12:43:58.371538,941.6,240,240
2025-06-06 12:43:59.358553,940.5,240,240
2025-06-06 12:43:59.547301,940.5,270,390
2025-06-06 12:44:00.359390,940.15,270,390
2025-06-06 12:44:00.444323,940.15,270,390
2025-06-06 12:44:00.970559,940.15,240,480
2025-06-06 12:44:02.141538,940.15,450,270
2025-06-06 12:44:02.766810,944.0,450,270
2025-06-06 12:44:03.339127,944.0,360,180
2025-06-06 12:44:03.582079,948.0,360,180
2025-06-06 12:44:04.363000,946.35,360,180
2025-06-06 12:44:04.593216,946.35,270,330
2025-06-06 12:44:05.938168,946.35,240,180
2025-06-06 12:44:06.363795,947.25,240,180
2025-06-06 12:44:07.140518,946.85,240,300
2025-06-06 12:44:07.364205,949.0,240,300
2025-06-06 12:44:08.356840,949.0,300,300
2025-06-06 12:44:08.571924,949.2,300,300
2025-06-06 12:44:09.559319,949.2,210,330
2025-06-06 12:44:10.367147,948.9,210,330
2025-06-06 12:44:10.748201,947.4,480,420
2025-06-06 12:44:11.367170,947.4,480,420
2025-06-06 12:44:11.977102,947.4,510,270
2025-06-06 12:44:12.772073,948.9,510,270
2025-06-06 12:44:13.151834,949.75,240,480
2025-06-06 12:44:13.370046,949.45,240,480
2025-06-06 12:44:14.371598,949.3,240,480
2025-06-06 12:44:14.561024,949.6,300,330
2025-06-06 12:44:15.371742,947.25,300,330
2025-06-06 12:44:15.751641,947.25,300,570
2025-06-06 12:44:16.955138,946.6,210,210
2025-06-06 12:44:16.973649,946.6,210,210
2025-06-06 12:44:17.583890,947.25,210,210
2025-06-06 12:44:18.158136,947.25,240,270
2025-06-06 12:44:18.372505,947.25,240,270
2025-06-06 12:44:19.362418,947.5,240,300
2025-06-06 12:44:19.372437,947.5,240,300
2025-06-06 12:44:20.565781,947.5,240,270
2025-06-06 12:44:21.779176,946.35,240,270
2025-06-06 12:44:21.961511,948.25,600,390
2025-06-06 12:44:22.376086,948.25,600,390
2025-06-06 12:44:23.163808,949.0,180,300
2025-06-06 12:44:23.377983,949.0,180,300
2025-06-06 12:44:24.366238,946.35,300,270
2025-06-06 12:44:24.376827,946.35,300,270
2025-06-06 12:44:25.574385,946.35,390,360
2025-06-06 12:44:26.176967,946.75,390,360
2025-06-06 12:44:26.773978,946.75,450,270
2025-06-06 12:44:28.171959,946.75,240,330
2025-06-06 12:44:29.373482,946.75,330,330
2025-06-06 12:44:30.380160,948.75,330,330
2025-06-06 12:44:30.441090,948.75,330,330
2025-06-06 12:44:30.581065,948.95,300,360
2025-06-06 12:44:31.379161,946.0,300,360
2025-06-06 12:44:31.779758,944.7,360,270
2025-06-06 12:44:32.378893,944.7,360,270
2025-06-06 12:44:33.177772,944.7,330,240
2025-06-06 12:44:33.585258,943.5,330,240
2025-06-06 12:44:34.390811,946.3,210,300
2025-06-06 12:44:34.391318,946.3,210,300
2025-06-06 12:44:35.380261,945.1,210,300
2025-06-06 12:44:35.582999,946.85,240,300
2025-06-06 12:44:36.382556,946.85,240,300
2025-06-06 12:44:36.783753,943.95,270,240
2025-06-06 12:44:37.390911,945.0,270,240
2025-06-06 12:44:37.986684,946.6,240,330
2025-06-06 12:44:38.398415,946.6,240,330
2025-06-06 12:44:39.189205,946.6,180,300
2025-06-06 12:44:40.588305,946.6,270,240
2025-06-06 12:44:41.384635,943.55,270,240
2025-06-06 12:44:41.790940,942.3,270,300
2025-06-06 12:44:42.429280,942.3,270,300
2025-06-06 12:44:42.993267,935.0,210,300
2025-06-06 12:44:43.388714,930.4,210,300
2025-06-06 12:44:44.201813,932.0,450,270
2025-06-06 12:44:44.387682,932.0,450,270
2025-06-06 12:44:45.388081,931.8,450,270
2025-06-06 12:44:45.397757,931.8,300,270
2025-06-06 12:44:46.388992,932.95,300,270
2025-06-06 12:44:46.629476,932.9,270,270
2025-06-06 12:44:47.389265,932.9,270,270
2025-06-06 12:44:48.001461,932.9,240,270
2025-06-06 12:44:48.391774,938.9,240,270
2025-06-06 12:44:49.200787,937.6,450,330
2025-06-06 12:44:49.391395,937.65,450,330
2025-06-06 12:44:50.402861,937.65,150,240
2025-06-06 12:44:50.791267,936.35,150,240
2025-06-06 12:44:51.605420,936.35,270,240
2025-06-06 12:44:52.392676,936.35,270,240
2025-06-06 12:44:52.809052,936.35,180,210
2025-06-06 12:44:53.394211,937.7,180,210
2025-06-06 12:44:54.010614,937.7,180,210
2025-06-06 12:44:54.594245,937.75,180,210
2025-06-06 12:44:55.280032,937.75,270,210
2025-06-06 12:44:55.595440,937.7,270,210
2025-06-06 12:44:56.411270,937.0,270,210
2025-06-06 12:44:56.662409,937.0,180,210
2025-06-06 12:44:57.816374,937.0,210,300
2025-06-06 12:44:58.795828,942.6,210,300
2025-06-06 12:44:59.017244,942.2,210,240
2025-06-06 12:44:59.404647,945.45,210,240
2025-06-06 12:45:00.233664,945.5,270,180
2025-06-06 12:45:00.397653,945.65,270,180
2025-06-06 12:45:00.437911,945.65,270,180
2025-06-06 12:45:01.397272,944.5,270,180
2025-06-06 12:45:01.618865,944.5,330,270
2025-06-06 12:45:02.410505,941.2,330,270
2025-06-06 12:45:02.836145,941.2,300,240
2025-06-06 12:45:04.024433,941.2,240,270
2025-06-06 12:45:05.009199,943.5,240,270
2025-06-06 12:45:05.233503,943.5,240,510
2025-06-06 12:45:06.008449,943.65,240,510
2025-06-06 12:45:06.626086,943.65,300,450
2025-06-06 12:45:07.008085,943.75,300,450
2025-06-06 12:45:07.829043,943.75,240,540
2025-06-06 12:45:08.621376,942.6,240,540
2025-06-06 12:45:09.032771,942.6,300,510
2025-06-06 12:45:10.013134,945.0,300,510
2025-06-06 12:45:10.239261,946.0,180,210
2025-06-06 12:45:10.402948,946.0,180,210
2025-06-06 12:45:11.404369,952.4,180,210
2025-06-06 12:45:11.635497,950.3,180,750
2025-06-06 12:45:12.404607,950.65,180,750
2025-06-06 12:45:12.849534,950.65,390,180
2025-06-06 12:45:13.406821,950.65,390,180
2025-06-06 12:45:14.046370,950.65,210,180
2025-06-06 12:45:14.622413,950.75,210,180
2025-06-06 12:45:15.245369,949.1,270,180
2025-06-06 12:45:15.406422,949.1,270,180
2025-06-06 12:45:16.411334,951.85,270,180
2025-06-06 12:45:16.641559,951.85,270,240
2025-06-06 12:45:17.416903,950.65,270,240
2025-06-06 12:45:17.847871,951.85,210,270
2025-06-06 12:45:18.410363,951.85,210,270
2025-06-06 12:45:19.260097,951.95,360,870
2025-06-06 12:45:19.411651,951.95,360,870
2025-06-06 12:45:20.335291,953.8,270,210
2025-06-06 12:45:20.420774,953.8,270,210
2025-06-06 12:45:21.442633,954.7,270,210
2025-06-06 12:45:21.649218,954.75,210,480
2025-06-06 12:45:22.456697,955.0,210,480
2025-06-06 12:45:22.853584,954.6,210,450
2025-06-06 12:45:23.412868,954.6,210,450
2025-06-06 12:45:24.065904,955.0,150,330
2025-06-06 12:45:24.472202,955.0,150,330
2025-06-06 12:45:25.260411,955.7,210,480
2025-06-06 12:45:25.413653,955.7,210,480
2025-06-06 12:45:26.417784,954.3,210,480
2025-06-06 12:45:26.657599,955.7,240,270
2025-06-06 12:45:27.415332,955.35,240,270
2025-06-06 12:45:27.859201,955.35,360,270
2025-06-06 12:45:28.415364,956.0,360,270
2025-06-06 12:45:29.072560,957.0,270,600
2025-06-06 12:45:29.421389,958.0,270,600
2025-06-06 12:45:30.274510,958.0,270,510
2025-06-06 12:45:30.443061,958.0,270,510
2025-06-06 12:45:30.818238,958.0,270,510
2025-06-06 12:45:31.419877,954.6,270,510
2025-06-06 12:45:31.470239,954.6,480,300
2025-06-06 12:45:32.416735,956.75,480,300
2025-06-06 12:45:32.676779,956.75,150,450
2025-06-06 12:45:33.424023,959.0,150,450
2025-06-06 12:45:34.079490,958.9,240,300
2025-06-06 12:45:34.417736,956.75,240,300
2025-06-06 12:45:35.272615,959.45,180,360
2025-06-06 12:45:35.419810,959.45,180,360
2025-06-06 12:45:36.419024,956.0,180,360
2025-06-06 12:45:36.475363,956.0,360,240
2025-06-06 12:45:37.418032,958.4,360,240
2025-06-06 12:45:37.682185,958.4,330,270
2025-06-06 12:45:38.419510,959.4,330,270
2025-06-06 12:45:39.086338,957.95,330,240
2025-06-06 12:45:39.421330,956.15,330,240
2025-06-06 12:45:40.285341,958.0,360,210
2025-06-06 12:45:40.423303,958.0,360,210
2025-06-06 12:45:41.422129,959.2,360,210
2025-06-06 12:45:41.483442,957.7,330,1140
2025-06-06 12:45:42.424277,958.65,330,1140
2025-06-06 12:45:42.686623,958.65,210,210
2025-06-06 12:45:43.423794,959.5,210,210
2025-06-06 12:45:44.097250,959.5,420,360
2025-06-06 12:45:44.625141,958.0,420,360
2025-06-06 12:45:45.293860,959.8,630,1260
2025-06-06 12:45:45.425896,959.8,630,1260
2025-06-06 12:45:46.427593,958.4,630,1260
2025-06-06 12:45:46.492053,958.4,690,450
2025-06-06 12:45:47.696367,958.4,690,240
2025-06-06 12:45:48.027593,959.35,690,240
2025-06-06 12:45:48.428665,959.05,690,240
2025-06-06 12:45:49.105690,959.05,510,360
2025-06-06 12:45:49.428579,955.35,510,360
2025-06-06 12:45:50.337423,955.5,780,150
2025-06-06 12:45:50.429800,955.5,780,150
2025-06-06 12:45:51.430031,955.45,780,150
2025-06-06 12:45:51.500706,955.45,240,390
2025-06-06 12:45:52.432762,957.95,240,390
2025-06-06 12:45:52.726817,967.1,270,300
2025-06-06 12:45:53.433414,966.0,270,300
2025-06-06 12:45:54.113348,967.05,600,180
2025-06-06 12:45:54.432680,969.1,600,180
2025-06-06 12:45:55.309024,969.95,360,600
2025-06-06 12:45:55.432605,970.0,360,600
2025-06-06 12:45:56.433699,968.4,360,600
2025-06-06 12:45:56.520363,969.25,510,240
2025-06-06 12:45:57.489234,969.3,510,240
2025-06-06 12:45:57.714443,968.05,270,210
2025-06-06 12:45:58.433452,965.75,270,210
2025-06-06 12:45:59.128154,965.75,480,480
2025-06-06 12:45:59.434232,963.55,480,480
2025-06-06 12:46:00.317126,964.4,330,180
2025-06-06 12:46:00.434753,964.4,330,180
2025-06-06 12:46:00.439168,964.4,330,180
2025-06-06 12:46:01.434944,965.15,330,180
2025-06-06 12:46:01.530116,965.15,360,270
2025-06-06 12:46:02.436096,965.75,360,270
2025-06-06 12:46:02.726910,964.65,390,840
2025-06-06 12:46:03.437833,966.85,390,840
2025-06-06 12:46:04.139735,965.5,300,240
2025-06-06 12:46:04.437107,965.15,300,240
2025-06-06 12:46:05.322786,965.95,240,180
2025-06-06 12:46:05.436749,965.95,240,180
2025-06-06 12:46:06.447489,967.0,240,180
2025-06-06 12:46:06.546306,967.0,300,150
2025-06-06 12:46:07.440050,969.65,300,150
2025-06-06 12:46:07.736915,969.65,210,300
2025-06-06 12:46:08.438469,967.1,210,300
2025-06-06 12:46:08.931467,964.0,390,240
2025-06-06 12:46:09.440031,960.0,390,240
2025-06-06 12:46:10.140757,962.75,420,210
2025-06-06 12:46:10.438311,962.3,420,210
2025-06-06 12:46:11.342405,964.4,480,240
2025-06-06 12:46:11.445912,965.8,480,240
2025-06-06 12:46:12.441606,966.7,480,240
2025-06-06 12:46:12.745912,965.2,750,210
2025-06-06 12:46:13.441997,967.3,750,210
2025-06-06 12:46:13.941201,968.3,300,210
2025-06-06 12:46:14.443746,964.95,300,210
2025-06-06 12:46:15.162705,964.95,330,300
2025-06-06 12:46:15.842742,965.35,330,300
2025-06-06 12:46:16.381699,965.05,240,270
2025-06-06 12:46:16.449488,965.05,240,270
2025-06-06 12:46:17.454230,966.0,240,270
2025-06-06 12:46:17.552555,966.0,330,300
2025-06-06 12:46:18.447816,963.75,330,300
2025-06-06 12:46:18.747646,966.05,600,390
2025-06-06 12:46:19.446812,964.8,600,390
2025-06-06 12:46:20.161245,965.0,390,240
2025-06-06 12:46:20.449124,965.0,390,240
2025-06-06 12:46:21.349192,965.0,330,240
2025-06-06 12:46:22.561242,965.0,420,210
2025-06-06 12:46:23.054325,967.7,420,210
2025-06-06 12:46:23.448661,966.15,420,210
2025-06-06 12:46:23.785481,966.05,600,330
2025-06-06 12:46:24.455879,966.2,600,330
2025-06-06 12:46:25.182229,968.0,360,330
2025-06-06 12:46:25.780234,968.0,360,330
2025-06-06 12:46:26.414279,968.0,480,360
2025-06-06 12:46:27.057714,967.65,480,360
2025-06-06 12:46:27.450907,965.75,480,360
2025-06-06 12:46:27.684007,965.75,210,270
2025-06-06 12:46:28.451890,965.25,210,270
2025-06-06 12:46:28.763646,965.25,360,360
2025-06-06 12:46:29.652576,965.45,360,360
2025-06-06 12:46:29.966364,967.55,420,360
2025-06-06 12:46:30.440989,967.55,420,360
2025-06-06 12:46:30.452863,962.0,420,360
2025-06-06 12:46:31.178197,962.0,150,180
2025-06-06 12:46:31.461930,962.75,150,180
2025-06-06 12:46:32.453958,964.7,150,180
2025-06-06 12:46:32.579118,964.7,270,210
2025-06-06 12:46:33.481339,964.45,270,210
2025-06-06 12:46:33.867020,964.95,210,240
2025-06-06 12:46:34.595117,964.95,210,240
2025-06-06 12:46:34.973430,963.5,210,210
2025-06-06 12:46:35.455738,963.5,210,210
2025-06-06 12:46:36.184592,960.05,510,300
2025-06-06 12:46:36.594244,961.85,510,300
2025-06-06 12:46:37.456348,960.45,510,300
2025-06-06 12:46:37.584581,960.45,330,210
2025-06-06 12:46:38.456898,957.0,330,210
2025-06-06 12:46:38.775882,957.0,360,540
2025-06-06 12:46:39.465619,958.0,360,540
2025-06-06 12:46:39.978382,958.0,330,390
2025-06-06 12:46:40.463791,958.0,330,390
2025-06-06 12:46:41.182582,957.0,270,330
2025-06-06 12:46:41.462715,957.0,270,330
2025-06-06 12:46:42.489413,957.0,270,330
2025-06-06 12:46:42.602977,957.0,360,330
2025-06-06 12:46:43.462842,956.0,360,330
2025-06-06 12:46:43.815793,957.95,450,300
2025-06-06 12:46:44.478538,956.25,450,300
2025-06-06 12:46:44.985123,955.95,270,270
2025-06-06 12:46:45.472967,955.95,270,270
2025-06-06 12:46:46.191199,955.0,300,210
2025-06-06 12:46:46.537315,955.05,300,210
2025-06-06 12:46:47.638709,956.15,450,300
2025-06-06 12:46:47.642414,957.65,450,300
2025-06-06 12:46:48.487085,957.0,450,300
2025-06-06 12:46:48.854259,957.0,240,330
2025-06-06 12:46:49.466866,954.7,240,330
2025-06-06 12:46:49.991602,954.7,390,270
2025-06-06 12:46:50.665054,957.3,390,270
2025-06-06 12:46:51.194351,955.8,240,330
2025-06-06 12:46:51.473154,955.8,240,330
2025-06-06 12:46:52.421886,955.8,210,210
2025-06-06 12:46:53.076389,955.75,210,210
2025-06-06 12:46:53.855584,955.75,330,300
2025-06-06 12:46:54.468116,951.7,330,300
2025-06-06 12:46:54.997479,951.7,330,270
2025-06-06 12:46:55.472234,951.45,330,270
2025-06-06 12:46:56.209856,954.35,210,420
2025-06-06 12:46:56.469799,954.35,210,420
2025-06-06 12:46:57.402823,954.35,300,390
2025-06-06 12:46:58.494785,954.85,300,390
2025-06-06 12:46:58.629907,954.85,180,240
2025-06-06 12:46:59.471502,952.5,180,240
2025-06-06 12:47:00.003664,952.5,300,540
2025-06-06 12:47:00.441152,952.5,300,540
2025-06-06 12:47:00.472035,952.6,300,540
2025-06-06 12:47:01.215273,952.6,360,240
2025-06-06 12:47:01.673673,952.7,360,240
2025-06-06 12:47:02.408914,953.05,270,330
2025-06-06 12:47:02.473264,953.05,270,330
2025-06-06 12:47:03.611477,953.05,180,270
2025-06-06 12:47:04.481674,952.6,180,270
2025-06-06 12:47:05.010185,952.6,270,240
2025-06-06 12:47:05.874518,951.2,270,240
2025-06-06 12:47:06.222630,950.95,300,270
2025-06-06 12:47:06.474652,950.95,300,270
2025-06-06 12:47:07.413755,950.95,180,240
2025-06-06 12:47:07.474672,952.7,180,240
2025-06-06 12:47:08.475145,957.55,180,240
2025-06-06 12:47:08.616879,957.55,240,330
2025-06-06 12:47:09.476354,955.65,240,330
2025-06-06 12:47:09.823693,955.65,270,330
2025-06-06 12:47:11.220383,955.65,300,180
2025-06-06 12:47:12.372739,955.65,210,360
2025-06-06 12:47:13.424733,955.65,180,330
2025-06-06 12:47:14.641321,956.4,210,360
2025-06-06 12:47:14.680329,956.4,210,360
2025-06-06 12:47:15.831064,954.5,300,240
2025-06-06 12:47:15.878983,954.5,300,240
2025-06-06 12:47:16.483170,953.7,300,240
2025-06-06 12:47:17.047018,953.7,180,420
2025-06-06 12:47:18.087341,951.9,180,420
2025-06-06 12:47:18.245199,951.9,240,270
2025-06-06 12:47:19.435012,951.9,1050,300
2025-06-06 12:47:20.684855,950.95,1050,300
2025-06-06 12:47:20.832342,951.5,240,330
2025-06-06 12:47:21.633701,951.5,240,330
2025-06-06 12:47:22.047738,953.3,210,270
2025-06-06 12:47:22.484573,950.9,210,270
2025-06-06 12:47:23.247091,953.2,180,300
2025-06-06 12:47:23.486709,953.3,180,300
2025-06-06 12:47:24.442899,951.2,150,240
2025-06-06 12:47:24.485454,951.2,150,240
2025-06-06 12:47:25.511413,951.85,150,240
2025-06-06 12:47:25.839189,953.15,240,300
2025-06-06 12:47:26.490308,951.45,240,300
2025-06-06 12:47:27.042236,951.45,210,240
2025-06-06 12:47:28.303285,954.75,180,210
2025-06-06 12:47:28.303737,954.3,180,210
2025-06-06 12:47:29.294251,951.85,180,210
2025-06-06 12:47:29.446842,951.85,300,210
2025-06-06 12:47:30.296653,951.8,300,210
2025-06-06 12:47:30.442199,951.8,300,210
2025-06-06 12:47:30.488540,950.95,300,210
2025-06-06 12:47:30.848389,950.95,420,330
2025-06-06 12:47:31.697730,953.55,420,330
2025-06-06 12:47:32.265475,953.55,240,210
2025-06-06 12:47:33.555703,953.55,210,240
2025-06-06 12:47:33.565690,953.05,210,240
2025-06-06 12:47:34.454446,953.4,210,330
2025-06-06 12:47:34.492535,953.4,210,330
2025-06-06 12:47:36.007552,953.05,210,330
2025-06-06 12:47:36.008645,953.05,210,210
2025-06-06 12:47:37.143533,953.05,210,210
2025-06-06 12:47:37.144029,953.05,330,300
2025-06-06 12:47:37.573128,951.85,330,300
2025-06-06 12:47:38.551549,951.85,300,360
2025-06-06 12:47:38.717289,952.05,300,360
2025-06-06 12:47:39.459453,952.05,450,360
2025-06-06 12:47:39.696025,953.55,450,360
2025-06-06 12:47:40.495388,954.4,450,360
2025-06-06 12:47:40.663440,954.4,180,240
2025-06-06 12:47:41.496713,954.9,180,240
2025-06-06 12:47:42.284875,955.65,330,420
2025-06-06 12:47:42.494613,958.1,330,420
2025-06-06 12:47:43.334619,959.0,240,360
2025-06-06 12:47:43.496429,959.45,240,360
2025-06-06 12:47:44.469307,959.45,270,270
2025-06-06 12:47:45.098413,963.25,270,270
2025-06-06 12:47:45.669708,963.25,270,240
2025-06-06 12:47:45.956593,961.4,270,240
2025-06-06 12:47:46.648396,961.6,270,240
2025-06-06 12:47:47.079892,961.6,270,240
2025-06-06 12:47:47.700585,963.7,270,240
2025-06-06 12:47:48.478624,963.45,300,210
2025-06-06 12:47:48.499661,963.45,300,210
2025-06-06 12:47:49.474629,960.95,270,270
2025-06-06 12:47:49.499751,960.95,270,270
2025-06-06 12:47:50.686726,960.95,300,270
2025-06-06 12:47:51.118203,963.1,300,270
2025-06-06 12:47:52.088646,963.1,330,390
2025-06-06 12:47:52.901761,964.45,330,390
2025-06-06 12:47:53.315816,962.4,180,180
2025-06-06 12:47:53.502942,963.0,180,180
2025-06-06 12:47:54.502559,962.15,480,300
2025-06-06 12:47:54.503659,962.15,480,300
2025-06-06 12:47:55.504424,964.3,480,300
2025-06-06 12:47:55.687047,964.3,180,240
2025-06-06 12:47:56.506522,964.8,180,240
2025-06-06 12:47:57.090700,964.8,150,390
2025-06-06 12:47:57.705630,964.3,150,390
2025-06-06 12:47:58.296426,961.75,360,360
2025-06-06 12:47:58.505498,961.75,360,360
2025-06-06 12:47:59.488452,964.2,210,300
2025-06-06 12:47:59.507307,964.2,210,300
2025-06-06 12:48:00.439788,964.2,210,300
2025-06-06 12:48:00.510953,964.05,210,300
2025-06-06 12:48:00.690793,964.05,300,330
2025-06-06 12:48:01.510048,965.55,300,330
2025-06-06 12:48:01.893222,965.55,210,300
2025-06-06 12:48:02.513138,963.3,210,300
2025-06-06 12:48:03.530985,966.05,180,300
2025-06-06 12:48:03.531284,966.05,180,300
2025-06-06 12:48:04.494109,964.05,180,180
2025-06-06 12:48:04.509590,964.05,180,180
2025-06-06 12:48:05.509520,963.25,180,180
2025-06-06 12:48:05.696870,963.25,210,240
2025-06-06 12:48:06.513429,966.8,210,240
2025-06-06 12:48:06.909462,965.3,240,270
2025-06-06 12:48:07.512630,965.3,240,270
2025-06-06 12:48:08.107613,965.3,270,270
2025-06-06 12:48:08.911874,962.4,270,270
2025-06-06 12:48:09.502123,962.4,240,540
2025-06-06 12:48:09.713876,964.25,240,540
2025-06-06 12:48:10.568703,964.15,240,540
2025-06-06 12:48:10.716181,964.15,390,210
2025-06-06 12:48:11.543494,962.25,390,210
2025-06-06 12:48:11.905275,962.25,300,450
2025-06-06 12:48:12.513144,964.4,300,450
2025-06-06 12:48:13.133530,964.25,330,660
2025-06-06 12:48:13.513598,966.0,330,660
2025-06-06 12:48:14.506580,964.4,300,330
2025-06-06 12:48:14.512881,964.4,300,330
2025-06-06 12:48:15.515073,964.2,300,330
2025-06-06 12:48:15.709659,965.05,270,360
2025-06-06 12:48:16.514729,965.05,270,360
2025-06-06 12:48:16.911378,965.05,180,150
2025-06-06 12:48:17.516599,965.5,180,150
2025-06-06 12:48:18.120675,964.0,180,240
2025-06-06 12:48:18.516702,963.25,180,240
2025-06-06 12:48:19.328312,960.05,450,270
2025-06-06 12:48:19.517076,960.05,450,270
2025-06-06 12:48:20.518263,962.45,450,270
2025-06-06 12:48:20.738553,962.45,210,210
2025-06-06 12:48:21.519736,963.95,210,210
2025-06-06 12:48:21.922366,963.95,240,270
2025-06-06 12:48:22.920282,960.55,240,270
2025-06-06 12:48:23.131089,963.35,150,270
2025-06-06 12:48:23.526549,963.35,150,270
2025-06-06 12:48:24.333088,962.35,180,150
2025-06-06 12:48:24.521138,962.35,180,150
2025-06-06 12:48:25.729001,962.35,540,210
2025-06-06 12:48:26.731802,962.6,540,210
2025-06-06 12:48:26.924460,962.6,240,180
2025-06-06 12:48:27.924100,964.45,240,180
2025-06-06 12:48:28.143003,964.45,660,210
2025-06-06 12:48:28.733864,962.6,660,210
2025-06-06 12:48:29.358085,962.6,870,390
2025-06-06 12:48:29.925915,962.35,870,390
2025-06-06 12:48:30.441462,962.35,870,390
2025-06-06 12:48:30.524946,961.2,870,390
2025-06-06 12:48:30.749190,961.2,150,180
2025-06-06 12:48:31.528241,958.8,150,180
2025-06-06 12:48:31.934539,958.3,330,270
2025-06-06 12:48:32.527679,958.3,330,270
2025-06-06 12:48:33.135929,962.05,390,360
2025-06-06 12:48:33.529135,962.05,390,360
2025-06-06 12:48:34.350989,962.05,270,450
2025-06-06 12:48:34.529130,960.75,270,450
2025-06-06 12:48:35.530408,959.6,270,450
2025-06-06 12:48:35.741735,959.6,420,300
2025-06-06 12:48:36.738494,959.65,420,300
2025-06-06 12:48:36.941166,959.65,390,390
2025-06-06 12:48:37.529636,960.8,390,390
2025-06-06 12:48:38.141795,960.95,270,360
2025-06-06 12:48:38.533364,958.95,270,360
2025-06-06 12:48:39.362531,961.25,300,240
2025-06-06 12:48:39.531301,961.25,300,240
2025-06-06 12:48:40.531357,960.0,300,240
2025-06-06 12:48:40.612487,960.0,240,240
2025-06-06 12:48:41.532839,961.6,240,240
2025-06-06 12:48:41.944280,961.6,270,390
2025-06-06 12:48:43.147680,963.75,270,390
2025-06-06 12:48:43.148261,963.75,330,240
2025-06-06 12:48:43.532188,961.25,330,240
2025-06-06 12:48:44.359930,961.25,270,330
2025-06-06 12:48:45.533074,960.7,270,330
2025-06-06 12:48:45.560946,960.7,600,300
2025-06-06 12:48:46.749424,966.0,600,300
2025-06-06 12:48:46.951932,966.0,300,600
2025-06-06 12:48:47.533476,967.0,300,600
2025-06-06 12:48:48.172930,967.45,240,240
2025-06-06 12:48:48.536587,967.45,240,240
2025-06-06 12:48:49.361980,968.0,900,300
2025-06-06 12:48:49.542324,966.75,900,300
2025-06-06 12:48:50.537463,966.95,900,300
2025-06-06 12:48:50.570776,966.95,750,270
2025-06-06 12:48:51.584236,968.8,750,270
2025-06-06 12:48:51.959245,964.2,450,300
2025-06-06 12:48:52.537974,966.9,450,300
2025-06-06 12:48:53.172251,966.9,360,180
2025-06-06 12:48:53.539938,968.8,360,180
2025-06-06 12:48:54.370808,965.75,510,360
2025-06-06 12:48:54.540046,965.75,510,360
2025-06-06 12:48:55.540396,968.05,510,360
2025-06-06 12:48:55.577849,968.05,210,330
2025-06-06 12:48:56.769483,968.05,240,210
2025-06-06 12:48:57.344012,968.55,240,210
2025-06-06 12:48:57.549340,966.35,240,210
2025-06-06 12:48:58.168973,969.0,240,240
2025-06-06 12:48:58.543399,968.05,240,240
2025-06-06 12:48:59.377041,968.95,420,570
2025-06-06 12:48:59.542590,968.95,420,570
2025-06-06 12:49:00.440664,968.95,420,570
2025-06-06 12:49:00.545288,967.35,420,570
2025-06-06 12:49:00.587399,967.35,510,210
2025-06-06 12:49:01.548705,967.95,510,210
2025-06-06 12:49:01.777742,967.95,210,300
2025-06-06 12:49:02.546748,967.95,210,300
2025-06-06 12:49:03.220769,967.95,630,180
2025-06-06 12:49:04.355765,967.0,630,180
2025-06-06 12:49:04.390387,967.0,330,240
2025-06-06 12:49:04.746475,966.0,330,240
2025-06-06 12:49:05.592956,966.0,510,180
2025-06-06 12:49:06.151325,968.0,510,180
2025-06-06 12:49:06.783313,968.0,210,690
2025-06-06 12:49:06.948034,969.0,210,690
2025-06-06 12:49:07.590355,968.3,210,690
2025-06-06 12:49:08.009751,969.9,390,600
2025-06-06 12:49:08.555161,967.55,390,600
2025-06-06 12:49:09.386842,970.0,660,630
2025-06-06 12:49:09.551884,970.0,660,630
2025-06-06 12:49:10.597792,970.0,510,270
2025-06-06 12:49:10.751192,968.35,510,270
2025-06-06 12:49:11.555963,968.25,510,270
2025-06-06 12:49:11.790620,968.25,390,270
2025-06-06 12:49:12.553586,970.0,390,270
2025-06-06 12:49:12.995431,966.9,360,300
2025-06-06 12:49:13.552468,969.55,360,300
2025-06-06 12:49:14.197100,968.95,210,270
2025-06-06 12:49:14.567840,968.7,210,270
2025-06-06 12:49:15.601548,968.7,210,330
2025-06-06 12:49:15.752080,966.8,210,330
2025-06-06 12:49:16.553696,968.25,210,330
2025-06-06 12:49:16.800173,968.25,270,300
2025-06-06 12:49:17.556433,968.0,270,300
2025-06-06 12:49:17.999762,968.0,180,240
2025-06-06 12:49:18.557590,967.9,180,240
2025-06-06 12:49:19.202362,968.8,270,360
2025-06-06 12:49:19.622951,966.15,270,360
2025-06-06 12:49:20.408244,967.85,180,360
2025-06-06 12:49:20.561958,967.85,180,360
2025-06-06 12:49:21.558075,962.45,180,360
2025-06-06 12:49:21.803709,961.0,600,300
2025-06-06 12:49:22.559304,961.0,600,300
2025-06-06 12:49:23.006091,961.0,750,600
2025-06-06 12:49:23.560879,961.0,750,600
2025-06-06 12:49:24.210410,960.0,510,240
2025-06-06 12:49:24.560433,960.0,510,240
2025-06-06 12:49:25.417281,957.0,480,330
2025-06-06 12:49:25.566893,957.0,480,330
2025-06-06 12:49:26.774894,957.0,480,330
2025-06-06 12:49:26.814099,957.0,150,300
2025-06-06 12:49:28.015199,957.0,180,240
2025-06-06 12:49:28.761057,961.05,180,240
2025-06-06 12:49:29.220254,961.05,300,240
2025-06-06 12:49:29.961423,963.9,300,240
2025-06-06 12:49:30.424975,963.9,210,240
2025-06-06 12:49:30.451587,963.9,210,240
2025-06-06 12:49:31.820567,963.9,150,360
2025-06-06 12:49:32.162529,965.85,150,360
2025-06-06 12:49:32.644464,965.0,150,360
2025-06-06 12:49:33.043142,965.0,300,360
2025-06-06 12:49:33.577462,966.95,300,360
2025-06-06 12:49:34.252931,966.95,330,390
2025-06-06 12:49:34.576908,966.95,330,390
2025-06-06 12:49:35.427290,966.95,210,210
2025-06-06 12:49:36.166166,966.55,210,210
2025-06-06 12:49:36.628871,966.55,240,180
2025-06-06 12:49:37.766851,966.85,240,180
2025-06-06 12:49:38.028436,966.85,210,330
2025-06-06 12:49:39.238917,966.85,390,210
2025-06-06 12:49:39.968051,968.0,390,210
2025-06-06 12:49:40.434356,966.25,300,300
2025-06-06 12:49:40.580368,966.25,300,300
2025-06-06 12:49:41.636437,968.7,300,300
2025-06-06 12:49:41.636548,968.7,450,240
2025-06-06 12:49:42.643721,964.0,450,240
2025-06-06 12:49:43.036071,964.75,240,240
2025-06-06 12:49:43.583019,962.9,240,240
2025-06-06 12:49:44.243973,962.9,210,300
2025-06-06 12:49:44.770753,965.0,210,300
2025-06-06 12:49:45.442148,965.0,420,240
2025-06-06 12:49:46.371100,968.1,420,240
2025-06-06 12:49:46.663487,965.1,420,240
2025-06-06 12:49:46.663723,965.1,900,240
2025-06-06 12:49:47.582005,965.0,900,240
2025-06-06 12:49:47.847768,965.0,330,300
2025-06-06 12:49:48.584130,965.0,330,300
2025-06-06 12:49:49.250721,963.75,240,330
2025-06-06 12:49:49.612103,963.75,240,330
2025-06-06 12:49:50.467135,962.8,1770,330
2025-06-06 12:49:50.786788,962.8,1770,330
2025-06-06 12:49:51.582775,960.15,1770,330
2025-06-06 12:49:51.650883,962.55,210,300
2025-06-06 12:49:52.598949,960.7,210,300
2025-06-06 12:49:52.855051,963.9,240,420
2025-06-06 12:49:53.583865,963.75,240,420
2025-06-06 12:49:54.066406,963.75,240,300
2025-06-06 12:49:54.585164,963.55,240,300
2025-06-06 12:49:55.457156,948.55,210,300
2025-06-06 12:49:55.775925,947.85,210,300
2025-06-06 12:49:56.596876,947.0,210,300
2025-06-06 12:49:56.664526,947.0,270,540
2025-06-06 12:49:57.588533,945.7,270,540
2025-06-06 12:49:57.862032,946.4,240,300
2025-06-06 12:49:58.782073,947.1,240,300
2025-06-06 12:49:59.075532,947.1,210,240
2025-06-06 12:49:59.980048,947.75,210,240
2025-06-06 12:50:00.272233,949.45,330,300
2025-06-06 12:50:00.442949,949.45,330,300
2025-06-06 12:50:00.591816,949.45,330,300
2025-06-06 12:50:01.594230,949.5,330,300
2025-06-06 12:50:01.665379,949.5,330,360
2025-06-06 12:50:02.591907,950.65,330,360
2025-06-06 12:50:02.869477,950.65,360,390
2025-06-06 12:50:04.084744,950.65,540,270
2025-06-06 12:50:04.397160,950.95,540,270
2025-06-06 12:50:05.280652,950.95,390,300
2025-06-06 12:50:05.594077,951.1,390,300
2025-06-06 12:50:06.479865,951.1,450,270
2025-06-06 12:50:06.594165,951.1,450,270
2025-06-06 12:50:07.593793,951.25,450,270
2025-06-06 12:50:07.876648,950.9,510,270
2025-06-06 12:50:08.594570,950.5,510,270
2025-06-06 12:50:09.119242,955.0,270,330
2025-06-06 12:50:09.595948,957.9,270,330
2025-06-06 12:50:10.304261,957.9,300,480
2025-06-06 12:50:10.787061,958.05,300,480
2025-06-06 12:50:11.489752,958.25,300,600
2025-06-06 12:50:11.595625,956.35,300,600
2025-06-06 12:50:12.685572,956.35,300,240
2025-06-06 12:50:12.988235,957.75,300,240
2025-06-06 12:50:14.095066,956.9,240,300
2025-06-06 12:50:14.189172,956.9,240,300
2025-06-06 12:50:14.598709,956.8,240,300
2025-06-06 12:50:15.298663,956.8,750,330
2025-06-06 12:50:16.191500,956.8,750,330
2025-06-06 12:50:16.499692,956.8,960,210
2025-06-06 12:50:16.599466,956.8,960,210
2025-06-06 12:50:17.601062,957.45,960,210
2025-06-06 12:50:17.693237,957.45,780,300
2025-06-06 12:50:18.896292,957.45,780,240
2025-06-06 12:50:19.992711,958.0,780,240
2025-06-06 12:50:20.294563,958.0,210,240
2025-06-06 12:50:20.792127,960.0,210,240
2025-06-06 12:50:21.501663,962.1,180,180
2025-06-06 12:50:21.599007,962.1,180,180
2025-06-06 12:50:22.602896,961.75,180,180
2025-06-06 12:50:22.705727,961.75,270,330
2025-06-06 12:50:23.904624,961.75,270,300
2025-06-06 12:50:24.193135,957.4,270,300
2025-06-06 12:50:24.998707,960.0,270,300
2025-06-06 12:50:25.398648,960.0,330,300
2025-06-06 12:50:26.196610,960.0,330,300
2025-06-06 12:50:26.590206,960.0,330,240
2025-06-06 12:50:27.880314,960.95,330,180
2025-06-06 12:50:27.880633,958.95,330,180
2025-06-06 12:50:28.633463,958.8,330,180
2025-06-06 12:50:28.946191,958.8,270,270
2025-06-06 12:50:29.654553,960.0,270,270
2025-06-06 12:50:30.312892,960.0,720,150
2025-06-06 12:50:30.444217,960.0,720,150
2025-06-06 12:50:30.798192,961.25,720,150
2025-06-06 12:50:31.520434,960.1,810,300
2025-06-06 12:50:31.605600,960.1,810,300
2025-06-06 12:50:32.605350,961.7,810,300
2025-06-06 12:50:32.719568,961.7,720,270
2025-06-06 12:50:33.920286,961.7,300,270
2025-06-06 12:50:34.204056,960.6,300,270
2025-06-06 12:50:35.318429,960.6,330,300
2025-06-06 12:50:35.608634,963.0,330,300
2025-06-06 12:50:36.523582,963.0,180,240
2025-06-06 12:50:37.732749,963.0,270,210
2025-06-06 12:50:38.405000,964.6,270,210
2025-06-06 12:50:38.931742,964.6,270,180
2025-06-06 12:50:39.204820,964.8,270,180
2025-06-06 12:50:40.006563,962.5,270,180
2025-06-06 12:50:40.326775,961.3,300,300
2025-06-06 12:50:40.609685,963.55,300,300
2025-06-06 12:50:41.533033,960.85,210,270
2025-06-06 12:50:41.609595,960.85,210,270
2025-06-06 12:50:42.740559,960.85,210,180
2025-06-06 12:50:43.410256,963.35,210,180
2025-06-06 12:50:43.935319,963.35,870,330
2025-06-06 12:50:44.807220,961.45,870,330
2025-06-06 12:50:45.336237,961.45,810,330
2025-06-06 12:50:46.540709,961.45,840,330
2025-06-06 12:50:47.009183,960.25,840,330
2025-06-06 12:50:47.616167,959.8,840,330
2025-06-06 12:50:47.743183,959.8,210,270
2025-06-06 12:50:48.943943,959.8,210,270
2025-06-06 12:50:49.810753,957.7,210,270
2025-06-06 12:50:50.342940,957.7,180,300
2025-06-06 12:50:50.618226,956.9,180,300
2025-06-06 12:50:51.545820,956.9,330,150
2025-06-06 12:50:52.010546,957.6,330,150
2025-06-06 12:50:52.618238,959.65,330,150
2025-06-06 12:50:52.748361,959.65,330,360
2025-06-06 12:50:53.953708,959.65,240,330
2025-06-06 12:50:55.350550,959.65,210,300
2025-06-06 12:50:56.561038,959.65,300,150
2025-06-06 12:50:57.756919,959.65,210,360
2025-06-06 12:50:58.814885,961.6,210,360
2025-06-06 12:50:58.966693,961.6,270,300
2025-06-06 12:51:00.017295,962.4,270,300
2025-06-06 12:51:00.364829,962.4,210,420
2025-06-06 12:51:00.442505,962.4,210,420
2025-06-06 12:51:01.567858,962.4,210,300
2025-06-06 12:51:02.765008,960.65,210,270
2025-06-06 12:51:02.817108,960.65,210,270
2025-06-06 12:51:03.967763,960.65,270,210
2025-06-06 12:51:05.171827,960.3,180,210
2025-06-06 12:51:05.224949,960.3,180,210
2025-06-06 12:51:06.376247,960.3,210,240
2025-06-06 12:51:07.775064,963.1,240,360
2025-06-06 12:51:07.820809,963.1,240,360
2025-06-06 12:51:08.973628,963.1,300,240
2025-06-06 12:51:09.228158,961.4,300,240
2025-06-06 12:51:10.177147,961.4,210,480
2025-06-06 12:51:10.630333,959.95,210,480
2025-06-06 12:51:11.380762,959.85,300,300
2025-06-06 12:51:11.634348,959.85,300,300
2025-06-06 12:51:12.593310,959.85,180,300
2025-06-06 12:51:12.826230,960.05,180,300
2025-06-06 12:51:13.781849,960.05,180,270
2025-06-06 12:51:15.182403,960.05,330,360
2025-06-06 12:51:16.384229,960.05,270,240
2025-06-06 12:51:16.827644,960.0,270,240
2025-06-06 12:51:17.598624,961.05,240,330
2025-06-06 12:51:17.635807,961.05,240,330
2025-06-06 12:51:18.643360,950.6,240,330
2025-06-06 12:51:18.790954,950.6,210,390
2025-06-06 12:51:19.990909,950.6,270,240
2025-06-06 12:51:20.431578,951.6,270,240
2025-06-06 12:51:21.031946,951.0,270,240
2025-06-06 12:51:21.388796,951.0,210,270
2025-06-06 12:51:22.807532,951.0,210,300
2025-06-06 12:51:23.799690,951.0,270,270
2025-06-06 12:51:24.658936,955.45,270,270
2025-06-06 12:51:25.010027,951.5,210,300
2025-06-06 12:51:25.641562,951.5,210,300
2025-06-06 12:51:26.199230,951.5,180,330
2025-06-06 12:51:26.641693,952.4,180,330
2025-06-06 12:51:27.402083,952.4,150,180
2025-06-06 12:51:27.652897,952.2,150,180
2025-06-06 12:51:28.632632,955.35,150,180
2025-06-06 12:51:28.802248,955.35,240,420
2025-06-06 12:51:29.669385,956.0,240,420
2025-06-06 12:51:30.013381,959.35,240,780
2025-06-06 12:51:30.459287,959.35,240,780
2025-06-06 12:51:30.656415,956.95,240,780
2025-06-06 12:51:31.205080,956.95,300,630
2025-06-06 12:51:32.420412,956.95,180,300
2025-06-06 12:51:33.838425,956.95,210,240
2025-06-06 12:51:34.245072,958.5,210,240
2025-06-06 12:51:35.017150,958.5,240,360
2025-06-06 12:51:35.839770,955.45,240,360
2025-06-06 12:51:36.232293,953.25,240,450
2025-06-06 12:51:36.656165,953.25,240,450
2025-06-06 12:51:37.413719,953.25,210,570
2025-06-06 12:51:38.326824,952.0,210,570
2025-06-06 12:51:38.812995,954.15,210,510
2025-06-06 12:51:38.840810,954.15,210,510
2025-06-06 12:51:40.021261,954.15,390,420
2025-06-06 12:51:41.230604,954.15,390,270
2025-06-06 12:51:41.442606,951.0,390,270
2025-06-06 12:51:42.437859,951.0,330,330
2025-06-06 12:51:43.623199,951.0,330,330
2025-06-06 12:51:44.462069,951.0,330,330
2025-06-06 12:51:45.021177,951.0,360,390
2025-06-06 12:51:45.645492,952.0,360,390
2025-06-06 12:51:46.247906,952.75,180,420
2025-06-06 12:51:46.685764,951.0,180,420
2025-06-06 12:51:47.425335,951.0,180,420
2025-06-06 12:51:47.649765,952.8,180,420
2025-06-06 12:51:48.629327,952.8,180,330
2025-06-06 12:51:49.248422,951.05,180,330
2025-06-06 12:51:49.832876,951.05,180,330
2025-06-06 12:51:50.048475,953.1,180,330
2025-06-06 12:51:50.847582,952.45,180,330
2025-06-06 12:51:51.242707,952.45,240,540
2025-06-06 12:51:52.271594,950.7,240,540
2025-06-06 12:51:52.432581,950.7,210,690
2025-06-06 12:51:52.848666,950.75,210,690
2025-06-06 12:51:53.633854,950.6,5460,450
2025-06-06 12:51:53.649467,950.6,5460,450
2025-06-06 12:51:54.836338,950.6,180,270
2025-06-06 12:51:55.250754,951.05,180,270
2025-06-06 12:51:56.040100,951.05,5490,210
2025-06-06 12:51:57.243210,951.05,270,450
2025-06-06 12:51:58.441391,951.05,180,300
2025-06-06 12:51:59.644209,951.05,300,360
2025-06-06 12:52:00.260684,953.0,300,360
2025-06-06 12:52:00.467548,953.0,300,360
2025-06-06 12:52:00.652285,954.0,300,360
2025-06-06 12:52:01.042916,954.0,240,360
2025-06-06 12:52:01.853587,953.2,240,360
2025-06-06 12:52:02.279956,953.2,180,150
2025-06-06 12:52:03.448397,953.2,270,180
2025-06-06 12:52:03.665106,950.85,270,180
2025-06-06 12:52:04.651354,950.85,210,270
2025-06-06 12:52:06.052149,950.85,180,180
2025-06-06 12:52:06.256991,952.0,180,180
2025-06-06 12:52:07.056131,951.1,180,180
2025-06-06 12:52:07.257654,951.2,270,180
2025-06-06 12:52:07.656509,951.2,270,180
2025-06-06 12:52:08.456654,951.05,240,360
2025-06-06 12:52:08.657127,951.05,240,360
2025-06-06 12:52:09.663955,951.05,300,420
2025-06-06 12:52:10.660247,948.6,300,420
2025-06-06 12:52:11.062695,948.6,210,180
2025-06-06 12:52:11.660815,945.0,210,180
2025-06-06 12:52:12.264978,942.65,210,330
2025-06-06 12:52:12.674427,942.65,210,330
2025-06-06 12:52:13.463008,944.25,270,720
2025-06-06 12:52:13.661902,942.4,270,720
2025-06-06 12:52:14.661149,941.8,270,720
2025-06-06 12:52:14.667403,941.8,240,360
2025-06-06 12:52:15.661943,940.0,240,360
2025-06-06 12:52:16.063940,940.0,480,390
2025-06-06 12:52:16.662138,942.0,480,390
2025-06-06 12:52:17.068654,942.0,240,630
2025-06-06 12:52:17.662882,942.1,240,630
2025-06-06 12:52:18.469685,942.1,330,570
2025-06-06 12:52:18.867143,941.8,330,570
2025-06-06 12:52:19.665498,940.35,330,570
2025-06-06 12:52:19.669774,940.35,510,150
2025-06-06 12:52:20.666040,940.0,510,150
2025-06-06 12:52:20.874384,940.0,360,300
2025-06-06 12:52:21.865440,940.3,360,300
2025-06-06 12:52:22.078695,940.85,270,330
2025-06-06 12:52:22.665683,943.9,270,330
2025-06-06 12:52:23.477216,943.9,210,240
2025-06-06 12:52:24.288085,948.05,210,240
2025-06-06 12:52:24.677497,948.05,210,300
2025-06-06 12:52:25.882507,948.05,300,330
2025-06-06 12:52:27.092540,948.05,300,180
2025-06-06 12:52:27.869996,947.45,300,180
2025-06-06 12:52:28.293248,947.45,300,150
2025-06-06 12:52:29.694843,947.45,270,210
2025-06-06 12:52:30.443475,947.45,270,210
2025-06-06 12:52:30.668670,946.95,270,210
2025-06-06 12:52:30.886280,946.95,210,210
2025-06-06 12:52:32.321314,946.95,210,180
2025-06-06 12:52:33.077350,947.05,210,180
2025-06-06 12:52:33.324938,947.05,240,270
2025-06-06 12:52:33.872418,946.05,240,270
2025-06-06 12:52:34.493726,946.05,240,240
2025-06-06 12:52:35.696242,946.05,330,300
2025-06-06 12:52:36.897969,946.05,240,300
2025-06-06 12:52:37.674416,947.05,240,300
2025-06-06 12:52:38.316387,946.15,420,210
2025-06-06 12:52:38.676765,946.25,420,210
2025-06-06 12:52:39.498625,946.2,240,210
2025-06-06 12:52:39.676699,946.2,240,210
2025-06-06 12:52:40.707044,946.2,330,210
2025-06-06 12:52:41.084131,948.5,330,210
2025-06-06 12:52:41.677662,947.0,330,210
2025-06-06 12:52:41.902933,947.0,180,240
2025-06-06 12:52:42.678617,949.25,180,240
2025-06-06 12:52:43.116665,948.2,210,300
2025-06-06 12:52:43.678676,948.2,210,300
2025-06-06 12:52:44.311393,949.1,210,210
2025-06-06 12:52:44.680275,949.0,210,210
2025-06-06 12:52:45.706975,949.0,240,210
2025-06-06 12:52:46.915691,949.0,240,450
2025-06-06 12:52:48.127531,949.35,240,450
2025-06-06 12:52:48.127979,949.35,270,210
2025-06-06 12:52:48.682279,948.75,270,210
2025-06-06 12:52:49.314798,948.75,180,510
2025-06-06 12:52:50.515338,948.75,180,510
2025-06-06 12:52:51.095929,949.2,180,510
2025-06-06 12:52:51.685659,948.55,180,510
2025-06-06 12:52:51.719980,946.0,270,210
2025-06-06 12:52:52.715702,947.8,270,210
2025-06-06 12:52:52.920009,947.8,210,330
2025-06-06 12:52:53.688103,950.0,210,330
2025-06-06 12:52:54.127726,950.0,210,270
2025-06-06 12:52:55.527248,950.0,240,240
2025-06-06 12:52:55.686072,949.85,240,240
2025-06-06 12:52:56.735081,949.85,270,420
2025-06-06 12:52:56.887031,950.0,270,420
2025-06-06 12:52:57.928236,950.0,360,180
2025-06-06 12:52:59.101814,947.35,360,180
2025-06-06 12:52:59.134635,947.35,240,180
2025-06-06 12:53:00.332433,947.35,390,210
2025-06-06 12:53:00.443780,947.35,390,210
2025-06-06 12:53:01.488211,947.75,390,210
2025-06-06 12:53:01.743579,947.75,300,270
2025-06-06 12:53:02.295757,950.35,300,270
2025-06-06 12:53:02.689002,948.5,300,270
2025-06-06 12:53:02.933990,948.5,240,180
2025-06-06 12:53:03.689885,951.5,240,180
2025-06-06 12:53:04.155379,951.5,240,390
2025-06-06 12:53:05.339940,951.5,270,390
2025-06-06 12:53:05.691478,951.4,270,390
2025-06-06 12:53:06.749567,951.4,270,300
2025-06-06 12:53:07.894156,952.0,270,300
2025-06-06 12:53:07.941774,952.0,270,420
2025-06-06 12:53:09.144766,952.0,240,420
2025-06-06 12:53:10.368292,955.0,240,420
2025-06-06 12:53:10.426858,955.0,240,270
2025-06-06 12:53:11.586401,952.6,180,270
2025-06-06 12:53:11.731015,952.6,180,270
2025-06-06 12:53:12.752359,952.9,180,270
2025-06-06 12:53:12.819269,952.9,210,240
2025-06-06 12:53:13.988574,952.9,300,240
2025-06-06 12:53:15.353259,952.9,330,270
2025-06-06 12:53:16.555597,952.9,180,240
2025-06-06 12:53:16.899430,955.45,180,240
2025-06-06 12:53:17.770811,952.95,180,240
2025-06-06 12:53:17.771822,952.95,180,210
2025-06-06 12:53:18.964582,952.95,180,330
2025-06-06 12:53:20.159221,952.95,210,270
2025-06-06 12:53:21.363007,952.95,210,240
2025-06-06 12:53:22.563631,952.95,240,150
2025-06-06 12:53:23.570311,952.95,300,180
2025-06-06 12:53:24.704138,955.0,300,180
2025-06-06 12:53:24.771252,955.0,240,2520
2025-06-06 12:53:25.704817,952.95,240,2520
2025-06-06 12:53:25.974447,952.95,180,3120
2025-06-06 12:53:26.705119,952.65,180,3120
2025-06-06 12:53:27.177051,952.65,270,390
2025-06-06 12:53:27.706005,950.0,270,390
2025-06-06 12:53:28.582929,948.5,360,210
2025-06-06 12:53:28.706065,948.5,360,210
2025-06-06 12:53:29.706710,950.6,360,210
2025-06-06 12:53:29.776917,950.6,270,270
2025-06-06 12:53:30.453509,950.6,270,270
2025-06-06 12:53:30.709407,949.1,270,270
2025-06-06 12:53:30.980644,949.1,210,270
2025-06-06 12:53:32.213364,949.1,210,240
2025-06-06 12:53:33.389102,949.1,360,210
2025-06-06 12:53:33.907407,951.2,360,210
2025-06-06 12:53:34.596781,951.2,210,360
2025-06-06 12:53:35.309857,950.75,210,360
2025-06-06 12:53:35.709208,953.35,210,360
2025-06-06 12:53:35.789454,953.35,240,360
2025-06-06 12:53:36.992009,953.35,270,270
2025-06-06 12:53:37.117731,951.2,270,270
2025-06-06 12:53:38.193280,951.2,270,270
2025-06-06 12:53:38.911384,950.25,270,270
2025-06-06 12:53:39.393390,950.25,210,300
2025-06-06 12:53:39.714178,952.9,210,300
2025-06-06 12:53:40.607796,952.9,210,300
2025-06-06 12:53:41.543267,950.55,210,300
2025-06-06 12:53:41.860457,950.55,240,180
2025-06-06 12:53:42.554234,952.9,240,180
2025-06-06 12:53:43.073353,952.9,270,330
2025-06-06 12:53:44.223839,952.9,240,270
2025-06-06 12:53:45.121769,954.8,240,270
2025-06-06 12:53:45.404361,952.6,210,270
2025-06-06 12:53:45.724906,952.6,210,270
2025-06-06 12:53:46.616526,952.6,330,180
2025-06-06 12:53:46.917076,955.0,330,180
2025-06-06 12:53:47.738357,955.0,330,180
2025-06-06 12:53:47.807192,955.0,240,240
2025-06-06 12:53:48.919123,955.6,240,240
2025-06-06 12:53:49.009859,955.6,240,300
2025-06-06 12:53:50.217035,955.55,330,330
2025-06-06 12:53:50.319256,955.55,330,330
2025-06-06 12:53:51.320204,955.85,330,330
2025-06-06 12:53:51.412926,955.85,270,210
2025-06-06 12:53:52.621675,955.85,180,480
2025-06-06 12:53:53.522271,956.55,180,480
2025-06-06 12:53:53.632135,959.95,420,720
2025-06-06 12:53:53.758100,960.0,420,720
2025-06-06 12:53:54.729969,960.35,420,720
2025-06-06 12:53:55.017928,960.35,510,210
2025-06-06 12:53:55.729375,960.0,510,210
2025-06-06 12:53:56.229536,960.0,330,210
2025-06-06 12:53:57.427432,960.0,540,240
2025-06-06 12:53:57.923565,960.85,540,240
2025-06-06 12:53:58.630805,960.85,300,240
2025-06-06 12:53:58.925649,961.8,300,240
2025-06-06 12:53:59.634227,961.35,270,210
2025-06-06 12:53:59.739242,961.35,270,210
2025-06-06 12:54:00.443391,961.35,270,210
2025-06-06 12:54:00.734852,959.25,270,210
2025-06-06 12:54:00.831009,959.25,210,330
2025-06-06 12:54:01.793941,959.3,210,330
2025-06-06 12:54:02.242133,959.3,390,300
2025-06-06 12:54:02.916858,955.65,390,300
2025-06-06 12:54:03.432202,955.65,180,330
2025-06-06 12:54:03.840014,958.1,180,330
2025-06-06 12:54:04.635806,958.1,330,150
2025-06-06 12:54:04.928677,958.65,330,150
2025-06-06 12:54:05.837771,958.65,360,300
2025-06-06 12:54:07.044418,958.65,240,300
2025-06-06 12:54:08.251138,958.65,810,180
2025-06-06 12:54:09.445486,958.65,840,270
2025-06-06 12:54:10.650320,958.65,750,330
2025-06-06 12:54:11.849639,958.65,930,210
2025-06-06 12:54:13.071533,958.65,210,240
2025-06-06 12:54:14.054744,958.65,330,240
2025-06-06 12:54:15.258349,958.65,900,180
2025-06-06 12:54:16.455885,958.65,240,330
2025-06-06 12:54:17.536792,958.0,240,330
2025-06-06 12:54:17.657349,958.0,210,240
2025-06-06 12:54:18.336992,958.65,210,240
2025-06-06 12:54:18.859970,958.65,180,360
2025-06-06 12:54:18.938282,958.0,180,360
2025-06-06 12:54:20.138738,957.75,180,360
2025-06-06 12:54:20.259066,957.75,810,180
2025-06-06 12:54:21.461126,957.75,870,330
2025-06-06 12:54:22.663851,957.75,810,360
2025-06-06 12:54:23.866309,957.75,300,300
2025-06-06 12:54:25.142849,958.65,300,300
2025-06-06 12:54:25.265724,958.65,270,330
2025-06-06 12:54:25.743568,959.35,270,330
2025-06-06 12:54:26.467496,957.65,360,300
2025-06-06 12:54:26.744662,957.65,360,300
2025-06-06 12:54:27.670349,957.6,240,210
2025-06-06 12:54:27.742986,957.6,240,210
2025-06-06 12:54:28.871169,957.6,810,210
2025-06-06 12:54:30.076671,949.0,240,570
2025-06-06 12:54:30.148224,949.0,240,570
2025-06-06 12:54:30.747614,948.0,240,570
2025-06-06 12:54:31.299173,948.0,270,240
2025-06-06 12:54:31.299571,948.0,270,240
2025-06-06 12:54:31.299705,948.0,270,240
2025-06-06 12:54:31.746151,949.0,270,240
2025-06-06 12:54:32.676416,949.85,270,360
2025-06-06 12:54:32.758937,949.85,270,360
2025-06-06 12:54:33.746272,947.3,270,360
2025-06-06 12:54:33.879184,947.3,300,360
2025-06-06 12:54:34.746690,947.35,300,360
2025-06-06 12:54:35.087019,947.35,300,360
2025-06-06 12:54:36.288877,947.35,300,330
2025-06-06 12:54:37.715133,947.35,360,300
2025-06-06 12:54:37.971350,947.15,360,300
2025-06-06 12:54:38.887010,948.0,240,300
2025-06-06 12:54:38.953563,948.0,240,300
2025-06-06 12:54:39.748229,948.95,240,300
2025-06-06 12:54:40.099328,948.95,330,270
2025-06-06 12:54:41.294173,948.95,390,270
2025-06-06 12:54:42.150987,946.5,390,270
2025-06-06 12:54:42.690061,946.5,270,300
2025-06-06 12:56:25.317787,969.0,300,330
2025-06-06 12:56:25.429264,968.6,330,390
2025-06-06 12:56:25.815545,968.6,330,390
2025-06-06 12:56:26.633969,968.6,660,330
2025-06-06 12:56:27.016486,966.0,660,330
2025-06-06 12:56:27.821024,963.6,660,330
2025-06-06 12:56:27.831663,963.6,330,300
2025-06-06 12:56:28.819148,963.25,330,300
2025-06-06 12:56:29.237353,964.2,210,420
2025-06-06 12:56:29.820973,964.2,210,420
2025-06-06 12:56:30.432259,962.35,300,300
2025-06-06 12:56:30.451738,962.35,300,300
2025-06-06 12:56:30.819328,962.35,300,300
2025-06-06 12:56:31.635227,961.4,240,270
2025-06-06 12:56:31.819917,961.4,240,270
2025-06-06 12:56:32.835998,961.4,240,270
2025-06-06 12:56:34.023867,963.45,240,270
2025-06-06 12:56:34.038491,963.45,210,420
2025-06-06 12:56:34.821710,964.0,210,420
2025-06-06 12:56:35.241412,964.0,210,240
2025-06-06 12:56:36.228307,964.3,210,240
2025-06-06 12:56:36.443709,964.3,210,270
2025-06-06 12:56:36.823629,964.75,210,270
2025-06-06 12:56:37.842802,964.75,210,240
2025-06-06 12:56:38.423873,964.15,210,240
2025-06-06 12:56:39.053263,964.15,210,240
2025-06-06 12:56:40.248571,964.15,210,240
2025-06-06 12:56:40.825141,963.45,210,240
2025-06-06 12:56:41.447587,963.45,180,240
2025-06-06 12:56:42.648689,963.45,210,270
2025-06-06 12:56:43.625482,965.85,210,270
2025-06-06 12:56:43.858021,965.85,480,420
2025-06-06 12:56:44.425750,962.95,480,420
2025-06-06 12:56:44.827073,964.85,480,420
2025-06-06 12:56:45.054492,964.85,720,390
2025-06-06 12:56:45.834218,965.85,720,390
2025-06-06 12:56:46.259470,965.85,210,240
2025-06-06 12:56:46.830230,965.65,210,240
2025-06-06 12:56:47.460580,965.65,240,630
2025-06-06 12:56:47.827740,967.6,240,630
2025-06-06 12:56:48.859165,967.6,330,180
2025-06-06 12:56:49.429234,964.45,330,180
2025-06-06 12:56:50.029811,966.45,330,180
2025-06-06 12:56:50.060630,966.45,240,300
2025-06-06 12:56:51.264874,966.45,390,240
2025-06-06 12:56:52.433199,964.45,390,240
2025-06-06 12:56:52.463492,964.45,330,300
2025-06-06 12:56:53.664732,964.45,210,690
2025-06-06 12:56:54.237192,965.0,210,690
2025-06-06 12:56:54.839015,962.45,210,690
2025-06-06 12:56:54.866506,962.45,240,300
2025-06-06 12:56:56.070055,962.45,180,300
2025-06-06 12:56:56.437004,965.0,180,300
2025-06-06 12:56:56.835342,965.7,180,300
2025-06-06 12:56:57.272895,966.6,210,240
2025-06-06 12:56:57.836693,966.6,210,240
2025-06-06 12:56:58.473928,966.6,240,180
2025-06-06 12:56:58.886456,965.65,240,180
2025-06-06 12:56:59.675147,963.85,270,210
2025-06-06 12:56:59.837174,963.85,270,210
2025-06-06 12:57:00.447090,963.85,270,210
2025-06-06 12:57:00.879152,963.85,270,210
2025-06-06 12:57:02.256766,966.1,270,210
2025-06-06 12:57:02.276081,966.1,360,270
2025-06-06 12:57:02.852806,966.4,360,270
2025-06-06 12:57:03.481695,966.4,330,240
2025-06-06 12:57:03.850964,964.55,330,240
2025-06-06 12:57:04.692485,964.45,240,300
2025-06-06 12:57:04.852223,964.45,240,300
2025-06-06 12:57:05.906274,964.45,360,210
2025-06-06 12:57:06.642053,966.85,360,210
2025-06-06 12:57:07.042363,967.2,360,210
2025-06-06 12:57:07.085991,967.2,300,270
2025-06-06 12:57:08.289117,967.2,240,270
2025-06-06 12:57:08.844076,968.0,240,270
2025-06-06 12:57:09.489758,966.3,300,420
2025-06-06 12:57:09.843591,966.3,300,420
2025-06-06 12:57:10.844797,966.0,300,420
2025-06-06 12:57:10.891871,966.0,600,360
2025-06-06 12:57:11.844983,968.7,600,360
2025-06-06 12:57:12.162746,968.7,450,330
2025-06-06 12:57:12.848912,967.25,450,330
2025-06-06 12:57:13.299389,967.25,450,420
2025-06-06 12:57:14.047890,969.95,450,420
2025-06-06 12:57:14.498018,969.95,540,540
2025-06-06 12:57:15.445355,970.0,540,540
2025-06-06 12:57:15.700072,967.8,390,360
2025-06-06 12:57:15.845779,967.8,390,360
2025-06-06 12:57:16.846626,965.85,390,360
2025-06-06 12:57:16.903781,965.85,570,300
2025-06-06 12:57:18.305608,965.85,360,240
2025-06-06 12:57:19.501922,965.85,270,210
2025-06-06 12:57:20.705136,965.85,240,210
2025-06-06 12:57:21.212664,966.45,240,210
2025-06-06 12:57:21.919220,966.45,240,240
2025-06-06 12:57:22.450305,967.15,240,240
2025-06-06 12:57:22.967405,967.15,330,180
2025-06-06 12:57:24.070724,967.2,330,180
2025-06-06 12:57:24.148688,967.2,330,180
2025-06-06 12:57:25.361061,967.2,540,180
2025-06-06 12:57:25.675438,965.35,540,180
2025-06-06 12:57:26.398599,965.7,540,180
2025-06-06 12:57:26.536730,965.7,450,270
2025-06-06 12:57:27.738603,965.7,210,420
2025-06-06 12:57:28.659760,963.1,210,420
2025-06-06 12:57:28.955820,963.1,240,270
2025-06-06 12:57:29.672739,963.15,240,270
2025-06-06 12:57:30.175000,963.15,240,180
2025-06-06 12:57:30.481781,963.15,240,180
2025-06-06 12:57:30.656751,963.5,240,180
2025-06-06 12:57:31.083833,965.35,240,180
2025-06-06 12:57:31.345718,963.25,300,330
2025-06-06 12:57:31.903228,963.25,300,330
2025-06-06 12:57:32.523740,963.25,240,330
2025-06-06 12:57:33.298129,962.05,240,330
2025-06-06 12:57:33.747534,962.05,210,180
2025-06-06 12:57:34.943686,962.05,240,270
2025-06-06 12:57:36.156826,962.05,270,180
2025-06-06 12:57:37.077839,956.65,270,180
2025-06-06 12:57:37.339852,956.65,210,240
2025-06-06 12:57:37.861838,957.45,210,240
2025-06-06 12:57:38.533228,955.4,240,270
2025-06-06 12:57:38.861934,955.35,240,270
2025-06-06 12:57:39.737343,955.35,420,180
2025-06-06 12:57:39.863638,955.35,420,180
2025-06-06 12:57:40.864924,957.05,420,180
2025-06-06 12:57:40.937546,955.2,510,300
2025-06-06 12:57:41.863125,955.15,510,300
2025-06-06 12:57:42.142397,955.15,210,240
2025-06-06 12:57:42.903419,958.95,210,240
2025-06-06 12:57:43.338420,958.95,180,870
2025-06-06 12:57:44.274534,957.45,180,870
2025-06-06 12:57:44.551868,957.45,210,270
2025-06-06 12:57:44.864529,955.85,210,270
2025-06-06 12:57:45.775196,958.4,330,270
2025-06-06 12:57:45.935813,958.4,330,270
2025-06-06 12:57:46.943430,958.4,330,1050
2025-06-06 12:57:47.865865,956.9,330,1050
2025-06-06 12:57:48.148526,956.9,210,930
2025-06-06 12:57:48.868565,956.55,210,930
2025-06-06 12:57:49.348579,958.65,420,810
2025-06-06 12:57:49.868682,958.65,420,810
2025-06-06 12:57:50.549015,958.65,240,270
2025-06-06 12:57:51.277128,956.5,240,270
2025-06-06 12:57:51.753144,956.5,360,810
2025-06-06 12:57:52.866949,956.75,360,810
2025-06-06 12:57:52.952245,956.75,270,210
2025-06-06 12:57:53.869147,960.0,270,210
2025-06-06 12:57:54.159748,960.0,180,270
2025-06-06 12:57:55.070716,959.8,180,270
2025-06-06 12:57:55.356933,959.8,180,180
2025-06-06 12:57:56.344594,960.25,180,180
2025-06-06 12:57:56.565528,960.25,240,180
2025-06-06 12:57:57.075040,959.8,240,180
2025-06-06 12:57:57.762720,959.8,210,150
2025-06-06 12:57:58.964447,959.8,330,180
2025-06-06 12:57:59.873501,962.0,330,180
2025-06-06 12:58:00.205676,961.8,210,1020
2025-06-06 12:58:00.449548,961.8,210,1020
2025-06-06 12:58:00.874398,961.2,210,1020
2025-06-06 12:58:01.368030,963.0,150,780
2025-06-06 12:58:01.874656,963.0,150,780
2025-06-06 12:58:02.605456,963.0,420,840
2025-06-06 12:58:03.774938,963.0,330,330
2025-06-06 12:58:03.876859,963.0,330,330
2025-06-06 12:58:05.171552,963.0,180,360
2025-06-06 12:58:06.373721,963.0,390,210
2025-06-06 12:58:07.078346,966.0,390,210
2025-06-06 12:58:07.576712,968.7,150,270
2025-06-06 12:58:07.877595,968.7,150,270
2025-06-06 12:58:08.778984,967.25,840,570
2025-06-06 12:58:08.878488,967.25,840,570
2025-06-06 12:58:09.982082,967.25,630,240
2025-06-06 12:58:10.680657,967.6,630,240
2025-06-06 12:58:11.183604,966.6,330,180
2025-06-06 12:58:11.308813,966.6,330,180
2025-06-06 12:58:12.281230,965.65,330,180
2025-06-06 12:58:12.386459,965.65,480,270
2025-06-06 12:58:12.881671,968.3,480,270
2025-06-06 12:58:13.588160,968.9,810,450
2025-06-06 12:58:13.882340,968.9,810,450
2025-06-06 12:58:14.790365,968.85,780,180
2025-06-06 12:58:14.884118,968.85,780,180
2025-06-06 12:58:15.883292,967.3,780,180
2025-06-06 12:58:15.990792,967.3,240,270
2025-06-06 12:58:16.883833,967.25,240,270
2025-06-06 12:58:17.192782,967.25,150,210
2025-06-06 12:58:17.884412,965.0,150,210
2025-06-06 12:58:18.396568,965.0,1110,330
2025-06-06 12:58:18.885925,963.25,1110,330
2025-06-06 12:58:19.794420,966.15,270,360
2025-06-06 12:58:19.884497,966.15,270,360
2025-06-06 12:58:20.998022,966.05,210,180
2025-06-06 12:58:21.085423,966.05,210,180
2025-06-06 12:58:22.201331,966.05,420,180
2025-06-06 12:58:23.087657,963.25,420,180
2025-06-06 12:58:23.406332,963.3,1080,330
2025-06-06 12:58:23.886912,965.25,1080,330
2025-06-06 12:58:24.802980,963.55,1170,390
2025-06-06 12:58:24.886435,963.55,1170,390
2025-06-06 12:58:26.004558,963.55,270,270
2025-06-06 12:58:26.488288,966.0,270,270
2025-06-06 12:58:26.908884,966.4,270,270
2025-06-06 12:58:27.207502,963.25,930,360
2025-06-06 12:58:27.891599,963.3,930,360
2025-06-06 12:58:28.410539,963.3,750,270
2025-06-06 12:58:29.290499,965.65,750,270
2025-06-06 12:58:29.623636,965.65,780,390
2025-06-06 12:58:30.446007,965.65,780,390
2025-06-06 12:58:30.827596,965.65,810,360
2025-06-06 12:58:31.290679,963.25,810,360
2025-06-06 12:58:32.017782,963.25,1260,420
2025-06-06 12:58:33.223789,965.5,1260,360
2025-06-06 12:58:33.292583,966.15,1260,360
2025-06-06 12:58:33.892926,966.15,1260,360
2025-06-06 12:58:34.423595,966.15,300,300
2025-06-06 12:58:34.894156,966.05,300,300
2025-06-06 12:58:35.821687,965.8,330,270
2025-06-06 12:58:35.893695,965.8,330,270
2025-06-06 12:58:36.828810,967.95,180,330
2025-06-06 12:58:36.895155,967.95,180,330
2025-06-06 12:58:37.896224,965.65,180,330
2025-06-06 12:58:38.231889,968.0,780,570
2025-06-06 12:58:38.897667,967.7,780,570
2025-06-06 12:58:39.435447,967.7,750,270
2025-06-06 12:58:39.907343,965.0,750,270
2025-06-06 12:58:40.642184,965.2,720,330
2025-06-06 12:58:40.897931,968.05,720,330
2025-06-06 12:58:41.834584,965.2,150,330
2025-06-06 12:58:41.898898,965.2,150,330
2025-06-06 12:58:42.904460,967.55,150,330
2025-06-06 12:58:43.067753,965.0,780,300
2025-06-06 12:58:43.899168,963.0,780,300
2025-06-06 12:58:44.244070,963.0,390,180
2025-06-06 12:58:45.309055,962.0,390,180
2025-06-06 12:58:45.644892,961.1,570,510
2025-06-06 12:58:45.901106,961.1,570,510
2025-06-06 12:58:46.844219,961.1,480,150
2025-06-06 12:58:48.045389,961.1,480,210
2025-06-06 12:58:48.504957,961.0,480,210
2025-06-06 12:58:49.247162,961.0,450,240
2025-06-06 12:58:49.512778,961.05,450,240
2025-06-06 12:58:49.903894,961.05,450,240
2025-06-06 12:58:50.449704,963.25,420,150
2025-06-06 12:58:50.903495,963.65,420,150
2025-06-06 12:58:51.654750,966.2,300,210
2025-06-06 12:58:51.903931,966.2,300,210
2025-06-06 12:58:53.051162,964.5,1350,240
2025-06-06 12:58:53.113764,964.5,1350,240
2025-06-06 12:58:54.254057,964.5,570,210
2025-06-06 12:58:54.306512,967.95,570,210
2025-06-06 12:58:55.458735,967.95,390,180
2025-06-06 12:58:55.705270,965.15,390,180
2025-06-06 12:58:56.505552,967.35,390,180
2025-06-06 12:58:56.660305,967.35,480,210
2025-06-06 12:58:57.908291,967.85,480,210
2025-06-06 12:58:58.058999,967.85,390,480
2025-06-06 12:58:59.262773,967.85,840,270
2025-06-06 12:58:59.708217,965.65,840,270
2025-06-06 12:59:00.114872,965.55,840,270
2025-06-06 12:59:00.446518,965.55,840,270
2025-06-06 12:59:00.465962,965.55,510,240
2025-06-06 12:59:01.668302,965.55,330,330
2025-06-06 12:59:02.869368,965.55,360,300
2025-06-06 12:59:04.267710,965.55,390,270
2025-06-06 12:59:05.125854,966.0,390,270
2025-06-06 12:59:05.470139,966.0,270,240
2025-06-06 12:59:06.672690,966.0,300,240
2025-06-06 12:59:06.721660,961.0,300,240
2025-06-06 12:59:07.126060,958.0,300,240
2025-06-06 12:59:07.875398,958.0,330,240
2025-06-06 12:59:09.127106,960.2,330,240
2025-06-06 12:59:09.274776,960.2,600,390
2025-06-06 12:59:10.481400,960.2,210,390
2025-06-06 12:59:10.719569,961.25,210,390
2025-06-06 12:59:10.917125,960.55,210,390
2025-06-06 12:59:11.697665,960.55,570,330
2025-06-06 12:59:11.919981,960.15,570,330
2025-06-06 12:59:12.881162,960.2,660,360
2025-06-06 12:59:12.918990,960.2,660,360
2025-06-06 12:59:14.082810,960.2,540,270
2025-06-06 12:59:14.924091,960.0,540,270
2025-06-06 12:59:15.285986,960.0,390,210
2025-06-06 12:59:16.487290,960.0,780,300
2025-06-06 12:59:17.689790,960.0,480,240
2025-06-06 12:59:18.893506,960.0,360,270
2025-06-06 12:59:19.131929,960.0,360,270
2025-06-06 12:59:19.922439,958.0,360,270
2025-06-06 12:59:20.292639,958.0,450,390
2025-06-06 12:59:21.491598,958.0,450,150
2025-06-06 12:59:22.325022,960.0,450,150
2025-06-06 12:59:22.693157,960.0,210,210
2025-06-06 12:59:23.896716,960.0,210,270
2025-06-06 12:59:24.397642,958.9,210,270
2025-06-06 12:59:24.924264,961.35,210,270
2025-06-06 12:59:25.097950,961.35,240,300
2025-06-06 12:59:25.924653,962.15,240,300
2025-06-06 12:59:26.300610,962.15,330,210
2025-06-06 12:59:27.502062,962.15,480,390
2025-06-06 12:59:28.328030,960.65,480,390
2025-06-06 12:59:29.042122,960.65,270,390
2025-06-06 12:59:29.318742,962.45,270,390
2025-06-06 12:59:29.905588,962.45,150,420
2025-06-06 12:59:30.458282,962.45,150,420
2025-06-06 12:59:31.109886,962.45,540,450
2025-06-06 12:59:31.527596,960.0,540,450
2025-06-06 12:59:32.389867,955.6,540,450
2025-06-06 12:59:32.454197,955.3,300,270
2025-06-06 12:59:32.939505,955.0,300,270
2025-06-06 12:59:33.793452,954.7,390,240
2025-06-06 12:59:34.015027,954.55,390,240
2025-06-06 12:59:34.976316,954.55,270,240
2025-06-06 12:59:36.117555,954.55,270,270
2025-06-06 12:59:36.733451,953.25,270,270
2025-06-06 12:59:37.328435,953.25,330,240
2025-06-06 12:59:37.934450,951.0,330,240
2025-06-06 12:59:38.517132,951.0,510,150
2025-06-06 12:59:38.934351,951.0,510,150
2025-06-06 12:59:39.724014,949.8,300,690
2025-06-06 12:59:39.935353,947.3,300,690
2025-06-06 12:59:40.919807,948.35,270,630
2025-06-06 12:59:40.935159,948.35,270,630
2025-06-06 12:59:41.936723,948.6,270,630
2025-06-06 12:59:42.128258,948.5,450,300
2025-06-06 12:59:42.936754,948.85,450,300
2025-06-06 12:59:43.328819,948.85,210,870
2025-06-06 12:59:43.937357,948.35,210,870
2025-06-06 12:59:44.526640,946.35,240,810
2025-06-06 12:59:44.937574,949.0,240,810
2025-06-06 12:59:45.953250,947.3,300,750
2025-06-06 12:59:45.971796,947.3,300,750
2025-06-06 12:59:46.939942,947.05,300,750
2025-06-06 12:59:47.133256,947.05,300,780
2025-06-06 12:59:48.330826,947.05,390,1170
2025-06-06 12:59:49.534706,947.05,360,1110
2025-06-06 12:59:50.149551,948.5,360,1110
