Timestamp,LTP,Volume,OI,LastQty,BidQty,AskQty
Timestamp,LTP,Volume,OI,LastQty,BidQty,AskQty
Timestamp,LTP,Volume,OI,LastQty,BidQty,AskQty
Timestamp,LTP,Volume,OI,LastQty,BidQty,AskQty
Timestamp,LTP,Volume,OI,LastQty,BidQty,AskQty
Timestamp,LTP,Volume,OI,LastQty,BidQty,AskQty
Timestamp,LTP,Volume,OI,LastQty,BidQty,AskQty
Timestamp,LTP,Volume,OI,LastQty,BidQty,AskQty
2025-06-17 12:08:41.000000,794.8,3904184,226248750,1,4884,8101
2025-06-17 12:08:45.000000,794.8,3904377,226248750,1,3179,4134
2025-06-17 12:08:45.000000,794.8,3904377,226248750,1,3179,4134
2025-06-17 12:08:47.000000,794.8,3904377,226248750,59,3179,4134
2025-06-17 12:08:48.000000,795.0,3904377,226248750,750,3179,4134
2025-06-17 12:08:51.000000,795.0,3909295,226248750,1,2639,7000
2025-06-17 12:08:51.000000,795.0,3909295,226248750,1,2639,7000
2025-06-17 12:08:53.000000,795.0,3909295,226248750,100,2639,7000
2025-06-17 12:08:54.000000,795.0,3909295,226248750,3,2639,7000
2025-06-17 12:08:56.000000,795.1,3910422,226248750,1,2399,2586
2025-06-17 12:08:57.000000,795.15,3910422,226248750,10,2399,2586
2025-06-17 12:08:59.000000,795.2,3910422,226248750,36,2399,2586
2025-06-17 12:09:00.000000,795.15,3910422,226248750,10,2399,2586
2025-06-17 12:09:01.000000,795.15,3911478,226248750,1,2142,7441
2025-06-17 12:09:01.000000,795.15,3911478,226248750,1,2142,7441
2025-06-17 12:09:02.000000,795.05,3911489,226248750,8,3258,6939
2025-06-17 12:09:02.000000,795.05,3911489,226248750,50,3258,6939
2025-06-17 12:09:03.000000,795.15,3911557,226248750,9,2848,6513
2025-06-17 12:09:03.000000,795.05,3911557,226248750,3,2848,6513
2025-06-17 12:09:04.000000,795.2,3912858,226248750,38,2963,7193
2025-06-17 12:09:04.000000,795.15,3912858,226248750,377,2963,7193
2025-06-17 12:09:05.000000,795.15,3913235,226248750,377,3281,4014
2025-06-17 12:09:05.000000,795.05,3913235,226248750,1,3281,4014
2025-06-17 12:09:06.000000,795.15,3913346,226248750,1,2957,8013
2025-06-17 12:09:06.000000,795.05,3913346,226248750,153,2957,8013
2025-06-17 12:09:07.000000,795.05,3913499,226248750,153,2233,10212
2025-06-17 12:09:08.000000,795.05,3913499,226248750,153,2514,9728
2025-06-17 12:09:08.000000,795.15,3913499,226248750,16,2514,9728
2025-06-17 12:09:09.000000,795.15,3913515,226248750,16,2551,9612
2025-06-17 12:09:09.000000,795.05,3913515,226248750,2,2551,9612
2025-06-17 12:09:10.000000,795.05,3913517,226248750,2,2551,9483
2025-06-17 12:09:11.000000,795.15,3913518,226248750,1,2553,9812
2025-06-17 12:09:11.000000,795.15,3913518,226248750,1,2553,9812
2025-06-17 12:09:12.000000,795.1,3913623,226248750,5,2764,9087
2025-06-17 12:09:12.000000,795.1,3913623,226248750,5,2764,9087
2025-06-17 12:09:13.000000,795.1,3913624,226248750,1,2523,9365
2025-06-17 12:09:13.000000,795.1,3913624,226248750,1,2523,9365
2025-06-17 12:09:14.000000,795.15,3913629,226248750,5,2978,9395
2025-06-17 12:09:14.000000,795.15,3913629,226248750,5,2978,9395
2025-06-17 12:09:15.000000,795.15,3913908,226248750,70,3042,8701
2025-06-17 12:09:15.000000,795.15,3913908,226248750,70,3042,8701
2025-06-17 12:09:16.000000,795.05,3913908,226248750,60,3042,8701
2025-06-17 12:09:17.000000,795.05,3914724,226248750,60,3136,8781
2025-06-17 12:09:17.000000,795.15,3914724,226248750,12,3136,8781
2025-06-17 12:09:18.000000,795.15,3914987,226248750,12,2655,8899
2025-06-17 12:09:19.000000,795.05,3915360,226248750,51,2321,11174
2025-06-17 12:09:19.000000,795.05,3915360,226248750,51,2321,11174
2025-06-17 12:09:20.000000,795.05,3915360,226248750,51,2206,10192
2025-06-17 12:09:21.000000,795.1,3915735,226248750,374,1940,9345
2025-06-17 12:09:21.000000,795.05,3915735,226248750,445,1940,9345
2025-06-17 12:09:22.000000,795.1,3916978,226248750,101,2872,10612
2025-06-17 12:09:22.000000,795.05,3916978,226248750,3,2872,10612
2025-06-17 12:09:23.000000,795.05,3916982,226248750,3,2591,12163
2025-06-17 12:09:24.000000,795.1,3917094,226248750,3,2839,12299
2025-06-17 12:09:24.000000,795.1,3917094,226248750,3,2839,12299
2025-06-17 12:09:25.000000,795.1,3917094,226248750,3,2839,12547
2025-06-17 12:09:26.000000,795.05,3917188,226248750,93,3210,8728
2025-06-17 12:09:26.000000,795.05,3917188,226248750,93,3210,8728
2025-06-17 12:09:27.000000,795.05,3917188,226248750,93,3067,8009
2025-06-17 12:09:28.000000,795.05,3917188,226248750,93,3067,8170
2025-06-17 12:09:28.000000,795.05,3917188,226248750,3,3067,8170
2025-06-17 12:09:29.000000,795.05,3917188,226248750,1,3067,8170
2025-06-17 12:09:29.000000,795.05,3917192,226248750,1,3416,7836
2025-06-17 12:09:30.000000,795.05,3917192,226248750,147,3416,7836
2025-06-17 12:09:31.000000,795.05,3917992,226248750,147,3170,7878
2025-06-17 12:09:31.000000,795.05,3917992,226248750,2,3170,7878
2025-06-17 12:09:32.000000,795.05,3917994,226248750,2,2892,8154
2025-06-17 12:09:32.000000,795.05,3917994,226248750,1,2892,8154
2025-06-17 12:09:33.000000,795.05,3918103,226248750,9,3911,6430
2025-06-17 12:09:33.000000,795.05,3918103,226248750,1,3911,6430
2025-06-17 12:09:34.000000,795.05,3918104,226248750,1,3633,6481
2025-06-17 12:09:34.000000,795.05,3918104,226248750,1,3633,6481
2025-06-17 12:09:35.000000,795.05,3918107,226248750,1,3423,7978
2025-06-17 12:09:35.000000,795.05,3918107,226248750,44,3423,7978
2025-06-17 12:09:36.000000,795.05,3918153,226248750,1,3422,8167
2025-06-17 12:09:36.000000,795.05,3918153,226248750,1,3422,8167
2025-06-17 12:09:37.000000,795.05,3918153,226248750,1,5456,3518
2025-06-17 12:09:38.000000,795.05,3918153,226248750,1,5174,3537
2025-06-17 12:09:39.000000,795.05,3918153,226248750,1,4981,3537
2025-06-17 12:09:40.000000,795.0,3918154,226248750,1,5503,4283
2025-06-17 12:09:40.000000,795.0,3918154,226248750,1,5503,4283
2025-06-17 12:09:41.000000,795.05,3918168,226248750,1,5690,4269
2025-06-17 12:09:41.000000,795.05,3918168,226248750,1,5690,4269
2025-06-17 12:09:42.000000,795.05,3918276,226248750,88,5171,4161
2025-06-17 12:09:42.000000,795.0,3918276,226248750,21,5171,4161
2025-06-17 12:09:43.000000,795.05,3918299,226248750,2,5015,4266
2025-06-17 12:09:43.000000,795.05,3918299,226248750,2,5015,4266
2025-06-17 12:09:44.000000,795.05,3918299,226248750,1,5015,4266
2025-06-17 12:09:45.000000,795.05,3918300,226248750,1,5469,4158
2025-06-17 12:09:46.000000,795.05,3918301,226248750,1,6435,3372
2025-06-17 12:09:46.000000,795.05,3918301,226248750,1,6435,3372
2025-06-17 12:09:47.000000,795.05,3918301,226248750,1,6309,3372
2025-06-17 12:09:48.000000,795.05,3918301,226248750,1,6458,3372
2025-06-17 12:09:48.000000,795.05,3918301,226248750,63,6458,3372
2025-06-17 12:09:49.000000,795.05,3918364,226248750,63,6125,3309
2025-06-17 12:09:50.000000,795.0,3918414,226248750,50,6075,3309
2025-06-17 12:09:50.000000,795.0,3918414,226248750,5,6075,3309
2025-06-17 12:09:51.000000,795.05,3918528,226248750,1,6422,3200
2025-06-17 12:09:51.000000,795.05,3918528,226248750,1,6422,3200
2025-06-17 12:09:52.000000,795.0,3918614,226248750,86,6033,3330
2025-06-17 12:09:52.000000,795.0,3918614,226248750,86,6033,3330
2025-06-17 12:09:52.000000,795.0,3918614,226248750,1,6033,3330
2025-06-17 12:09:53.000000,795.0,3918614,226248750,1,6033,3330
2025-06-17 12:09:53.000000,795.0,3918615,226248750,1,6339,3364
2025-06-17 12:09:54.000000,795.0,3918615,226248750,1,6339,3364
2025-06-17 12:09:54.000000,795.05,3918619,226248750,4,5734,3360
2025-06-17 12:09:54.000000,795.05,3918619,226248750,4,5734,3360
2025-06-17 12:09:54.000000,795.0,3918619,226248750,1,5734,3360
2025-06-17 12:09:55.000000,795.0,3918619,226248750,1,5734,3360
2025-06-17 12:09:55.000000,795.05,3918765,226248750,21,5709,3215
2025-06-17 12:09:55.000000,795.05,3918765,226248750,21,5709,3215
2025-06-17 12:09:56.000000,795.05,3918765,226248750,21,5709,3215
2025-06-17 12:09:56.000000,795.05,3918781,226248750,15,5992,3199
2025-06-17 12:09:56.000000,795.05,3918781,226248750,15,5992,3199
2025-06-17 12:09:56.000000,795.05,3918781,226248750,15,5992,3199
2025-06-17 12:09:57.000000,795.05,3918781,226248750,15,5992,3199
2025-06-17 12:09:57.000000,795.0,3918782,226248750,1,5669,3199
2025-06-17 12:09:57.000000,795.0,3918782,226248750,1,5669,3199
2025-06-17 12:09:57.000000,795.0,3918782,226248750,1,5669,3199
2025-06-17 12:09:58.000000,795.0,3918782,226248750,1,5669,3199
2025-06-17 12:09:58.000000,795.0,3918782,226248750,1,5716,3199
2025-06-17 12:09:58.000000,795.05,3918782,226248750,4,5716,3199
2025-06-17 12:09:59.000000,795.05,3918782,226248000,4,5716,3199
2025-06-17 12:09:59.000000,795.05,3918788,226248000,4,5316,3193
2025-06-17 12:10:00.000000,795.05,3918788,226248000,4,5316,3193
2025-06-17 12:10:01.000000,795.05,3918788,226248000,4,5316,3193
2025-06-17 12:10:01.000000,795.05,3918788,226248000,4,5316,3193
2025-06-17 12:10:02.000000,795.05,3920342,226248000,3,4375,3383
2025-06-17 12:10:03.000000,795.05,3920342,226248000,3,4375,3383
2025-06-17 12:10:03.000000,795.05,3920342,226248000,9,4375,3383
2025-06-17 12:10:04.000000,795.05,3920342,226248000,9,4375,3383
2025-06-17 12:10:05.000000,795.05,3920342,226248000,9,4375,3383
2025-06-17 12:10:05.000000,795.05,3920342,226248000,1,4375,3383
2025-06-17 12:10:06.000000,795.05,3920342,226248000,1,4375,3383
2025-06-17 12:10:07.000000,795.05,3920463,226248000,1,4448,3304
2025-06-17 12:10:07.000000,795.05,3920463,226248000,1,4448,3304
2025-06-17 12:10:08.000000,795.05,3920463,226248000,31,4448,3304
2025-06-17 12:10:11.000000,795.0,3920463,226248000,15,4448,3304
2025-06-17 12:10:13.000000,795.0,3921654,226248000,29,4191,2547
2025-06-17 12:10:13.000000,795.0,3921654,226248000,29,4191,2547
2025-06-17 12:10:15.000000,795.15,3921654,226248000,1,4191,2547
2025-06-17 12:10:17.000000,795.05,3921654,226248000,10,4191,2547
2025-06-17 12:10:18.000000,795.15,3924196,226248000,108,9564,4240
2025-06-17 12:10:18.000000,795.15,3924196,226248000,108,9564,4240
2025-06-17 12:10:21.000000,795.15,3924196,226248000,70,9564,4240
2025-06-17 12:10:23.000000,795.15,3924411,226248000,70,7701,5028
2025-06-17 12:10:27.000000,795.15,3924411,226248000,108,7701,5028
2025-06-17 12:10:28.000000,795.15,3924411,226248000,3,7701,5028
2025-06-17 12:10:29.000000,795.15,3924539,226248000,3,8036,5186
2025-06-17 12:10:30.000000,795.15,3924539,226248000,519,8036,5186
2025-06-17 12:10:33.000000,795.1,3924539,226248000,25,8036,5186
2025-06-17 12:10:34.000000,795.1,3925094,226248000,10,7589,4534
2025-06-17 12:10:35.000000,795.1,3925094,226248000,905,7589,4534
2025-06-17 12:10:37.000000,795.1,3925094,226248000,1,7589,4534
2025-06-17 12:10:39.000000,795.1,3926268,226248000,1,8156,3269
2025-06-17 12:10:41.000000,795.1,3926268,226248000,1,8156,3269
2025-06-17 12:10:42.000000,795.1,3926268,226248000,1,8156,3269
2025-06-17 12:10:44.000000,795.1,3926587,226248000,1,9090,2978
2025-06-17 12:10:47.000000,795.1,3926587,226248000,1,9090,2978
2025-06-17 12:10:49.000000,795.0,3927796,226248000,20,8522,2895
2025-06-17 12:10:49.000000,795.0,3927796,226248000,20,8522,2895
2025-06-17 12:10:50.000000,795.05,3927796,226248000,1,8522,2895
2025-06-17 12:10:53.000000,795.1,3927796,226248000,2,8522,2895
2025-06-17 12:10:54.000000,795.1,3928156,226248000,1,5388,2825
2025-06-17 12:10:55.000000,795.05,3928156,226248000,10,5388,2825
2025-06-17 12:10:57.000000,795.1,3928156,226248000,178,5388,2825
2025-06-17 12:10:58.000000,795.1,3928156,226248000,3,5388,2825
2025-06-17 12:10:59.000000,795.1,3929110,226248000,3,5901,2858
2025-06-17 12:11:01.000000,795.05,3929110,226248000,31,5901,2858
2025-06-17 12:11:02.000000,795.1,3929110,226248000,1,5901,2858
2025-06-17 12:11:04.000000,795.1,3929357,226248000,67,6224,3552
2025-06-17 12:11:05.000000,795.1,3929357,226248000,67,6224,3552
2025-06-17 12:11:07.000000,795.1,3929357,226248000,9,6224,3552
2025-06-17 12:11:08.000000,795.1,3929357,226248000,3,6224,3552
2025-06-17 12:11:09.000000,795.1,3929625,226248000,3,6088,4042
2025-06-17 12:11:10.000000,795.1,3929625,226248000,3,6088,4042
2025-06-17 12:11:12.000000,795.1,3929625,226248000,1,6088,4042
2025-06-17 12:11:14.000000,795.05,3931778,226248000,1,5886,2814
2025-06-17 12:11:15.000000,795.05,3931778,226248000,1,5886,2814
2025-06-17 12:11:17.000000,795.1,3931778,226248000,169,5886,2814
2025-06-17 12:11:19.000000,795.1,3931778,226248000,1,5886,2814
2025-06-17 12:11:20.000000,795.1,3932416,226248000,1,6104,2657
2025-06-17 12:11:21.000000,795.1,3932416,226248000,20,6104,2657
2025-06-17 12:11:22.000000,795.05,3932416,226248000,24,6104,2657
2025-06-17 12:11:24.000000,795.1,3932630,226248000,2,6228,2672
2025-06-17 12:11:25.000000,795.05,3932630,226248000,1,6228,2672
2025-06-17 12:11:26.000000,795.1,3932630,226248000,1,6228,2672
2025-06-17 12:11:28.000000,795.1,3932630,226248000,3,6228,2672
2025-06-17 12:11:29.000000,795.1,3932672,226248000,3,6658,2669
2025-06-17 12:11:31.000000,795.1,3932672,226248000,33,6658,2669
2025-06-17 12:11:33.000000,795.05,3932672,226248000,1,6658,2669
2025-06-17 12:11:34.000000,795.05,3933589,226248000,1,5331,2607
2025-06-17 12:11:37.000000,795.05,3933589,226248000,1,5331,2607
2025-06-17 12:11:38.000000,795.05,3933589,226248000,60,5331,2607
2025-06-17 12:11:39.000000,795.05,3934076,226248000,38,6555,2603
2025-06-17 12:11:41.000000,795.05,3934076,226248000,1,6555,2603
2025-06-17 12:11:42.000000,795.15,3934076,226248000,1,6555,2603
2025-06-17 12:11:44.000000,795.15,3934131,226248000,1,6040,3125
2025-06-17 12:11:47.000000,795.1,3934131,226248000,1,6040,3125
2025-06-17 12:11:49.000000,795.1,3934460,226248000,10,5858,2720
2025-06-17 12:11:49.000000,795.1,3934460,226248000,10,5858,2720
2025-06-17 12:11:51.000000,795.1,3934460,226248000,1,5858,2720
2025-06-17 12:11:54.000000,795.15,3934547,226248000,25,5699,2664
2025-06-17 12:11:55.000000,795.15,3934547,226248000,368,5699,2664
2025-06-17 12:11:57.000000,795.05,3934547,226248000,16,5699,2664
2025-06-17 12:11:58.000000,795.15,3934547,226248000,3,5699,2664
2025-06-17 12:11:59.000000,795.15,3935538,226248000,3,5743,1934
2025-06-17 12:12:00.000000,795.1,3935538,226248000,2,5743,1934
2025-06-17 12:12:03.000000,795.1,3935538,226248000,2,5743,1934
2025-06-17 12:12:04.000000,795.1,3935599,226248000,2,5729,1938
2025-06-17 12:12:05.000000,795.1,3935599,226248000,1,5729,1938
2025-06-17 12:12:06.000000,795.1,3935599,226248000,156,5729,1938
2025-06-17 12:12:08.000000,795.1,3936074,226248000,5,4117,2240
2025-06-17 12:12:09.000000,795.1,3936074,226248000,1,4117,2240
2025-06-17 12:12:10.000000,795.15,3936074,226248000,2,4117,2240
2025-06-17 12:12:12.000000,795.1,3936074,226248000,1,4117,2240
2025-06-17 12:12:13.000000,795.1,3936166,226248000,1,3997,2894
2025-06-17 12:12:15.000000,795.4,3936166,226248000,321,3997,2894
2025-06-17 12:12:17.000000,795.45,3936166,226248000,1,3997,2894
2025-06-17 12:12:19.000000,795.45,4067436,226248000,2,2425,4489
2025-06-17 12:12:19.000000,795.5,4067436,226248000,8,2425,4489
2025-06-17 12:12:21.000000,795.25,4067436,226248000,11,2425,4489
2025-06-17 12:12:22.000000,795.2,4067436,226248000,27,2425,4489
2025-06-17 12:12:24.000000,795.1,4073060,226248000,26,2840,8296
2025-06-17 12:12:25.000000,795.0,4073060,226248000,38,2840,8296
2025-06-17 12:12:27.000000,794.85,4073060,226248000,1,2840,8296
2025-06-17 12:12:29.000000,795.0,4111961,226248000,100,1829,3557
2025-06-17 12:12:30.000000,795.1,4111961,226248000,3,1829,3557
2025-06-17 12:12:33.000000,795.1,4111961,226248000,4,1829,3557
2025-06-17 12:12:34.000000,795.1,4121677,226248000,4,4049,4345
2025-06-17 12:12:37.000000,795.1,4121677,226248000,1,4049,4345
2025-06-17 12:12:39.000000,795.1,4121680,226248000,1,3977,5004
2025-06-17 12:12:41.000000,795.0,4121680,226248000,32,3977,5004
2025-06-17 12:12:42.000000,795.1,4121680,226248000,109,3977,5004
2025-06-17 12:12:44.000000,795.1,4121838,226248000,109,3879,4213
2025-06-17 12:12:45.000000,795.0,4121838,226248000,1,3879,4213
2025-06-17 12:12:46.000000,795.1,4121838,226248000,1,3879,4213
2025-06-17 12:12:48.000000,795.1,4121838,226248000,1,3879,4213
2025-06-17 12:12:49.000000,795.1,4122207,226248000,1,5151,4160
2025-06-17 12:12:51.000000,795.0,4122207,226248000,34,5151,4160
2025-06-17 12:12:52.000000,795.0,4122207,226248000,34,5151,4160
2025-06-17 12:12:52.000000,795.1,4122207,226248000,10,5151,4160
2025-06-17 12:12:53.000000,795.1,4122207,226248000,10,5151,4160
2025-06-17 12:12:54.000000,795.1,4122207,226248000,10,5151,4160
2025-06-17 12:12:54.000000,795.1,4122457,226248000,24,7935,3707
2025-06-17 12:12:55.000000,795.1,4122457,226248000,24,7935,3707
2025-06-17 12:12:55.000000,795.0,4122457,226248000,1,7935,3707
2025-06-17 12:12:56.000000,795.0,4122457,226248000,1,7935,3707
2025-06-17 12:12:57.000000,795.0,4122457,226248000,1,7935,3707
2025-06-17 12:12:57.000000,795.1,4122457,226248000,1,7935,3707
2025-06-17 12:12:58.000000,795.1,4122457,226248000,1,7935,3707
2025-06-17 12:12:58.000000,795.1,4122457,226248000,3,7935,3707
2025-06-17 12:12:59.000000,795.1,4122457,226248000,3,7935,3707
2025-06-17 12:12:59.000000,795.1,4122457,226299000,3,7935,3707
2025-06-17 12:13:00.000000,795.1,4122645,226299000,65,6029,4222
2025-06-17 12:13:00.000000,795.1,4122645,226299000,2,6029,4222
2025-06-17 12:13:01.000000,795.1,4122645,226299000,2,6029,4222
2025-06-17 12:13:01.000000,795.1,4122749,226299000,1,6128,3717
2025-06-17 12:13:01.000000,795.1,4122749,226299000,1,6128,3717
2025-06-17 12:13:01.000000,795.1,4122749,226299000,2,6128,3717
2025-06-17 12:13:02.000000,795.1,4122785,226299000,2,6099,3714
2025-06-17 12:13:02.000000,795.1,4122785,226299000,25,6099,3714
2025-06-17 12:13:03.000000,795.1,4122819,226299000,9,5895,3681
2025-06-17 12:13:03.000000,795.1,4122819,226299000,9,5895,3681
2025-06-17 12:13:03.000000,795.05,4122819,226299000,256,5895,3681
2025-06-17 12:13:04.000000,795.05,4123083,226299000,256,5718,3806
2025-06-17 12:13:04.000000,795.05,4123083,226299000,256,5718,3806
2025-06-17 12:13:05.000000,795.05,4123209,226299000,126,6996,3750
2025-06-17 12:13:05.000000,795.05,4123209,226299000,126,6996,3750
2025-06-17 12:13:05.000000,795.05,4123209,226299000,126,6996,3750
2025-06-17 12:13:06.000000,795.1,4123210,226299000,1,6775,3979
2025-06-17 12:13:06.000000,795.1,4123210,226299000,1,6775,3979
2025-06-17 12:13:06.000000,795.05,4123210,226299000,253,6775,3979
2025-06-17 12:13:07.000000,795.05,4123463,226299000,253,5840,4243
2025-06-17 12:13:08.000000,795.05,4123610,226299000,138,5147,3337
2025-06-17 12:13:08.000000,795.05,4123610,226299000,138,5147,3337
2025-06-17 12:13:09.000000,795.1,4123721,226299000,3,5151,2994
2025-06-17 12:13:09.000000,795.05,4123721,226299000,43,5151,2994
2025-06-17 12:13:10.000000,795.05,4123954,226299000,1,5107,3753
2025-06-17 12:13:10.000000,795.1,4123954,226299000,2,5107,3753
2025-06-17 12:13:11.000000,795.05,4124006,226299000,25,5143,3674
2025-06-17 12:13:11.000000,795.05,4124006,226299000,25,5143,3674
2025-06-17 12:13:12.000000,795.05,4124322,226299000,130,5355,5004
2025-06-17 12:13:12.000000,795.05,4124322,226299000,130,5355,5004
2025-06-17 12:13:13.000000,795.05,4124322,226299000,130,5387,4684
2025-06-17 12:13:13.000000,795.1,4124322,226299000,25,5387,4684
2025-06-17 12:13:14.000000,795.1,4124348,226299000,1,6021,4380
2025-06-17 12:13:14.000000,795.1,4124348,226299000,1,6021,4380
2025-06-17 12:13:15.000000,795.0,4124380,226299000,4,7863,5984
2025-06-17 12:13:15.000000,795.0,4124380,226299000,4,7863,5984
2025-06-17 12:13:16.000000,795.1,4124381,226299000,1,8095,5751
2025-06-17 12:13:16.000000,795.1,4124381,226299000,1,8095,5751
2025-06-17 12:13:17.000000,795.1,4124381,226299000,1,8158,5721
2025-06-17 12:13:18.000000,795.1,4124489,226299000,108,8381,5381
2025-06-17 12:13:18.000000,795.0,4124489,226299000,112,8381,5381
2025-06-17 12:13:19.000000,795.0,4125915,226299000,41,6575,5894
2025-06-17 12:13:19.000000,795.0,4125915,226299000,41,6575,5894
2025-06-17 12:13:20.000000,795.0,4125915,226299000,41,6465,6004
2025-06-17 12:13:20.000000,795.05,4125915,226299000,3,6465,6004
2025-06-17 12:13:21.000000,795.0,4129759,226299000,34,5147,4876
2025-06-17 12:13:21.000000,795.0,4129759,226299000,135,5147,4876
2025-06-17 12:13:22.000000,795.0,4129989,226299000,94,5336,4434
2025-06-17 12:13:22.000000,795.0,4129989,226299000,94,5336,4434
2025-06-17 12:13:23.000000,795.0,4130060,226299000,71,5718,3727
2025-06-17 12:13:23.000000,795.0,4130060,226299000,71,5718,3727
2025-06-17 12:13:24.000000,795.0,4130061,226299000,1,5927,3251
2025-06-17 12:13:24.000000,795.0,4130061,226299000,1,5927,3251
2025-06-17 12:13:25.000000,795.0,4130362,226299000,1,5542,2404
2025-06-17 12:13:25.000000,795.0,4130362,226299000,1,5542,2404
2025-06-17 12:13:26.000000,795.05,4130363,226299000,1,6285,2900
2025-06-17 12:13:26.000000,795.05,4130363,226299000,1,6285,2900
2025-06-17 12:13:27.000000,795.0,4130363,226299000,264,6285,2900
2025-06-17 12:13:27.000000,795.0,4130735,226299000,264,5830,3849
2025-06-17 12:13:28.000000,795.05,4130735,226299000,3,5830,3849
2025-06-17 12:13:28.000000,795.05,4130751,226299000,3,6114,3531
2025-06-17 12:13:29.000000,795.05,4130751,226299000,1,6114,3531
2025-06-17 12:13:30.000000,795.05,4130755,226299000,3,6346,3623
2025-06-17 12:13:30.000000,795.05,4130755,226299000,3,6346,3623
2025-06-17 12:13:31.000000,795.05,4130889,226299000,2,5960,3989
2025-06-17 12:13:31.000000,795.0,4130889,226299000,1,5960,3989
2025-06-17 12:13:32.000000,795.0,4130923,226299000,1,5950,3915
2025-06-17 12:13:32.000000,795.0,4130923,226299000,10,5950,3915
2025-06-17 12:13:33.000000,795.0,4130976,226299000,10,5963,3727
2025-06-17 12:13:33.000000,795.05,4130976,226299000,19,5963,3727
2025-06-17 12:13:34.000000,795.05,4130995,226299000,19,6621,3496
2025-06-17 12:13:34.000000,795.0,4130995,226299000,20,6621,3496
2025-06-17 12:13:35.000000,795.0,4131016,226299000,20,6780,3511
2025-06-17 12:13:35.000000,795.05,4131016,226299000,1,6780,3511
2025-06-17 12:13:36.000000,795.05,4131134,226299000,1,13522,3192
2025-06-17 12:13:36.000000,795.0,4131134,226299000,56,13522,3192
2025-06-17 12:13:37.000000,795.05,4131702,226299000,13,11747,2958
2025-06-17 12:13:37.000000,795.05,4131702,226299000,13,11747,2958
2025-06-17 12:13:38.000000,795.0,4131761,226299000,49,12709,3355
2025-06-17 12:13:38.000000,795.0,4131761,226299000,1,12709,3355
2025-06-17 12:13:39.000000,795.0,4131762,226299000,1,12803,3355
2025-06-17 12:13:40.000000,795.0,4132932,226299000,1168,11640,3355
2025-06-17 12:13:40.000000,795.05,4132932,226299000,2,11640,3355
2025-06-17 12:13:41.000000,795.0,4133000,226299000,33,11643,3320
2025-06-17 12:13:41.000000,795.0,4133000,226299000,33,11643,3320
2025-06-17 12:13:42.000000,795.0,4133040,226299000,39,11838,3324
2025-06-17 12:13:42.000000,795.0,4133040,226299000,39,11838,3324
2025-06-17 12:13:43.000000,795.0,4133040,226299000,39,10595,2964
2025-06-17 12:13:44.000000,795.0,4133040,226299000,39,10328,3198
2025-06-17 12:13:45.000000,795.0,4133159,226299000,12,11383,2853
2025-06-17 12:13:45.000000,795.0,4133159,226299000,110,11383,2853
2025-06-17 12:13:46.000000,795.05,4133285,226299000,1,10607,2853
2025-06-17 12:13:46.000000,795.05,4133285,226299000,1,10607,2853
2025-06-17 12:13:47.000000,795.05,4133849,226299000,282,10482,1937
2025-06-17 12:13:47.000000,795.05,4133849,226299000,282,10482,1937
2025-06-17 12:13:48.000000,795.05,4133850,226299000,1,10400,2084
2025-06-17 12:13:48.000000,795.05,4133850,226299000,1,10400,2084
2025-06-17 12:13:49.000000,795.05,4133858,226299000,1,10454,2076
2025-06-17 12:13:49.000000,795.05,4133858,226299000,1,10454,2076
2025-06-17 12:13:50.000000,795.05,4133858,226299000,4,10454,2076
2025-06-17 12:13:50.000000,795.05,4133911,226299000,4,10238,2071
2025-06-17 12:13:51.000000,795.0,4133911,226299000,34,10238,2071
2025-06-17 12:13:52.000000,795.0,4133951,226299000,34,10228,2216
2025-06-17 12:13:52.000000,795.0,4133951,226299000,149,10228,2216
2025-06-17 12:13:53.000000,795.0,4134451,226299000,149,12817,1903
2025-06-17 12:13:53.000000,795.05,4134451,226299000,1,12817,1903
2025-06-17 12:13:54.000000,795.0,4134562,226299000,1,14205,1738
2025-06-17 12:13:54.000000,795.05,4134562,226299000,25,14205,1738
2025-06-17 12:13:55.000000,795.05,4134608,226299000,25,14059,1919
2025-06-17 12:13:55.000000,795.05,4134608,226299000,1,14059,1919
2025-06-17 12:13:56.000000,795.0,4139870,226299000,1865,10775,2024
2025-06-17 12:13:56.000000,795.0,4139870,226299000,1,10775,2024
2025-06-17 12:13:57.000000,795.0,4139875,226299000,4,10437,2107
2025-06-17 12:13:57.000000,795.05,4139875,226299000,22,10437,2107
2025-06-17 12:13:58.000000,795.05,4140297,226299000,8,11057,1692
2025-06-17 12:13:58.000000,795.05,4140297,226299000,3,11057,1692
2025-06-17 12:13:59.000000,795.0,4140302,226299000,1,10393,1761
2025-06-17 12:13:59.000000,795.0,4140302,226299000,1,10393,1761
2025-06-17 12:14:01.000000,795.0,4140302,226299000,33,10393,1761
2025-06-17 12:14:03.000000,795.05,4140302,226299000,11,10393,1761
2025-06-17 12:14:04.000000,795.05,4145779,226299000,11,5359,3645
2025-06-17 12:14:05.000000,795.0,4145779,226299000,548,5359,3645
2025-06-17 12:14:07.000000,795.0,4145779,226299000,291,5359,3645
2025-06-17 12:14:09.000000,795.05,4152629,226299000,6,6318,3548
2025-06-17 12:14:09.000000,795.05,4152629,226299000,6,6318,3548
2025-06-17 12:14:10.000000,795.05,4152629,226299000,3,6318,3548
2025-06-17 12:14:13.000000,795.0,4152629,226299000,66,6318,3548
2025-06-17 12:14:14.000000,795.0,4158982,226299000,66,5349,3799
2025-06-17 12:14:17.000000,795.0,4158982,226299000,1,5349,3799
2025-06-17 12:14:19.000000,795.0,4163622,226299000,1,3094,3117
2025-06-17 12:14:19.000000,794.9,4163622,226299000,1,3094,3117
2025-06-17 12:14:21.000000,794.9,4163622,226299000,122,3094,3117
2025-06-17 12:14:22.000000,795.0,4163622,226299000,160,3094,3117
2025-06-17 12:14:24.000000,795.05,4165562,226299000,50,9332,2381
2025-06-17 12:14:25.000000,795.0,4165562,226299000,2,9332,2381
Timestamp,LTP,Volume,OI,LastQty,BidQty,AskQty
2025-06-17 12:14:27.000000,795.05,4165562,226299000,1,9332,2381
2025-06-17 12:14:29.000000,795.05,4165571,226299000,3,10507,2529
2025-06-17 12:14:29.000000,795.05,4165571,226299000,3,10507,2529
2025-06-17 12:14:31.000000,795.0,4165571,226299000,33,10507,2529
2025-06-17 12:14:33.000000,795.0,4165571,226299000,3,10507,2529
2025-06-17 12:14:35.000000,795.0,4166027,226299000,119,7745,3980
2025-06-17 12:14:35.000000,795.0,4166027,226299000,334,7745,3980
2025-06-17 12:14:37.000000,795.05,4166027,226299000,5,7745,3980
2025-06-17 12:14:39.000000,795.0,4166027,226299000,99,7745,3980
2025-06-17 12:14:40.000000,795.0,4167407,226299000,99,7588,4094
2025-06-17 12:14:41.000000,795.05,4167407,226299000,16,7588,4094
2025-06-17 12:14:43.000000,795.0,4167407,226299000,1,7588,4094
2025-06-17 12:14:45.000000,795.0,4167598,226299000,1,8923,3773
2025-06-17 12:14:45.000000,795.0,4167598,226299000,36,8923,3773
2025-06-17 12:14:47.000000,795.0,4167598,226299000,57,8923,3773
2025-06-17 12:14:48.000000,795.0,4167598,226299000,17,8923,3773
2025-06-17 12:14:50.000000,795.0,4167917,226299000,1,9328,3635
2025-06-17 12:14:51.000000,795.0,4167917,226299000,34,9328,3635
2025-06-17 12:14:53.000000,795.0,4167917,226299000,109,9328,3635
2025-06-17 12:14:54.000000,795.05,4167917,226299000,10,9328,3635
2025-06-17 12:14:55.000000,795.05,4168129,226299000,10,9478,2384
2025-06-17 12:14:57.000000,795.0,4168129,226299000,60,9478,2384
2025-06-17 12:14:58.000000,795.05,4168129,226299000,2,9478,2384
2025-06-17 12:15:00.000000,795.0,4169442,226299000,167,9342,3473
2025-06-17 12:15:01.000000,794.9,4169442,226299000,33,9342,3473
2025-06-17 12:15:03.000000,795.05,4169442,226299000,8,9342,3473
2025-06-17 12:15:05.000000,794.95,4169499,226299000,1,9073,3159
2025-06-17 12:15:05.000000,794.95,4169499,226299000,1,9073,3159
2025-06-17 12:15:07.000000,794.9,4169499,226299000,34,9073,3159
2025-06-17 12:15:09.000000,794.9,4169499,226299000,5,9073,3159
2025-06-17 12:15:10.000000,794.9,4171652,226299000,750,6372,5893
2025-06-17 12:15:11.000000,794.9,4171652,226299000,1,6372,5893
2025-06-17 12:15:13.000000,794.9,4171652,226299000,12,6372,5893
2025-06-17 12:15:15.000000,794.9,4171652,226299000,186,6372,5893
2025-06-17 12:15:16.000000,794.95,4173139,226299000,1,7604,8047
2025-06-17 12:15:17.000000,794.9,4173139,226299000,1,7604,8047
2025-06-17 12:15:19.000000,794.95,4173139,226299000,1,7604,8047
2025-06-17 12:15:21.000000,794.9,4175986,226299000,1,7635,9648
2025-06-17 12:15:21.000000,794.9,4175986,226299000,1,7635,9648
2025-06-17 12:15:22.000000,794.95,4175986,226299000,1,7635,9648
2025-06-17 12:15:24.000000,794.9,4175986,226299000,261,7635,9648
2025-06-17 12:15:26.000000,794.95,4177600,226299000,1,7098,7736
2025-06-17 12:15:27.000000,794.9,4177600,226299000,63,7098,7736
2025-06-17 12:15:28.000000,794.95,4177600,226299000,3,7098,7736
2025-06-17 12:15:31.000000,794.9,4177600,226299000,50,7098,7736
2025-06-17 12:15:32.000000,794.9,4184521,226299000,50,8492,3254
2025-06-17 12:15:33.000000,794.95,4184521,226299000,296,8492,3254
2025-06-17 12:15:35.000000,794.9,4184521,226299000,16,8492,3254
2025-06-17 12:15:37.000000,794.9,4185698,226299000,100,9996,2730
2025-06-17 12:15:37.000000,794.9,4185698,226299000,100,9996,2730
2025-06-17 12:15:38.000000,794.9,4185698,226299000,3,9996,2730
2025-06-17 12:15:40.000000,794.95,4185698,226299000,3,9996,2730
2025-06-17 12:15:42.000000,794.95,4185986,226299000,1,10233,2606
2025-06-17 12:15:42.000000,794.95,4185986,226299000,1,10233,2606
2025-06-17 12:15:45.000000,794.9,4185986,226299000,3,10233,2606
2025-06-17 12:15:47.000000,794.95,4185998,226299000,1,10289,2537
2025-06-17 12:15:47.000000,794.95,4185998,226299000,1,10289,2537
2025-06-17 12:15:48.000000,794.95,4185998,226299000,2,10289,2537
2025-06-17 12:15:51.000000,794.9,4185998,226299000,34,10289,2537
2025-06-17 12:15:52.000000,795.0,4190055,226299000,63,10590,3876
2025-06-17 12:15:53.000000,795.0,4190055,226299000,63,10590,3876
2025-06-17 12:15:53.000000,795.0,4190055,226299000,63,10590,3876
2025-06-17 12:15:54.000000,795.0,4190055,226299000,63,10590,3876
2025-06-17 12:15:54.000000,795.0,4190055,226299000,14,10590,3876
2025-06-17 12:15:55.000000,795.0,4190055,226299000,14,10590,3876
2025-06-17 12:15:56.000000,795.0,4190055,226299000,14,10590,3876
2025-06-17 12:15:57.000000,795.0,4190055,226299000,14,10590,3876
2025-06-17 12:15:57.000000,795.0,4190055,226299000,10,10590,3876
2025-06-17 12:15:58.000000,795.0,4190178,226299000,10,10277,3944
2025-06-17 12:15:58.000000,795.0,4190178,226299000,10,10277,3944
2025-06-17 12:15:59.000000,795.0,4190178,226299000,10,10277,3944
2025-06-17 12:15:59.000000,795.05,4190178,226299000,5,10277,3944
2025-06-17 12:16:00.000000,795.05,4190178,226302000,5,10277,3944
2025-06-17 12:16:01.000000,795.05,4190178,226302000,5,10277,3944
2025-06-17 12:16:01.000000,795.0,4190178,226302000,33,10277,3944
2025-06-17 12:16:02.000000,795.0,4190178,226302000,33,10277,3944
2025-06-17 12:16:03.000000,795.05,4190923,226302000,10,9895,3486
2025-06-17 12:16:03.000000,795.05,4190923,226302000,10,9895,3486
2025-06-17 12:16:04.000000,795.05,4190923,226302000,10,9895,3486
2025-06-17 12:16:05.000000,795.05,4190923,226302000,10,9895,3486
2025-06-17 12:16:05.000000,795.0,4190923,226302000,27,9895,3486
2025-06-17 12:16:07.000000,795.0,4190923,226302000,27,9895,3486
2025-06-17 12:16:07.000000,795.05,4190923,226302000,50,9895,3486
2025-06-17 12:16:08.000000,795.0,4191151,226302000,1,10563,2686
2025-06-17 12:16:08.000000,795.0,4191151,226302000,1,10563,2686
2025-06-17 12:16:11.000000,795.0,4191151,226302000,33,10563,2686
2025-06-17 12:16:12.000000,795.05,4191151,226302000,1,10563,2686
2025-06-17 12:16:14.000000,795.0,4191367,226302000,12,6960,3464
2025-06-17 12:16:15.000000,795.05,4191367,226302000,49,6960,3464
2025-06-17 12:16:16.000000,795.05,4191367,226302000,1,6960,3464
2025-06-17 12:16:18.000000,795.0,4191367,226302000,1,6960,3464
2025-06-17 12:16:19.000000,795.05,4192403,226302000,1,9349,3063
2025-06-17 12:16:21.000000,795.0,4192403,226302000,34,9349,3063
2025-06-17 12:16:23.000000,795.0,4192403,226302000,87,9349,3063
2025-06-17 12:16:24.000000,795.0,4193191,226302000,87,9673,3554
2025-06-17 12:16:27.000000,795.0,4193191,226302000,12,9673,3554
2025-06-17 12:16:29.000000,795.05,4193455,226302000,6,9895,3837
2025-06-17 12:16:29.000000,795.05,4193455,226302000,6,9895,3837
2025-06-17 12:16:31.000000,795.0,4193455,226302000,21,9895,3837
2025-06-17 12:16:33.000000,795.0,4193455,226302000,100,9895,3837
2025-06-17 12:16:35.000000,795.0,4194179,226302000,100,12284,3038
2025-06-17 12:16:37.000000,795.05,4194179,226302000,25,12284,3038
2025-06-17 12:16:38.000000,795.0,4194179,226302000,20,12284,3038
2025-06-17 12:16:40.000000,795.05,4194334,226302000,1,8094,3629
2025-06-17 12:16:41.000000,795.0,4194334,226302000,503,8094,3629
2025-06-17 12:16:45.000000,795.0,4196502,226302000,2,8539,5199
2025-06-17 12:16:45.000000,795.0,4196502,226302000,2,8539,5199
2025-06-17 12:16:47.000000,795.0,4196502,226302000,5,8539,5199
2025-06-17 12:16:51.000000,795.05,4196521,226302000,2,9428,5274
2025-06-17 12:16:51.000000,795.05,4196521,226302000,1,9428,5274
Timestamp,LTP,Volume,OI,LastQty,BidQty,AskQty
2025-06-17 12:16:56.000000,795.05,4196970,226302000,1,9134,5760
2025-06-17 12:16:57.000000,795.0,4196970,226302000,1,9134,5760
2025-06-17 12:16:59.000000,794.9,4196970,226302000,1,9134,5760
2025-06-17 12:17:01.000000,794.9,4197857,226302000,33,9367,3316
2025-06-17 12:17:01.000000,795.0,4197857,226302000,1,9367,3316
2025-06-17 12:17:05.000000,794.9,4197857,226302000,257,9367,3316
2025-06-17 12:17:06.000000,795.0,4198275,226302000,1,9157,3479
2025-06-17 12:17:06.000000,795.0,4198275,226302000,1,9157,3479
2025-06-17 12:17:11.000000,794.9,4198360,226302000,33,12179,3247
2025-06-17 12:17:11.000000,794.9,4198360,226302000,33,12179,3247
2025-06-17 12:17:12.000000,794.9,4198360,226302000,132,12179,3247
2025-06-17 12:17:14.000000,795.0,4198360,226302000,3,12179,3247
2025-06-17 12:17:17.000000,795.0,4198765,226302000,1,11899,3187
2025-06-17 12:17:17.000000,794.9,4198765,226302000,40,11899,3187
2025-06-17 12:17:18.000000,794.9,4198765,226302000,63,11899,3187
2025-06-17 12:17:21.000000,794.9,4198765,226302000,137,11899,3187
2025-06-17 12:17:22.000000,794.95,4199158,226302000,1,14270,2081
2025-06-17 12:17:23.000000,794.95,4199158,226302000,1,14270,2081
2025-06-17 12:17:24.000000,794.95,4199158,226302000,1,14270,2081
2025-06-17 12:17:27.000000,794.95,4199192,226302000,1,16690,1284
2025-06-17 12:17:27.000000,794.95,4199192,226302000,1,16690,1284
2025-06-17 12:17:29.000000,794.9,4199192,226302000,7,16690,1284
2025-06-17 12:17:31.000000,794.9,4199192,226302000,33,16690,1284
2025-06-17 12:17:32.000000,794.9,4199627,226302000,50,14613,2436
2025-06-17 12:17:32.000000,794.9,4199627,226302000,50,14613,2436
2025-06-17 12:17:35.000000,794.95,4199627,226302000,1,14613,2436
2025-06-17 12:17:37.000000,794.9,4199948,226302000,100,13661,5693
2025-06-17 12:17:37.000000,794.9,4199948,226302000,100,13661,5693
2025-06-17 12:17:38.000000,794.9,4199948,226302000,1,13661,5693
2025-06-17 12:17:41.000000,794.9,4199948,226302000,33,13661,5693
2025-06-17 12:17:43.000000,794.95,4201415,226302000,2,14128,5221
2025-06-17 12:17:43.000000,794.95,4201415,226302000,7,14128,5221
2025-06-17 12:17:45.000000,794.9,4201415,226302000,1,14128,5221
2025-06-17 12:17:47.000000,794.9,4201415,226302000,229,14128,5221
2025-06-17 12:17:48.000000,794.95,4203034,226302000,15,12809,7095
2025-06-17 12:17:48.000000,794.9,4203034,226302000,60,12809,7095
2025-06-17 12:17:51.000000,794.85,4203034,226302000,34,12809,7095
2025-06-17 12:17:52.000000,794.85,4203034,226302000,1,12809,7095
2025-06-17 12:17:53.000000,794.85,4205506,226302000,1,13151,4954
2025-06-17 12:17:55.000000,794.95,4205506,226302000,25,13151,4954
2025-06-17 12:17:57.000000,794.85,4205506,226302000,102,13151,4954
2025-06-17 12:17:59.000000,794.95,4207203,226302000,1,10934,4365
2025-06-17 12:17:59.000000,794.95,4207203,226302000,1,10934,4365
2025-06-17 12:18:00.000000,794.85,4207203,226302000,297,10934,4365
2025-06-17 12:18:03.000000,794.9,4207203,226302000,10,10934,4365
2025-06-17 12:18:04.000000,794.85,4208209,226302000,170,10872,6342
2025-06-17 12:18:04.000000,794.85,4208209,226302000,50,10872,6342
2025-06-17 12:18:06.000000,794.95,4208209,226302000,1,10872,6342
2025-06-17 12:18:09.000000,794.95,4209713,226302000,1,10878,2084
2025-06-17 12:18:09.000000,794.9,4209713,226302000,1,10878,2084
2025-06-17 12:18:11.000000,794.9,4209713,226302000,33,10878,2084
2025-06-17 12:18:13.000000,794.95,4209713,226302000,5,10878,2084
2025-06-17 12:18:14.000000,794.95,4209793,226302000,5,12698,1886
2025-06-17 12:18:15.000000,794.9,4209793,226302000,97,12698,1886
2025-06-17 12:18:16.000000,794.95,4209793,226302000,20,12698,1886
2025-06-17 12:18:19.000000,794.9,4209793,226302000,1,12698,1886
2025-06-17 12:18:20.000000,794.9,4210133,226302000,1,12538,1820
2025-06-17 12:18:21.000000,794.9,4210133,226302000,25,12538,1820
2025-06-17 12:18:22.000000,794.85,4210133,226302000,9,12538,1820
2025-06-17 12:18:24.000000,794.85,4210133,226302000,144,12538,1820
2025-06-17 12:18:25.000000,794.9,4210769,226302000,100,13522,1053
2025-06-17 12:18:26.000000,794.85,4210769,226302000,13,13522,1053
2025-06-17 12:18:28.000000,794.9,4210769,226302000,3,13522,1053
2025-06-17 12:18:31.000000,794.9,4213808,226302000,1,13530,1939
2025-06-17 12:18:31.000000,794.85,4213808,226302000,6,13530,1939
2025-06-17 12:18:35.000000,794.85,4213808,226302000,103,13530,1939
2025-06-17 12:18:36.000000,794.9,4214361,226302000,1,12730,1650
2025-06-17 12:18:37.000000,794.9,4214361,226302000,139,12730,1650
2025-06-17 12:18:38.000000,794.85,4214361,226302000,1,12730,1650
2025-06-17 12:18:41.000000,794.85,4214973,226302000,33,12380,1726
2025-06-17 12:18:41.000000,794.85,4214973,226302000,33,12380,1726
2025-06-17 12:18:42.000000,794.85,4214973,226302000,1,12380,1726
2025-06-17 12:18:44.000000,794.85,4214973,226302000,50,12380,1726
2025-06-17 12:18:46.000000,795.1,4270358,226302000,1,6983,4703
2025-06-17 12:18:46.000000,795.1,4270358,226302000,1,6983,4703
2025-06-17 12:18:48.000000,794.8,4270358,226302000,729,6983,4703
2025-06-17 12:18:51.000000,794.55,4270358,226302000,333,6983,4703
2025-06-17 12:18:51.000000,794.55,4276426,226302000,333,4997,5358
2025-06-17 12:18:53.000000,794.55,4276426,226302000,333,4997,5358
2025-06-17 12:18:53.000000,794.45,4276426,226302000,10,4997,5358
2025-06-17 12:18:54.000000,794.45,4276426,226302000,10,4997,5358
2025-06-17 12:18:54.000000,794.5,4276426,226302000,3524,4997,5358
2025-06-17 12:18:55.000000,794.5,4276426,226302000,3524,4997,5358
2025-06-17 12:18:56.000000,794.5,4276426,226302000,3524,4997,5358
2025-06-17 12:18:57.000000,794.7,4295708,226302000,1,4301,2595
2025-06-17 12:18:57.000000,794.7,4295708,226302000,1,4301,2595
2025-06-17 12:18:57.000000,794.65,4295708,226302000,1,4301,2595
2025-06-17 12:18:58.000000,794.65,4295708,226302000,1,4301,2595
2025-06-17 12:18:58.000000,794.7,4295708,226302000,3,4301,2595
2025-06-17 12:18:59.000000,794.7,4295708,226302000,3,4301,2595
2025-06-17 12:19:00.000000,794.7,4295708,226296750,3,4301,2595
2025-06-17 12:19:00.000000,794.5,4295708,226296750,67,4301,2595
2025-06-17 12:19:00.000000,794.5,4296030,226296750,67,5157,2361
2025-06-17 12:19:01.000000,794.5,4296030,226296750,32,5157,2361
2025-06-17 12:19:02.000000,794.5,4296030,226296750,32,5157,2361
2025-06-17 12:19:02.000000,794.5,4296205,226296750,32,4326,7880
2025-06-17 12:19:02.000000,794.5,4296205,226296750,32,4326,7880
2025-06-17 12:19:03.000000,794.55,4296222,226296750,8,4272,8168
2025-06-17 12:19:03.000000,794.55,4296222,226296750,50,4272,8168
2025-06-17 12:19:04.000000,794.55,4296222,226296750,50,4272,8168
2025-06-17 12:19:04.000000,794.55,4296272,226296750,50,4302,8336
2025-06-17 12:19:04.000000,794.45,4296272,226296750,500,4302,8336
2025-06-17 12:19:05.000000,794.45,4296272,226296750,500,4302,8336
2025-06-17 12:19:05.000000,794.45,4296772,226296750,500,4406,8917
2025-06-17 12:19:05.000000,794.55,4296772,226296750,2,4406,8917
2025-06-17 12:19:06.000000,794.45,4296800,226296750,25,4706,8682
2025-06-17 12:19:06.000000,794.45,4296800,226296750,25,4706,8682
2025-06-17 12:19:06.000000,794.45,4296800,226296750,25,4706,8682
2025-06-17 12:19:07.000000,794.55,4296901,226296750,100,2621,8094
2025-06-17 12:19:07.000000,794.55,4296901,226296750,100,2621,8094
2025-06-17 12:19:07.000000,794.45,4296901,226296750,1,2621,8094
2025-06-17 12:19:08.000000,794.55,4297302,226296750,400,1510,6793
2025-06-17 12:19:08.000000,794.55,4297302,226296750,400,1510,6793
2025-06-17 12:19:09.000000,794.55,4297409,226296750,107,1516,6686
2025-06-17 12:19:09.000000,794.5,4297409,226296750,179,1516,6686
2025-06-17 12:19:10.000000,794.5,4297638,226296750,179,2403,7198
2025-06-17 12:19:10.000000,794.55,4297638,226296750,2,2403,7198
2025-06-17 12:19:11.000000,794.45,4297690,226296750,33,3388,6858
2025-06-17 12:19:11.000000,794.45,4297690,226296750,33,3388,6858
2025-06-17 12:19:12.000000,794.45,4297690,226296750,33,3622,6830
2025-06-17 12:19:13.000000,794.45,4297690,226296750,33,3582,6860
2025-06-17 12:19:14.000000,794.45,4297690,226296750,33,3348,6830
2025-06-17 12:19:15.000000,794.45,4297690,226296750,33,3336,6062
2025-06-17 12:19:16.000000,794.55,4297692,226296750,1,3342,6966
2025-06-17 12:19:16.000000,794.55,4297692,226296750,1,3342,6966
2025-06-17 12:19:17.000000,794.55,4297692,226296750,1,3342,6698
2025-06-17 12:19:18.000000,794.55,4297800,226296750,108,3912,6530
2025-06-17 12:19:18.000000,794.45,4297800,226296750,225,3912,6530
2025-06-17 12:19:19.000000,794.45,4298056,226296750,225,2647,6767
2025-06-17 12:19:20.000000,794.45,4298056,226296750,225,2617,6567
2025-06-17 12:19:20.000000,794.55,4298056,226296750,4,2617,6567
2025-06-17 12:19:21.000000,794.45,4298376,226296750,34,3567,6515
2025-06-17 12:19:21.000000,794.45,4298376,226296750,34,3567,6515
2025-06-17 12:19:22.000000,794.55,4298382,226296750,5,3958,6212
2025-06-17 12:19:22.000000,794.55,4298382,226296750,5,3958,6212
2025-06-17 12:19:23.000000,794.45,4298389,226296750,1,4161,6236
2025-06-17 12:19:23.000000,794.45,4298389,226296750,1,4161,6236
2025-06-17 12:19:24.000000,794.55,4298390,226296750,1,3645,6235
2025-06-17 12:19:24.000000,794.55,4298390,226296750,1,3645,6235
2025-06-17 12:19:25.000000,794.45,4299140,226296750,19,2062,6226
2025-06-17 12:19:25.000000,794.45,4299140,226296750,19,2062,6226
2025-06-17 12:19:26.000000,794.55,4299141,226296750,1,2242,6239
2025-06-17 12:19:26.000000,794.45,4299141,226296750,2,2242,6239
2025-06-17 12:19:27.000000,794.55,4299459,226296750,2,2169,7653
2025-06-17 12:19:27.000000,794.45,4299459,226296750,40,2169,7653
2025-06-17 12:19:28.000000,794.45,4299760,226296750,40,3648,8744
2025-06-17 12:19:28.000000,794.55,4299760,226296750,40,3648,8744
2025-06-17 12:19:29.000000,794.25,4301604,226296750,1,5592,6172
2025-06-17 12:19:29.000000,794.25,4301604,226296750,1,5592,6172
2025-06-17 12:19:30.000000,794.45,4301640,226296750,17,3658,5753
2025-06-17 12:19:30.000000,794.45,4301640,226296750,3,3658,5753
2025-06-17 12:19:31.000000,794.4,4301648,226296750,1,6240,5256
2025-06-17 12:19:31.000000,794.4,4301648,226296750,1,6240,5256
2025-06-17 12:19:32.000000,794.25,4301654,226296750,5,6235,5219
2025-06-17 12:19:32.000000,794.4,4301654,226296750,18,6235,5219
2025-06-17 12:19:33.000000,794.4,4301704,226296750,18,6201,5123
2025-06-17 12:19:34.000000,794.4,4301705,226296750,1,5562,5122
2025-06-17 12:19:34.000000,794.4,4301705,226296750,1,5562,5122
2025-06-17 12:19:35.000000,794.4,4301705,226296750,1,5592,5122
2025-06-17 12:19:35.000000,794.4,4301705,226296750,5,5592,5122
2025-06-17 12:19:36.000000,794.4,4301819,226296750,1,5862,5625
2025-06-17 12:19:36.000000,794.25,4301819,226296750,95,5862,5625
2025-06-17 12:19:37.000000,794.45,4302228,226296750,149,5275,6833
2025-06-17 12:19:37.000000,794.45,4302228,226296750,149,5275,6833
2025-06-17 12:19:38.000000,794.55,4302377,226296750,149,5777,5042
2025-06-17 12:19:38.000000,794.55,4302377,226296750,149,5777,5042
2025-06-17 12:19:39.000000,794.55,4302377,226296750,149,5477,4398
2025-06-17 12:19:39.000000,794.25,4302377,226296750,1,5477,4398
2025-06-17 12:19:40.000000,794.25,4302378,226296750,1,5372,5103
2025-06-17 12:19:40.000000,794.4,4302378,226296750,2,5372,5103
2025-06-17 12:19:41.000000,794.3,4302430,226296750,1,4229,4959
2025-06-17 12:19:41.000000,794.3,4302430,226296750,1,4229,4959
2025-06-17 12:19:42.000000,794.4,4302432,226296750,1,4228,4886
2025-06-17 12:19:42.000000,794.3,4302432,226296750,1,4228,4886
2025-06-17 12:19:43.000000,794.4,4302490,226296750,3,5168,5123
2025-06-17 12:19:43.000000,794.4,4302490,226296750,3,5168,5123
2025-06-17 12:19:44.000000,794.4,4302490,226296750,3,5168,4346
2025-06-17 12:19:45.000000,794.4,4302597,226296750,29,5174,4231
2025-06-17 12:19:45.000000,794.25,4302597,226296750,27,5174,4231
2025-06-17 12:19:46.000000,794.4,4302688,226296750,1,5621,4567
2025-06-17 12:19:46.000000,794.4,4302688,226296750,20,5621,4567
2025-06-17 12:19:47.000000,794.25,4302713,226296750,4,5395,4229
2025-06-17 12:19:47.000000,794.25,4302713,226296750,4,5395,4229
2025-06-17 12:19:48.000000,794.4,4302714,226296750,1,6658,5114
2025-06-17 12:19:48.000000,794.4,4302714,226296750,1,6658,5114
2025-06-17 12:19:49.000000,794.4,4302714,226296750,1,6688,4855
2025-06-17 12:19:50.000000,794.4,4302714,226296750,1,6688,4885
2025-06-17 12:19:50.000000,794.4,4302714,226296750,4,6688,4885
2025-06-17 12:19:51.000000,794.25,4302775,226296750,1,6563,4189
2025-06-17 12:19:51.000000,794.25,4302775,226296750,1,6563,4189
2025-06-17 12:19:52.000000,794.25,4302775,226296750,1,6781,4189
2025-06-17 12:19:53.000000,794.25,4302776,226296750,1,4091,5409
2025-06-17 12:19:53.000000,794.25,4302776,226296750,1,4091,5409
2025-06-17 12:19:54.000000,794.25,4302943,226296750,11,4331,5830
2025-06-17 12:19:54.000000,794.4,4302943,226296750,1,4331,5830
2025-06-17 12:19:55.000000,794.4,4303014,226296750,1,3729,6241
2025-06-17 12:19:56.000000,794.4,4303015,226296750,1,1761,5936
2025-06-17 12:19:56.000000,794.4,4303015,226296750,1,1761,5936
2025-06-17 12:19:57.000000,794.4,4303015,226296750,1,1731,5707
2025-06-17 12:19:58.000000,794.35,4303016,226296750,1,2374,7044
2025-06-17 12:19:58.000000,794.4,4303016,226296750,4,2374,7044
2025-06-17 12:19:59.000000,794.4,4303061,226296750,41,2368,7277
2025-06-17 12:19:59.000000,794.4,4303061,226296750,41,2368,7277
2025-06-17 12:20:01.000000,794.3,4303061,226296750,33,2368,7277
2025-06-17 12:20:03.000000,794.35,4303323,226296750,10,4110,7551
2025-06-17 12:20:03.000000,794.25,4303323,226296750,53,4110,7551
2025-06-17 12:20:04.000000,794.25,4303323,226296750,1,4110,7551
2025-06-17 12:20:07.000000,794.4,4303323,226296750,27,4110,7551
2025-06-17 12:20:08.000000,794.4,4303439,226296750,1,4175,7473
2025-06-17 12:20:08.000000,794.4,4303439,226296750,1,4175,7473
2025-06-17 12:20:11.000000,794.25,4303439,226296750,33,4175,7473
2025-06-17 12:20:13.000000,794.25,4303999,226296750,1,3475,6864
2025-06-17 12:20:13.000000,794.25,4303999,226296750,1,3475,6864
2025-06-17 12:20:15.000000,794.35,4303999,226296750,8,3475,6864
2025-06-17 12:20:16.000000,794.4,4303999,226296750,1,3475,6864
2025-06-17 12:20:19.000000,794.35,4304894,226296750,44,3890,5348
2025-06-17 12:20:19.000000,794.35,4304894,226296750,44,3890,5348
2025-06-17 12:20:21.000000,794.25,4304894,226296750,7,3890,5348
Timestamp,LTP,Volume,OI,LastQty,BidQty,AskQty
2025-06-17 12:20:24.000000,794.2,4307433,226296750,27,20305,5581
2025-06-17 12:20:25.000000,794.4,4307433,226296750,152,20305,5581
2025-06-17 12:20:27.000000,794.4,4307433,226296750,6,20305,5581
2025-06-17 12:20:28.000000,794.4,4307433,226296750,3,20305,5581
2025-06-17 12:20:29.000000,794.4,4308047,226296750,3,21500,5338
2025-06-17 12:20:31.000000,794.4,4308047,226296750,1,21500,5338
2025-06-17 12:20:34.000000,794.2,4308214,226296750,32,21352,5909
2025-06-17 12:20:34.000000,794.2,4308214,226296750,32,21352,5909
2025-06-17 12:20:37.000000,794.4,4308214,226296750,1,21352,5909
2025-06-17 12:20:39.000000,794.4,4308214,226296750,107,21352,5909
2025-06-17 12:20:40.000000,794.4,4308519,226296750,107,21037,5962
2025-06-17 12:20:41.000000,794.3,4308519,226296750,1,21037,5962
2025-06-17 12:20:43.000000,794.3,4308519,226296750,5,21037,5962
2025-06-17 12:20:45.000000,794.3,4308652,226296750,30,3387,5313
2025-06-17 12:20:45.000000,794.2,4308652,226296750,93,3387,5313
2025-06-17 12:20:46.000000,794.4,4308652,226296750,61,3387,5313
2025-06-17 12:20:48.000000,794.25,4308652,226296750,12,3387,5313
2025-06-17 12:20:50.000000,794.25,4309062,226296750,1,3918,2351
2025-06-17 12:20:51.000000,794.3,4309062,226296750,295,3918,2351
2025-06-17 12:20:53.000000,794.2,4309062,226296750,129,3918,2351
2025-06-17 12:20:54.000000,794.45,4309062,226296750,1,3918,2351
2025-06-17 12:20:55.000000,794.45,4311981,226296750,5,19218,10228
2025-06-17 12:20:57.000000,794.25,4311981,226296750,1,19218,10228
2025-06-17 12:20:58.000000,794.45,4311981,226296750,3,19218,10228
2025-06-17 12:21:00.000000,794.45,4312168,226296750,2,2657,6830
2025-06-17 12:21:01.000000,794.25,4312168,226296750,1,2657,6830
2025-06-17 12:21:02.000000,794.3,4312168,226296750,2,2657,6830
2025-06-17 12:21:04.000000,794.3,4312168,226296750,1,2657,6830
2025-06-17 12:21:05.000000,794.3,4312497,226296750,2,4099,4805
2025-06-17 12:21:07.000000,794.45,4312497,226296750,1,4099,4805
2025-06-17 12:21:08.000000,794.15,4312497,226296750,2,4099,4805
2025-06-17 12:21:10.000000,794.5,4314388,226296750,3,22113,7178
2025-06-17 12:21:10.000000,794.5,4314388,226296750,2,22113,7178
2025-06-17 12:21:13.000000,794.3,4314388,226296750,1,22113,7178
2025-06-17 12:21:14.000000,794.5,4314388,226296750,50,22113,7178
2025-06-17 12:21:15.000000,794.55,4315646,226296750,86,2302,6685
2025-06-17 12:21:17.000000,794.55,4315646,226296750,50,2302,6685
2025-06-17 12:21:20.000000,794.5,4315708,226296750,4,5811,6768
2025-06-17 12:21:21.000000,794.3,4315708,226296750,30,5811,6768
2025-06-17 12:21:24.000000,794.3,4315708,226296750,5,5811,6768
2025-06-17 12:21:25.000000,794.3,4315860,226296750,5,5701,7237
2025-06-17 12:21:27.000000,794.55,4315860,226296750,1,5701,7237
2025-06-17 12:21:29.000000,794.5,4315860,226296750,3,5701,7237
2025-06-17 12:21:30.000000,794.5,4315908,226296750,3,4800,7656
2025-06-17 12:21:31.000000,794.3,4315908,226296750,33,4800,7656
2025-06-17 12:21:32.000000,794.3,4315908,226296750,98,4800,7656
2025-06-17 12:21:35.000000,794.25,4316862,226296750,160,21815,4843
2025-06-17 12:21:35.000000,794.45,4316862,226296750,7,21815,4843
2025-06-17 12:21:37.000000,794.25,4316862,226296750,496,21815,4843
2025-06-17 12:21:38.000000,794.35,4316862,226296750,1,21815,4843
2025-06-17 12:21:40.000000,794.45,4317452,226296750,3,3519,7037
2025-06-17 12:21:41.000000,794.25,4317452,226296750,33,3519,7037
2025-06-17 12:21:42.000000,794.25,4317452,226296750,43,3519,7037
2025-06-17 12:21:45.000000,794.25,4317452,226296750,1,3519,7037
2025-06-17 12:21:45.000000,794.25,4317914,226296750,1,17647,6726
2025-06-17 12:21:47.000000,794.3,4317914,226296750,122,17647,6726
2025-06-17 12:21:49.000000,794.0,4317914,226296750,750,17647,6726
2025-06-17 12:21:51.000000,794.25,4330144,226296750,1,9231,4346
2025-06-17 12:21:51.000000,794.0,4330144,226296750,261,9231,4346
2025-06-17 12:21:52.000000,794.2,4330144,226296750,1,9231,4346
2025-06-17 12:21:54.000000,794.2,4330144,226296750,1,9231,4346
2025-06-17 12:21:54.000000,794.0,4330144,226296750,650,9231,4346
2025-06-17 12:21:55.000000,794.0,4330144,226296750,650,9231,4346
2025-06-17 12:21:56.000000,794.2,4331428,226296750,30,7127,4447
2025-06-17 12:21:56.000000,794.2,4331428,226296750,30,7127,4447
2025-06-17 12:21:57.000000,794.2,4331428,226296750,30,7127,4447
2025-06-17 12:21:57.000000,794.25,4331428,226296750,1,7127,4447
2025-06-17 12:21:58.000000,794.25,4331428,226296750,1,7127,4447
2025-06-17 12:21:58.000000,794.15,4331428,226296750,3,7127,4447
2025-06-17 12:21:59.000000,794.15,4331428,226296750,3,7127,4447
2025-06-17 12:22:00.000000,794.15,4331428,226296750,3,7127,4447
2025-06-17 12:22:00.000000,794.0,4331428,226296750,153,7127,4447
2025-06-17 12:22:01.000000,794.0,4331855,226296750,153,9766,4316
2025-06-17 12:22:01.000000,794.0,4331855,226322250,153,9766,4316
2025-06-17 12:22:01.000000,794.0,4331855,226322250,750,9766,4316
2025-06-17 12:22:02.000000,794.0,4332640,226322250,750,9657,3586
2025-06-17 12:22:02.000000,794.0,4332640,226322250,750,9657,3586
2025-06-17 12:22:02.000000,794.0,4332640,226322250,30,9657,3586
2025-06-17 12:22:03.000000,794.1,4332680,226322250,10,8447,4346
2025-06-17 12:22:03.000000,794.1,4332680,226322250,10,8447,4346
2025-06-17 12:22:03.000000,794.0,4332680,226322250,1,8447,4346
2025-06-17 12:22:04.000000,794.0,4332695,226322250,1,8377,3111
2025-06-17 12:22:04.000000,794.0,4332695,226322250,1,8377,3111
2025-06-17 12:22:04.000000,794.05,4332695,226322250,1,8377,3111
2025-06-17 12:22:05.000000,794.0,4334419,226322250,217,8391,2205
2025-06-17 12:22:05.000000,794.0,4334419,226322250,217,8391,2205
2025-06-17 12:22:05.000000,794.0,4334419,226322250,217,8391,2205
2025-06-17 12:22:06.000000,794.05,4334421,226322250,1,8481,6002
2025-06-17 12:22:06.000000,794.05,4334421,226322250,1,8481,6002
2025-06-17 12:22:06.000000,794.05,4334421,226322250,1,8481,6002
2025-06-17 12:22:07.000000,794.0,4339019,226322250,54,3133,4601
2025-06-17 12:22:07.000000,794.0,4339019,226322250,1,3133,4601
2025-06-17 12:22:08.000000,794.0,4339019,226322250,1,3133,4601
2025-06-17 12:22:08.000000,793.85,4339327,226322250,50,3574,2629
2025-06-17 12:22:08.000000,793.8,4339327,226322250,16,3574,2629
2025-06-17 12:22:09.000000,793.9,4339838,226322250,8,2881,2956
2025-06-17 12:22:09.000000,793.75,4339838,226322250,112,2881,2956
2025-06-17 12:22:10.000000,793.9,4340100,226322250,1,3296,2179
2025-06-17 12:22:10.000000,793.9,4340100,226322250,2,3296,2179
2025-06-17 12:22:11.000000,793.75,4340193,226322250,33,28322,2821
2025-06-17 12:22:11.000000,793.9,4340193,226322250,50,28322,2821
2025-06-17 12:22:12.000000,793.9,4340284,226322250,50,28575,2031
2025-06-17 12:22:12.000000,793.9,4340284,226322250,1,28575,2031
2025-06-17 12:22:13.000000,793.9,4340296,226322250,10,28390,1941
2025-06-17 12:22:13.000000,793.7,4340296,226322250,50,28390,1941
2025-06-17 12:22:14.000000,793.75,4340347,226322250,1,4791,2986
2025-06-17 12:22:14.000000,793.75,4340347,226322250,1,4791,2986
2025-06-17 12:22:16.000000,793.9,4340348,226322250,1,5257,2946
2025-06-17 12:22:16.000000,793.9,4340348,226322250,1,5257,2946
2025-06-17 12:22:17.000000,793.7,4341101,226322250,278,28440,3384
2025-06-17 12:22:17.000000,793.6,4341101,226322250,1,28440,3384
2025-06-17 12:22:18.000000,793.75,4343501,226322250,500,29159,1792
2025-06-17 12:22:18.000000,793.65,4343501,226322250,163,29159,1792
2025-06-17 12:22:19.000000,793.65,4343817,226322250,54,28511,2283
2025-06-17 12:22:19.000000,793.65,4343817,226322250,20,28511,2283
2025-06-17 12:22:20.000000,793.65,4343837,226322250,20,28386,2293
2025-06-17 12:22:20.000000,793.75,4343837,226322250,3,28386,2293
2025-06-17 12:22:21.000000,793.6,4344533,226322250,34,29268,1953
2025-06-17 12:22:21.000000,793.75,4344533,226322250,1,29268,1953
2025-06-17 12:22:22.000000,793.75,4344534,226322250,1,28610,1520
2025-06-17 12:22:22.000000,793.65,4344534,226322250,1,28610,1520
2025-06-17 12:22:23.000000,793.65,4344535,226322250,1,28554,1559
2025-06-17 12:22:23.000000,793.8,4344535,226322250,1,28554,1559
2025-06-17 12:22:24.000000,793.75,4345314,226322250,10,6012,2299
2025-06-17 12:22:24.000000,793.75,4345314,226322250,10,6012,2299
2025-06-17 12:22:25.000000,793.75,4345315,226322250,1,6035,2337
2025-06-17 12:22:25.000000,793.75,4345315,226322250,1,6035,2337
2025-06-17 12:22:26.000000,793.9,4345331,226322250,1,6121,2909
2025-06-17 12:22:26.000000,793.9,4345331,226322250,1,6121,2909
2025-06-17 12:22:27.000000,793.9,4345350,226322250,2,3271,5821
2025-06-17 12:22:27.000000,793.9,4345350,226322250,13,3271,5821
2025-06-17 12:22:28.000000,794.0,4345367,226322250,4,2607,6024
2025-06-17 12:22:28.000000,794.0,4345367,226322250,4,2607,6024
2025-06-17 12:22:29.000000,794.0,4345369,226322250,1,2892,2302
2025-06-17 12:22:29.000000,794.0,4345369,226322250,1,2892,2302
2025-06-17 12:22:30.000000,794.0,4345369,226322250,3,2892,2302
2025-06-17 12:22:31.000000,794.0,4345373,226322250,3,2820,2298
2025-06-17 12:22:31.000000,793.9,4345373,226322250,33,2820,2298
2025-06-17 12:22:32.000000,794.0,4345450,226322250,35,2952,5292
2025-06-17 12:22:32.000000,794.0,4345450,226322250,35,2952,5292
2025-06-17 12:22:33.000000,794.0,4345450,226322250,35,2823,4807
2025-06-17 12:22:33.000000,793.85,4345450,226322250,1,2823,4807
2025-06-17 12:22:34.000000,793.75,4345588,226322250,20,25674,2069
2025-06-17 12:22:34.000000,793.8,4345588,226322250,1,25674,2069
2025-06-17 12:22:35.000000,793.8,4345591,226322250,1,4920,1640
2025-06-17 12:22:35.000000,793.8,4345591,226322250,1,4920,1640
2025-06-17 12:22:36.000000,793.9,4345610,226322250,1,1571,6016
2025-06-17 12:22:36.000000,793.85,4345610,226322250,1,1571,6016
2025-06-17 12:22:37.000000,793.9,4345613,226322250,1,1625,6127
2025-06-17 12:22:37.000000,794.0,4345613,226322250,1,1625,6127
2025-06-17 12:22:38.000000,793.85,4345615,226322250,1,1618,6547
2025-06-17 12:22:38.000000,793.9,4345615,226322250,10,1618,6547
2025-06-17 12:22:39.000000,793.9,4345731,226322250,10,2152,2981
2025-06-17 12:22:40.000000,793.9,4345731,226322250,10,2141,5843
2025-06-17 12:22:40.000000,793.9,4345731,226322250,2,2141,5843
2025-06-17 12:22:41.000000,793.85,4345884,226322250,33,2864,5445
2025-06-17 12:22:41.000000,793.9,4345884,226322250,1,2864,5445
2025-06-17 12:22:42.000000,793.9,4346425,226322250,1,2992,4367
2025-06-17 12:22:42.000000,794.0,4346425,226322250,10,2992,4367
2025-06-17 12:22:43.000000,793.9,4346945,226322250,10,3228,1391
2025-06-17 12:22:43.000000,793.9,4346945,226322250,10,3228,1391
2025-06-17 12:22:44.000000,793.8,4347045,226322250,25,3222,1443
2025-06-17 12:22:44.000000,793.8,4347045,226322250,25,3222,1443
2025-06-17 12:22:45.000000,793.85,4347152,226322250,35,2994,1336
2025-06-17 12:22:45.000000,793.85,4347152,226322250,35,2994,1336
2025-06-17 12:22:46.000000,793.85,4347152,226322250,1,2994,1336
2025-06-17 12:22:47.000000,793.85,4347253,226322250,1,3048,1430
2025-06-17 12:22:47.000000,793.8,4347254,226322250,1,3188,1618
2025-06-17 12:22:47.000000,793.8,4347254,226322250,1,3188,1618
2025-06-17 12:22:49.000000,793.85,4347316,226322250,20,3036,248
2025-06-17 12:22:49.000000,793.85,4347316,226322250,10,3036,248
2025-06-17 12:22:50.000000,793.85,4347326,226322250,10,3194,238
2025-06-17 12:22:50.000000,793.85,4347326,226322250,4,3194,238
2025-06-17 12:22:51.000000,793.85,4347334,226322250,2,3006,230
2025-06-17 12:22:51.000000,793.8,4347334,226322250,34,3006,230
2025-06-17 12:22:52.000000,793.8,4347368,226322250,34,2772,230
2025-06-17 12:22:52.000000,793.9,4347368,226322250,11,2772,230
2025-06-17 12:22:53.000000,793.9,4347447,226322250,11,2961,403
2025-06-17 12:22:54.000000,793.85,4347494,226322250,47,2615,1229
2025-06-17 12:22:54.000000,793.9,4347494,226322250,24,2615,1229
2025-06-17 12:22:55.000000,793.9,4347538,226322250,24,2200,1966
2025-06-17 12:22:56.000000,793.9,4347539,226322250,1,2230,2088
2025-06-17 12:22:56.000000,793.9,4347539,226322250,1,2230,2088
2025-06-17 12:22:57.000000,793.85,4347637,226322250,48,2123,2082
2025-06-17 12:22:57.000000,793.85,4347637,226322250,48,2123,2082
2025-06-17 12:22:58.000000,793.85,4347637,226322250,48,2093,2082
2025-06-17 12:22:58.000000,793.9,4347637,226322250,3,2093,2082
2025-06-17 12:22:59.000000,793.9,4347643,226322250,3,2058,1877
2025-06-17 12:22:59.000000,793.9,4347643,226322250,3,2058,1877
2025-06-17 12:23:00.000000,793.8,4347703,226322250,40,2604,2227
2025-06-17 12:23:00.000000,793.9,4347703,226322250,2,2604,2227
2025-06-17 12:23:01.000000,793.8,4347703,226322250,21,2604,2227
2025-06-17 12:23:02.000000,793.8,4347739,226322250,21,2970,2224
2025-06-17 12:23:02.000000,793.9,4347739,226322250,2,2970,2224
2025-06-17 12:23:03.000000,793.9,4347858,226322250,97,2920,1585
2025-06-17 12:23:03.000000,793.9,4347858,226322250,3,2920,1585
2025-06-17 12:23:04.000000,793.9,4347871,226322250,3,3246,1740
2025-06-17 12:23:04.000000,793.9,4347872,226322250,1,3246,1739
2025-06-17 12:23:04.000000,793.9,4347872,226322250,1,3246,1739
2025-06-17 12:23:05.000000,793.9,4347872,226322250,1,3276,1740
2025-06-17 12:23:06.000000,793.9,4347878,226322250,2,3091,1686
2025-06-17 12:23:06.000000,793.9,4347878,226322250,2,3091,1686
2025-06-17 12:23:07.000000,793.9,4347879,226322250,1,3912,1658
2025-06-17 12:23:07.000000,793.85,4347879,226322250,17,3912,1658
2025-06-17 12:23:08.000000,793.9,4347879,226322250,1,3912,1658
2025-06-17 12:23:09.000000,793.9,4347897,226322250,1,3332,1687
2025-06-17 12:23:09.000000,793.85,4347897,226322250,2,3332,1687
2025-06-17 12:23:10.000000,793.85,4347899,226322250,2,3167,1687
2025-06-17 12:23:10.000000,793.9,4347899,226322250,3,3167,1687
2025-06-17 12:23:11.000000,793.9,4349421,226322250,3,3418,1518
2025-06-17 12:23:11.000000,793.85,4349421,226322250,33,3418,1518
2025-06-17 12:23:12.000000,793.9,4349565,226322250,108,3410,1552
2025-06-17 12:23:12.000000,793.85,4349565,226322250,7,3410,1552
2025-06-17 12:23:13.000000,793.85,4349748,226322250,7,2405,1850
2025-06-17 12:23:13.000000,793.9,4349748,226322250,3,2405,1850
2025-06-17 12:23:14.000000,793.9,4349751,226322250,3,2493,2274
2025-06-17 12:23:15.000000,793.9,4349751,226322250,3,2493,2244
2025-06-17 12:23:15.000000,793.8,4349751,226322250,2,2493,2244
2025-06-17 12:23:16.000000,793.9,4349754,226322250,1,2724,2243
2025-06-17 12:23:16.000000,793.9,4349754,226322250,1,2724,2243
2025-06-17 12:23:17.000000,793.8,4349755,226322250,1,2922,2044
2025-06-17 12:23:17.000000,793.8,4349755,226322250,1,2922,2044
2025-06-17 12:23:18.000000,793.8,4349755,226322250,1,3109,2048
2025-06-17 12:23:19.000000,793.9,4349757,226322250,1,2726,2046
2025-06-17 12:23:19.000000,793.9,4349757,226322250,1,2726,2046
2025-06-17 12:23:20.000000,793.9,4349811,226322250,2,4658,1952
2025-06-17 12:23:20.000000,793.9,4349811,226322250,3,4658,1952
2025-06-17 12:23:21.000000,793.8,4349981,226322250,34,4439,1841
2025-06-17 12:23:21.000000,793.8,4349981,226322250,98,4439,1841
2025-06-17 12:23:22.000000,793.8,4350096,226322250,98,3861,2117
2025-06-17 12:23:22.000000,793.9,4350096,226322250,2,3861,2117
2025-06-17 12:23:23.000000,793.9,4350096,226322250,50,3861,2117
2025-06-17 12:23:24.000000,793.8,4350202,226322250,54,3888,2059
2025-06-17 12:23:24.000000,793.8,4350202,226322250,1,3888,2059
2025-06-17 12:23:25.000000,793.8,4350209,226322250,4,3681,2059
2025-06-17 12:23:25.000000,793.8,4350209,226322250,10,3681,2059
2025-06-17 12:23:26.000000,793.9,4350282,226322250,1,3545,1996
2025-06-17 12:23:26.000000,793.85,4350282,226322250,10,3545,1996
2025-06-17 12:23:27.000000,793.85,4350343,226322250,1,3303,1996
2025-06-17 12:23:27.000000,793.85,4350343,226322250,1,3303,1996
2025-06-17 12:23:28.000000,793.85,4350394,226322250,51,2167,2066
2025-06-17 12:23:28.000000,793.9,4350394,226322250,3,2167,2066
2025-06-17 12:23:29.000000,793.9,4350397,226322250,3,2565,2001
2025-06-17 12:23:30.000000,793.9,4350509,226322250,1,2496,1882
2025-06-17 12:23:30.000000,793.9,4350509,226322250,3,2496,1882
2025-06-17 12:23:31.000000,793.85,4350690,226322250,33,2535,2207
2025-06-17 12:23:31.000000,793.85,4350690,226322250,1,2535,2207
2025-06-17 12:23:32.000000,793.85,4350880,226322250,103,2505,1859
2025-06-17 12:23:32.000000,793.85,4350880,226322250,103,2505,1859
2025-06-17 12:23:33.000000,793.9,4357382,226322250,1,3896,2590
2025-06-17 12:23:33.000000,793.9,4357382,226322250,1,3896,2590
2025-06-17 12:23:34.000000,793.8,4357382,226322250,21,3896,2590
2025-06-17 12:23:35.000000,793.8,4357583,226322250,21,4307,1679
2025-06-17 12:23:36.000000,793.8,4357583,226322250,21,3459,2305
2025-06-17 12:23:36.000000,793.8,4357599,226322250,15,2782,1135
2025-06-17 12:23:36.000000,793.8,4357599,226322250,15,2782,1135
2025-06-17 12:23:37.000000,793.9,4357652,226322250,1,1875,3178
2025-06-17 12:23:37.000000,793.9,4357652,226322250,1,1875,3178
2025-06-17 12:23:38.000000,793.8,4357752,226322250,100,1775,3383
2025-06-17 12:23:38.000000,793.8,4357752,226322250,100,1775,3383
2025-06-17 12:23:39.000000,793.9,4357913,226322250,1,2986,1999
2025-06-17 12:23:39.000000,793.9,4357913,226322250,1,2986,1999
2025-06-17 12:23:40.000000,793.9,4357913,226322250,2,2986,1999
2025-06-17 12:23:41.000000,793.9,4357930,226322250,2,2819,3628
2025-06-17 12:23:41.000000,793.8,4357930,226322250,5,2819,3628
2025-06-17 12:23:42.000000,793.8,4357971,226322250,5,3295,2931
2025-06-17 12:23:43.000000,793.8,4357971,226322250,5,2094,2737
2025-06-17 12:23:43.000000,793.9,4357971,226322250,1,2094,2737
2025-06-17 12:23:44.000000,793.9,4357972,226322250,1,2309,2706
2025-06-17 12:23:44.000000,793.8,4357972,226322250,1,2309,2706
2025-06-17 12:23:45.000000,793.85,4358009,226322250,36,3511,2139
2025-06-17 12:23:45.000000,793.85,4358009,226322250,50,3511,2139
2025-06-17 12:23:46.000000,793.85,4358543,226322250,1,5516,2307
2025-06-17 12:23:46.000000,793.85,4358543,226322250,1,5516,2307
2025-06-17 12:23:47.000000,793.85,4358545,226322250,2,4981,2314
2025-06-17 12:23:47.000000,794.0,4358545,226322250,1,4981,2314
2025-06-17 12:23:48.000000,794.0,4358654,226322250,22,5363,2486
2025-06-17 12:23:48.000000,794.15,4358654,226322250,5,5363,2486
2025-06-17 12:23:49.000000,794.15,4358661,226322250,2,4165,4796
2025-06-17 12:23:49.000000,794.15,4358661,226322250,2,4165,4796
2025-06-17 12:23:50.000000,794.15,4358661,226322250,2,3709,4864
2025-06-17 12:23:50.000000,794.15,4358661,226322250,4,3709,4864
2025-06-17 12:23:51.000000,793.95,4358702,226322250,35,3490,3140
2025-06-17 12:23:51.000000,793.95,4358702,226322250,35,3490,3140
2025-06-17 12:23:52.000000,793.95,4358702,226322250,35,3687,3140
2025-06-17 12:23:53.000000,793.95,4358733,226322250,20,3464,5348
2025-06-17 12:23:53.000000,793.95,4358733,226322250,20,3464,5348
2025-06-17 12:23:54.000000,794.15,4358781,226322250,2,2551,2394
2025-06-17 12:23:54.000000,794.15,4358781,226322250,2,2551,2394
2025-06-17 12:23:55.000000,794.05,4358783,226322250,2,1839,2015
2025-06-17 12:23:55.000000,794.05,4358783,226322250,2,1839,2015
2025-06-17 12:23:56.000000,794.1,4358783,226322250,519,1839,2015
2025-06-17 12:23:57.000000,794.15,4359411,226322250,23,1501,1858
2025-06-17 12:23:57.000000,794.05,4359411,226322250,87,1501,1858
2025-06-17 12:23:58.000000,794.05,4359498,226322250,87,1548,2124
2025-06-17 12:23:58.000000,794.05,4359498,226322250,2,1548,2124
2025-06-17 12:23:59.000000,794.05,4359503,226322250,2,2289,1931
2025-06-17 12:24:00.000000,794.05,4359503,226322250,2,2363,2072
2025-06-17 12:24:00.000000,794.15,4359503,226322250,2,2363,2072
2025-06-17 12:24:01.000000,794.15,4359689,226322250,1,1978,2146
2025-06-17 12:24:01.000000,794.1,4359689,226322250,33,1978,2146
2025-06-17 12:24:02.000000,794.1,4359722,226322250,33,2648,2368
2025-06-17 12:24:03.000000,794.15,4359741,226322250,7,5049,2314
2025-06-17 12:24:03.000000,794.15,4359741,226322250,7,5049,2314
2025-06-17 12:24:04.000000,794.15,4359741,226322250,7,4981,2536
2025-06-17 12:24:04.000000,794.15,4359741,226322250,1,4981,2536
2025-06-17 12:24:05.000000,794.15,4359742,226322250,1,5019,2535
2025-06-17 12:24:05.000000,794.0,4359742,226322250,2,5019,2535
2025-06-17 12:24:06.000000,794.15,4359854,226322250,1,5128,2137
2025-06-17 12:24:06.000000,794.0,4359854,226322250,4,5128,2137
2025-06-17 12:24:07.000000,794.0,4359860,226322250,4,2877,2421
2025-06-17 12:24:08.000000,794.1,4359861,226322250,1,2042,2219
2025-06-17 12:24:08.000000,794.1,4359861,226322250,1,2042,2219
2025-06-17 12:24:10.000000,794.0,4360456,226322250,49,1833,2200
2025-06-17 12:24:10.000000,794.15,4360456,226322250,2,1833,2200
2025-06-17 12:24:11.000000,794.15,4360580,226322250,2,1628,2803
2025-06-17 12:24:11.000000,794.1,4360580,226322250,33,1628,2803
2025-06-17 12:24:12.000000,794.1,4360664,226322250,1,1997,3526
2025-06-17 12:24:12.000000,794.15,4360664,226322250,10,1997,3526
2025-06-17 12:24:13.000000,794.15,4360674,226322250,10,1799,3710
2025-06-17 12:24:14.000000,794.15,4360674,226322250,10,1672,6898
2025-06-17 12:24:14.000000,794.0,4360674,226322250,355,1672,6898
2025-06-17 12:24:15.000000,793.95,4362794,226322250,1,843,4938
2025-06-17 12:24:15.000000,793.8,4362794,226322250,46,843,4938
2025-06-17 12:24:16.000000,794.0,4363024,226322250,1,2249,5069
2025-06-17 12:24:16.000000,794.0,4363024,226322250,1,2249,5069
2025-06-17 12:24:17.000000,793.8,4363025,226322250,1,2449,4846
2025-06-17 12:24:17.000000,793.8,4363025,226322250,1,2449,4846
2025-06-17 12:24:18.000000,794.0,4363027,226322250,2,2481,4839
2025-06-17 12:24:18.000000,794.0,4363027,226322250,2,2481,4839
2025-06-17 12:24:19.000000,793.75,4363087,226322250,5,23001,5140
2025-06-17 12:24:19.000000,793.75,4363087,226322250,5,23001,5140
2025-06-17 12:24:20.000000,793.8,4363140,226322250,3,24144,4464
2025-06-17 12:24:20.000000,793.8,4363140,226322250,3,24144,4464
2025-06-17 12:24:21.000000,793.65,4363140,226322250,1,24144,4464
2025-06-17 12:24:22.000000,793.65,4363149,226322250,1,25237,4610
2025-06-17 12:24:22.000000,793.6,4363149,226322250,2,25237,4610
2025-06-17 12:24:23.000000,793.55,4363192,226322250,1,24717,2344
2025-06-17 12:24:23.000000,793.55,4363192,226322250,1,24717,2344
2025-06-17 12:24:24.000000,793.65,4363357,226322250,1,24846,3713
2025-06-17 12:24:24.000000,793.5,4363357,226322250,21,24846,3713
2025-06-17 12:24:25.000000,793.6,4364349,226322250,1,22654,9797
2025-06-17 12:24:25.000000,793.6,4364349,226322250,1,22654,9797
2025-06-17 12:24:26.000000,793.6,4364361,226322250,10,22745,7533
2025-06-17 12:24:26.000000,793.6,4364361,226322250,1,22745,7533
2025-06-17 12:24:27.000000,793.5,4364373,226322250,10,22610,7515
2025-06-17 12:24:27.000000,793.5,4364373,226322250,10,22610,7515
2025-06-17 12:24:28.000000,793.6,4364763,226322250,1,23044,7243
2025-06-17 12:24:28.000000,793.5,4364763,226322250,22,23044,7243
2025-06-17 12:24:29.000000,793.6,4364891,226322250,1,24114,6784
2025-06-17 12:24:29.000000,793.55,4364891,226322250,1,24114,6784
2025-06-17 12:24:30.000000,793.55,4365196,226322250,3,23785,3090
2025-06-17 12:24:30.000000,793.55,4365196,226322250,1,23785,3090
2025-06-17 12:24:31.000000,793.5,4365196,226322250,33,23785,3090
2025-06-17 12:24:32.000000,793.5,4365242,226322250,33,23093,3305
2025-06-17 12:24:32.000000,793.5,4365242,226322250,1500,23093,3305
2025-06-17 12:24:33.000000,793.55,4366851,226322250,107,21791,3176
2025-06-17 12:24:33.000000,793.5,4366851,226322250,43,21791,3176
2025-06-17 12:24:34.000000,793.55,4366945,226322250,1,21724,3143
2025-06-17 12:24:34.000000,793.55,4366945,226322250,1,21724,3143
2025-06-17 12:24:35.000000,793.55,4366947,226322250,1,21816,3049
2025-06-17 12:24:35.000000,793.55,4366947,226322250,1,21816,3049
2025-06-17 12:24:36.000000,793.55,4366972,226322250,20,21814,3026
2025-06-17 12:24:36.000000,793.5,4366972,226322250,53,21814,3026
2025-06-17 12:24:37.000000,793.55,4367033,226322250,1,23132,6333
2025-06-17 12:24:37.000000,793.55,4367033,226322250,1,23132,6333
2025-06-17 12:24:38.000000,793.55,4367035,226322250,1,24359,6235
2025-06-17 12:24:39.000000,793.5,4367785,226322250,750,21603,3867
2025-06-17 12:24:39.000000,793.5,4367785,226322250,750,21603,3867
2025-06-17 12:24:40.000000,793.55,4367885,226322250,100,22410,3100
2025-06-17 12:24:40.000000,793.55,4367885,226322250,3,22410,3100
2025-06-17 12:24:41.000000,793.55,4367903,226322250,1,22209,3136
2025-06-17 12:24:41.000000,793.55,4367903,226322250,1,22209,3136
2025-06-17 12:24:42.000000,793.55,4368066,226322250,10,22372,2990
2025-06-17 12:24:42.000000,793.5,4368066,226322250,261,22372,2990
2025-06-17 12:24:43.000000,793.55,4368833,226322250,203,21861,2483
2025-06-17 12:24:43.000000,793.55,4368833,226322250,203,21861,2483
2025-06-17 12:24:44.000000,793.5,4368859,226322250,1,22872,5687
2025-06-17 12:24:44.000000,793.5,4368859,226322250,1,22872,5687
2025-06-17 12:24:45.000000,793.55,4368860,226322250,1,22872,5686
2025-06-17 12:24:45.000000,793.55,4368860,226322250,1,22872,5686
2025-06-17 12:24:46.000000,793.55,4368898,226322250,20,23368,5622
2025-06-17 12:24:46.000000,793.55,4368898,226322250,2,23368,5622
2025-06-17 12:24:47.000000,793.5,4368909,226322250,1,23367,5798
2025-06-17 12:24:47.000000,793.5,4368909,226322250,1,23367,5798
2025-06-17 12:24:48.000000,793.5,4368909,226322250,1,23167,6028
2025-06-17 12:24:49.000000,793.55,4368909,226322250,1,23167,6028
2025-06-17 12:24:50.000000,793.55,4369127,226322250,2,22614,7198
2025-06-17 12:24:50.000000,793.65,4369127,226322250,4,22614,7198
2025-06-17 12:24:51.000000,793.65,4369277,226322250,32,22556,7216
2025-06-17 12:24:51.000000,793.55,4369277,226322250,37,22556,7216
2025-06-17 12:24:52.000000,793.55,4369404,226322250,6,22278,7698
2025-06-17 12:24:52.000000,793.55,4369404,226322250,6,22278,7698
2025-06-17 12:24:53.000000,793.65,4369429,226322250,25,22516,7370
2025-06-17 12:24:53.000000,793.65,4369429,226322250,25,22516,7370
2025-06-17 12:24:54.000000,793.5,4370975,226322250,675,22187,9857
2025-06-17 12:24:54.000000,793.5,4370975,226322250,675,22187,9857
2025-06-17 12:24:54.000000,793.65,4370975,226322250,1,22187,9857
2025-06-17 12:24:55.000000,793.5,4371738,226322250,10,21614,7949
2025-06-17 12:24:55.000000,793.5,4371738,226322250,10,21614,7949
2025-06-17 12:24:55.000000,793.5,4371738,226322250,10,21614,7949
2025-06-17 12:24:56.000000,793.5,4371738,226322250,10,21614,7949
2025-06-17 12:24:56.000000,793.65,4371739,226322250,1,21667,7535
2025-06-17 12:24:56.000000,793.5,4371739,226322250,750,21667,7535
2025-06-17 12:24:57.000000,793.5,4371739,226322250,750,21667,7535
2025-06-17 12:24:57.000000,793.65,4374091,226322250,1,18514,8712
2025-06-17 12:24:57.000000,793.65,4374091,226322250,1,18514,8712
2025-06-17 12:24:57.000000,793.65,4374091,226322250,2,18514,8712
2025-06-17 12:24:58.000000,793.65,4374091,226322250,2,18514,8712
2025-06-17 12:24:58.000000,793.65,4374097,226322250,4,18920,8109
2025-06-17 12:24:58.000000,793.65,4374097,226322250,4,18920,8109
2025-06-17 12:24:59.000000,793.65,4374097,226322250,4,18920,8109
2025-06-17 12:24:59.000000,793.5,4374102,226322250,1,19398,7905
2025-06-17 12:24:59.000000,793.5,4374102,226322250,1,19398,7905
2025-06-17 12:24:59.000000,793.65,4374102,226322250,169,19398,7905
2025-06-17 12:25:00.000000,793.65,4374102,226322250,169,19398,7905
2025-06-17 12:25:00.000000,793.5,4374102,226322250,750,19398,7905
2025-06-17 12:25:01.000000,793.5,4374102,226322250,750,19398,7905
2025-06-17 12:25:01.000000,793.55,4384308,226322250,1,8843,8635
2025-06-17 12:25:01.000000,793.55,4384308,226493250,1,8843,8635
2025-06-17 12:25:01.000000,793.5,4384308,226493250,750,8843,8635
2025-06-17 12:25:02.000000,793.05,4396345,226493250,52,20718,4153
2025-06-17 12:25:02.000000,793.05,4396345,226493250,9,20718,4153
2025-06-17 12:25:03.000000,793.05,4396345,226493250,9,20718,4153
2025-06-17 12:25:03.000000,793.0,4399653,226493250,314,18855,3856
2025-06-17 12:25:03.000000,793.0,4399653,226493250,314,18855,3856
2025-06-17 12:25:03.000000,793.05,4399653,226493250,1,18855,3856
2025-06-17 12:25:04.000000,793.05,4399704,226493250,1,18805,4175
2025-06-17 12:25:04.000000,793.05,4399704,226493250,1,18805,4175
2025-06-17 12:25:05.000000,793.05,4399704,226493250,1,18805,4175
2025-06-17 12:25:05.000000,793.05,4399730,226493250,1,20202,4146
2025-06-17 12:25:06.000000,793.05,4399731,226493250,1,21222,3713
2025-06-17 12:25:06.000000,793.05,4399731,226493250,1,21222,3713
2025-06-17 12:25:06.000000,793.0,4399731,226493250,583,21222,3713
2025-06-17 12:25:07.000000,793.0,4401625,226493250,500,18394,4316
2025-06-17 12:25:07.000000,793.0,4401625,226493250,500,18394,4316
2025-06-17 12:25:07.000000,793.0,4401625,226493250,500,18394,4316
2025-06-17 12:25:08.000000,793.0,4401625,226493250,500,18506,3856
2025-06-17 12:25:08.000000,793.0,4401625,226493250,500,18506,3856
2025-06-17 12:25:08.000000,793.05,4401625,226493250,205,18506,3856
2025-06-17 12:25:09.000000,793.05,4401962,226493250,107,19508,4063
2025-06-17 12:25:09.000000,793.0,4401962,226493250,262,19508,4063
2025-06-17 12:25:10.000000,793.0,4402975,226493250,1,18038,2594
2025-06-17 12:25:10.000000,793.05,4402975,226493250,3,18038,2594
2025-06-17 12:25:11.000000,793.0,4403283,226493250,33,17845,4173
2025-06-17 12:25:11.000000,793.0,4403283,226493250,2,17845,4173
2025-06-17 12:25:12.000000,793.0,4403286,226493250,2,17774,4990
2025-06-17 12:25:13.000000,793.05,4403321,226493250,20,17849,4949
2025-06-17 12:25:13.000000,793.05,4403321,226493250,20,17849,4949
2025-06-17 12:25:14.000000,793.05,4403321,226493250,20,18044,4919
2025-06-17 12:25:14.000000,793.05,4403321,226493250,1,18044,4919
2025-06-17 12:25:15.000000,793.0,4403328,226493250,1,18037,4943
2025-06-17 12:25:15.000000,793.0,4403328,226493250,1,18037,4943
2025-06-17 12:25:16.000000,793.0,4403328,226493250,1,18037,4943
2025-06-17 12:25:17.000000,793.0,4403436,226493250,1,18928,4806
2025-06-17 12:25:17.000000,793.0,4403436,226493250,90,18928,4806
2025-06-17 12:25:18.000000,793.05,4403695,226493250,109,18740,4697
2025-06-17 12:25:18.000000,793.0,4403695,226493250,140,18740,4697
2025-06-17 12:25:19.000000,793.0,4405150,226493250,72,15710,5996
2025-06-17 12:25:19.000000,793.0,4405150,226493250,750,15710,5996
2025-06-17 12:25:20.000000,793.0,4410259,226493250,750,10668,6655
2025-06-17 12:25:20.000000,793.0,4410259,226493250,33,10668,6655
2025-06-17 12:25:21.000000,793.0,4411216,226493250,750,10135,5725
2025-06-17 12:25:21.000000,793.0,4411216,226493250,1,10135,5725
2025-06-17 12:25:22.000000,793.05,4411364,226493250,12,10067,5757
2025-06-17 12:25:22.000000,793.05,4411364,226493250,7,10067,5757
2025-06-17 12:25:23.000000,793.05,4411371,226493250,7,10298,5189
2025-06-17 12:25:24.000000,793.05,4411371,226493250,7,10298,5159
2025-06-17 12:25:24.000000,793.05,4411371,226493250,25,10298,5159
2025-06-17 12:25:25.000000,793.05,4411396,226493250,25,10765,5721
2025-06-17 12:25:26.000000,793.05,4411397,226493250,1,10311,6733
2025-06-17 12:25:26.000000,793.0,4411397,226493250,1,10311,6733
2025-06-17 12:25:27.000000,793.0,4412375,226493250,870,9697,6085
2025-06-17 12:25:27.000000,793.0,4412375,226493250,870,9697,6085
2025-06-17 12:25:28.000000,793.0,4412479,226493250,1,10165,5982
2025-06-17 12:25:28.000000,793.05,4412479,226493250,3,10165,5982
2025-06-17 12:25:29.000000,793.05,4412485,226493250,1,10241,5975
2025-06-17 12:25:29.000000,793.05,4412485,226493250,1,10241,5975
2025-06-17 12:25:30.000000,793.05,4412485,226493250,3,10241,5975
2025-06-17 12:25:31.000000,793.05,4412590,226493250,3,10223,5971
2025-06-17 12:25:31.000000,793.0,4412590,226493250,33,10223,5971
2025-06-17 12:25:32.000000,793.05,4413326,226493250,1,10863,4332
2025-06-17 12:25:32.000000,793.0,4413326,226493250,161,10863,4332
2025-06-17 12:25:33.000000,793.0,4413487,226493250,161,11176,4332
2025-06-17 12:25:33.000000,793.05,4413487,226493250,87,11176,4332
2025-06-17 12:25:34.000000,793.05,4413702,226493250,1,11416,4547
2025-06-17 12:25:34.000000,793.05,4413702,226493250,1,11416,4547
2025-06-17 12:25:35.000000,793.05,4413716,226493250,14,10997,5366
2025-06-17 12:25:35.000000,793.05,4413716,226493250,14,10997,5366
2025-06-17 12:25:36.000000,793.2,4413828,226493250,3,11026,5383
2025-06-17 12:25:36.000000,793.05,4413828,226493250,2,11026,5383
2025-06-17 12:25:37.000000,793.2,4413833,226493250,1,11041,5552
2025-06-17 12:25:37.000000,793.2,4413833,226493250,1,11041,5552
2025-06-17 12:25:38.000000,793.2,4413883,226493250,25,11043,5504
2025-06-17 12:25:38.000000,793.2,4413883,226493250,5,11043,5504
2025-06-17 12:25:39.000000,793.2,4413918,226493250,30,13512,6570
2025-06-17 12:25:39.000000,793.2,4413918,226493250,2,13512,6570
2025-06-17 12:25:40.000000,793.2,4413922,226493250,2,13581,6566
2025-06-17 12:25:40.000000,793.2,4413922,226493250,10,13581,6566
2025-06-17 12:25:41.000000,793.05,4413979,226493250,1,11695,6448
2025-06-17 12:25:41.000000,793.05,4413979,226493250,1,11695,6448
2025-06-17 12:25:43.000000,793.15,4413980,226493250,1,11042,1668
2025-06-17 12:25:43.000000,793.15,4413980,226493250,1,11042,1668
2025-06-17 12:25:44.000000,793.15,4413980,226493250,1,11848,5254
2025-06-17 12:25:44.000000,793.15,4413980,226493250,1,11848,5254
2025-06-17 12:25:45.000000,793.25,4414037,226493250,13,10767,11851
2025-06-17 12:25:45.000000,793.25,4414037,226493250,10,10767,11851
2025-06-17 12:25:46.000000,793.5,4417635,226493250,328,9793,11682
2025-06-17 12:25:46.000000,793.5,4417635,226493250,328,9793,11682
2025-06-17 12:25:47.000000,793.2,4417636,226493250,1,10003,10285
2025-06-17 12:25:47.000000,793.2,4417636,226493250,1,10003,10285
2025-06-17 12:25:48.000000,793.2,4417636,226493250,1,10342,9432
2025-06-17 12:25:48.000000,793.2,4417636,226493250,1,10342,9432
2025-06-17 12:25:49.000000,793.2,4417657,226493250,7,10378,10392
2025-06-17 12:25:49.000000,793.2,4417657,226493250,7,10378,10392
2025-06-17 12:25:50.000000,793.45,4417719,226493250,5,10692,9699
2025-06-17 12:25:50.000000,793.45,4417719,226493250,5,10692,9699
2025-06-17 12:25:51.000000,793.2,4417754,226493250,27,11584,9829
2025-06-17 12:25:51.000000,793.2,4417754,226493250,27,11584,9829
2025-06-17 12:25:52.000000,793.2,4417754,226493250,27,11584,9079
2025-06-17 12:25:53.000000,793.2,4417754,226493250,27,11752,9082
2025-06-17 12:25:54.000000,793.45,4417754,226493250,25,11752,9082
2025-06-17 12:25:55.000000,793.45,4417909,226493250,25,5077,3387
2025-06-17 12:25:56.000000,793.45,4417909,226493250,25,5226,3387
2025-06-17 12:25:56.000000,793.45,4417909,226493250,1,5226,3387
2025-06-17 12:25:57.000000,793.45,4417910,226493250,1,5222,3328
2025-06-17 12:25:57.000000,793.3,4417910,226493250,10,5222,3328
2025-06-17 12:25:58.000000,793.3,4417921,226493250,10,4575,3162
2025-06-17 12:25:58.000000,793.45,4417924,226493250,3,4343,3159
2025-06-17 12:25:58.000000,793.45,4417924,226493250,3,4343,3159
2025-06-17 12:25:59.000000,793.35,4417924,226493250,54,4343,3159
2025-06-17 12:26:00.000000,793.35,4417978,226493250,54,3823,4186
2025-06-17 12:26:00.000000,793.45,4417978,226493250,2,3823,4186
2025-06-17 12:26:01.000000,793.45,4418545,226493250,1,2755,4721
2025-06-17 12:26:01.000000,793.45,4418545,226493250,1,2755,4721
2025-06-17 12:26:02.000000,793.3,4418598,226493250,53,2484,4779
2025-06-17 12:26:03.000000,793.35,4418598,226493250,10,2484,4779
2025-06-17 12:26:03.000000,793.4,4418825,226493250,44,3427,5478
2025-06-17 12:26:04.000000,793.4,4418825,226493250,44,3427,5478
2025-06-17 12:26:04.000000,793.45,4418902,226493250,77,3580,3349
2025-06-17 12:26:04.000000,793.35,4418902,226493250,1,3580,3349
2025-06-17 12:26:05.000000,793.25,4418904,226493250,1,3828,4013
2025-06-17 12:26:05.000000,793.4,4418904,226493250,5,3828,4013
2025-06-17 12:26:06.000000,793.45,4418912,226493250,1,3171,6249
2025-06-17 12:26:06.000000,793.45,4418912,226493250,1,3171,6249
2025-06-17 12:26:07.000000,793.45,4418925,226493250,13,3157,7154
2025-06-17 12:26:07.000000,793.45,4418925,226493250,13,3157,7154
2025-06-17 12:26:08.000000,793.45,4418925,226493250,13,3521,4607
2025-06-17 12:26:08.000000,793.45,4418925,226493250,1,3521,4607
2025-06-17 12:26:09.000000,793.45,4418926,226493250,1,3531,4855
2025-06-17 12:26:10.000000,793.45,4418926,226493250,1,2214,3937
2025-06-17 12:26:11.000000,793.45,4418926,226493250,3,2214,3937
2025-06-17 12:26:11.000000,793.4,4418981,226493250,33,2362,3917
2025-06-17 12:26:11.000000,793.4,4418981,226493250,33,2362,3917
2025-06-17 12:26:12.000000,793.45,4419093,226493250,1,2601,3681
2025-06-17 12:26:12.000000,793.45,4419093,226493250,1,2601,3681
2025-06-17 12:26:13.000000,793.4,4419094,226493250,1,3234,4586
2025-06-17 12:26:13.000000,793.4,4419094,226493250,3,3234,4586
2025-06-17 12:26:14.000000,793.45,4419098,226493250,1,3429,4281
2025-06-17 12:26:14.000000,793.45,4419098,226493250,1,3429,4281
2025-06-17 12:26:15.000000,793.45,4419442,226493250,2,2548,4995
2025-06-17 12:26:15.000000,793.45,4419442,226493250,2,2548,4995
2025-06-17 12:26:16.000000,793.45,4419443,226493250,1,2524,5240
2025-06-17 12:26:16.000000,793.5,4419443,226493250,5,2524,5240
2025-06-17 12:26:17.000000,793.5,4419448,226493250,5,3081,5015
2025-06-17 12:26:18.000000,793.5,4419448,226493250,5,2862,5235
2025-06-17 12:26:19.000000,793.5,4419448,226493250,5,2893,4891
2025-06-17 12:26:20.000000,793.45,4419530,226493250,82,3191,4707
2025-06-17 12:26:21.000000,793.5,4419530,226493250,1,3191,4707
2025-06-17 12:26:21.000000,793.4,4419678,226493250,23,3596,4627
2025-06-17 12:26:22.000000,793.4,4419678,226493250,23,3596,4627
2025-06-17 12:26:22.000000,793.4,4419678,226493250,23,2175,4871
2025-06-17 12:26:23.000000,793.4,4419678,226493250,23,2378,4901
2025-06-17 12:26:24.000000,793.5,4419680,226493250,1,2372,4900
2025-06-17 12:26:25.000000,793.5,4419680,226493250,1,2372,4900
2025-06-17 12:26:25.000000,793.45,4419681,226493250,1,2375,4900
2025-06-17 12:26:26.000000,793.45,4419681,226493250,1,2375,4900
2025-06-17 12:26:26.000000,793.5,4420275,226493250,466,2193,4882
2025-06-17 12:26:27.000000,793.5,4420275,226493250,466,2193,4882
2025-06-17 12:26:27.000000,793.45,4420276,226493250,1,2482,4884
2025-06-17 12:26:28.000000,793.45,4420276,226493250,1,2482,4884
2025-06-17 12:26:28.000000,793.5,4420290,226493250,3,3202,4871
2025-06-17 12:26:29.000000,793.5,4420290,226493250,3,3202,4871
2025-06-17 12:26:30.000000,793.45,4420290,226493250,1,3202,4871
2025-06-17 12:26:30.000000,793.5,4420399,226493250,108,3394,4763
2025-06-17 12:26:31.000000,793.45,4420399,226493250,164,3394,4763
2025-06-17 12:26:31.000000,793.5,4420576,226493250,1,3868,4851
2025-06-17 12:26:32.000000,793.45,4420576,226493250,2,3868,4851
2025-06-17 12:26:32.000000,793.45,4420609,226493250,2,3598,4851
2025-06-17 12:26:33.000000,793.45,4420609,226493250,2,3646,4797
2025-06-17 12:26:34.000000,793.5,4420609,226493250,1,3646,4797
2025-06-17 12:26:34.000000,793.5,4420610,226493250,1,3647,4797
2025-06-17 12:26:35.000000,793.45,4420610,226493250,46,3647,4797
2025-06-17 12:26:35.000000,793.45,4420868,226493250,46,5067,4544
2025-06-17 12:26:36.000000,793.45,4420868,226493250,1,5067,4544
2025-06-17 12:26:36.000000,793.45,4420970,226493250,1,3172,4208
2025-06-17 12:26:37.000000,793.45,4420970,226493250,6,3172,4208
2025-06-17 12:26:37.000000,793.45,4420976,226493250,6,4275,2792
2025-06-17 12:26:38.000000,793.45,4420979,226493250,3,4001,2946
2025-06-17 12:26:39.000000,793.4,4420979,226493250,10,4001,2946
2025-06-17 12:26:39.000000,793.45,4421098,226493250,108,4347,3688
2025-06-17 12:26:40.000000,793.4,4421098,226493250,153,4347,3688
2025-06-17 12:26:40.000000,793.4,4421251,226493250,153,4005,3688
2025-06-17 12:26:41.000000,793.4,4421251,226493250,1,4005,3688
2025-06-17 12:26:41.000000,793.45,4421302,226493250,1,3972,3695
2025-06-17 12:26:42.000000,793.45,4421302,226493250,1,3972,3695
2025-06-17 12:26:42.000000,793.45,4421302,226493250,1,3973,3695
2025-06-17 12:26:43.000000,793.45,4421302,226493250,157,3973,3695
2025-06-17 12:26:43.000000,793.45,4421492,226493250,157,4115,3687
2025-06-17 12:26:44.000000,793.45,4421592,226493250,100,4654,3589
2025-06-17 12:26:45.000000,793.45,4421592,226493250,1,4654,3589
2025-06-17 12:26:45.000000,793.45,4421738,226493250,2,4005,3622
2025-06-17 12:26:46.000000,793.45,4421738,226493250,2,4005,3622
2025-06-17 12:26:46.000000,793.45,4421739,226493250,1,4192,3621
2025-06-17 12:26:47.000000,793.45,4421739,226493250,15,4192,3621
2025-06-17 12:26:47.000000,793.45,4421754,226493250,15,4323,3606
2025-06-17 12:26:48.000000,793.45,4421885,226493250,2,2947,4126
2025-06-17 12:26:49.000000,793.5,4421885,226493250,1,2947,4126
2025-06-17 12:26:49.000000,793.45,4421904,226493250,1,2791,4409
2025-06-17 12:26:50.000000,793.45,4421904,226493250,1,2791,4409
2025-06-17 12:26:50.000000,793.45,4421904,226493250,1,1495,5825
2025-06-17 12:26:51.000000,793.5,4421904,226493250,4,1495,5825
2025-06-17 12:26:51.000000,793.5,4421947,226493250,1,1654,5874
2025-06-17 12:26:52.000000,793.5,4421947,226493250,1,1654,5874
2025-06-17 12:26:52.000000,793.5,4421948,226493250,1,1659,5873
2025-06-17 12:26:53.000000,793.5,4421948,226493250,25,1659,5873
2025-06-17 12:26:53.000000,793.5,4421973,226493250,25,1663,7385
2025-06-17 12:26:54.000000,793.5,4421973,226493250,2,1663,7385
2025-06-17 12:26:54.000000,793.5,4422021,226493250,1,3270,4507
2025-06-17 12:26:55.000000,793.5,4422021,226493250,1,3270,4507
2025-06-17 12:26:55.000000,793.5,4422021,226493250,1,3050,4537
2025-06-17 12:26:56.000000,793.45,4422024,226493250,2,2977,4536
2025-06-17 12:26:57.000000,793.45,4422024,226493250,2,2977,4536
2025-06-17 12:26:58.000000,793.45,4422024,226493250,70,2527,4837
2025-06-17 12:26:58.000000,793.45,4422201,226493250,70,2527,4837
2025-06-17 12:26:59.000000,793.5,4422201,226493250,3,2717,5393
2025-06-17 12:26:59.000000,793.5,4422205,226493250,3,2717,5393
2025-06-17 12:27:00.000000,793.45,4422205,226493250,1,2717,5393
2025-06-17 12:27:00.000000,793.45,4422257,226493250,1,2718,5399
2025-06-17 12:27:01.000000,793.5,4422257,226493250,2,2718,5399
2025-06-17 12:27:01.000000,793.45,4422329,226493250,33,3390,5369
2025-06-17 12:27:02.000000,793.45,4422329,226493250,33,3390,5369
2025-06-17 12:27:02.000000,793.45,4422329,226493250,33,3387,5284
2025-06-17 12:27:03.000000,793.5,4422329,226493250,9,3387,5284
2025-06-17 12:27:03.000000,793.5,4422346,226493250,8,3736,4418
2025-06-17 12:27:04.000000,793.5,4422346,226493250,8,3736,4418
2025-06-17 12:27:04.000000,793.45,4422404,226493250,50,3455,4443
2025-06-17 12:27:05.000000,793.45,4422404,226493250,50,3455,4443
2025-06-17 12:27:06.000000,793.45,4422404,226493250,50,3459,4443
2025-06-17 12:27:07.000000,793.45,4422404,226493250,130,3459,4443
2025-06-17 12:27:07.000000,793.45,4422782,226493250,130,3152,4492
2025-06-17 12:27:08.000000,793.5,4422782,226493250,415,3152,4492
2025-06-17 12:27:08.000000,793.5,4423347,226493250,415,2392,4576
2025-06-17 12:27:08.000000,793.5,4423347,226493250,415,2382,4570
2025-06-17 12:27:09.000000,793.5,4423347,226493250,415,2164,4722
2025-06-17 12:27:11.000000,793.5,4423347,226493250,2,2164,4722
2025-06-17 12:27:11.000000,793.5,4423366,226493250,1,1983,4888
2025-06-17 12:27:12.000000,793.45,4423366,226493250,21,1983,4888
2025-06-17 12:27:12.000000,793.45,4423401,226493250,1,1928,5140
2025-06-17 12:27:13.000000,793.45,4423401,226493250,1,1928,5140
2025-06-17 12:27:13.000000,793.45,4423401,226493250,1,1916,5114
2025-06-17 12:27:14.000000,793.5,4423401,226493250,3,1916,5114
2025-06-17 12:27:14.000000,793.5,4423404,226493250,3,2015,5105
2025-06-17 12:27:15.000000,793.5,4423511,226493250,107,2303,4491
2025-06-17 12:27:16.000000,793.45,4423511,226493250,97,2303,4491
2025-06-17 12:27:16.000000,793.5,4424427,226493250,1,1986,3922
2025-06-17 12:27:17.000000,793.5,4424427,226493250,1,1986,3922
2025-06-17 12:27:17.000000,793.5,4424437,226493250,10,1829,3912
2025-06-17 12:27:18.000000,793.5,4424437,226493250,10,1829,3912
2025-06-17 12:27:18.000000,793.5,4424441,226493250,2,1554,7146
2025-06-17 12:27:19.000000,793.45,4424441,226493250,2,1554,7146
2025-06-17 12:27:19.000000,793.5,4424450,226493250,7,1550,7139
2025-06-17 12:27:20.000000,793.5,4424450,226493250,7,1550,7139
2025-06-17 12:27:20.000000,793.5,4424454,226493250,3,1743,6614
2025-06-17 12:27:21.000000,793.5,4424454,226493250,3,1743,6614
2025-06-17 12:27:22.000000,793.45,4424454,226493250,34,1743,6614
2025-06-17 12:27:22.000000,793.45,4424489,226493250,34,1744,6580
2025-06-17 12:27:23.000000,793.5,4424489,226493250,20,1744,6580
2025-06-17 12:27:23.000000,793.45,4424632,226493250,1,2750,6871
2025-06-17 12:27:24.000000,793.4,4424632,226493250,2,2750,6871
2025-06-17 12:27:24.000000,793.4,4425993,226493250,2,1140,14330
2025-06-17 12:27:25.000000,793.4,4425993,226493250,10,1140,14330
2025-06-17 12:27:25.000000,793.4,4426573,226493250,10,755,13326
2025-06-17 12:27:26.000000,793.4,4426573,226493250,1,755,13326
2025-06-17 12:27:26.000000,793.4,4426767,226493250,1,914,12894
2025-06-17 12:27:27.000000,793.35,4426767,226493250,26,914,12894
2025-06-17 12:27:27.000000,793.35,4427614,226493250,26,10960,10199
2025-06-17 12:27:28.000000,793.2,4427614,226493250,10,10960,10199
2025-06-17 12:27:28.000000,793.2,4427722,226493250,10,9501,10377
2025-06-17 12:27:29.000000,793.15,4427722,226493250,10,9501,10377
2025-06-17 12:27:29.000000,793.15,4428093,226493250,10,9185,11273
2025-06-17 12:27:30.000000,793.35,4428093,226493250,65,9185,11273
2025-06-17 12:27:30.000000,793.35,4428168,226493250,65,10932,11442
2025-06-17 12:27:31.000000,793.3,4428168,226493250,3,10932,11442
2025-06-17 12:27:31.000000,793.1,4428756,226493250,1,11866,2617
2025-06-17 12:27:32.000000,793.0,4428756,226493250,4,11866,2617
2025-06-17 12:27:32.000000,793.0,4429095,226493250,4,11818,1236
2025-06-17 12:27:33.000000,793.1,4429095,226493250,33,11818,1236
2025-06-17 12:27:33.000000,793.1,4429269,226493250,86,12155,2399
2025-06-17 12:27:34.000000,793.0,4429269,226493250,2,12155,2399
2025-06-17 12:27:34.000000,793.0,4429487,226493250,20,12236,3010
2025-06-17 12:27:35.000000,793.1,4429487,226493250,15,12236,3010
2025-06-17 12:27:35.000000,793.1,4429621,226493250,67,12643,3443
2025-06-17 12:27:36.000000,793.1,4429621,226493250,67,12643,3443
2025-06-17 12:27:36.000000,793.0,4429733,226493250,71,13677,2798
2025-06-17 12:27:37.000000,793.0,4429733,226493250,71,13677,2798
2025-06-17 12:27:37.000000,793.0,4429733,226493250,71,13477,2619
2025-06-17 12:27:38.000000,793.0,4429733,226493250,1,13477,2619
2025-06-17 12:27:38.000000,793.0,4429734,226493250,1,13033,2641
2025-06-17 12:27:39.000000,793.1,4429739,226493250,5,11696,2302
2025-06-17 12:27:40.000000,793.1,4429739,226493250,5,11696,2302
2025-06-17 12:27:40.000000,793.05,4429793,226493250,54,11184,2405
2025-06-17 12:27:41.000000,793.1,4429793,226493250,3,11184,2405
2025-06-17 12:27:41.000000,793.05,4429854,226493250,33,11360,2094
2025-06-17 12:27:42.000000,793.05,4429854,226493250,33,11360,2094
2025-06-17 12:27:42.000000,793.05,4430262,226493250,300,10870,2419
2025-06-17 12:27:43.000000,793.05,4430262,226493250,6,10870,2419
2025-06-17 12:27:43.000000,793.05,4430301,226493250,6,11039,2440
2025-06-17 12:27:44.000000,793.05,4430301,226493250,1,11039,2440
2025-06-17 12:27:44.000000,793.05,4430304,226493250,1,11483,3854
2025-06-17 12:27:45.000000,793.05,4430304,226493250,1,11646,2151
2025-06-17 12:27:46.000000,793.1,4430305,226493250,1,11512,3853
2025-06-17 12:27:47.000000,793.05,4430305,226493250,1,11512,3853
2025-06-17 12:27:47.000000,793.1,4430330,226493250,3,11420,4367
2025-06-17 12:27:48.000000,793.1,4430330,226493250,3,11420,4367
2025-06-17 12:27:48.000000,793.0,4431830,226493250,169,12463,2853
2025-06-17 12:27:49.000000,793.0,4431830,226493250,169,12463,2853
2025-06-17 12:27:49.000000,793.1,4432174,226493250,1,10022,9930
2025-06-17 12:27:50.000000,793.05,4432174,226493250,1,10022,9930
2025-06-17 12:27:50.000000,793.05,4432258,226493250,1,10628,5689
2025-06-17 12:27:51.000000,793.1,4432258,226493250,4,10628,5689
2025-06-17 12:27:51.000000,793.05,4432382,226493250,5,13258,989
2025-06-17 12:27:52.000000,793.05,4432382,226493250,5,13258,989
2025-06-17 12:27:52.000000,793.05,4432382,226493250,5,13289,1919
2025-06-17 12:27:54.000000,793.0,4432382,226493250,19,13289,1919
2025-06-17 12:27:54.000000,793.0,4432573,226493250,19,12819,788
2025-06-17 12:27:55.000000,793.05,4432573,226493250,1,12819,788
2025-06-17 12:27:55.000000,793.05,4432791,226493250,1,10327,943
2025-06-17 12:27:55.000000,793.05,4432791,226493250,1,10327,943
2025-06-17 12:27:56.000000,793.0,4432791,226493250,1,10327,943
2025-06-17 12:27:56.000000,793.0,4432791,226493250,1,10327,943
2025-06-17 12:27:56.000000,793.05,4432794,226493250,1,12711,617
2025-06-17 12:27:56.000000,793.05,4432794,226493250,1,12711,617
2025-06-17 12:27:57.000000,793.05,4432794,226493250,1,12711,617
2025-06-17 12:27:57.000000,793.05,4432795,226493250,1,10563,2545
2025-06-17 12:27:57.000000,793.05,4432795,226493250,1,10563,2545
2025-06-17 12:27:58.000000,793.05,4432795,226493250,1,10563,2699
2025-06-17 12:27:58.000000,793.05,4432795,226493250,1,10563,2699
2025-06-17 12:27:59.000000,793.1,4432795,226493250,3,10563,2699
2025-06-17 12:27:59.000000,793.1,4432799,226493250,3,10662,3032
2025-06-17 12:27:59.000000,793.1,4432799,226493250,3,10662,3032
2025-06-17 12:28:00.000000,793.1,4432908,226493250,14,10256,2069
2025-06-17 12:28:00.000000,793.1,4432908,226493250,14,10256,2069
2025-06-17 12:28:01.000000,793.1,4432908,226493250,21,10256,2069
2025-06-17 12:28:01.000000,793.1,4432984,226493250,21,10516,12146
2025-06-17 12:28:01.000000,793.1,4432984,226493250,21,10516,12146
2025-06-17 12:28:02.000000,793.0,4432984,226493250,1,10516,12146
2025-06-17 12:28:02.000000,793.0,4433046,226493250,1,13431,2593
2025-06-17 12:28:02.000000,793.0,4433046,226509000,1,13431,2593
2025-06-17 12:28:03.000000,793.3,4433046,226509000,57,13431,2593
2025-06-17 12:28:03.000000,793.3,4434050,226509000,57,11767,13466
2025-06-17 12:28:03.000000,793.3,4434050,226509000,57,11767,13466
2025-06-17 12:28:04.000000,793.35,4434050,226509000,79,11767,13466
2025-06-17 12:28:04.000000,793.35,4434150,226509000,79,12445,11189
2025-06-17 12:28:04.000000,793.35,4434150,226509000,79,12445,11189
2025-06-17 12:28:05.000000,793.0,4434150,226509000,2,12445,11189
2025-06-17 12:28:05.000000,793.05,4434188,226509000,17,14537,9716
2025-06-17 12:28:05.000000,793.05,4434188,226509000,17,14537,9716
2025-06-17 12:28:06.000000,793.05,4434188,226509000,17,14537,9716
2025-06-17 12:28:06.000000,793.3,4434189,226509000,1,13517,8754
2025-06-17 12:28:06.000000,793.3,4434189,226509000,1,13517,8754
2025-06-17 12:28:07.000000,793.3,4434189,226509000,7,13517,8754
2025-06-17 12:28:07.000000,793.3,4434196,226509000,7,13724,12263
2025-06-17 12:28:07.000000,793.3,4434196,226509000,7,13724,12263
2025-06-17 12:28:08.000000,793.05,4434196,226509000,1,13724,12263
2025-06-17 12:28:08.000000,793.05,4434197,226509000,1,14492,11802
2025-06-17 12:28:09.000000,793.3,4434197,226509000,66,14492,11802
2025-06-17 12:28:09.000000,793.3,4434197,226509000,66,14492,11802
2025-06-17 12:28:09.000000,793.3,4434426,226509000,81,3534,13204
2025-06-17 12:28:10.000000,793.45,4434426,226509000,65,3534,13204
2025-06-17 12:28:10.000000,793.45,4434691,226509000,67,1962,11570
2025-06-17 12:28:11.000000,793.45,4434691,226509000,2,1962,11570
2025-06-17 12:28:11.000000,793.45,4434772,226509000,2,12794,9674
2025-06-17 12:28:12.000000,793.45,4434772,226509000,2,12794,9674
2025-06-17 12:28:13.000000,793.3,4434772,226509000,1,12794,9674
2025-06-17 12:28:13.000000,793.3,4434846,226509000,33,4323,10985
2025-06-17 12:28:14.000000,793.4,4434846,226509000,67,4323,10985
2025-06-17 12:28:14.000000,793.4,4434982,226509000,67,13761,9662
2025-06-17 12:28:15.000000,793.4,4435053,226509000,35,1553,11551
2025-06-17 12:28:16.000000,793.2,4435053,226509000,2,1553,11551
2025-06-17 12:28:16.000000,793.4,4435129,226509000,1,11565,10976
2025-06-17 12:28:17.000000,793.45,4435129,226509000,32,11565,10976
2025-06-17 12:28:17.000000,793.0,4462826,226509000,1103,6022,7495
2025-06-17 12:28:18.000000,793.35,4462826,226509000,66,6022,7495
2025-06-17 12:28:18.000000,793.35,4463000,226509000,105,4252,8237
2025-06-17 12:28:19.000000,793.35,4463000,226509000,105,4252,8237
2025-06-17 12:28:19.000000,793.15,4463074,226509000,1,4160,8518
2025-06-17 12:28:20.000000,793.15,4463074,226509000,1,4160,8518
2025-06-17 12:28:20.000000,793.4,4463092,226509000,15,4317,8817
2025-06-17 12:28:21.000000,793.4,4463092,226509000,15,4317,8817
2025-06-17 12:28:22.000000,793.15,4463092,226509000,34,4317,8817
2025-06-17 12:28:22.000000,793.15,4463127,226509000,34,3155,9801
2025-06-17 12:28:23.000000,793.15,4463127,226509000,1,3155,9801
2025-06-17 12:28:23.000000,793.15,4463130,226509000,1,3273,10494
