Timestamp,LTP,Volume,OI,LastQty,BidQty,AskQty
2025-06-17 11:59:04.000000,12.7,4115250,2793000,1500,51750,54750
2025-06-17 11:59:16.000000,12.6,4115250,2793000,750,51750,54750
2025-06-17 11:59:22.000000,12.75,4115250,2793000,750,51750,54750
2025-06-17 11:59:26.000000,12.7,4115250,2793000,750,51750,54750
2025-06-17 11:59:31.000000,12.7,4117500,2793000,750,50250,56250
2025-06-17 11:59:33.000000,12.7,4117500,2793000,750,50250,56250
2025-06-17 11:59:37.000000,12.7,4117500,2793000,750,50250,56250
2025-06-17 11:59:58.000000,12.7,4118250,2793000,750,56250,51750
2025-06-17 11:59:59.000000,12.65,4118250,2793000,750,56250,51750
2025-06-17 12:00:09.000000,12.6,4118250,2793000,750,56250,51750
2025-06-17 12:00:14.000000,12.55,4118250,2793000,750,56250,51750
2025-06-17 12:00:18.000000,12.6,4118250,2793000,750,56250,51750
2025-06-17 12:00:24.000000,12.6,4123500,2793000,750,45000,60000
2025-06-17 12:00:33.000000,12.6,4123500,2793000,750,45000,60000
2025-06-17 12:00:44.000000,12.6,4123500,2793000,750,45000,60000
2025-06-17 12:00:52.000000,12.6,4124250,2793000,750,43500,54750
2025-06-17 12:01:02.000000,12.55,4124250,2798250,750,43500,54750
2025-06-17 12:01:20.000000,12.6,4124250,2798250,750,43500,54750
2025-06-17 12:01:21.000000,12.6,4129500,2798250,750,45750,53250
2025-06-17 12:01:25.000000,12.55,4129500,2798250,750,45750,53250
2025-06-17 12:01:42.000000,12.55,4129500,2798250,1500,45750,53250
2025-06-17 12:01:48.000000,12.5,4129500,2798250,750,45750,53250
2025-06-17 12:01:50.000000,12.5,4137750,2798250,750,42750,56250
2025-06-17 12:01:51.000000,12.6,4137750,2798250,750,42750,56250
2025-06-17 12:01:53.000000,12.5,4137750,2798250,1500,42750,56250
2025-06-17 12:01:54.000000,12.5,4137750,2798250,750,42750,56250
2025-06-17 12:02:03.000000,12.5,4137750,2798250,750,42750,56250
2025-06-17 12:02:11.000000,12.5,4137750,2798250,750,42750,56250
2025-06-17 12:02:13.000000,12.55,4137750,2798250,750,42750,56250
2025-06-17 12:02:18.000000,12.55,4150500,2798250,750,45000,53250
2025-06-17 12:02:27.000000,12.6,4150500,2798250,1500,45000,53250
2025-06-17 12:02:28.000000,12.5,4150500,2798250,750,45000,53250
2025-06-17 12:02:33.000000,12.6,4150500,2798250,750,45000,53250
2025-06-17 12:02:34.000000,12.6,4150500,2798250,1500,45000,53250
2025-06-17 12:02:45.000000,12.6,4155000,2798250,1500,46500,60750
2025-06-17 12:02:49.000000,12.6,4155000,2798250,750,46500,60750
2025-06-17 12:03:02.000000,12.55,4155000,2798250,750,46500,60750
2025-06-17 12:03:03.000000,12.55,4155000,2798250,750,46500,60750
2025-06-17 12:03:03.000000,12.6,4155000,2798250,750,46500,60750
2025-06-17 12:03:11.000000,12.6,4158750,2798250,750,48000,47250
2025-06-17 12:03:21.000000,12.65,4158750,2798250,750,48000,47250
2025-06-17 12:03:21.000000,12.6,4158750,2798250,750,48000,47250
2025-06-17 12:03:33.000000,12.6,4158750,2798250,750,48000,47250
2025-06-17 12:03:33.000000,12.65,4158750,2798250,750,48000,47250
2025-06-17 12:03:37.000000,12.65,4161750,2798250,750,48750,41250
2025-06-17 12:03:50.000000,12.6,4161750,2798250,750,48750,41250
2025-06-17 12:04:04.000000,12.6,4162500,2798250,750,50250,46500
2025-06-17 12:04:13.000000,12.6,4162500,2817750,750,50250,46500
2025-06-17 12:04:17.000000,12.65,4162500,2817750,750,50250,46500
2025-06-17 12:04:33.000000,12.65,4164750,2817750,750,42750,51750
2025-06-17 12:04:39.000000,12.55,4164750,2817750,750,42750,51750
2025-06-17 12:04:39.000000,12.6,4164750,2817750,750,42750,51750
Timestamp,LTP,Volume,OI,LastQty,BidQty,AskQty
2025-06-17 12:04:45.000000,12.65,4164750,2817750,750,42750,51750
2025-06-17 12:04:58.000000,12.6,4164750,2817750,750,42750,51750
2025-06-17 12:05:01.000000,12.6,4170000,2817750,750,41250,47250
2025-06-17 12:05:02.000000,12.45,4170000,2817750,3750,41250,47250
2025-06-17 12:05:03.000000,12.45,4170000,2817750,3750,41250,47250
2025-06-17 12:05:29.000000,12.45,4182750,2817750,3750,52500,47250
2025-06-17 12:05:32.000000,12.5,4182750,2817750,750,52500,47250
2025-06-17 12:05:33.000000,12.5,4182750,2817750,750,52500,47250
2025-06-17 12:05:42.000000,12.5,4182750,2817750,750,52500,47250
2025-06-17 12:05:56.000000,12.5,4188000,2817750,750,52500,46500
2025-06-17 12:06:24.000000,12.5,4188000,2817750,750,51750,41250
2025-06-17 12:06:52.000000,12.5,4188000,2817750,750,47250,48000
2025-06-17 12:07:01.000000,12.6,4188000,2817000,750,47250,48000
2025-06-17 12:07:03.000000,12.6,4188000,2817000,750,47250,48000
2025-06-17 12:07:14.000000,12.6,4188000,2817000,750,47250,48000
2025-06-17 12:07:18.000000,12.6,4189500,2817000,750,47250,44250
2025-06-17 12:07:27.000000,12.65,4189500,2817000,750,47250,44250
2025-06-17 12:07:33.000000,12.65,4189500,2817000,750,47250,44250
2025-06-17 12:07:42.000000,12.65,4189500,2817000,750,47250,44250
2025-06-17 12:07:47.000000,12.65,4191750,2817000,750,54000,35250
2025-06-17 12:07:52.000000,12.75,4191750,2817000,750,54000,35250
2025-06-17 12:08:03.000000,12.75,4191750,2817000,750,54000,35250
2025-06-17 12:08:06.000000,12.75,4191750,2817000,750,54000,35250
2025-06-17 12:08:13.000000,12.75,4194000,2817000,750,44250,43500
2025-06-17 12:08:28.000000,12.8,4194000,2817000,750,44250,43500
2025-06-17 12:08:33.000000,12.8,4194000,2817000,750,44250,43500
2025-06-17 12:08:39.000000,12.8,4194750,2817000,750,44250,45750
2025-06-17 12:08:40.000000,12.8,4194750,2817000,750,44250,45750
2025-06-17 12:09:05.000000,12.8,4195500,2817000,750,36000,43500
2025-06-17 12:09:06.000000,12.85,4195500,2817000,750,36000,43500
2025-06-17 12:09:27.000000,12.9,4195500,2817000,750,36000,43500
2025-06-17 12:09:31.000000,12.9,4199250,2817000,750,34500,48750
2025-06-17 12:09:33.000000,12.9,4199250,2817000,750,34500,48750
2025-06-17 12:09:45.000000,13.0,4199250,2817000,750,34500,48750
2025-06-17 12:09:48.000000,12.95,4199250,2817000,3000,34500,48750
2025-06-17 12:09:58.000000,12.95,4203750,2817000,3000,42000,47250
2025-06-17 12:10:03.000000,12.95,4203750,2817000,3000,42000,47250
2025-06-17 12:10:15.000000,13.05,4203750,2816250,750,42000,47250
2025-06-17 12:10:25.000000,13.05,4205250,2816250,750,41250,44250
2025-06-17 12:10:32.000000,13.0,4205250,2816250,750,41250,44250
2025-06-17 12:10:33.000000,13.0,4205250,2816250,750,41250,44250
2025-06-17 12:10:35.000000,13.0,4205250,2816250,750,41250,44250
2025-06-17 12:10:53.000000,13.0,4207500,2816250,750,37500,39000
2025-06-17 12:10:54.000000,13.0,4207500,2816250,750,37500,39000
2025-06-17 12:11:03.000000,13.0,4207500,2816250,750,37500,39000
2025-06-17 12:11:07.000000,13.05,4207500,2816250,750,37500,39000
2025-06-17 12:11:14.000000,13.05,4207500,2816250,1500,37500,39000
2025-06-17 12:11:20.000000,13.05,4218750,2816250,1500,45750,51000
2025-06-17 12:11:33.000000,13.05,4218750,2816250,1500,45750,51000
2025-06-17 12:11:37.000000,13.0,4218750,2816250,750,45750,51000
2025-06-17 12:11:46.000000,13.05,4218750,2816250,2250,45750,51000
2025-06-17 12:11:47.000000,13.05,4222500,2816250,2250,45750,40500
2025-06-17 12:12:09.000000,13.1,4222500,2816250,750,45750,40500
2025-06-17 12:12:13.000000,13.1,4230000,2816250,750,38250,44250
2025-06-17 12:12:14.000000,13.15,4230000,2816250,1500,38250,44250
2025-06-17 12:12:16.000000,13.1,4230000,2816250,1500,38250,44250
2025-06-17 12:12:25.000000,12.95,4230000,2816250,750,38250,44250
2025-06-17 12:12:33.000000,12.95,4230000,2816250,750,38250,44250
2025-06-17 12:12:40.000000,12.95,4244250,2816250,750,45750,38250
2025-06-17 12:12:46.000000,12.95,4244250,2816250,750,45750,38250
2025-06-17 12:13:03.000000,12.95,4244250,2816250,750,45750,38250
2025-06-17 12:13:05.000000,12.95,4245000,2816250,750,45000,38250
2025-06-17 12:13:20.000000,12.85,4245000,2817000,750,45000,38250
2025-06-17 12:13:33.000000,12.85,4249500,2817000,750,39750,49500
2025-06-17 12:13:33.000000,12.85,4249500,2817000,750,39750,49500
2025-06-17 12:13:44.000000,12.9,4249500,2817000,750,39750,49500
2025-06-17 12:14:00.000000,12.9,4250250,2817000,750,44250,51000
2025-06-17 12:14:03.000000,12.9,4250250,2817000,750,44250,51000
2025-06-17 12:14:26.000000,13.0,4250250,2817000,750,44250,51000
2025-06-17 12:14:26.000000,13.0,4251000,2817000,750,45750,51750
2025-06-17 12:14:33.000000,13.0,4251000,2817000,750,45750,51750
2025-06-17 12:14:46.000000,12.9,4251000,2817000,750,45750,51750
2025-06-17 12:14:48.000000,12.95,4251000,2817000,750,45750,51750
2025-06-17 12:14:53.000000,12.95,4252500,2817000,750,39750,47250
2025-06-17 12:14:56.000000,12.85,4252500,2817000,750,39750,47250
2025-06-17 12:15:03.000000,12.85,4252500,2817000,750,39750,47250
2025-06-17 12:15:03.000000,12.85,4252500,2817000,750,39750,47250
2025-06-17 12:15:10.000000,12.75,4252500,2817000,750,39750,47250
2025-06-17 12:15:20.000000,12.75,4255500,2817000,750,41250,42750
2025-06-17 12:15:23.000000,12.8,4255500,2817000,750,41250,42750
2025-06-17 12:15:25.000000,12.85,4255500,2817000,1500,41250,42750
2025-06-17 12:15:33.000000,12.85,4255500,2817000,1500,41250,42750
2025-06-17 12:15:49.000000,12.85,4260750,2817000,1500,45750,45750
2025-06-17 12:15:51.000000,12.9,4260750,2817000,750,45750,45750
2025-06-17 12:16:03.000000,12.9,4260750,2817000,750,45750,45750
2025-06-17 12:16:16.000000,12.9,4262250,2817000,750,39000,51750
2025-06-17 12:16:17.000000,12.85,4262250,2817000,750,39000,51750
2025-06-17 12:16:28.000000,12.9,4262250,2817000,750,39000,51750
2025-06-17 12:16:29.000000,12.85,4262250,2817000,750,39000,51750
2025-06-17 12:16:43.000000,12.85,4264500,2817000,750,41250,51750
2025-06-17 12:16:57.000000,12.8,4264500,2817000,750,41250,51750
2025-06-17 12:17:03.000000,12.8,4264500,2817000,750,41250,51750
2025-06-17 12:17:04.000000,12.85,4264500,2817000,750,41250,51750
2025-06-17 12:17:07.000000,12.75,4264500,2817000,750,41250,51750
2025-06-17 12:17:07.000000,12.75,4267500,2817000,750,56250,45000
2025-06-17 12:17:08.000000,12.75,4267500,2817000,750,56250,45000
2025-06-17 12:17:10.000000,12.8,4267500,2817000,750,56250,45000
2025-06-17 12:17:22.000000,12.85,4267500,2817000,750,56250,45000
2025-06-17 12:17:30.000000,12.9,4267500,2817000,750,56250,45000
2025-06-17 12:17:33.000000,12.9,4267500,2817000,750,56250,45000
2025-06-17 12:17:33.000000,12.9,4270500,2817000,750,36750,54000
2025-06-17 12:17:33.000000,12.85,4270500,2817000,750,36750,54000
2025-06-17 12:17:59.000000,12.85,4271250,2817000,750,41250,58500
2025-06-17 12:18:17.000000,12.9,4271250,2817000,750,41250,58500
2025-06-17 12:18:25.000000,12.9,4272000,2817000,750,45750,51000
2025-06-17 12:18:33.000000,12.9,4272000,2817000,750,45750,51000
2025-06-17 12:18:43.000000,12.9,4272000,2817000,750,45750,51000
2025-06-17 12:18:44.000000,12.95,4272000,2817000,750,45750,51000
2025-06-17 12:18:50.000000,12.8,4272000,2817000,750,45750,51000
2025-06-17 12:18:52.000000,12.8,4278000,2817000,750,54750,51000
2025-06-17 12:18:53.000000,12.65,4278000,2817000,750,54750,51000
2025-06-17 12:18:54.000000,12.7,4278000,2817000,750,54750,51000
2025-06-17 12:18:58.000000,12.75,4278000,2817000,750,54750,51000
2025-06-17 12:19:01.000000,12.65,4278000,2817000,750,54750,51000
2025-06-17 12:19:03.000000,12.65,4278000,2817000,750,54750,51000
2025-06-17 12:19:03.000000,12.7,4278000,2817000,750,54750,51000
2025-06-17 12:19:18.000000,12.7,4290000,2817000,750,74250,50250
2025-06-17 12:19:21.000000,12.7,4290000,2817000,750,74250,50250
2025-06-17 12:19:25.000000,12.65,4290000,2817000,750,74250,50250
2025-06-17 12:19:33.000000,12.65,4290000,2817000,750,74250,50250
2025-06-17 12:19:43.000000,12.65,4290000,2817000,750,74250,50250
2025-06-17 12:19:43.000000,12.65,4293750,2817000,750,62250,51000
2025-06-17 12:19:53.000000,12.55,4293750,2817000,750,62250,51000
2025-06-17 12:20:03.000000,12.55,4293750,2817000,750,62250,51000
2025-06-17 12:20:06.000000,12.5,4293750,2817000,1500,62250,51000
2025-06-17 12:20:10.000000,12.5,4298250,2817000,1500,71250,60750
2025-06-17 12:20:20.000000,12.55,4298250,2817000,750,71250,60750
2025-06-17 12:20:25.000000,12.55,4298250,2817000,1500,71250,60750
2025-06-17 12:20:33.000000,12.55,4298250,2817000,1500,71250,60750
2025-06-17 12:20:37.000000,12.55,4300500,2817000,1500,77250,57000
2025-06-17 12:20:42.000000,12.5,4300500,2817000,1500,77250,57000
2025-06-17 12:20:55.000000,12.55,4300500,2817000,750,77250,57000
2025-06-17 12:20:58.000000,12.6,4300500,2817000,750,77250,57000
2025-06-17 12:21:02.000000,12.6,4305750,2817000,750,73500,63000
2025-06-17 12:21:03.000000,12.6,4305750,2817000,750,73500,63000
2025-06-17 12:21:06.000000,12.6,4305750,2817000,750,73500,63000
2025-06-17 12:21:07.000000,12.55,4305750,2817000,750,73500,63000
2025-06-17 12:21:11.000000,12.55,4305750,2817000,3000,73500,63000
2025-06-17 12:21:16.000000,12.65,4305750,2817000,750,73500,63000
2025-06-17 12:21:27.000000,12.6,4305750,2817000,750,73500,63000
2025-06-17 12:21:28.000000,12.6,4313250,2817000,750,81750,53250
2025-06-17 12:21:45.000000,12.55,4313250,2817000,750,81750,53250
2025-06-17 12:21:47.000000,12.45,4313250,2817000,750,81750,53250
2025-06-17 12:21:49.000000,12.4,4313250,2817000,750,81750,53250
2025-06-17 12:21:50.000000,12.5,4313250,2817000,750,81750,53250
2025-06-17 12:21:53.000000,12.5,4342500,2817000,750,51750,75000
2025-06-17 12:21:56.000000,12.45,4342500,2817000,750,51750,75000
2025-06-17 12:21:58.000000,12.4,4342500,2817000,750,51750,75000
2025-06-17 12:22:02.000000,12.35,4342500,2844000,750,51750,75000
2025-06-17 12:22:03.000000,12.35,4342500,2844000,750,51750,75000
2025-06-17 12:22:03.000000,12.35,4342500,2844000,750,51750,75000
2025-06-17 12:22:17.000000,12.3,4342500,2844000,750,51750,75000
2025-06-17 12:22:20.000000,12.3,4361250,2844000,750,51750,66750
2025-06-17 12:22:22.000000,12.35,4361250,2844000,750,51750,66750
2025-06-17 12:22:33.000000,12.35,4361250,2844000,750,51750,66750
2025-06-17 12:22:34.000000,12.35,4361250,2844000,750,51750,66750
2025-06-17 12:22:46.000000,12.35,4371750,2844000,750,59250,52500
2025-06-17 12:22:46.000000,12.35,4371750,2844000,750,59250,52500
2025-06-17 12:22:48.000000,12.3,4371750,2844000,750,59250,52500
2025-06-17 12:22:50.000000,12.4,4371750,2844000,750,59250,52500
2025-06-17 12:23:07.000000,12.35,4371750,2844000,750,59250,52500
2025-06-17 12:23:10.000000,12.4,4371750,2844000,1500,59250,52500
2025-06-17 12:23:12.000000,12.4,4377750,2844000,1500,54750,60000
2025-06-17 12:23:15.000000,12.35,4377750,2844000,750,54750,60000
2025-06-17 12:23:20.000000,12.45,4377750,2844000,750,54750,60000
2025-06-17 12:23:21.000000,12.4,4377750,2844000,750,54750,60000
2025-06-17 12:23:26.000000,12.45,4377750,2844000,750,54750,60000
2025-06-17 12:23:33.000000,12.45,4377750,2844000,750,54750,60000
2025-06-17 12:23:35.000000,12.4,4377750,2844000,750,54750,60000
2025-06-17 12:23:36.000000,12.4,4383000,2844000,750,57000,67500
2025-06-17 12:23:48.000000,12.4,4383000,2844000,750,57000,67500
2025-06-17 12:23:53.000000,12.35,4383000,2844000,750,57000,67500
2025-06-17 12:24:02.000000,12.35,4385250,2844000,750,62250,57750
2025-06-17 12:24:09.000000,12.4,4385250,2844000,750,62250,57750
2025-06-17 12:24:10.000000,12.45,4385250,2844000,1500,62250,57750
2025-06-17 12:24:14.000000,12.4,4385250,2844000,750,62250,57750
2025-06-17 12:24:19.000000,12.3,4385250,2844000,750,62250,57750
2025-06-17 12:24:22.000000,12.2,4385250,2844000,1500,62250,57750
2025-06-17 12:24:24.000000,12.15,4385250,2844000,750,62250,57750
2025-06-17 12:24:25.000000,12.05,4385250,2844000,750,62250,57750
2025-06-17 12:24:29.000000,12.05,4399500,2844000,750,81000,64500
2025-06-17 12:24:33.000000,12.05,4399500,2844000,750,81000,64500
2025-06-17 12:24:34.000000,12.15,4399500,2844000,1500,81000,64500
2025-06-17 12:24:43.000000,12.15,4399500,2844000,750,81000,64500
2025-06-17 12:24:48.000000,12.05,4399500,2844000,1500,81000,64500
2025-06-17 12:24:50.000000,12.15,4399500,2844000,750,81000,64500
2025-06-17 12:24:56.000000,12.15,4404750,2844000,750,84000,63750
2025-06-17 12:24:59.000000,12.15,4404750,2844000,750,84000,63750
2025-06-17 12:25:00.000000,12.05,4404750,2844000,750,84000,63750
2025-06-17 12:25:01.000000,11.95,4404750,2844000,750,84000,63750
2025-06-17 12:25:02.000000,11.8,4404750,2873250,750,84000,63750
2025-06-17 12:25:03.000000,11.8,4404750,2873250,750,84000,63750
2025-06-17 12:25:05.000000,11.85,4404750,2873250,750,84000,63750
2025-06-17 12:25:18.000000,11.85,4404750,2873250,2250,84000,63750
2025-06-17 12:25:19.000000,11.75,4404750,2873250,750,84000,63750
2025-06-17 12:25:22.000000,11.75,4458000,2873250,750,59250,73500
2025-06-17 12:25:22.000000,11.85,4458000,2873250,750,59250,73500
2025-06-17 12:25:33.000000,11.85,4458000,2873250,750,59250,73500
2025-06-17 12:25:41.000000,11.95,4458000,2873250,750,59250,73500
2025-06-17 12:25:48.000000,11.95,4460250,2873250,750,72750,54750
2025-06-17 12:25:54.000000,12.0,4460250,2873250,750,72750,54750
2025-06-17 12:26:03.000000,12.0,4460250,2873250,750,72750,54750
2025-06-17 12:26:06.000000,12.05,4460250,2873250,1500,72750,54750
2025-06-17 12:26:13.000000,12.05,4463250,2873250,1500,56250,66000
2025-06-17 12:26:33.000000,12.05,4463250,2873250,1500,56250,66000
2025-06-17 12:26:36.000000,12.05,4463250,2873250,750,56250,66000
2025-06-17 12:26:38.000000,12.05,4464000,2873250,750,61500,61500
2025-06-17 12:26:41.000000,12.1,4464000,2873250,750,61500,61500
2025-06-17 12:27:03.000000,12.1,4464000,2873250,750,61500,61500
2025-06-17 12:27:03.000000,12.1,4464750,2873250,750,71250,62250
2025-06-17 12:27:11.000000,12.05,4464750,2873250,750,71250,62250
2025-06-17 12:27:12.000000,12.05,4464750,2873250,1500,71250,62250
2025-06-17 12:27:13.000000,12.1,4464750,2873250,750,71250,62250
2025-06-17 12:27:23.000000,12.0,4464750,2873250,1500,71250,62250
2025-06-17 12:27:28.000000,11.95,4464750,2873250,750,71250,62250
2025-06-17 12:27:29.000000,11.95,4491000,2873250,750,52500,51000
2025-06-17 12:27:30.000000,12.0,4491000,2873250,750,52500,51000
2025-06-17 12:27:32.000000,11.9,4491000,2873250,750,52500,51000
2025-06-17 12:27:33.000000,11.9,4491000,2873250,750,52500,51000
2025-06-17 12:27:36.000000,11.9,4491000,2873250,1500,52500,51000
2025-06-17 12:27:38.000000,11.85,4491000,2873250,750,52500,51000
2025-06-17 12:27:54.000000,11.95,4491000,2873250,750,52500,51000
2025-06-17 12:27:56.000000,11.9,4491000,2873250,750,52500,51000
2025-06-17 12:27:57.000000,11.9,4516500,2873250,750,65250,64500
2025-06-17 12:28:03.000000,11.9,4516500,2873250,750,65250,64500
2025-06-17 12:28:24.000000,11.9,4516500,2873250,750,75750,59250
2025-06-17 12:28:26.000000,11.9,4516500,2874000,750,75750,59250
2025-06-17 12:28:36.000000,11.95,4516500,2874000,750,75750,59250
2025-06-17 12:28:50.000000,11.95,4518000,2874000,750,67500,65250
2025-06-17 12:28:57.000000,11.95,4518000,2874000,750,67500,65250
2025-06-17 12:29:02.000000,11.9,4518000,2874000,750,67500,65250
2025-06-17 12:29:03.000000,11.9,4518000,2874000,750,67500,65250
2025-06-17 12:29:16.000000,11.9,4520250,2874000,750,62250,67500
2025-06-17 12:29:25.000000,11.8,4520250,2874000,750,62250,67500
2025-06-17 12:29:26.000000,11.8,4520250,2874000,3000,62250,67500
2025-06-17 12:29:30.000000,11.8,4520250,2874000,750,62250,67500
2025-06-17 12:29:33.000000,11.8,4520250,2874000,750,62250,67500
2025-06-17 12:29:35.000000,11.75,4520250,2874000,3000,62250,67500
2025-06-17 12:29:37.000000,11.85,4520250,2874000,1500,62250,67500
2025-06-17 12:29:41.000000,11.85,4539750,2874000,1500,66000,69750
2025-06-17 12:30:06.000000,11.85,4539750,2874000,750,66000,69750
2025-06-17 12:30:07.000000,11.85,4540500,2874000,750,66000,65250
2025-06-17 12:30:27.000000,11.85,4540500,2874000,750,66000,65250
2025-06-17 12:30:32.000000,11.85,4542000,2874000,750,57000,67500
2025-06-17 12:30:33.000000,11.85,4542000,2874000,750,57000,67500
2025-06-17 12:30:35.000000,11.9,4542000,2874000,750,57000,67500
2025-06-17 12:30:40.000000,12.0,4542000,2874000,750,57000,67500
2025-06-17 12:30:45.000000,12.1,4542000,2874000,750,57000,67500
2025-06-17 12:30:58.000000,12.1,4557000,2874000,750,66000,63000
2025-06-17 12:31:03.000000,12.1,4557000,2874000,750,66000,63000
2025-06-17 12:31:14.000000,12.15,4557000,2863500,750,66000,63000
2025-06-17 12:31:24.000000,12.15,4557000,2863500,2250,66000,63000
2025-06-17 12:31:25.000000,12.15,4560000,2863500,2250,53250,33750
2025-06-17 12:31:27.000000,12.25,4560000,2863500,750,53250,33750
2025-06-17 12:31:33.000000,12.25,4560000,2863500,750,53250,33750
2025-06-17 12:31:40.000000,12.2,4560000,2863500,750,53250,33750
2025-06-17 12:31:45.000000,12.25,4560000,2863500,750,53250,33750
2025-06-17 12:31:51.000000,12.25,4564500,2863500,750,62250,53250
2025-06-17 12:32:03.000000,12.25,4564500,2863500,750,62250,53250
2025-06-17 12:32:09.000000,12.35,4564500,2863500,750,62250,53250
2025-06-17 12:32:15.000000,12.35,4572000,2863500,750,63000,60750
2025-06-17 12:32:18.000000,12.35,4572000,2863500,750,63000,60750
2025-06-17 12:32:22.000000,12.25,4572000,2863500,2250,63000,60750
2025-06-17 12:32:26.000000,12.35,4572000,2863500,1500,63000,60750
2025-06-17 12:32:33.000000,12.35,4572000,2863500,1500,63000,60750
2025-06-17 12:32:37.000000,12.2,4572000,2863500,750,63000,60750
2025-06-17 12:32:40.000000,12.2,4607250,2863500,750,51750,50250
2025-06-17 12:32:42.000000,12.2,4607250,2863500,750,51750,50250
2025-06-17 12:32:45.000000,12.2,4607250,2863500,1500,51750,50250
2025-06-17 12:33:02.000000,12.35,4607250,2863500,1500,51750,50250
2025-06-17 12:33:03.000000,12.35,4607250,2863500,1500,51750,50250
2025-06-17 12:33:04.000000,12.35,4611000,2863500,1500,62250,62250
2025-06-17 12:33:28.000000,12.35,4611000,2863500,1500,60750,48750
2025-06-17 12:33:35.000000,12.2,4611000,2863500,750,60750,48750
2025-06-17 12:33:38.000000,12.35,4611000,2863500,1500,60750,48750
2025-06-17 12:33:53.000000,12.35,4613250,2863500,1500,45000,57000
2025-06-17 12:33:58.000000,12.2,4613250,2863500,750,45000,57000
2025-06-17 12:34:01.000000,12.15,4613250,2863500,1500,45000,57000
2025-06-17 12:34:19.000000,12.15,4616250,2863500,1500,55500,46500
2025-06-17 12:34:30.000000,12.15,4616250,2882250,1500,55500,46500
2025-06-17 12:34:32.000000,12.15,4616250,2882250,750,55500,46500
2025-06-17 12:34:33.000000,12.15,4616250,2882250,750,55500,46500
2025-06-17 12:34:40.000000,12.1,4616250,2882250,750,55500,46500
2025-06-17 12:34:40.000000,12.15,4616250,2882250,750,55500,46500
2025-06-17 12:34:46.000000,12.05,4616250,2882250,750,55500,46500
2025-06-17 12:34:50.000000,12.05,4620750,2882250,750,63750,63000
2025-06-17 12:35:03.000000,12.05,4620750,2882250,750,63750,63000
2025-06-17 12:35:17.000000,12.05,4620750,2882250,750,58500,64500
2025-06-17 12:35:19.000000,12.1,4620750,2882250,750,58500,64500
2025-06-17 12:35:41.000000,12.1,4622250,2882250,750,58500,62250
2025-06-17 12:35:51.000000,12.1,4622250,2882250,750,58500,62250
2025-06-17 12:36:07.000000,12.1,4623000,2882250,750,62250,57000
2025-06-17 12:36:18.000000,12.05,4623000,2882250,750,62250,57000
2025-06-17 12:36:25.000000,12.0,4623000,2882250,750,62250,57000
2025-06-17 12:36:26.000000,12.05,4623000,2882250,750,62250,57000
2025-06-17 12:36:31.000000,12.0,4623000,2882250,750,62250,57000
2025-06-17 12:36:33.000000,12.0,4623000,2882250,750,62250,57000
2025-06-17 12:36:36.000000,12.0,4644000,2882250,750,63000,57000
2025-06-17 12:36:37.000000,12.1,4644000,2882250,750,63000,57000
2025-06-17 12:36:46.000000,12.05,4644000,2882250,750,63000,57000
2025-06-17 12:36:59.000000,12.0,4644000,2882250,750,63000,57000
2025-06-17 12:37:00.000000,12.0,4646250,2882250,750,57000,66750
2025-06-17 12:37:06.000000,12.05,4646250,2889750,750,57000,66750
2025-06-17 12:37:22.000000,12.0,4646250,2889750,750,57000,66750
2025-06-17 12:37:27.000000,12.0,4652250,2889750,750,60750,65250
2025-06-17 12:37:27.000000,12.0,4652250,2889750,3750,60750,65250
2025-06-17 12:37:36.000000,12.0,4652250,2889750,750,60750,65250
2025-06-17 12:37:40.000000,12.05,4652250,2889750,750,60750,65250
2025-06-17 12:37:41.000000,12.0,4652250,2889750,750,60750,65250
2025-06-17 12:37:55.000000,12.0,4659000,2889750,750,62250,62250
2025-06-17 12:37:56.000000,12.0,4659000,2889750,750,62250,62250
2025-06-17 12:38:03.000000,12.0,4659000,2889750,750,62250,62250
2025-06-17 12:38:08.000000,11.9,4659000,2889750,750,62250,62250
2025-06-17 12:38:15.000000,11.95,4659000,2889750,1500,62250,62250
2025-06-17 12:38:21.000000,11.85,4659000,2889750,750,62250,62250
2025-06-17 12:38:22.000000,11.95,4659000,2889750,750,62250,62250
2025-06-17 12:38:22.000000,11.95,4669500,2889750,750,64500,68250
2025-06-17 12:38:31.000000,11.9,4669500,2889750,750,64500,68250
2025-06-17 12:38:33.000000,11.9,4669500,2889750,750,64500,68250
2025-06-17 12:38:43.000000,11.95,4669500,2889750,2250,64500,68250
2025-06-17 12:38:46.000000,11.95,4669500,2889750,750,64500,68250
2025-06-17 12:38:49.000000,11.95,4673250,2889750,750,60750,70500
2025-06-17 12:38:59.000000,11.85,4673250,2889750,750,60750,70500
2025-06-17 12:39:03.000000,11.85,4673250,2889750,750,60750,70500
2025-06-17 12:39:15.000000,11.85,4674000,2889750,750,59250,51000
2025-06-17 12:39:29.000000,11.85,4674000,2889750,1500,59250,51000
2025-06-17 12:39:33.000000,11.85,4674000,2889750,1500,59250,51000
2025-06-17 12:39:41.000000,11.85,4681500,2889750,1500,53250,61500
2025-06-17 12:39:53.000000,11.9,4681500,2889750,750,53250,61500
2025-06-17 12:39:58.000000,11.85,4681500,2889750,750,53250,61500
2025-06-17 12:40:03.000000,11.85,4681500,2889750,750,53250,61500
2025-06-17 12:40:07.000000,11.85,4683750,2889750,750,51750,55500
2025-06-17 12:40:18.000000,11.85,4683750,2893500,750,51750,55500
2025-06-17 12:40:33.000000,11.85,4683750,2893500,750,51750,55500
2025-06-17 12:40:33.000000,11.85,4683750,2893500,750,51750,55500
2025-06-17 12:40:33.000000,11.85,4686000,2893500,750,54750,54750
2025-06-17 12:40:46.000000,11.9,4686000,2893500,750,54750,54750
2025-06-17 12:40:59.000000,11.9,4686750,2893500,750,57750,52500
2025-06-17 12:41:00.000000,11.9,4686750,2893500,750,57750,52500
2025-06-17 12:41:03.000000,11.9,4686750,2893500,750,57750,52500
2025-06-17 12:41:03.000000,11.85,4686750,2893500,2250,57750,52500
2025-06-17 12:41:05.000000,11.85,4686750,2893500,750,57750,52500
2025-06-17 12:41:11.000000,11.8,4686750,2893500,2250,57750,52500
2025-06-17 12:41:12.000000,11.85,4686750,2893500,750,57750,52500
2025-06-17 12:41:15.000000,11.9,4686750,2893500,750,57750,52500
2025-06-17 12:41:23.000000,11.85,4686750,2893500,750,57750,52500
2025-06-17 12:41:25.000000,11.85,4698000,2893500,750,47250,72750
2025-06-17 12:41:33.000000,11.85,4698000,2893500,750,47250,72750
2025-06-17 12:41:43.000000,11.8,4698000,2893500,750,47250,72750
2025-06-17 12:41:51.000000,11.8,4708500,2893500,750,53250,72000
2025-06-17 12:42:03.000000,11.8,4708500,2893500,750,53250,72000
2025-06-17 12:42:12.000000,11.8,4708500,2893500,750,53250,72000
2025-06-17 12:42:16.000000,11.8,4709250,2893500,750,52500,63000
2025-06-17 12:42:17.000000,11.85,4709250,2893500,1500,52500,63000
2025-06-17 12:42:33.000000,11.85,4709250,2893500,1500,52500,63000
2025-06-17 12:42:33.000000,11.8,4709250,2893500,750,52500,63000
2025-06-17 12:42:35.000000,11.85,4709250,2893500,750,52500,63000
2025-06-17 12:42:40.000000,11.9,4709250,2893500,750,52500,63000
2025-06-17 12:42:41.000000,11.9,4713000,2893500,750,59250,63000
2025-06-17 12:42:41.000000,11.85,4713000,2893500,750,59250,63000
2025-06-17 12:42:46.000000,12.0,4713000,2893500,750,59250,63000
2025-06-17 12:43:03.000000,12.0,4713000,2893500,750,59250,63000
2025-06-17 12:43:04.000000,11.95,4713000,2884500,750,59250,63000
2025-06-17 12:43:05.000000,11.95,4718250,2884500,750,59250,62250
2025-06-17 12:43:19.000000,12.1,4718250,2884500,750,59250,62250
2025-06-17 12:43:26.000000,12.05,4718250,2884500,750,59250,62250
2025-06-17 12:43:29.000000,12.05,4718250,2884500,3750,59250,62250
2025-06-17 12:43:31.000000,11.95,4718250,2884500,5250,59250,62250
2025-06-17 12:43:31.000000,11.95,4737000,2884500,5250,52500,72000
2025-06-17 12:43:32.000000,11.85,4737000,2884500,3750,52500,72000
2025-06-17 12:43:33.000000,11.85,4737000,2884500,3750,52500,72000
2025-06-17 12:43:37.000000,11.85,4737000,2884500,750,52500,72000
2025-06-17 12:43:41.000000,11.8,4737000,2884500,750,52500,72000
2025-06-17 12:43:55.000000,11.85,4737000,2884500,2250,52500,72000
2025-06-17 12:43:58.000000,11.85,4747500,2884500,2250,59250,66000
2025-06-17 12:43:59.000000,11.9,4747500,2884500,750,59250,66000
2025-06-17 12:44:03.000000,11.9,4747500,2884500,750,59250,66000
2025-06-17 12:44:05.000000,11.85,4747500,2884500,750,59250,66000
2025-06-17 12:44:06.000000,11.75,4747500,2884500,1500,59250,66000
2025-06-17 12:44:10.000000,11.8,4747500,2884500,750,59250,66000
2025-06-17 12:44:14.000000,11.7,4747500,2884500,750,59250,66000
2025-06-17 12:44:16.000000,11.75,4747500,2884500,750,59250,66000
2025-06-17 12:44:24.000000,11.75,4755750,2884500,750,58500,65250
2025-06-17 12:44:28.000000,11.75,4755750,2884500,750,58500,65250
2025-06-17 12:44:33.000000,11.75,4755750,2884500,750,58500,65250
2025-06-17 12:44:34.000000,11.75,4755750,2884500,750,58500,65250
2025-06-17 12:44:38.000000,11.8,4755750,2884500,750,58500,65250
2025-06-17 12:44:47.000000,11.5,4755750,2884500,750,58500,65250
2025-06-17 12:44:50.000000,11.55,4791750,2884500,750,56250,51000
2025-06-17 12:44:51.000000,11.5,4791750,2884500,750,56250,51000
2025-06-17 12:44:52.000000,11.45,4791750,2884500,750,56250,51000
2025-06-17 12:44:53.000000,11.45,4791750,2884500,1500,56250,51000
2025-06-17 12:44:56.000000,11.4,4791750,2884500,750,56250,51000
2025-06-17 12:45:03.000000,11.4,4791750,2884500,750,56250,51000
2025-06-17 12:45:03.000000,11.4,4791750,2884500,750,56250,51000
2025-06-17 12:45:04.000000,11.25,4791750,2884500,750,56250,51000
2025-06-17 12:45:08.000000,11.4,4791750,2884500,750,56250,51000
2025-06-17 12:45:16.000000,11.35,4791750,2884500,1500,56250,51000
2025-06-17 12:45:22.000000,11.25,4791750,2884500,750,56250,51000
2025-06-17 12:45:23.000000,11.25,4791750,2884500,1500,56250,51000
2025-06-17 12:45:23.000000,11.25,4842000,2884500,1500,57750,70500
2025-06-17 12:45:28.000000,11.4,4842000,2884500,750,57750,70500
2025-06-17 12:45:33.000000,11.4,4842000,2884500,750,57750,70500
2025-06-17 12:45:36.000000,11.5,4842000,2884500,1500,57750,70500
2025-06-17 12:45:37.000000,11.5,4860000,2884500,1500,58500,56250
2025-06-17 12:45:38.000000,11.5,4860000,2884500,1500,60750,56250
2025-06-17 12:45:39.000000,11.5,4860000,2884500,1500,66000,51000
2025-06-17 12:45:40.000000,11.45,4860000,2884500,750,66000,51000
2025-06-17 12:45:40.000000,11.45,4861500,2884500,750,63750,55500
2025-06-17 12:45:41.000000,11.45,4861500,2884500,750,61500,57000
2025-06-17 12:45:42.000000,11.45,4861500,2884500,750,65250,56250
2025-06-17 12:45:43.000000,11.45,4861500,2884500,750,65250,56250
2025-06-17 12:45:44.000000,11.45,4861500,2884500,750,65250,56250
2025-06-17 12:45:44.000000,11.45,4863000,2884500,750,68250,56250
2025-06-17 12:45:45.000000,11.45,4863000,2884500,750,67500,56250
2025-06-17 12:45:45.000000,11.6,4863000,2884500,750,67500,56250
2025-06-17 12:45:46.000000,11.6,4863750,2884500,750,69000,55500
2025-06-17 12:45:47.000000,11.6,4863750,2884500,750,71250,55500
2025-06-17 12:45:48.000000,11.6,4863750,2884500,750,69000,48000
2025-06-17 12:45:49.000000,11.6,4863750,2884500,750,69750,57750
2025-06-17 12:45:50.000000,11.6,4863750,2884500,750,75000,42750
2025-06-17 12:45:51.000000,11.6,4863750,2884500,750,77250,48750
2025-06-17 12:45:52.000000,11.6,4863750,2884500,750,73500,50250
2025-06-17 12:45:54.000000,11.6,4863750,2884500,750,72000,51000
2025-06-17 12:45:54.000000,11.6,4863750,2884500,750,74250,48750
2025-06-17 12:45:55.000000,11.6,4863750,2884500,750,75750,45000
2025-06-17 12:45:56.000000,11.6,4863750,2884500,750,72000,49500
2025-06-17 12:45:57.000000,11.6,4863750,2884500,750,67500,51750
2025-06-17 12:45:58.000000,11.6,4863750,2884500,750,72000,51000
2025-06-17 12:45:59.000000,11.6,4863750,2884500,750,72750,51000
2025-06-17 12:46:00.000000,11.6,4863750,2884500,750,76500,48000
2025-06-17 12:46:02.000000,11.6,4863750,2884500,750,66000,44250
2025-06-17 12:46:03.000000,11.6,4863750,2884500,750,74250,47250
2025-06-17 12:46:03.000000,11.6,4863750,2884500,750,74250,47250
2025-06-17 12:46:03.000000,11.6,4863750,2884500,750,73500,47250
2025-06-17 12:46:04.000000,11.6,4863750,2884500,750,72750,47250
2025-06-17 12:46:05.000000,11.6,4863750,2884500,750,72000,47250
2025-06-17 12:46:06.000000,11.6,4863750,2884500,750,67500,49500
2025-06-17 12:46:07.000000,11.6,4863750,2884500,750,71250,48750
2025-06-17 12:46:08.000000,11.6,4863750,2884500,750,65250,45000
2025-06-17 12:46:09.000000,11.6,4863750,2884500,750,72000,45750
2025-06-17 12:46:09.000000,11.65,4863750,2896500,750,72000,45750
2025-06-17 12:46:10.000000,11.7,4863750,2896500,750,72000,45750
2025-06-17 12:46:10.000000,11.65,4867500,2896500,750,67500,48750
2025-06-17 12:46:11.000000,11.65,4867500,2896500,750,67500,48750
2025-06-17 12:46:11.000000,11.65,4867500,2896500,750,69000,55500
2025-06-17 12:46:12.000000,11.65,4867500,2896500,750,63000,51750
2025-06-17 12:46:13.000000,11.6,4873500,2896500,750,51000,60750
2025-06-17 12:46:13.000000,11.6,4873500,2896500,750,51000,60750
2025-06-17 12:46:14.000000,11.6,4873500,2896500,750,74250,52500
2025-06-17 12:46:15.000000,11.6,4873500,2896500,750,75000,56250
2025-06-17 12:46:16.000000,11.6,4873500,2896500,750,69000,58500
2025-06-17 12:46:17.000000,11.7,4873500,2896500,2250,69000,58500
2025-06-17 12:46:17.000000,11.7,4881000,2896500,2250,64500,48750
2025-06-17 12:46:18.000000,11.7,4881000,2896500,2250,69750,46500
2025-06-17 12:46:19.000000,11.7,4881000,2896500,750,69750,46500
2025-06-17 12:46:19.000000,11.7,4882500,2896500,750,69000,53250
2025-06-17 12:46:20.000000,11.7,4882500,2896500,750,63000,63000
2025-06-17 12:46:21.000000,11.7,4882500,2896500,750,63750,62250
2025-06-17 12:46:23.000000,11.7,4882500,2896500,750,62250,62250
2025-06-17 12:46:24.000000,11.7,4882500,2896500,750,63750,60750
2025-06-17 12:46:24.000000,11.7,4882500,2896500,9750,63750,60750
2025-06-17 12:46:25.000000,11.7,4892250,2896500,9750,56250,51000
2025-06-17 12:46:25.000000,11.7,4892250,2896500,9750,57000,51750
2025-06-17 12:46:26.000000,11.7,4892250,2896500,9750,53250,52500
2025-06-17 12:46:27.000000,11.7,4892250,2896500,9750,57000,50250
2025-06-17 12:46:28.000000,11.7,4892250,2896500,9750,56250,49500
2025-06-17 12:46:28.000000,11.7,4892250,2896500,750,56250,49500
2025-06-17 12:46:29.000000,11.7,4893000,2896500,750,57750,50250
2025-06-17 12:46:29.000000,11.7,4893000,2896500,750,57750,50250
2025-06-17 12:46:30.000000,11.7,4897500,2896500,750,60000,46500
2025-06-17 12:46:31.000000,11.7,4897500,2896500,750,57750,54750
2025-06-17 12:46:32.000000,11.7,4897500,2896500,750,58500,55500
2025-06-17 12:46:33.000000,11.7,4897500,2896500,750,58500,55500
2025-06-17 12:46:33.000000,11.7,4897500,2896500,750,58500,55500
2025-06-17 12:46:35.000000,11.7,4897500,2896500,750,60000,54000
2025-06-17 12:46:35.000000,11.7,4897500,2896500,750,57750,55500
2025-06-17 12:46:36.000000,11.7,4897500,2896500,2250,57750,55500
2025-06-17 12:46:36.000000,11.7,4899750,2896500,2250,60000,78750
2025-06-17 12:46:37.000000,11.75,4899750,2896500,750,60000,78750
2025-06-17 12:46:40.000000,11.7,4899750,2896500,750,60000,78750
2025-06-17 12:46:41.000000,11.65,4899750,2896500,1500,60000,78750
2025-06-17 12:46:48.000000,11.8,4899750,2896500,750,60000,78750
2025-06-17 12:46:49.000000,11.85,4899750,2896500,750,60000,78750
2025-06-17 12:46:50.000000,11.8,4899750,2896500,1500,60000,78750
2025-06-17 12:46:51.000000,11.75,4911000,2896500,2250,55500,60000
2025-06-17 12:46:51.000000,11.75,4911000,2896500,2250,55500,60000
2025-06-17 12:47:03.000000,11.75,4911000,2896500,2250,55500,60000
2025-06-17 12:47:11.000000,11.7,4911000,2896500,750,55500,60000
2025-06-17 12:47:17.000000,11.7,4914750,2896500,750,54000,69000
2025-06-17 12:47:18.000000,11.65,4914750,2896500,5250,54000,69000
2025-06-17 12:47:20.000000,11.65,4914750,2896500,750,54000,69000
2025-06-17 12:47:33.000000,11.65,4914750,2896500,750,54000,69000
2025-06-17 12:47:43.000000,11.65,4920750,2896500,750,63000,58500
2025-06-17 12:47:50.000000,11.65,4920750,2896500,750,63000,58500
2025-06-17 12:48:03.000000,11.65,4920750,2896500,750,63000,58500
2025-06-17 12:48:05.000000,11.7,4920750,2896500,750,63000,58500
2025-06-17 12:48:09.000000,11.7,4924500,2896500,750,68250,46500
2025-06-17 12:48:10.000000,11.75,4924500,2896500,750,68250,46500
2025-06-17 12:48:33.000000,11.75,4924500,2896500,750,68250,46500
2025-06-17 12:48:37.000000,11.75,4925250,2896500,750,68250,54000
2025-06-17 12:48:43.000000,11.75,4925250,2896500,750,68250,54000
2025-06-17 12:49:01.000000,11.75,4925250,2896500,2250,68250,54000
2025-06-17 12:49:03.000000,11.75,4928250,2896500,2250,64500,78750
2025-06-17 12:49:04.000000,11.7,4928250,2896500,750,64500,78750
2025-06-17 12:49:09.000000,11.75,4928250,2906250,750,64500,78750
2025-06-17 12:49:13.000000,11.5,4928250,2906250,750,64500,78750
2025-06-17 12:49:16.000000,11.55,4928250,2906250,750,64500,78750
2025-06-17 12:49:24.000000,11.6,4928250,2906250,1500,64500,78750
2025-06-17 12:49:31.000000,11.6,4959750,2906250,1500,58500,69750
2025-06-17 12:49:33.000000,11.6,4959750,2906250,1500,58500,69750
2025-06-17 12:49:34.000000,11.45,4959750,2906250,750,58500,69750
2025-06-17 12:49:43.000000,11.6,4959750,2906250,750,58500,69750
2025-06-17 12:49:50.000000,11.55,4959750,2906250,1500,58500,69750
2025-06-17 12:49:51.000000,11.65,4959750,2906250,750,58500,69750
2025-06-17 12:50:01.000000,11.65,4966500,2906250,750,66750,61500
2025-06-17 12:50:03.000000,11.65,4966500,2906250,750,66750,61500
2025-06-17 12:50:03.000000,11.7,4966500,2906250,750,66750,61500
2025-06-17 12:50:11.000000,11.5,4966500,2906250,750,66750,61500
2025-06-17 12:50:29.000000,11.5,4971750,2906250,750,63750,68250
2025-06-17 12:50:33.000000,11.5,4971750,2906250,750,63750,68250
2025-06-17 12:50:45.000000,11.5,4971750,2906250,2250,63750,68250
2025-06-17 12:50:47.000000,11.45,4971750,2906250,750,63750,68250
2025-06-17 12:50:53.000000,11.4,4971750,2906250,750,63750,68250
2025-06-17 12:50:56.000000,11.4,4985250,2906250,750,65250,68250
2025-06-17 12:50:56.000000,11.45,4985250,2906250,750,65250,68250
2025-06-17 12:51:02.000000,11.35,4985250,2906250,750,65250,68250
2025-06-17 12:51:03.000000,11.35,4985250,2906250,750,65250,68250
2025-06-17 12:51:04.000000,11.25,4985250,2906250,750,65250,68250
2025-06-17 12:51:09.000000,11.2,4985250,2906250,1500,65250,68250
2025-06-17 12:51:15.000000,11.1,4985250,2906250,750,65250,68250
2025-06-17 12:51:25.000000,11.1,5037750,2906250,750,60750,63000
2025-06-17 12:51:26.000000,11.05,5037750,2906250,750,60750,63000
2025-06-17 12:51:31.000000,11.1,5037750,2906250,750,60750,63000
2025-06-17 12:51:32.000000,11.1,5037750,2906250,1500,60750,63000
2025-06-17 12:51:33.000000,11.1,5037750,2906250,1500,60750,63000
2025-06-17 12:51:35.000000,11.1,5037750,2906250,750,60750,63000
2025-06-17 12:51:39.000000,11.05,5037750,2906250,750,60750,63000
2025-06-17 12:51:41.000000,11.1,5037750,2906250,750,60750,63000
2025-06-17 12:51:44.000000,11.05,5037750,2906250,1500,60750,63000
2025-06-17 12:51:45.000000,11.05,5037750,2906250,750,60750,63000
2025-06-17 12:51:47.000000,11.1,5037750,2906250,750,60750,63000
2025-06-17 12:51:56.000000,11.15,5037750,2906250,750,60750,63000
2025-06-17 12:51:56.000000,11.1,5037750,2906250,750,60750,63000
2025-06-17 12:51:57.000000,11.1,5058750,2906250,750,63000,64500
2025-06-17 12:52:00.000000,11.25,5058750,2906250,3750,63000,64500
2025-06-17 12:52:03.000000,11.25,5058750,2906250,3750,63000,64500
2025-06-17 12:52:08.000000,11.15,5058750,2896500,750,63000,64500
2025-06-17 12:52:09.000000,11.25,5058750,2896500,1500,63000,64500
2025-06-17 12:52:27.000000,11.25,5066250,2896500,1500,72750,63000
2025-06-17 12:52:33.000000,11.25,5066250,2896500,1500,72750,63000
2025-06-17 12:52:35.000000,11.35,5066250,2896500,750,72750,63000
2025-06-17 12:52:36.000000,11.35,5066250,2896500,2250,72750,63000
2025-06-17 12:52:46.000000,11.35,5066250,2896500,750,72750,63000
2025-06-17 12:52:50.000000,11.4,5066250,2896500,750,72750,63000
2025-06-17 12:52:54.000000,11.4,5066250,2896500,2250,72750,63000
2025-06-17 12:52:57.000000,11.35,5066250,2896500,750,72750,63000
2025-06-17 12:52:57.000000,11.35,5077500,2896500,750,69000,62250
2025-06-17 12:53:03.000000,11.35,5077500,2896500,750,69000,62250
2025-06-17 12:53:08.000000,11.35,5077500,2896500,750,69000,62250
2025-06-17 12:53:10.000000,11.35,5077500,2896500,2250,69000,62250
2025-06-17 12:53:18.000000,11.25,5077500,2896500,750,69000,62250
2025-06-17 12:53:26.000000,11.2,5077500,2896500,750,69000,62250
2025-06-17 12:53:28.000000,11.2,5084250,2896500,750,67500,69000
2025-06-17 12:53:32.000000,11.15,5084250,2896500,750,67500,69000
2025-06-17 12:53:33.000000,11.15,5084250,2896500,750,67500,69000
2025-06-17 12:53:46.000000,11.15,5084250,2896500,750,67500,69000
2025-06-17 12:53:52.000000,11.2,5084250,2896500,1500,67500,69000
2025-06-17 12:53:53.000000,11.1,5084250,2896500,1500,67500,69000
2025-06-17 12:53:58.000000,11.05,5084250,2896500,750,67500,69000
2025-06-17 12:53:58.000000,11.1,5084250,2896500,750,67500,69000
2025-06-17 12:53:59.000000,11.1,5096250,2896500,750,78750,69750
2025-06-17 12:54:00.000000,11.1,5096250,2896500,750,78750,69750
2025-06-17 12:54:03.000000,11.1,5096250,2896500,750,78750,69750
2025-06-17 12:54:03.000000,11.15,5096250,2896500,750,78750,69750
2025-06-17 12:54:08.000000,11.15,5096250,2896500,1500,78750,69750
2025-06-17 12:54:09.000000,11.15,5096250,2896500,750,78750,69750
2025-06-17 12:54:18.000000,11.2,5096250,2896500,1500,78750,69750
2025-06-17 12:54:28.000000,11.25,5107500,2896500,750,102750,63000
2025-06-17 12:54:28.000000,11.25,5107500,2896500,750,102750,63000
2025-06-17 12:54:33.000000,11.25,5107500,2896500,750,102750,63000
2025-06-17 12:54:35.000000,11.2,5107500,2896500,750,102750,63000
2025-06-17 12:54:44.000000,11.2,5107500,2896500,3750,102750,63000
2025-06-17 12:54:48.000000,11.15,5107500,2896500,5250,102750,63000
2025-06-17 12:54:51.000000,11.1,5107500,2896500,750,102750,63000
2025-06-17 12:54:51.000000,11.05,5107500,2896500,750,102750,63000
2025-06-17 12:54:58.000000,11.0,5107500,2896500,750,102750,63000
2025-06-17 12:54:59.000000,11.0,5154000,2896500,750,66000,87000
2025-06-17 12:55:02.000000,10.8,5154000,2896500,750,66000,87000
2025-06-17 12:55:03.000000,10.8,5154000,2896500,750,66000,87000
2025-06-17 12:55:09.000000,10.8,5154000,2925750,750,66000,87000
2025-06-17 12:55:13.000000,10.75,5154000,2925750,750,66000,87000
2025-06-17 12:55:14.000000,10.8,5154000,2925750,2250,66000,87000
2025-06-17 12:55:17.000000,10.75,5154000,2925750,750,66000,87000
2025-06-17 12:55:23.000000,10.7,5154000,2925750,750,66000,87000
2025-06-17 12:55:26.000000,10.8,5154000,2925750,750,66000,87000
2025-06-17 12:55:29.000000,10.8,5168250,2925750,750,65250,74250
2025-06-17 12:55:33.000000,10.8,5168250,2925750,750,65250,74250
2025-06-17 12:55:38.000000,10.8,5168250,2925750,750,69750,72000
2025-06-17 12:55:39.000000,10.8,5168250,2925750,750,63000,74250
2025-06-17 12:55:40.000000,10.8,5168250,2925750,750,69750,69750
2025-06-17 12:55:41.000000,10.8,5168250,2925750,750,68250,77250
2025-06-17 12:55:41.000000,10.85,5168250,2925750,750,68250,77250
2025-06-17 12:55:42.000000,10.85,5169000,2925750,750,58500,76500
2025-06-17 12:55:43.000000,10.85,5169000,2925750,750,59250,76500
2025-06-17 12:55:43.000000,10.85,5169000,2925750,750,59250,76500
2025-06-17 12:55:44.000000,10.85,5169750,2925750,750,54750,73500
2025-06-17 12:55:45.000000,10.85,5169750,2925750,750,52500,74250
2025-06-17 12:55:46.000000,10.85,5169750,2925750,750,53250,67500
2025-06-17 12:55:47.000000,10.9,5169750,2925750,750,53250,67500
2025-06-17 12:55:47.000000,10.9,5170500,2925750,750,52500,69750
2025-06-17 12:55:47.000000,10.85,5170500,2925750,750,52500,69750
2025-06-17 12:55:48.000000,10.85,5171250,2925750,750,62250,68250
2025-06-17 12:55:49.000000,10.85,5171250,2925750,750,60750,69750
2025-06-17 12:55:50.000000,10.85,5171250,2925750,750,63000,69750
2025-06-17 12:55:51.000000,10.85,5171250,2925750,750,63000,69750
2025-06-17 12:55:52.000000,10.85,5171250,2925750,750,60750,68250
2025-06-17 12:55:53.000000,10.85,5171250,2925750,750,60000,65250
2025-06-17 12:55:54.000000,10.85,5171250,2925750,750,63000,67500
2025-06-17 12:55:55.000000,10.85,5171250,2925750,750,51000,54000
2025-06-17 12:55:55.000000,10.85,5171250,2925750,750,51000,54000
2025-06-17 12:55:56.000000,10.85,5172000,2925750,750,65250,66750
2025-06-17 12:55:57.000000,10.85,5172000,2925750,750,66000,66000
2025-06-17 12:55:58.000000,10.85,5172000,2925750,750,63000,68250
2025-06-17 12:55:59.000000,10.85,5172000,2925750,750,62250,68250
2025-06-17 12:56:00.000000,10.85,5172000,2925750,750,63000,69750
2025-06-17 12:56:00.000000,10.85,5172000,2925750,750,63000,69750
2025-06-17 12:56:01.000000,10.85,5172750,2925750,750,66750,63750
2025-06-17 12:56:02.000000,10.85,5172750,2925750,750,64500,66750
2025-06-17 12:56:03.000000,10.85,5172750,2925750,750,64500,66750
2025-06-17 12:56:03.000000,10.85,5172750,2925750,750,63750,67500
2025-06-17 12:56:04.000000,10.85,5172750,2925750,750,64500,67500
2025-06-17 12:56:05.000000,10.8,5172750,2925750,750,64500,67500
2025-06-17 12:56:05.000000,10.8,5173500,2925750,750,63000,66000
2025-06-17 12:56:06.000000,10.8,5173500,2925750,750,63000,66000
2025-06-17 12:56:06.000000,10.8,5174250,2925750,750,50250,59250
2025-06-17 12:56:07.000000,10.8,5174250,2925750,750,63000,70500
2025-06-17 12:56:08.000000,10.75,5174250,2925750,750,63000,70500
2025-06-17 12:56:08.000000,10.75,5175000,2925750,750,63000,72000
2025-06-17 12:56:09.000000,10.75,5175000,2925750,750,58500,68250
2025-06-17 12:56:10.000000,10.75,5175000,2925750,750,65250,71250
2025-06-17 12:56:11.000000,10.75,5175000,2925750,750,66000,72000
2025-06-17 12:56:12.000000,10.8,5175000,2925750,750,66000,72000
2025-06-17 12:56:12.000000,10.8,5175750,2925750,750,59250,64500
2025-06-17 12:56:13.000000,10.8,5175750,2925750,750,66750,72750
2025-06-17 12:56:14.000000,10.8,5175750,2925750,750,63000,65250
2025-06-17 12:56:15.000000,10.9,5175750,2925750,750,63000,65250
2025-06-17 12:56:15.000000,10.9,5176500,2925750,750,69750,72000
2025-06-17 12:56:16.000000,10.9,5176500,2925750,750,73500,67500
2025-06-17 12:56:17.000000,10.9,5176500,2925750,750,69000,70500
2025-06-17 12:56:17.000000,10.9,5176500,2925750,750,69000,70500
2025-06-17 12:56:18.000000,10.9,5177250,2925750,750,72750,72000
2025-06-17 12:56:19.000000,10.9,5177250,2925750,750,72750,72750
2025-06-17 12:56:20.000000,10.9,5177250,2925750,1500,72750,72750
2025-06-17 12:56:20.000000,10.9,5178750,2925750,1500,70500,71250
2025-06-17 12:56:21.000000,10.9,5178750,2925750,1500,70500,72750
2025-06-17 12:56:22.000000,10.9,5178750,2925750,750,70500,72750
2025-06-17 12:56:22.000000,10.9,5181000,2925750,750,71250,67500
2025-06-17 12:56:23.000000,10.9,5181000,2925750,750,72000,63750
2025-06-17 12:56:24.000000,10.9,5181000,2925750,750,75000,63750
2025-06-17 12:56:24.000000,11.0,5181000,2925750,1500,75000,63750
2025-06-17 12:56:25.000000,11.0,5186250,2925750,1500,69000,74250
2025-06-17 12:56:26.000000,11.05,5186250,2925750,750,69000,74250
2025-06-17 12:56:26.000000,11.05,5188500,2925750,750,66750,63750
2025-06-17 12:56:26.000000,11.0,5188500,2925750,750,66750,63750
2025-06-17 12:56:27.000000,11.0,5189250,2925750,750,61500,66000
2025-06-17 12:56:28.000000,11.05,5189250,2925750,750,61500,66000
2025-06-17 12:56:28.000000,11.0,5191500,2925750,750,71250,66000
2025-06-17 12:56:28.000000,11.0,5191500,2925750,750,71250,66000
2025-06-17 12:56:29.000000,11.0,5191500,2925750,750,53250,71250
2025-06-17 12:56:30.000000,11.0,5191500,2925750,750,69750,71250
2025-06-17 12:56:30.000000,11.05,5191500,2925750,750,69750,71250
2025-06-17 12:56:31.000000,11.05,5193750,2925750,750,77250,65250
2025-06-17 12:56:32.000000,11.05,5194500,2925750,750,75000,65250
2025-06-17 12:56:32.000000,11.0,5194500,2925750,750,75000,65250
2025-06-17 12:56:33.000000,11.0,5194500,2925750,750,75000,65250
2025-06-17 12:56:33.000000,11.0,5211750,2925750,750,64500,69750
2025-06-17 12:56:34.000000,11.0,5211750,2925750,750,64500,71250
2025-06-17 12:56:35.000000,11.0,5211750,2925750,750,64500,72000
2025-06-17 12:56:36.000000,11.0,5211750,2925750,750,63750,72000
2025-06-17 12:56:37.000000,11.0,5211750,2925750,750,65250,82500
2025-06-17 12:56:38.000000,10.95,5211750,2925750,750,65250,82500
2025-06-17 12:56:47.000000,11.05,5211750,2925750,750,65250,82500
2025-06-17 12:56:47.000000,11.0,5211750,2925750,2250,65250,82500
2025-06-17 12:56:48.000000,11.05,5211750,2925750,750,65250,82500
2025-06-17 12:56:56.000000,11.05,5217750,2925750,750,74250,78000
2025-06-17 12:56:56.000000,10.95,5217750,2925750,750,74250,78000
2025-06-17 12:57:05.000000,11.0,5217750,2925750,750,74250,78000
2025-06-17 12:57:15.000000,11.05,5217750,2925750,1500,74250,78000
2025-06-17 12:57:19.000000,11.0,5217750,2925750,750,74250,78000
2025-06-17 12:57:24.000000,11.0,5238750,2925750,750,81000,71250
2025-06-17 12:57:30.000000,11.0,5238750,2925750,750,81000,71250
2025-06-17 12:57:33.000000,11.0,5238750,2925750,750,81000,71250
2025-06-17 12:57:37.000000,11.0,5238750,2925750,750,81000,71250
2025-06-17 12:57:48.000000,10.95,5238750,2925750,750,81000,71250
2025-06-17 12:57:50.000000,11.0,5238750,2925750,750,81000,71250
2025-06-17 12:57:52.000000,10.95,5238750,2925750,750,81000,71250
2025-06-17 12:57:54.000000,10.95,5243250,2925750,750,72000,75000
2025-06-17 12:57:55.000000,11.0,5243250,2925750,750,72000,75000
2025-06-17 12:58:01.000000,10.85,5243250,2925750,1500,72000,75000
2025-06-17 12:58:03.000000,10.85,5243250,2925750,1500,72000,75000
2025-06-17 12:58:21.000000,11.0,5262000,2925750,750,76500,72000
2025-06-17 12:58:21.000000,11.0,5262000,2916750,750,76500,72000
2025-06-17 12:58:33.000000,11.0,5262000,2916750,750,76500,72000
2025-06-17 12:58:38.000000,11.0,5262000,2916750,750,76500,72000
2025-06-17 12:58:47.000000,10.9,5262000,2916750,750,76500,72000
2025-06-17 12:58:48.000000,10.9,5265000,2916750,750,78750,84000
2025-06-17 12:58:55.000000,10.95,5265000,2916750,750,78750,84000
2025-06-17 12:59:00.000000,10.9,5265000,2916750,750,78750,84000
2025-06-17 12:59:03.000000,10.9,5265000,2916750,750,78750,84000
2025-06-17 12:59:11.000000,11.0,5265000,2916750,2250,78750,84000
2025-06-17 12:59:14.000000,11.0,5271000,2916750,2250,87750,78000
2025-06-17 12:59:23.000000,11.05,5271000,2916750,750,87750,78000
2025-06-17 12:59:27.000000,11.05,5271000,2916750,1500,87750,78000
2025-06-17 12:59:33.000000,11.05,5271000,2916750,1500,87750,78000
2025-06-17 12:59:35.000000,10.95,5271000,2916750,750,87750,78000
2025-06-17 12:59:38.000000,11.1,5271000,2916750,750,87750,78000
2025-06-17 12:59:43.000000,11.1,5276250,2916750,750,119250,67500
2025-06-17 12:59:50.000000,11.0,5276250,2916750,2250,119250,67500
2025-06-17 12:59:53.000000,11.05,5276250,2916750,1500,119250,67500
2025-06-17 12:59:53.000000,11.05,5276250,2916750,750,119250,67500
2025-06-17 12:59:58.000000,11.1,5276250,2916750,750,119250,67500
2025-06-17 13:00:12.000000,11.1,5282250,2916750,750,99750,66750
2025-06-17 13:00:19.000000,11.1,5282250,2916750,750,99750,66750
2025-06-17 13:00:27.000000,11.15,5282250,2916750,750,99750,66750
2025-06-17 13:00:29.000000,11.2,5282250,2916750,750,99750,66750
2025-06-17 13:00:33.000000,11.2,5282250,2916750,750,99750,66750
2025-06-17 13:00:41.000000,11.2,5284500,2916750,750,114000,78000
2025-06-17 13:00:44.000000,11.25,5284500,2916750,750,114000,78000
2025-06-17 13:00:49.000000,11.2,5284500,2916750,3000,114000,78000
2025-06-17 13:00:49.000000,11.2,5284500,2916750,750,114000,78000
2025-06-17 13:00:57.000000,11.25,5284500,2916750,750,114000,78000
2025-06-17 13:01:02.000000,11.2,5284500,2916750,750,114000,78000
2025-06-17 13:01:03.000000,11.2,5284500,2916750,750,114000,78000
2025-06-17 13:01:09.000000,11.2,5295000,2916750,750,90750,69000
2025-06-17 13:01:11.000000,11.1,5295000,2919000,12750,90750,69000
2025-06-17 13:01:17.000000,11.1,5295000,2919000,750,90750,69000
2025-06-17 13:01:22.000000,11.15,5295000,2919000,750,90750,69000
2025-06-17 13:01:25.000000,11.1,5295000,2919000,750,90750,69000
2025-06-17 13:01:33.000000,11.1,5295000,2919000,750,90750,69000
2025-06-17 13:01:37.000000,11.1,5295000,2919000,750,90750,69000
2025-06-17 13:01:38.000000,11.1,5322750,2919000,750,71250,82500
2025-06-17 13:01:39.000000,11.2,5322750,2919000,750,71250,82500
2025-06-17 13:01:49.000000,11.4,5322750,2919000,750,71250,82500
2025-06-17 13:01:52.000000,11.4,5322750,2919000,1500,71250,82500
2025-06-17 13:01:57.000000,11.45,5322750,2919000,2250,71250,82500
2025-06-17 13:02:01.000000,11.45,5322750,2919000,750,71250,82500
2025-06-17 13:02:03.000000,11.45,5322750,2919000,750,71250,82500
2025-06-17 13:02:04.000000,11.5,5322750,2919000,750,71250,82500
2025-06-17 13:02:07.000000,11.4,5322750,2919000,750,71250,82500
2025-06-17 13:02:07.000000,11.4,5354250,2919000,750,58500,67500
2025-06-17 13:02:12.000000,11.5,5354250,2919000,2250,58500,67500
2025-06-17 13:02:15.000000,11.35,5354250,2919000,750,58500,67500
2025-06-17 13:02:16.000000,11.35,5354250,2919000,1500,58500,67500
2025-06-17 13:02:23.000000,11.4,5354250,2919000,750,58500,67500
2025-06-17 13:02:23.000000,11.45,5354250,2919000,750,58500,67500
2025-06-17 13:02:25.000000,11.35,5354250,2919000,750,58500,67500
2025-06-17 13:02:29.000000,11.3,5354250,2919000,750,58500,67500
2025-06-17 13:02:32.000000,11.4,5354250,2919000,2250,58500,67500
2025-06-17 13:02:33.000000,11.4,5354250,2919000,2250,58500,67500
2025-06-17 13:02:37.000000,11.4,5418750,2919000,2250,72000,76500
2025-06-17 13:02:39.000000,11.4,5418750,2919000,2250,71250,75750
2025-06-17 13:02:40.000000,11.4,5418750,2919000,2250,72750,75750
2025-06-17 13:02:41.000000,11.4,5418750,2919000,2250,71250,72750
2025-06-17 13:02:42.000000,11.4,5418750,2919000,2250,71250,72750
2025-06-17 13:02:42.000000,11.4,5425500,2919000,750,78750,72000
2025-06-17 13:02:42.000000,11.4,5425500,2919000,750,75750,72000
2025-06-17 13:02:42.000000,11.4,5425500,2919000,750,75750,72000
2025-06-17 13:02:43.000000,11.4,5425500,2919000,750,84750,57750
2025-06-17 13:02:44.000000,11.4,5425500,2919000,750,77250,56250
2025-06-17 13:02:45.000000,11.4,5425500,2919000,750,78000,56250
2025-06-17 13:02:46.000000,11.4,5425500,2919000,750,78750,56250
2025-06-17 13:02:48.000000,11.4,5425500,2919000,750,81750,54000
2025-06-17 13:02:49.000000,11.4,5425500,2919000,750,82500,54000
2025-06-17 13:02:50.000000,11.4,5425500,2919000,750,78750,57750
2025-06-17 13:02:51.000000,11.4,5425500,2919000,750,77250,60750
2025-06-17 13:02:51.000000,11.4,5425500,2919000,750,76500,61500
2025-06-17 13:02:52.000000,11.45,5425500,2919000,750,76500,61500
2025-06-17 13:02:52.000000,11.45,5427000,2919000,750,81000,66750
2025-06-17 13:02:53.000000,11.45,5427000,2919000,750,81000,63750
2025-06-17 13:02:55.000000,11.45,5427000,2919000,750,84750,61500
2025-06-17 13:02:56.000000,11.5,5431500,2919000,750,89250,65250
2025-06-17 13:02:56.000000,11.5,5431500,2919000,750,89250,65250
2025-06-17 13:02:57.000000,11.5,5431500,2919000,750,87000,65250
2025-06-17 13:02:58.000000,11.5,5431500,2919000,750,85500,66750
2025-06-17 13:02:59.000000,11.5,5431500,2919000,750,84750,65250
2025-06-17 13:03:00.000000,11.5,5431500,2919000,750,85500,69000
2025-06-17 13:03:01.000000,11.5,5431500,2919000,750,82500,67500
2025-06-17 13:03:01.000000,11.5,5431500,2919000,750,83250,67500
2025-06-17 13:03:02.000000,11.5,5431500,2919000,750,83250,67500
2025-06-17 13:03:03.000000,11.5,5431500,2919000,750,83250,67500
2025-06-17 13:03:03.000000,11.5,5431500,2919000,750,79500,63000
2025-06-17 13:03:05.000000,11.5,5431500,2919000,750,77250,67500
2025-06-17 13:03:06.000000,11.5,5431500,2919000,750,77250,67500
2025-06-17 13:03:07.000000,11.5,5431500,2919000,750,72750,62250
2025-06-17 13:03:07.000000,11.5,5431500,2919000,750,78000,64500
2025-06-17 13:03:08.000000,11.5,5431500,2919000,750,78000,69750
2025-06-17 13:03:10.000000,11.5,5431500,2919000,750,64500,78000
2025-06-17 13:03:10.000000,11.5,5431500,2919000,750,67500,81750
2025-06-17 13:03:11.000000,11.5,5431500,2919000,750,65250,84000
2025-06-17 13:03:12.000000,11.4,5431500,2919000,750,65250,84000
2025-06-17 13:03:13.000000,11.4,5432250,2919000,750,75000,81750
2025-06-17 13:03:14.000000,11.4,5432250,2919000,750,69750,85500
2025-06-17 13:03:15.000000,11.4,5432250,2919000,750,71250,85500
2025-06-17 13:03:16.000000,11.4,5432250,2919000,750,75750,74250
2025-06-17 13:03:17.000000,11.4,5432250,2919000,750,79500,84750
2025-06-17 13:03:18.000000,11.4,5432250,2919000,750,81000,83250
2025-06-17 13:03:19.000000,11.4,5432250,2919000,750,80250,83250
2025-06-17 13:03:20.000000,11.4,5432250,2919000,750,80250,73500
2025-06-17 13:03:22.000000,11.4,5432250,2919000,750,76500,94500
2025-06-17 13:03:22.000000,11.4,5432250,2919000,750,75750,95250
2025-06-17 13:03:23.000000,11.4,5432250,2919000,750,75000,95250
2025-06-17 13:03:24.000000,11.4,5432250,2919000,750,75000,94500
2025-06-17 13:03:25.000000,11.4,5432250,2919000,750,81750,93000
2025-06-17 13:03:26.000000,11.4,5432250,2919000,750,78750,94500
2025-06-17 13:03:28.000000,11.4,5432250,2919000,750,80250,94500
2025-06-17 13:03:29.000000,11.4,5432250,2919000,750,82500,87000
2025-06-17 13:03:30.000000,11.4,5432250,2919000,750,85500,78000
2025-06-17 13:03:31.000000,11.4,5432250,2919000,750,84000,79500
2025-06-17 13:03:32.000000,11.4,5432250,2919000,750,85500,80250
2025-06-17 13:03:33.000000,11.4,5432250,2919000,750,85500,80250
2025-06-17 13:03:33.000000,11.4,5432250,2919000,750,84750,80250
2025-06-17 13:03:34.000000,11.4,5432250,2919000,750,85500,80250
2025-06-17 13:03:34.000000,11.5,5432250,2919000,1500,85500,80250
2025-06-17 13:03:35.000000,11.5,5438250,2919000,2250,85500,74250
2025-06-17 13:03:35.000000,11.5,5438250,2919000,2250,85500,74250
2025-06-17 13:03:36.000000,11.5,5438250,2919000,2250,84750,74250
2025-06-17 13:03:37.000000,11.5,5438250,2919000,2250,87000,73500
2025-06-17 13:03:46.000000,11.4,5438250,2919000,750,87000,73500
2025-06-17 13:03:51.000000,11.5,5438250,2919000,1500,87000,73500
2025-06-17 13:03:54.000000,11.5,5438250,2919000,9750,87000,73500
2025-06-17 13:03:59.000000,11.5,5455500,2919000,9750,90000,78750
2025-06-17 13:04:03.000000,11.5,5455500,2919000,9750,90000,78750
2025-06-17 13:04:25.000000,11.5,5455500,2919000,9750,80250,93000
2025-06-17 13:04:33.000000,11.3,5455500,2959500,750,80250,93000
2025-06-17 13:04:38.000000,11.25,5455500,2959500,750,80250,93000
2025-06-17 13:04:40.000000,11.3,5455500,2959500,750,80250,93000
2025-06-17 13:04:42.000000,11.35,5455500,2959500,750,80250,93000
2025-06-17 13:04:45.000000,11.25,5455500,2959500,750,80250,93000
2025-06-17 13:04:52.000000,11.25,5461500,2959500,750,79500,94500
2025-06-17 13:05:03.000000,11.25,5461500,2959500,750,79500,94500
2025-06-17 13:05:04.000000,11.25,5461500,2959500,3750,79500,94500
2025-06-17 13:05:15.000000,11.25,5461500,2959500,750,79500,94500
2025-06-17 13:05:16.000000,11.15,5461500,2959500,750,79500,94500
2025-06-17 13:05:19.000000,11.2,5461500,2959500,750,79500,94500
2025-06-17 13:05:20.000000,11.2,5469000,2959500,750,78000,77250
2025-06-17 13:05:27.000000,11.1,5469000,2959500,750,78000,77250
2025-06-17 13:05:29.000000,11.0,5469000,2959500,2250,78000,77250
2025-06-17 13:05:32.000000,11.05,5469000,2959500,750,78000,77250
2025-06-17 13:05:33.000000,11.05,5469000,2959500,750,78000,77250
2025-06-17 13:05:34.000000,11.1,5469000,2959500,750,78000,77250
2025-06-17 13:05:38.000000,11.1,5483250,2959500,750,70500,80250
2025-06-17 13:05:39.000000,11.1,5483250,2959500,750,72000,78750
2025-06-17 13:05:40.000000,11.1,5483250,2959500,750,73500,78000
2025-06-17 13:05:41.000000,11.1,5483250,2959500,750,68250,78000
2025-06-17 13:05:42.000000,11.1,5483250,2959500,750,68250,78000
2025-06-17 13:05:43.000000,11.1,5483250,2959500,750,67500,81000
2025-06-17 13:05:43.000000,11.1,5483250,2959500,750,66000,81000
2025-06-17 13:05:44.000000,11.1,5483250,2959500,750,72000,75000
2025-06-17 13:05:45.000000,11.1,5483250,2959500,750,73500,75000
2025-06-17 13:05:47.000000,11.1,5483250,2959500,750,78000,73500
2025-06-17 13:05:48.000000,11.1,5483250,2959500,750,78000,72750
2025-06-17 13:05:49.000000,11.1,5483250,2959500,750,77250,72750
2025-06-17 13:05:50.000000,11.1,5483250,2959500,750,75000,72750
2025-06-17 13:05:51.000000,11.1,5483250,2959500,750,77250,73500
2025-06-17 13:05:52.000000,11.1,5483250,2959500,750,69750,78000
2025-06-17 13:05:53.000000,11.1,5483250,2959500,750,75000,72750
2025-06-17 13:05:54.000000,11.1,5483250,2959500,750,74250,72000
2025-06-17 13:05:55.000000,11.1,5483250,2959500,750,73500,74250
2025-06-17 13:05:55.000000,11.1,5483250,2959500,750,73500,72750
2025-06-17 13:05:56.000000,11.1,5483250,2959500,750,79500,75000
2025-06-17 13:05:57.000000,11.1,5483250,2959500,750,78750,72750
2025-06-17 13:05:59.000000,11.1,5483250,2959500,750,82500,72750
2025-06-17 13:06:00.000000,11.1,5483250,2959500,750,84000,66750
2025-06-17 13:06:01.000000,11.1,5483250,2959500,750,83250,72000
2025-06-17 13:06:02.000000,11.1,5483250,2959500,750,83250,65250
2025-06-17 13:06:03.000000,11.1,5483250,2959500,750,82500,72000
2025-06-17 13:06:04.000000,11.15,5483250,2959500,750,82500,72000
2025-06-17 13:06:04.000000,11.15,5484000,2959500,750,76500,77250
2025-06-17 13:06:05.000000,11.15,5484000,2959500,750,81000,75750
2025-06-17 13:06:06.000000,11.15,5484000,2959500,750,81000,70500
2025-06-17 13:06:07.000000,11.15,5484000,2959500,750,79500,70500
2025-06-17 13:06:07.000000,11.15,5484000,2959500,750,81750,70500
2025-06-17 13:06:08.000000,11.15,5484000,2959500,750,81000,69750
2025-06-17 13:06:10.000000,11.15,5484000,2959500,750,81000,61500
2025-06-17 13:06:11.000000,11.15,5484000,2959500,750,81750,61500
2025-06-17 13:06:12.000000,11.15,5484000,2959500,750,84750,72750
2025-06-17 13:06:13.000000,11.15,5484000,2959500,750,84750,72750
2025-06-17 13:06:14.000000,11.15,5484000,2959500,750,87000,71250
2025-06-17 13:06:15.000000,11.3,5490750,2959500,2250,80250,75750
2025-06-17 13:06:15.000000,11.3,5490750,2959500,2250,80250,75750
2025-06-17 13:06:16.000000,11.3,5490750,2959500,2250,78000,76500
2025-06-17 13:06:17.000000,11.3,5490750,2959500,2250,84750,87750
2025-06-17 13:06:17.000000,11.3,5490750,2959500,2250,84750,88500
2025-06-17 13:06:18.000000,11.3,5490750,2959500,2250,81750,77250
2025-06-17 13:06:19.000000,11.3,5490750,2959500,750,81750,77250
2025-06-17 13:06:20.000000,11.3,5491500,2959500,750,71250,81750
2025-06-17 13:06:21.000000,11.3,5491500,2959500,750,72000,78750
2025-06-17 13:06:21.000000,11.3,5491500,2959500,750,76500,86250
2025-06-17 13:06:22.000000,11.3,5491500,2959500,750,73500,84750
2025-06-17 13:06:24.000000,11.3,5491500,2959500,750,70500,74250
2025-06-17 13:06:24.000000,11.3,5491500,2959500,750,71250,73500
2025-06-17 13:06:26.000000,11.3,5491500,2959500,750,75750,69000
2025-06-17 13:06:27.000000,11.3,5491500,2959500,750,78000,80250
2025-06-17 13:06:28.000000,11.3,5491500,2959500,750,72750,71250
2025-06-17 13:06:29.000000,11.3,5491500,2959500,750,72000,71250
2025-06-17 13:06:30.000000,11.3,5491500,2959500,750,65250,81750
2025-06-17 13:06:31.000000,11.3,5491500,2959500,750,70500,76500
2025-06-17 13:06:32.000000,11.3,5491500,2959500,750,70500,76500
2025-06-17 13:06:33.000000,11.3,5491500,2959500,750,70500,76500
2025-06-17 13:06:33.000000,11.3,5491500,2959500,750,72000,79500
2025-06-17 13:06:33.000000,11.3,5491500,2959500,4500,72000,79500
2025-06-17 13:06:34.000000,11.3,5496750,2959500,4500,65250,74250
2025-06-17 13:06:35.000000,11.3,5496750,2959500,4500,78000,92250
2025-06-17 13:06:36.000000,11.3,5496750,2959500,4500,78000,92250
2025-06-17 13:06:37.000000,11.3,5496750,2959500,4500,74250,92250
2025-06-17 13:06:42.000000,11.3,5496750,2959500,4500,66000,74250
2025-06-17 13:06:49.000000,11.3,5496750,2959500,750,66000,74250
2025-06-17 13:07:09.000000,11.3,5497500,2959500,750,66000,66750
2025-06-17 13:07:17.000000,11.45,5497500,2959500,1500,66000,66750
2025-06-17 13:07:33.000000,11.45,5497500,2959500,1500,66000,66750
2025-06-17 13:07:34.000000,11.45,5499750,2959500,1500,78000,69750
2025-06-17 13:07:43.000000,11.45,5499750,2959500,750,78000,69750
2025-06-17 13:07:59.000000,11.45,5502750,2959500,750,74250,72000
2025-06-17 13:08:01.000000,11.5,5502750,2959500,750,74250,72000
2025-06-17 13:08:03.000000,11.5,5502750,2959500,750,74250,72000
2025-06-17 13:08:25.000000,11.5,5510250,2959500,750,70500,60000
2025-06-17 13:08:28.000000,11.5,5510250,2959500,750,70500,60000
2025-06-17 13:08:33.000000,11.55,5510250,2959500,750,70500,60000
2025-06-17 13:08:34.000000,11.5,5510250,2959500,750,70500,60000
2025-06-17 13:08:37.000000,11.35,5510250,2959500,750,70500,60000
2025-06-17 13:08:40.000000,11.4,5510250,2959500,750,70500,60000
2025-06-17 13:08:51.000000,11.4,5517750,2959500,750,69750,85500
2025-06-17 13:09:03.000000,11.4,5517750,2959500,750,69750,85500
2025-06-17 13:09:04.000000,11.3,5517750,2959500,750,69750,85500
2025-06-17 13:09:16.000000,11.3,5522250,2959500,750,67500,78000
2025-06-17 13:09:27.000000,11.3,5522250,2959500,3750,67500,78000
2025-06-17 13:09:33.000000,11.3,5522250,2959500,3750,67500,78000
2025-06-17 13:09:34.000000,11.35,5522250,2959500,750,67500,78000
2025-06-17 13:09:39.000000,11.35,5526750,2959500,750,70500,76500
2025-06-17 13:10:03.000000,11.35,5526750,2959500,750,70500,76500
2025-06-17 13:10:04.000000,11.45,5526750,2959500,1500,70500,76500
2025-06-17 13:10:05.000000,11.55,5526750,2959500,1500,70500,76500
2025-06-17 13:10:06.000000,11.6,5526750,2959500,750,70500,76500
2025-06-17 13:10:06.000000,11.6,5540250,2959500,750,79500,70500
2025-06-17 13:10:08.000000,11.45,5540250,2951250,750,79500,70500
2025-06-17 13:10:33.000000,11.45,5540250,2951250,750,79500,70500
2025-06-17 13:10:33.000000,11.45,5541750,2951250,750,61500,65250
2025-06-17 13:10:34.000000,11.5,5541750,2951250,750,61500,65250
2025-06-17 13:10:37.000000,11.5,5544000,2951250,750,65250,64500
2025-06-17 13:10:38.000000,11.5,5544000,2951250,750,66000,64500
2025-06-17 13:10:39.000000,11.5,5544000,2951250,750,66000,64500
2025-06-17 13:10:41.000000,11.5,5544000,2951250,750,63750,69750
2025-06-17 13:10:41.000000,11.5,5544000,2951250,750,63750,70500
2025-06-17 13:10:42.000000,11.5,5544000,2951250,750,68250,71250
2025-06-17 13:10:43.000000,11.5,5544000,2951250,750,67500,69000
2025-06-17 13:10:44.000000,11.5,5544000,2951250,750,68250,70500
2025-06-17 13:10:45.000000,11.5,5544000,2951250,750,69000,70500
2025-06-17 13:10:46.000000,11.5,5544000,2951250,750,68250,70500
2025-06-17 13:10:47.000000,11.5,5544000,2951250,750,69750,69750
2025-06-17 13:10:48.000000,11.5,5544000,2951250,750,72000,69750
2025-06-17 13:10:50.000000,11.5,5544000,2951250,750,71250,70500
2025-06-17 13:10:50.000000,11.5,5544000,2951250,750,72000,70500
2025-06-17 13:10:51.000000,11.5,5544000,2951250,750,75000,64500
2025-06-17 13:10:52.000000,11.5,5544000,2951250,750,75750,63000
2025-06-17 13:10:53.000000,11.5,5544000,2951250,750,75000,61500
2025-06-17 13:10:54.000000,11.5,5544000,2951250,750,75000,62250
2025-06-17 13:10:55.000000,11.5,5544000,2951250,750,74250,63000
2025-06-17 13:10:56.000000,11.5,5544000,2951250,750,70500,63750
2025-06-17 13:10:57.000000,11.5,5544000,2951250,750,79500,77250
2025-06-17 13:10:59.000000,11.5,5544000,2951250,750,76500,77250
2025-06-17 13:10:59.000000,11.5,5544000,2951250,750,76500,76500
2025-06-17 13:11:00.000000,11.5,5544000,2951250,750,71250,78750
2025-06-17 13:11:01.000000,11.5,5544000,2951250,750,75750,76500
2025-06-17 13:11:02.000000,11.5,5544000,2951250,750,75000,78000
2025-06-17 13:11:03.000000,11.5,5544000,2951250,750,76500,78000
2025-06-17 13:11:03.000000,11.5,5544000,2951250,750,76500,78000
2025-06-17 13:11:04.000000,11.5,5544750,2951250,750,75750,78750
2025-06-17 13:11:05.000000,11.5,5544750,2951250,750,75000,75750
2025-06-17 13:11:07.000000,11.5,5544750,2951250,750,73500,75750
2025-06-17 13:11:07.000000,11.5,5544750,2951250,750,73500,75000
2025-06-17 13:11:08.000000,11.5,5544750,2951250,750,72750,78000
2025-06-17 13:11:09.000000,11.5,5544750,2951250,750,73500,78000
2025-06-17 13:11:09.000000,11.5,5544750,2951250,1500,73500,78000
2025-06-17 13:11:10.000000,11.5,5544750,2951250,750,73500,78000
2025-06-17 13:11:10.000000,11.5,5548500,2951250,750,78000,75000
2025-06-17 13:11:11.000000,11.5,5548500,2951250,750,75750,74250
2025-06-17 13:11:12.000000,11.5,5548500,2951250,750,80250,74250
2025-06-17 13:11:13.000000,11.5,5548500,2951250,750,75000,79500
2025-06-17 13:11:14.000000,11.5,5548500,2951250,750,82500,76500
2025-06-17 13:11:16.000000,11.5,5548500,2951250,750,78750,80250
2025-06-17 13:11:17.000000,11.5,5548500,2951250,750,76500,81750
2025-06-17 13:11:17.000000,11.5,5548500,2951250,750,76500,81750
2025-06-17 13:11:18.000000,11.5,5548500,2951250,750,76500,81750
2025-06-17 13:11:19.000000,11.5,5548500,2951250,750,74250,68250
2025-06-17 13:11:20.000000,11.5,5548500,2951250,750,74250,69000
2025-06-17 13:11:21.000000,11.5,5548500,2951250,750,75000,69000
2025-06-17 13:11:22.000000,11.5,5548500,2951250,750,73500,81000
2025-06-17 13:11:23.000000,11.5,5548500,2951250,750,75750,81000
2025-06-17 13:11:25.000000,11.5,5548500,2951250,750,76500,81000
2025-06-17 13:11:26.000000,11.5,5548500,2951250,750,78000,81000
2025-06-17 13:11:26.000000,11.55,5548500,2951250,750,78000,81000
2025-06-17 13:11:27.000000,11.55,5549250,2951250,750,77250,82500
2025-06-17 13:11:27.000000,11.5,5549250,2951250,750,77250,82500
2025-06-17 13:11:28.000000,11.5,5559750,2951250,750,72750,78000
2025-06-17 13:11:28.000000,11.5,5559750,2951250,750,72750,76500
2025-06-17 13:11:29.000000,11.5,5559750,2951250,750,69750,76500
2025-06-17 13:11:30.000000,11.5,5559750,2951250,750,70500,72000
2025-06-17 13:11:31.000000,11.5,5559750,2951250,750,71250,78000
2025-06-17 13:11:32.000000,11.5,5559750,2951250,750,69750,78000
2025-06-17 13:11:33.000000,11.5,5559750,2951250,750,70500,76500
2025-06-17 13:11:34.000000,11.5,5559750,2951250,750,76500,73500
2025-06-17 13:11:36.000000,11.5,5559750,2951250,750,73500,75750
2025-06-17 13:11:37.000000,11.5,5559750,2951250,750,72000,70500
2025-06-17 13:11:49.000000,11.45,5559750,2951250,750,72000,70500
2025-06-17 13:11:51.000000,11.45,5560500,2951250,750,75750,72750
2025-06-17 13:11:57.000000,11.5,5560500,2951250,750,75750,72750
2025-06-17 13:12:17.000000,11.5,5562000,2951250,750,69000,72000
2025-06-17 13:12:24.000000,11.45,5562000,2951250,750,69000,72000
2025-06-17 13:12:30.000000,11.35,5562000,2951250,750,69000,72000
2025-06-17 13:12:33.000000,11.4,5562000,2951250,750,69000,72000
2025-06-17 13:12:33.000000,11.4,5562000,2951250,750,69000,72000
2025-06-17 13:12:45.000000,11.4,5565750,2951250,750,55500,82500
2025-06-17 13:12:46.000000,11.3,5565750,2951250,750,55500,82500
2025-06-17 13:12:48.000000,11.25,5565750,2951250,750,55500,82500
2025-06-17 13:12:53.000000,11.4,5565750,2951250,750,55500,82500
2025-06-17 13:12:57.000000,11.3,5565750,2951250,750,55500,82500
2025-06-17 13:13:03.000000,11.3,5565750,2951250,750,55500,82500
2025-06-17 13:13:05.000000,11.3,5565750,2951250,750,55500,82500
2025-06-17 13:13:11.000000,11.3,5574000,2951250,750,58500,90750
2025-06-17 13:13:14.000000,11.25,5574000,2971500,750,58500,90750
2025-06-17 13:13:20.000000,11.2,5574000,2971500,750,58500,90750
2025-06-17 13:13:36.000000,11.2,5577000,2971500,750,66750,78000
2025-06-17 13:13:43.000000,11.2,5577000,2971500,1500,66750,78000
2025-06-17 13:13:44.000000,11.15,5577000,2971500,750,66750,78000
2025-06-17 13:14:01.000000,11.15,5579250,2971500,750,60000,69000
2025-06-17 13:14:01.000000,11.2,5579250,2971500,750,60000,69000
2025-06-17 13:14:03.000000,11.2,5579250,2971500,750,60000,69000
2025-06-17 13:14:08.000000,11.15,5579250,2971500,750,60000,69000
2025-06-17 13:14:25.000000,11.15,5582250,2971500,750,72000,69750
2025-06-17 13:14:33.000000,11.15,5582250,2971500,750,72000,69750
2025-06-17 13:14:51.000000,11.15,5582250,2971500,750,74250,70500
2025-06-17 13:15:01.000000,11.35,5582250,2971500,2250,74250,70500
2025-06-17 13:15:03.000000,11.35,5582250,2971500,2250,74250,70500
2025-06-17 13:15:09.000000,11.35,5582250,2971500,2250,74250,70500
2025-06-17 13:15:10.000000,11.3,5582250,2971500,750,74250,70500
2025-06-17 13:15:16.000000,11.35,5582250,2971500,1500,74250,70500
2025-06-17 13:15:16.000000,11.35,5591250,2971500,1500,75750,72000
2025-06-17 13:15:20.000000,11.35,5591250,2971500,2250,75750,72000
2025-06-17 13:15:21.000000,11.3,5591250,2971500,750,75750,72000
2025-06-17 13:15:28.000000,11.3,5591250,2971500,1500,75750,72000
2025-06-17 13:15:42.000000,11.3,5595750,2971500,1500,69750,81000
2025-06-17 13:16:04.000000,11.3,5595750,2971500,1500,73500,69750
2025-06-17 13:16:28.000000,11.3,5595750,2971500,1500,75750,69000
2025-06-17 13:16:32.000000,11.5,5595750,2984250,1500,75750,69000
2025-06-17 13:16:33.000000,11.5,5595750,2984250,1500,75750,69000
2025-06-17 13:16:36.000000,11.5,5595750,2984250,2250,75750,69000
2025-06-17 13:16:40.000000,11.45,5595750,2984250,2250,75750,69000
2025-06-17 13:16:47.000000,11.5,5595750,2984250,750,75750,69000
2025-06-17 13:16:48.000000,11.5,5595750,2984250,2250,75750,69000
2025-06-17 13:16:50.000000,11.5,5604750,2984250,2250,75000,62250
2025-06-17 13:16:50.000000,11.5,5604750,2984250,8250,75000,62250
2025-06-17 13:17:14.000000,11.5,5614500,2984250,8250,78000,72000
2025-06-17 13:17:21.000000,11.55,5614500,2984250,750,78000,72000
2025-06-17 13:17:28.000000,11.55,5614500,2984250,2250,78000,72000
2025-06-17 13:17:33.000000,11.55,5614500,2984250,2250,78000,72000
2025-06-17 13:17:38.000000,11.55,5617500,2984250,2250,57750,78000
2025-06-17 13:17:51.000000,11.6,5617500,2984250,750,57750,78000
2025-06-17 13:17:56.000000,11.55,5617500,2984250,750,57750,78000
2025-06-17 13:18:03.000000,11.55,5617500,2984250,750,57750,78000
2025-06-17 13:18:03.000000,11.55,5624250,2984250,750,66000,70500
2025-06-17 13:18:16.000000,11.55,5624250,2984250,750,66000,70500
2025-06-17 13:18:20.000000,11.55,5624250,2984250,2250,66000,70500
2025-06-17 13:18:26.000000,11.5,5624250,2984250,750,66000,70500
2025-06-17 13:18:28.000000,11.5,5636250,2984250,750,70500,64500
2025-06-17 13:18:33.000000,11.5,5636250,2984250,750,70500,64500
2025-06-17 13:18:37.000000,11.45,5636250,2984250,750,70500,64500
2025-06-17 13:18:52.000000,11.5,5636250,2984250,1500,70500,64500
2025-06-17 13:18:54.000000,11.5,5639250,2984250,1500,67500,63750
2025-06-17 13:19:03.000000,11.5,5639250,2984250,1500,67500,63750
2025-06-17 13:19:06.000000,11.5,5639250,2984250,750,67500,63750
2025-06-17 13:19:19.000000,11.5,5640000,2984250,750,66000,60000
2025-06-17 13:19:20.000000,11.5,5640000,2992500,750,66000,60000
2025-06-17 13:19:27.000000,11.5,5640000,2992500,1500,66000,60000
2025-06-17 13:19:34.000000,11.55,5640000,2992500,750,66000,60000
2025-06-17 13:19:38.000000,11.6,5640000,2992500,750,66000,60000
2025-06-17 13:19:42.000000,11.6,5640000,2992500,2250,66000,60000
2025-06-17 13:19:43.000000,11.6,5646000,2992500,2250,55500,47250
2025-06-17 13:37:05.000000,11.6,5798250,3017250,750,46500,56250
2025-06-17 13:37:26.000000,11.6,5799000,3017250,750,50250,54750
2025-06-17 13:37:33.000000,11.6,5799000,3017250,750,50250,54750
2025-06-17 13:37:52.000000,11.6,5799000,3017250,750,48000,53250
2025-06-17 13:38:16.000000,11.6,5799000,3017250,750,46500,50250
2025-06-17 13:38:40.000000,11.6,5799000,3017250,750,48000,51750
2025-06-17 13:39:05.000000,11.6,5799000,3017250,750,45750,54750
2025-06-17 13:39:10.000000,11.65,5799000,3038250,750,45750,54750
2025-06-17 13:39:31.000000,11.65,5800500,3038250,750,49500,51750
2025-06-17 13:39:33.000000,11.65,5800500,3038250,750,49500,51750
2025-06-17 13:39:55.000000,11.65,5800500,3038250,750,46500,51000
2025-06-17 13:40:19.000000,11.65,5800500,3038250,750,51750,57750
2025-06-17 13:40:40.000000,11.65,5800500,3037500,750,51750,57750
2025-06-17 13:40:41.000000,11.65,5801250,3037500,750,45000,54000
2025-06-17 13:41:03.000000,11.65,5801250,3037500,750,45000,54000
2025-06-17 13:41:04.000000,11.65,5802750,3037500,750,48750,56250
2025-06-17 13:41:18.000000,11.65,5802750,3037500,750,48750,56250
2025-06-17 13:41:21.000000,11.7,5802750,3037500,750,48750,56250
2025-06-17 13:41:26.000000,11.7,5807250,3037500,750,51000,54000
2025-06-17 13:41:33.000000,11.7,5807250,3037500,750,51000,54000
2025-06-17 13:41:43.000000,11.7,5807250,3037500,750,51000,54000
2025-06-17 13:41:48.000000,11.7,5811000,3037500,750,45000,42750
2025-06-17 13:41:53.000000,11.8,5811000,3037500,750,45000,42750
2025-06-17 13:42:03.000000,11.8,5811000,3037500,750,45000,42750
2025-06-17 13:42:03.000000,11.8,5811000,3037500,750,45000,42750
2025-06-17 13:42:11.000000,11.8,5814000,3037500,750,50250,45750
2025-06-17 13:42:14.000000,11.8,5814000,3037500,750,50250,45750
2025-06-17 13:42:18.000000,11.8,5814000,3037500,1500,50250,45750
2025-06-17 13:42:19.000000,11.8,5814000,3037500,750,50250,45750
2025-06-17 13:42:33.000000,11.8,5814000,3037500,750,50250,45750
2025-06-17 13:42:35.000000,11.8,5819250,3037500,750,44250,50250
2025-06-17 13:42:58.000000,11.85,5819250,3037500,750,44250,50250
2025-06-17 13:42:59.000000,11.85,5820750,3037500,750,45000,45750
2025-06-17 13:43:03.000000,11.85,5820750,3037500,750,45000,45750
2025-06-17 13:43:19.000000,11.75,5820750,3041250,750,45000,45750
2025-06-17 13:43:22.000000,11.75,5824500,3041250,750,48750,48750
2025-06-17 13:43:27.000000,11.7,5824500,3041250,750,48750,48750
2025-06-17 13:43:33.000000,11.7,5824500,3041250,750,48750,48750
2025-06-17 13:43:46.000000,11.75,5824500,3041250,750,48750,48750
2025-06-17 13:43:47.000000,11.75,5827500,3041250,750,44250,48750
2025-06-17 13:43:48.000000,11.75,5827500,3041250,750,44250,48750
2025-06-17 13:44:13.000000,11.75,5828250,3041250,750,48000,51750
2025-06-17 13:44:18.000000,11.7,5828250,3041250,750,48000,51750
2025-06-17 13:44:33.000000,11.7,5828250,3041250,750,48000,51750
2025-06-17 13:44:38.000000,11.7,5829000,3041250,750,41250,47250
2025-06-17 13:44:41.000000,11.75,5829000,3041250,1500,41250,47250
2025-06-17 13:45:02.000000,11.75,5830500,3041250,1500,48750,53250
2025-06-17 13:45:03.000000,11.75,5830500,3041250,1500,48750,53250
2025-06-17 13:45:09.000000,11.7,5830500,3041250,750,48750,53250
2025-06-17 13:45:11.000000,11.65,5830500,3041250,1500,48750,53250
2025-06-17 13:45:15.000000,11.7,5830500,3041250,750,48750,53250
2025-06-17 13:45:26.000000,11.65,5830500,3041250,750,48750,53250
2025-06-17 13:45:28.000000,11.65,5835750,3041250,750,39000,51750
2025-06-17 13:45:32.000000,11.6,5835750,3041250,750,39000,51750
2025-06-17 13:45:33.000000,11.6,5835750,3041250,750,39000,51750
2025-06-17 13:45:33.000000,11.55,5835750,3041250,750,39000,51750
2025-06-17 13:45:54.000000,11.55,5838000,3041250,750,46500,45750
2025-06-17 13:45:57.000000,11.55,5838000,3041250,1500,46500,45750
2025-06-17 13:46:03.000000,11.55,5838000,3041250,1500,46500,45750
2025-06-17 13:46:19.000000,11.55,5839500,3041250,1500,46500,48000
2025-06-17 13:46:45.000000,11.55,5839500,3041250,1500,39750,59250
2025-06-17 13:46:51.000000,11.45,5839500,3038250,2250,39750,59250
2025-06-17 13:46:54.000000,11.45,5839500,3038250,750,39750,59250
2025-06-17 13:47:03.000000,11.45,5839500,3038250,750,39750,59250
2025-06-17 13:47:04.000000,11.5,5839500,3038250,750,39750,59250
2025-06-17 13:47:11.000000,11.5,5859750,3038250,750,51000,56250
2025-06-17 13:47:12.000000,11.5,5859750,3038250,750,51000,56250
2025-06-17 13:47:33.000000,11.5,5859750,3038250,750,51000,56250
2025-06-17 13:47:40.000000,11.5,5859750,3038250,750,51000,56250
2025-06-17 13:47:40.000000,11.5,5862000,3038250,750,51750,54000
2025-06-17 13:47:41.000000,11.55,5862000,3038250,750,51750,54000
2025-06-17 13:47:49.000000,11.5,5862000,3038250,750,51750,54000
2025-06-17 13:48:03.000000,11.5,5862000,3038250,750,51750,54000
2025-06-17 13:48:04.000000,11.5,5863500,3038250,750,50250,53250
2025-06-17 13:48:28.000000,11.5,5863500,3038250,750,51750,45750
2025-06-17 13:48:50.000000,11.5,5863500,3038250,750,51750,45750
2025-06-17 13:48:51.000000,11.5,5867250,3038250,750,50250,58500
2025-06-17 13:48:56.000000,11.45,5867250,3038250,750,50250,58500
2025-06-17 13:49:03.000000,11.45,5867250,3038250,750,50250,58500
2025-06-17 13:49:04.000000,11.45,5867250,3038250,750,50250,58500
2025-06-17 13:49:05.000000,11.45,5867250,3038250,1500,50250,58500
2025-06-17 13:49:16.000000,11.45,5871000,3038250,1500,38250,56250
2025-06-17 13:49:28.000000,11.5,5871000,3031500,750,38250,56250
2025-06-17 13:49:44.000000,11.5,5873250,3031500,750,51000,48000
2025-06-17 13:50:12.000000,11.5,5873250,3031500,750,34500,57000
2025-06-17 13:50:17.000000,11.55,5873250,3031500,750,34500,57000
2025-06-17 13:50:33.000000,11.55,5873250,3031500,750,34500,57000
2025-06-17 13:50:38.000000,11.55,5874000,3031500,750,45750,42000
2025-06-17 13:50:42.000000,11.55,5874000,3031500,750,45750,42000
2025-06-17 13:50:48.000000,11.65,5874000,3031500,3750,45750,42000
2025-06-17 13:50:48.000000,11.65,5874000,3031500,750,45750,42000
2025-06-17 13:50:59.000000,11.7,5874000,3031500,750,45750,42000
2025-06-17 13:51:03.000000,11.7,5874000,3031500,750,45750,42000
2025-06-17 13:51:04.000000,11.7,5897250,3031500,750,65250,49500
2025-06-17 13:51:22.000000,11.75,5897250,3031500,750,65250,49500
2025-06-17 13:51:31.000000,11.75,5898000,3031500,750,61500,51000
2025-06-17 13:51:33.000000,11.75,5898000,3031500,750,61500,51000
2025-06-17 13:51:38.000000,11.8,5898000,3031500,750,61500,51000
2025-06-17 13:51:56.000000,11.8,5898750,3031500,750,63750,40500
2025-06-17 13:52:03.000000,11.8,5898750,3031500,750,63750,40500
2025-06-17 13:52:16.000000,11.8,5898750,3033750,750,63750,40500
2025-06-17 13:52:19.000000,11.85,5898750,3033750,750,63750,40500
2025-06-17 13:52:22.000000,11.85,5907750,3033750,750,49500,47250
2025-06-17 13:52:33.000000,11.85,5907750,3033750,750,49500,47250
2025-06-17 13:52:49.000000,11.85,5907750,3033750,750,40500,45750
2025-06-17 13:52:52.000000,11.85,5907750,3033750,750,40500,45750
2025-06-17 13:53:10.000000,11.75,5907750,3033750,1500,40500,45750
2025-06-17 13:53:15.000000,11.75,5910750,3033750,1500,42000,51750
2025-06-17 13:53:21.000000,11.75,5910750,3033750,1500,42000,51750
2025-06-17 13:53:33.000000,11.8,5910750,3033750,750,42000,51750
2025-06-17 13:53:33.000000,11.8,5910750,3033750,750,42000,51750
2025-06-17 13:53:36.000000,11.8,5910750,3033750,1500,42000,51750
2025-06-17 13:53:39.000000,11.85,5910750,3033750,1500,42000,51750
2025-06-17 13:53:40.000000,11.85,5916000,3033750,1500,51750,54000
2025-06-17 13:53:47.000000,11.85,5916000,3033750,750,51750,54000
2025-06-17 13:54:02.000000,11.8,5916000,3033750,750,51750,54000
2025-06-17 13:54:03.000000,11.8,5916000,3033750,750,51750,54000
2025-06-17 13:54:04.000000,11.8,5917500,3033750,750,49500,86250
2025-06-17 13:54:10.000000,11.85,5917500,3033750,750,49500,86250
2025-06-17 13:54:13.000000,11.85,5917500,3033750,1500,49500,86250
2025-06-17 13:54:13.000000,11.85,5917500,3033750,750,49500,86250
2025-06-17 13:54:21.000000,11.85,5917500,3033750,1500,49500,86250
2025-06-17 13:54:26.000000,11.9,5917500,3033750,750,49500,86250
2025-06-17 13:54:28.000000,11.9,5955000,3033750,750,54750,46500
2025-06-17 13:54:29.000000,11.85,5955000,3033750,1500,54750,46500
2025-06-17 13:54:30.000000,11.8,5955000,3033750,750,54750,46500
2025-06-17 13:54:49.000000,11.85,5955000,3033750,750,54750,46500
2025-06-17 13:54:51.000000,11.85,5961000,3033750,750,57000,54000
2025-06-17 13:55:02.000000,11.8,5961000,3033750,750,57000,54000
2025-06-17 13:55:14.000000,11.8,5961750,3033750,750,54750,43500
2025-06-17 13:55:19.000000,11.8,5961750,3015000,750,54750,43500
2025-06-17 13:55:23.000000,11.85,5961750,3015000,750,54750,43500
2025-06-17 13:55:28.000000,11.8,5961750,3015000,750,54750,43500
2025-06-17 13:55:29.000000,11.85,5961750,3015000,750,54750,43500
2025-06-17 13:55:37.000000,11.85,5969250,3015000,750,51750,54000
2025-06-17 13:56:01.000000,11.85,5969250,3015000,750,44250,39750
2025-06-17 13:56:01.000000,11.9,5969250,3015000,750,44250,39750
2025-06-17 13:56:03.000000,11.9,5969250,3015000,750,44250,39750
2025-06-17 13:56:24.000000,11.9,5970000,3015000,750,43500,48000
2025-06-17 13:56:27.000000,11.75,5970000,3015000,750,43500,48000
2025-06-17 13:56:33.000000,11.75,5970000,3015000,750,43500,48000
2025-06-17 13:56:47.000000,11.8,5970000,3015000,750,43500,48000
2025-06-17 13:56:50.000000,11.8,5974500,3015000,750,48750,48000
2025-06-17 13:56:51.000000,11.85,5974500,3015000,750,48750,48000
2025-06-17 13:57:03.000000,11.85,5974500,3015000,750,48750,48000
2025-06-17 13:57:11.000000,11.85,5974500,3015000,750,48750,48000
2025-06-17 13:57:15.000000,11.85,5978250,3015000,750,53250,40500
2025-06-17 13:57:27.000000,11.85,5978250,3015000,750,53250,40500
2025-06-17 13:57:29.000000,11.85,5978250,3015000,2250,53250,40500
2025-06-17 13:57:31.000000,11.8,5978250,3015000,750,53250,40500
2025-06-17 13:57:35.000000,11.85,5978250,3015000,750,53250,40500
2025-06-17 13:57:38.000000,11.8,5978250,3015000,750,53250,40500
2025-06-17 13:57:43.000000,11.8,5988000,3015000,750,49500,48000
2025-06-17 13:57:44.000000,11.85,5988000,3015000,750,49500,48000
2025-06-17 13:58:07.000000,11.85,5988750,3015000,750,48750,39750
2025-06-17 13:58:16.000000,11.85,5988750,3015000,750,48750,39750
2025-06-17 13:58:17.000000,11.85,5988750,3031500,750,48750,39750
2025-06-17 13:58:25.000000,11.8,5988750,3031500,750,48750,39750
2025-06-17 13:58:30.000000,11.8,5997750,3031500,750,48000,51000
2025-06-17 13:58:54.000000,11.8,5997750,3031500,750,52500,54000
2025-06-17 13:58:59.000000,11.8,5997750,3031500,3000,52500,54000
2025-06-17 13:58:59.000000,11.7,5997750,3031500,750,52500,54000
2025-06-17 13:59:03.000000,11.7,5997750,3031500,750,52500,54000
2025-06-17 13:59:03.000000,11.8,5997750,3031500,750,52500,54000
2025-06-17 13:59:11.000000,11.7,5997750,3031500,1500,52500,54000
2025-06-17 13:59:14.000000,11.7,5997750,3031500,750,52500,54000
2025-06-17 13:59:14.000000,11.65,5997750,3031500,750,52500,54000
2025-06-17 13:59:18.000000,11.65,6009000,3031500,750,49500,47250
2025-06-17 13:59:20.000000,11.65,6009000,3031500,750,49500,47250
2025-06-17 13:59:30.000000,11.7,6009000,3031500,750,49500,47250
2025-06-17 13:59:33.000000,11.7,6009000,3031500,750,49500,47250
2025-06-17 13:59:38.000000,11.65,6009000,3031500,750,49500,47250
2025-06-17 13:59:39.000000,11.7,6009000,3031500,750,49500,47250
2025-06-17 13:59:42.000000,11.65,6009000,3031500,750,49500,47250
2025-06-17 13:59:43.000000,11.65,6015000,3031500,750,51750,48750
2025-06-17 13:59:43.000000,11.65,6015000,3031500,750,51750,48750
2025-06-17 14:00:03.000000,11.65,6015000,3031500,750,51750,48750
2025-06-17 14:00:06.000000,11.65,6017250,3031500,750,54000,45750
2025-06-17 14:00:09.000000,11.65,6017250,3031500,750,54000,45750
2025-06-17 14:00:29.000000,11.65,6023250,3031500,750,51750,47250
2025-06-17 14:00:55.000000,11.65,6023250,3031500,750,50250,45000
2025-06-17 14:00:57.000000,11.6,6023250,3031500,1500,50250,45000
2025-06-17 14:00:57.000000,11.55,6023250,3031500,750,50250,45000
2025-06-17 14:00:58.000000,11.6,6023250,3031500,750,50250,45000
2025-06-17 14:01:03.000000,11.6,6023250,3031500,750,50250,45000
2025-06-17 14:01:19.000000,11.6,6033750,3031500,750,39750,43500
2025-06-17 14:01:21.000000,11.6,6033750,3038250,750,39750,43500
2025-06-17 14:01:32.000000,11.6,6033750,3038250,1500,39750,43500
2025-06-17 14:01:45.000000,11.6,6036000,3038250,1500,45750,41250
2025-06-17 14:02:11.000000,11.6,6036000,3038250,1500,51000,44250
2025-06-17 14:02:36.000000,11.6,6036000,3038250,1500,47250,45000
2025-06-17 14:03:00.000000,11.6,6036000,3038250,1500,45000,51750
2025-06-17 14:03:20.000000,11.75,6036000,3038250,750,45000,51750
2025-06-17 14:03:22.000000,11.7,6036000,3038250,750,45000,51750
2025-06-17 14:03:23.000000,11.7,6037500,3038250,750,39000,52500
2025-06-17 14:03:33.000000,11.7,6037500,3038250,750,39000,52500
2025-06-17 14:03:40.000000,11.75,6037500,3038250,750,39000,52500
2025-06-17 14:03:47.000000,11.75,6038250,3038250,750,47250,49500
2025-06-17 14:04:03.000000,11.8,6038250,3038250,750,47250,49500
2025-06-17 14:04:03.000000,11.8,6038250,3038250,750,47250,49500
2025-06-17 14:04:11.000000,11.8,6039000,3038250,750,43500,38250
2025-06-17 14:04:36.000000,11.8,6039000,3038250,750,36000,42000
2025-06-17 14:04:58.000000,11.75,6039000,3040500,750,36000,42000
2025-06-17 14:05:00.000000,11.75,6039750,3040500,750,35250,48750
2025-06-17 14:05:03.000000,11.75,6039750,3040500,750,35250,48750
2025-06-17 14:05:22.000000,11.8,6039750,3040500,750,35250,48750
2025-06-17 14:05:23.000000,11.8,6042000,3040500,750,42000,38250
2025-06-17 14:05:33.000000,11.8,6042000,3040500,750,42000,38250
2025-06-17 14:05:46.000000,11.85,6042000,3040500,750,42000,38250
2025-06-17 14:05:46.000000,11.85,6042750,3040500,750,40500,45000
2025-06-17 14:05:52.000000,11.9,6042750,3040500,750,40500,45000
2025-06-17 14:06:03.000000,11.9,6042750,3040500,750,40500,45000
2025-06-17 14:06:05.000000,11.9,6042750,3040500,750,40500,45000
2025-06-17 14:06:06.000000,11.85,6042750,3040500,750,40500,45000
2025-06-17 14:06:09.000000,11.85,6049500,3040500,750,42000,40500
2025-06-17 14:06:11.000000,11.85,6049500,3040500,750,42000,40500
2025-06-17 14:06:33.000000,11.85,6050250,3040500,750,39750,45750
2025-06-17 14:06:35.000000,11.85,6050250,3040500,3000,39750,45750
2025-06-17 14:06:56.000000,11.85,6053250,3040500,3000,36000,39000
2025-06-17 14:07:03.000000,11.85,6053250,3040500,3000,36000,39000
2025-06-17 14:07:04.000000,11.9,6053250,3040500,750,36000,39000
2025-06-17 14:07:08.000000,11.85,6053250,3040500,750,36000,39000
2025-06-17 14:07:09.000000,11.85,6053250,3040500,2250,36000,39000
2025-06-17 14:07:15.000000,11.85,6053250,3040500,750,36000,39000
2025-06-17 14:07:21.000000,11.85,6070500,3040500,750,45750,36750
2025-06-17 14:07:31.000000,11.85,6070500,3024750,750,45750,36750
2025-06-17 14:07:40.000000,11.9,6070500,3024750,1500,45750,36750
2025-06-17 14:07:45.000000,11.9,6070500,3024750,750,45750,36750
2025-06-17 14:07:47.000000,11.9,6077250,3024750,750,47250,36000
2025-06-17 14:07:49.000000,11.95,6077250,3024750,750,47250,36000
2025-06-17 14:08:01.000000,11.9,6077250,3024750,750,47250,36000
2025-06-17 14:08:03.000000,11.9,6077250,3024750,750,47250,36000
2025-06-17 14:08:04.000000,11.85,6077250,3024750,750,47250,36000
2025-06-17 14:08:13.000000,11.85,6080250,3024750,750,45750,47250
2025-06-17 14:08:29.000000,11.95,6080250,3024750,750,45750,47250
2025-06-17 14:08:33.000000,11.95,6080250,3024750,750,45750,47250
2025-06-17 14:08:38.000000,11.95,6087750,3024750,750,42750,47250
2025-06-17 14:08:40.000000,11.9,6087750,3024750,750,42750,47250
2025-06-17 14:08:52.000000,11.95,6087750,3024750,750,42750,47250
2025-06-17 14:09:01.000000,11.9,6087750,3024750,750,42750,47250
2025-06-17 14:09:02.000000,11.9,6092250,3024750,750,48000,49500
2025-06-17 14:09:04.000000,11.9,6092250,3024750,1500,48000,49500
2025-06-17 14:09:10.000000,11.95,6092250,3024750,1500,48000,49500
2025-06-17 14:09:18.000000,11.95,6092250,3024750,750,48000,49500
2025-06-17 14:09:19.000000,12.0,6092250,3024750,750,48000,49500
2025-06-17 14:09:20.000000,11.95,6092250,3024750,750,48000,49500
2025-06-17 14:09:25.000000,11.95,6104250,3024750,750,47250,48750
2025-06-17 14:09:27.000000,12.05,6104250,3024750,750,47250,48750
2025-06-17 14:09:33.000000,12.05,6104250,3024750,750,47250,48750
2025-06-17 14:09:34.000000,12.1,6104250,3024750,750,47250,48750
2025-06-17 14:09:37.000000,12.05,6104250,3024750,1500,47250,48750
2025-06-17 14:09:41.000000,12.1,6104250,3024750,750,47250,48750
2025-06-17 14:09:49.000000,12.05,6104250,3024750,750,47250,48750
2025-06-17 14:09:50.000000,12.0,6104250,3024750,1500,47250,48750
2025-06-17 14:09:50.000000,12.0,6116250,3024750,1500,45000,45000
2025-06-17 14:09:54.000000,12.05,6116250,3024750,750,45000,45000
2025-06-17 14:09:58.000000,12.05,6116250,3024750,1500,45000,45000
2025-06-17 14:10:03.000000,12.05,6116250,3024750,1500,45000,45000
2025-06-17 14:10:03.000000,12.05,6116250,3024750,750,45000,45000
2025-06-17 14:10:05.000000,12.1,6116250,3024750,750,45000,45000
2025-06-17 14:10:15.000000,12.1,6125250,3024750,750,51750,33000
2025-06-17 14:10:16.000000,12.1,6125250,3024750,750,51750,33000
2025-06-17 14:10:21.000000,12.15,6125250,3036000,750,51750,33000
2025-06-17 14:10:25.000000,12.1,6125250,3036000,750,51750,33000
2025-06-17 14:10:30.000000,12.1,6125250,3036000,1500,51750,33000
2025-06-17 14:10:31.000000,11.95,6125250,3036000,750,51750,33000
2025-06-17 14:10:33.000000,11.95,6125250,3036000,750,51750,33000
2025-06-17 14:10:35.000000,11.9,6125250,3036000,750,51750,33000
2025-06-17 14:10:37.000000,11.9,6125250,3036000,1500,51750,33000
2025-06-17 14:10:38.000000,11.9,6168750,3036000,1500,48000,45750
2025-06-17 14:10:39.000000,11.9,6168750,3036000,1500,42750,44250
2025-06-17 14:10:39.000000,11.85,6170250,3036000,750,45750,45000
2025-06-17 14:10:39.000000,11.85,6170250,3036000,750,45750,45000
2025-06-17 14:10:40.000000,11.9,6170250,3036000,750,45750,45000
2025-06-17 14:10:40.000000,11.9,6172500,3036000,750,47250,56250
2025-06-17 14:10:41.000000,11.9,6172500,3036000,750,48750,55500
2025-06-17 14:10:42.000000,11.9,6172500,3036000,750,45000,53250
2025-06-17 14:10:44.000000,11.9,6172500,3036000,750,47250,48750
2025-06-17 14:10:44.000000,11.9,6172500,3036000,750,47250,48750
2025-06-17 14:10:45.000000,11.9,6173250,3036000,750,45000,55500
2025-06-17 14:10:46.000000,11.9,6173250,3036000,750,47250,54750
2025-06-17 14:10:47.000000,11.9,6173250,3036000,750,38250,44250
2025-06-17 14:10:47.000000,11.9,6173250,3036000,750,38250,44250
2025-06-17 14:10:48.000000,11.95,6173250,3036000,750,38250,44250
2025-06-17 14:10:49.000000,11.95,6174000,3036000,750,49500,51750
2025-06-17 14:10:50.000000,11.95,6174000,3036000,750,48750,45750
2025-06-17 14:10:51.000000,11.95,6174000,3036000,750,46500,45000
2025-06-17 14:10:51.000000,11.95,6174000,3036000,750,46500,45000
2025-06-17 14:10:52.000000,11.95,6174000,3036000,750,48000,50250
2025-06-17 14:10:54.000000,11.95,6174000,3036000,750,45000,53250
2025-06-17 14:10:55.000000,11.95,6174000,3036000,750,45000,53250
2025-06-17 14:10:56.000000,11.95,6174000,3036000,750,45000,53250
2025-06-17 14:10:56.000000,11.95,6174750,3036000,750,48000,51000
2025-06-17 14:10:57.000000,11.95,6174750,3036000,750,48750,51000
2025-06-17 14:10:58.000000,11.95,6174750,3036000,750,38250,42750
2025-06-17 14:10:59.000000,11.95,6174750,3036000,750,43500,53250
2025-06-17 14:11:00.000000,11.95,6174750,3036000,750,43500,53250
2025-06-17 14:11:01.000000,11.95,6174750,3036000,750,43500,53250
2025-06-17 14:11:01.000000,11.95,6174750,3036000,750,43500,52500
2025-06-17 14:11:02.000000,11.95,6174750,3036000,750,43500,52500
2025-06-17 14:11:03.000000,11.95,6174750,3036000,750,43500,52500
2025-06-17 14:11:04.000000,11.95,6174750,3036000,750,46500,47250
2025-06-17 14:11:05.000000,11.95,6174750,3036000,750,42000,55500
2025-06-17 14:11:06.000000,11.75,6174750,3036000,750,42000,55500
2025-06-17 14:11:06.000000,11.75,6175500,3036000,750,39000,54000
2025-06-17 14:11:07.000000,11.75,6175500,3036000,750,45000,57750
2025-06-17 14:11:08.000000,11.75,6175500,3036000,750,45000,51000
2025-06-17 14:11:09.000000,11.75,6175500,3036000,750,46500,53250
2025-06-17 14:11:10.000000,11.75,6175500,3036000,750,45750,45750
2025-06-17 14:11:11.000000,11.75,6175500,3036000,750,45750,50250
2025-06-17 14:11:12.000000,11.75,6175500,3036000,750,46500,48000
2025-06-17 14:11:13.000000,11.75,6175500,3036000,750,45750,48000
2025-06-17 14:11:13.000000,11.75,6175500,3036000,750,46500,48750
2025-06-17 14:11:15.000000,11.75,6175500,3036000,750,45000,51000
2025-06-17 14:11:15.000000,11.75,6175500,3036000,750,44250,42750
2025-06-17 14:11:16.000000,11.8,6175500,3036000,750,44250,42750
2025-06-17 14:11:17.000000,11.8,6176250,3036000,750,48000,48750
2025-06-17 14:11:17.000000,11.8,6176250,3036000,750,48000,48750
2025-06-17 14:11:19.000000,11.8,6176250,3036000,750,45750,40500
2025-06-17 14:11:20.000000,11.8,6176250,3036000,750,45750,49500
2025-06-17 14:11:21.000000,11.8,6176250,3036000,750,45750,39750
2025-06-17 14:11:22.000000,11.8,6176250,3036000,750,45750,39750
2025-06-17 14:11:22.000000,11.8,6177000,3036000,750,51000,48000
2025-06-17 14:11:22.000000,11.8,6177000,3036000,750,51000,48000
2025-06-17 14:11:23.000000,11.8,6177000,3036000,750,54000,44250
2025-06-17 14:11:25.000000,11.8,6177000,3036000,750,51750,45750
2025-06-17 14:11:26.000000,11.8,6177000,3036000,750,53250,45000
2025-06-17 14:11:27.000000,11.8,6177000,3036000,750,53250,46500
2025-06-17 14:11:28.000000,11.8,6177000,3036000,750,54000,46500
2025-06-17 14:11:28.000000,11.8,6177000,3036000,750,52500,46500
2025-06-17 14:11:29.000000,11.8,6177000,3036000,750,52500,46500
2025-06-17 14:11:30.000000,11.8,6177000,3036000,750,53250,46500
2025-06-17 14:11:31.000000,11.8,6177000,3036000,750,54000,47250
2025-06-17 14:11:32.000000,11.85,6177000,3036000,750,54000,47250
2025-06-17 14:11:32.000000,11.85,6179250,3036000,750,49500,45000
2025-06-17 14:11:33.000000,11.85,6179250,3036000,750,49500,45000
2025-06-17 14:11:33.000000,11.85,6179250,3036000,750,49500,45000
2025-06-17 14:11:34.000000,11.85,6180000,3036000,750,56250,47250
2025-06-17 14:11:35.000000,11.85,6180000,3036000,750,59250,52500
2025-06-17 14:11:36.000000,11.85,6180000,3036000,750,61500,51000
2025-06-17 14:11:37.000000,11.85,6180000,3036000,750,61500,51000
2025-06-17 14:11:37.000000,11.85,6180000,3036000,750,60750,51750
2025-06-17 14:11:41.000000,11.9,6180000,3036000,750,60750,51750
2025-06-17 14:11:48.000000,11.95,6180000,3036000,750,60750,51750
2025-06-17 14:11:52.000000,12.0,6180000,3036000,750,60750,51750
2025-06-17 14:12:00.000000,12.0,6195750,3036000,750,57750,50250
2025-06-17 14:12:03.000000,12.0,6195750,3036000,750,57750,50250
2025-06-17 14:12:04.000000,12.0,6195750,3036000,750,57750,50250
2025-06-17 14:12:06.000000,12.05,6195750,3036000,1500,57750,50250
2025-06-17 14:12:07.000000,11.95,6195750,3036000,750,57750,50250
2025-06-17 14:12:08.000000,12.0,6195750,3036000,750,57750,50250
2025-06-17 14:12:13.000000,12.05,6195750,3036000,1500,57750,50250
2025-06-17 14:12:16.000000,11.95,6195750,3036000,750,57750,50250
2025-06-17 14:12:24.000000,11.95,6208500,3036000,750,49500,57000
2025-06-17 14:12:28.000000,11.9,6208500,3036000,750,49500,57000
2025-06-17 14:12:49.000000,11.9,6213000,3036000,750,57000,63750
2025-06-17 14:13:03.000000,11.9,6213000,3036000,750,57000,63750
2025-06-17 14:13:11.000000,11.85,6213000,3036000,750,57000,63750
2025-06-17 14:13:14.000000,11.85,6213750,3036000,750,55500,57000
2025-06-17 14:13:27.000000,11.9,6213750,3040500,750,55500,57000
2025-06-17 14:13:41.000000,11.9,6214500,3040500,750,55500,60000
2025-06-17 14:14:05.000000,11.9,6214500,3040500,750,60750,53250
2025-06-17 14:14:06.000000,11.95,6214500,3040500,750,60750,53250
2025-06-17 14:14:08.000000,11.9,6214500,3040500,750,60750,53250
2025-06-17 14:14:12.000000,11.95,6214500,3040500,750,60750,53250
2025-06-17 14:14:19.000000,11.9,6214500,3040500,750,60750,53250
2025-06-17 14:14:31.000000,11.9,6228750,3040500,750,57000,60000
2025-06-17 14:14:33.000000,11.9,6228750,3040500,750,57000,60000
2025-06-17 14:14:41.000000,11.9,6228750,3040500,750,57000,60000
2025-06-17 14:14:53.000000,11.95,6228750,3040500,750,57000,60000
2025-06-17 14:14:57.000000,11.95,6231000,3040500,750,56250,58500
2025-06-17 14:15:21.000000,11.95,6231000,3040500,750,48750,52500
2025-06-17 14:15:45.000000,11.95,6231000,3040500,750,55500,57000
2025-06-17 14:15:58.000000,11.85,6231000,3040500,750,55500,57000
2025-06-17 14:16:03.000000,11.85,6231000,3040500,750,55500,57000
2025-06-17 14:16:04.000000,11.95,6231000,3040500,750,55500,57000
2025-06-17 14:16:09.000000,11.95,6239250,3040500,750,65250,61500
2025-06-17 14:16:25.000000,11.95,6239250,3025500,1500,65250,61500
2025-06-17 14:16:26.000000,11.95,6239250,3025500,750,65250,61500
2025-06-17 14:16:28.000000,11.9,6239250,3025500,750,65250,61500
2025-06-17 14:16:32.000000,11.9,6242250,3025500,750,62250,67500
2025-06-17 14:16:33.000000,11.9,6242250,3025500,750,62250,67500
