Timestamp,LTP,Volume,OI,LastQty,BidQty,AskQty
2025-06-10 10:02:46.549000,56840.0,273030,2068230,90,900,420
2025-06-10 10:02:47.000000,56850.0,273630,2068230,30,1080,210
2025-06-10 10:02:47.337000,56850.0,273630,2068230,30,1080,210
2025-06-10 10:02:47.000000,56850.0,273630,2068230,30,1080,210
2025-06-10 10:02:47.549000,56850.0,273630,2068230,30,1080,210
2025-06-10 10:02:48.000000,56850.0,273630,2068230,30,930,210
2025-06-10 10:02:48.540000,56850.0,273630,2068230,30,930,210
2025-06-10 10:02:49.000000,56850.0,273630,2068230,30,390,210
2025-06-10 10:02:49.939000,56850.0,273630,2068230,30,390,210
2025-06-10 10:02:50.000000,56850.0,273630,2068230,30,390,210
2025-06-10 10:02:50.150000,56850.0,273630,2068230,30,390,210
2025-06-10 10:02:51.000000,56850.0,273720,2068230,30,1170,150
2025-06-10 10:02:51.143000,56850.0,273720,2068230,30,1170,150
2025-06-10 10:02:51.000000,56851.0,273720,2068230,30,1170,150
2025-06-10 10:02:51.551000,56851.0,273720,2068230,30,1170,150
2025-06-10 10:02:52.000000,56860.0,273840,2068230,30,480,240
2025-06-10 10:02:52.344000,56860.0,273840,2068230,30,480,240
2025-06-10 10:02:52.000000,56846.0,273840,2068230,30,480,240
2025-06-10 10:02:52.552000,56846.0,273840,2068230,30,480,240
2025-06-10 10:02:53.000000,56851.0,274050,2068230,30,630,330
2025-06-10 10:02:53.546000,56851.0,274050,2068230,30,630,330
2025-06-10 10:02:53.000000,56851.0,274050,2068230,30,630,330
2025-06-10 10:02:53.553000,56851.0,274050,2068230,30,630,330
2025-06-10 10:02:54.000000,56851.0,274050,2068230,30,900,210
2025-06-10 10:02:54.748000,56851.0,274050,2068230,30,900,210
2025-06-10 10:02:55.000000,56851.0,274050,2068230,30,990,270
2025-06-10 10:02:55.950000,56851.0,274050,2068230,30,990,270
2025-06-10 10:02:57.000000,56851.0,274050,2068230,30,780,210
2025-06-10 10:02:57.152000,56851.0,274050,2068230,30,780,210
2025-06-10 10:02:58.000000,56851.0,274050,2068230,30,300,210
2025-06-10 10:02:58.354000,56851.0,274050,2068230,30,300,210
2025-06-10 10:02:58.000000,56847.8,274050,2068230,30,300,210
2025-06-10 10:02:58.556000,56847.8,274050,2068230,30,300,210
2025-06-10 10:02:59.000000,56850.0,274050,2068230,60,300,210
2025-06-10 10:02:59.558000,56850.0,274050,2068230,60,300,210
2025-06-10 10:02:59.000000,56850.0,274200,2068230,60,150,270
2025-06-10 10:02:59.753000,56850.0,274200,2068230,60,150,270
2025-06-10 10:03:00.000000,56850.0,274200,2068230,60,150,270
2025-06-10 10:03:00.000000,56850.0,274200,2068230,60,330,360
2025-06-10 10:03:00.955000,56850.0,274200,2068230,60,330,360
2025-06-10 10:03:01.000000,56856.8,274200,2068230,30,330,360
2025-06-10 10:03:01.559000,56856.8,274200,2068230,30,330,360
2025-06-10 10:03:02.000000,56851.0,274440,2068230,30,1470,180
2025-06-10 10:03:02.157000,56851.0,274440,2068230,30,1470,180
2025-06-10 10:03:02.000000,56851.0,274440,2068230,60,1470,180
2025-06-10 10:03:02.559000,56851.0,274440,2068230,60,1470,180
2025-06-10 10:03:03.000000,56851.0,274560,2068230,60,630,180
2025-06-10 10:03:03.360000,56851.0,274560,2068230,60,630,180
2025-06-10 10:03:04.000000,56868.8,274560,2068230,30,630,180
2025-06-10 10:03:04.360000,56868.8,274560,2068230,30,630,180
2025-06-10 10:03:04.000000,56868.8,274830,2068230,30,1020,240
2025-06-10 10:03:04.563000,56868.8,274830,2068230,30,1020,240
2025-06-10 10:03:05.000000,56868.8,274830,2068230,30,300,210
2025-06-10 10:03:05.961000,56868.8,274830,2068230,30,300,210
2025-06-10 10:03:06.000000,56867.6,274830,2068230,30,300,210
2025-06-10 10:03:06.161000,56867.6,274830,2068230,30,300,210
2025-06-10 10:03:06.000000,56869.8,274830,2068230,30,300,210
2025-06-10 10:03:06.562000,56869.8,274830,2068230,30,300,210
2025-06-10 10:03:07.000000,56869.8,275100,2068230,30,240,210
2025-06-10 10:03:07.164000,56869.8,275100,2068230,30,240,210
2025-06-10 10:03:07.000000,56866.8,275100,2068230,30,240,210
2025-06-10 10:03:07.562000,56866.8,275100,2068230,30,240,210
2025-06-10 10:03:08.000000,56866.8,275130,2068230,30,330,210
2025-06-10 10:03:08.366000,56866.8,275130,2068230,30,330,210
2025-06-10 10:03:09.000000,56866.8,275130,2068230,30,330,210
2025-06-10 10:03:09.563000,56866.8,275130,2068230,30,330,210
2025-06-10 10:03:09.000000,56866.8,275160,2068230,30,240,240
2025-06-10 10:03:09.569000,56866.8,275160,2068230,30,240,240
2025-06-10 10:03:10.000000,56869.4,275160,2068230,30,240,240
2025-06-10 10:03:10.564000,56869.4,275160,2068230,30,240,240
2025-06-10 10:03:10.000000,56869.4,275280,2068230,30,210,210
2025-06-10 10:03:10.771000,56869.4,275280,2068230,30,210,210
2025-06-10 10:03:11.000000,56869.4,275280,2068230,30,210,210
2025-06-10 10:03:11.565000,56869.4,275280,2068230,30,210,210
2025-06-10 10:03:11.000000,56870.0,275400,2068230,30,480,330
2025-06-10 10:03:11.974000,56870.0,275400,2068230,30,480,330
2025-06-10 10:03:12.000000,56870.0,275400,2068230,30,480,330
2025-06-10 10:03:12.565000,56870.0,275400,2068230,30,480,330
2025-06-10 10:03:13.000000,56870.0,275400,2068230,30,1290,240
2025-06-10 10:03:13.175000,56870.0,275400,2068230,30,1290,240
2025-06-10 10:03:13.000000,56866.6,275400,2068230,30,1290,240
2025-06-10 10:03:13.765000,56866.6,275400,2068230,30,1290,240
2025-06-10 10:03:14.000000,56866.4,275400,2068230,30,1290,240
2025-06-10 10:03:14.566000,56866.4,275400,2068230,30,1290,240
2025-06-10 10:03:14.000000,56866.4,275460,2068230,30,270,300
2025-06-10 10:03:14.574000,56866.4,275460,2068230,30,270,300
2025-06-10 10:03:15.000000,56866.4,275460,2068230,30,330,330
2025-06-10 10:03:15.776000,56866.4,275460,2068230,30,330,330
2025-06-10 10:03:16.000000,56866.4,275460,2068230,30,210,180
2025-06-10 10:03:16.978000,56866.4,275460,2068230,30,210,180
2025-06-10 10:03:17.000000,56863.6,275460,2068230,30,210,180
2025-06-10 10:03:17.967000,56863.6,275460,2068230,30,210,180
2025-06-10 10:03:18.000000,56863.6,275490,2068230,30,270,180
2025-06-10 10:03:18.180000,56863.6,275490,2068230,30,270,180
2025-06-10 10:03:19.000000,56863.6,275490,2068230,30,240,180
2025-06-10 10:03:19.383000,56863.6,275490,2068230,30,240,180
2025-06-10 10:03:20.000000,56866.4,275490,2068230,30,240,180
2025-06-10 10:03:20.168000,56866.4,275490,2068230,30,240,180
2025-06-10 10:03:20.000000,56866.4,275520,2068230,30,900,300
2025-06-10 10:03:20.586000,56866.4,275520,2068230,30,900,300
2025-06-10 10:03:21.000000,56866.4,275520,2068230,30,510,180
2025-06-10 10:03:21.985000,56866.4,275520,2068230,30,510,180
2025-06-10 10:03:23.000000,56866.4,275520,2068230,30,1410,210
2025-06-10 10:03:23.188000,56866.4,275520,2068230,30,1410,210
2025-06-10 10:03:23.000000,56859.0,275520,2068230,30,1410,210
2025-06-10 10:03:23.770000,56859.0,275520,2068230,30,1410,210
2025-06-10 10:03:24.000000,56866.4,275640,2068230,30,780,210
2025-06-10 10:03:24.390000,56866.4,275640,2068230,30,780,210
2025-06-10 10:03:24.000000,56866.4,275640,2068230,30,780,210
2025-06-10 10:03:24.571000,56866.4,275640,2068230,30,780,210
2025-06-10 10:03:25.000000,56866.4,275640,2068230,30,780,240
2025-06-10 10:03:25.592000,56866.4,275640,2068230,30,780,240
2025-06-10 10:03:25.000000,56857.8,275640,2068230,30,780,240
2025-06-10 10:03:25.972000,56857.8,275640,2068230,30,780,240
2025-06-10 10:03:26.000000,56864.8,275640,2068230,30,780,240
2025-06-10 10:03:26.773000,56864.8,275640,2068230,30,780,240
2025-06-10 10:03:26.000000,56864.8,275820,2068230,30,600,210
2025-06-10 10:03:26.794000,56864.8,275820,2068230,30,600,210
2025-06-10 10:03:27.000000,56864.8,275820,2068230,30,570,210
2025-06-10 10:03:27.996000,56864.8,275820,2068230,30,570,210
2025-06-10 10:03:29.000000,56864.8,275820,2068230,30,600,210
2025-06-10 10:03:29.198000,56864.8,275820,2068230,30,600,210
2025-06-10 10:03:30.000000,56864.8,275820,2068230,30,600,210
2025-06-10 10:03:30.000000,56859.4,275880,2068230,30,1590,210
2025-06-10 10:03:30.401000,56859.4,275880,2068230,30,1590,210
2025-06-10 10:03:30.000000,56863.6,275880,2068230,30,1590,210
2025-06-10 10:03:30.576000,56863.6,275880,2068230,30,1590,210
2025-06-10 10:03:31.000000,56863.6,275910,2068230,30,780,360
2025-06-10 10:03:31.800000,56863.6,275910,2068230,30,780,360
2025-06-10 10:03:32.000000,56862.0,275910,2068230,30,780,360
2025-06-10 10:03:32.577000,56862.0,275910,2068230,30,780,360
2025-06-10 10:03:32.000000,56862.0,276030,2068230,30,270,390
2025-06-10 10:03:33.001000,56862.0,276030,2068230,30,270,390
2025-06-10 10:03:33.000000,56867.8,276030,2068230,30,270,390
2025-06-10 10:03:33.578000,56867.8,276030,2068230,30,270,390
2025-06-10 10:03:34.000000,56867.8,276060,2068230,30,540,240
2025-06-10 10:03:34.204000,56867.8,276060,2068230,30,540,240
2025-06-10 10:03:35.000000,56867.8,276060,2068230,30,480,240
2025-06-10 10:03:35.407000,56867.8,276060,2068230,30,480,240
2025-06-10 10:03:35.000000,56865.0,276060,2068230,30,480,240
2025-06-10 10:03:35.779000,56865.0,276060,2068230,30,480,240
2025-06-10 10:03:36.000000,56865.0,276090,2068230,30,390,240
2025-06-10 10:03:36.610000,56865.0,276090,2068230,30,390,240
2025-06-10 10:03:36.000000,56867.6,276090,2069100,30,390,240
2025-06-10 10:03:36.981000,56867.6,276090,2069100,30,390,240
2025-06-10 10:03:37.000000,56867.6,276120,2069100,30,630,420
2025-06-10 10:03:37.812000,56867.6,276120,2069100,30,630,420
2025-06-10 10:03:37.000000,56867.8,276120,2069100,30,630,420
2025-06-10 10:03:37.981000,56867.8,276120,2069100,30,630,420
2025-06-10 10:03:39.000000,56867.8,276150,2069100,30,180,420
2025-06-10 10:03:39.014000,56867.8,276150,2069100,30,180,420
2025-06-10 10:03:39.000000,56866.2,276150,2069100,30,180,420
2025-06-10 10:03:39.582000,56866.2,276150,2069100,30,180,420
2025-06-10 10:03:40.000000,56866.2,276180,2069100,30,240,420
2025-06-10 10:03:40.215000,56866.2,276180,2069100,30,240,420
2025-06-10 10:03:41.000000,56866.2,276180,2069100,30,270,450
2025-06-10 10:03:41.615000,56866.2,276180,2069100,30,270,450
2025-06-10 10:03:42.000000,56866.2,276180,2069100,30,270,450
2025-06-10 10:03:42.583000,56866.2,276180,2069100,30,270,450
2025-06-10 10:03:42.000000,56862.0,276240,2069100,30,240,360
2025-06-10 10:03:42.817000,56862.0,276240,2069100,30,240,360
2025-06-10 10:03:43.000000,56869.0,276240,2069100,30,240,360
2025-06-10 10:03:43.584000,56869.0,276240,2069100,30,240,360
2025-06-10 10:03:44.000000,56869.0,276330,2069100,30,630,360
2025-06-10 10:03:44.019000,56869.0,276330,2069100,30,630,360
2025-06-10 10:03:44.000000,56869.0,276330,2069100,30,630,360
2025-06-10 10:03:44.584000,56869.0,276330,2069100,30,630,360
2025-06-10 10:03:45.000000,56869.0,276330,2069100,30,690,360
2025-06-10 10:03:45.222000,56869.0,276330,2069100,30,690,360
2025-06-10 10:03:45.000000,56869.4,276330,2069100,30,690,360
2025-06-10 10:03:45.785000,56869.4,276330,2069100,30,690,360
2025-06-10 10:03:46.000000,56869.4,277170,2069100,30,750,300
2025-06-10 10:03:46.425000,56869.4,277170,2069100,30,750,300
2025-06-10 10:03:47.000000,56869.4,277170,2069100,30,750,2100
2025-06-10 10:03:47.824000,56869.4,277170,2069100,30,750,2100
2025-06-10 10:03:49.000000,56869.4,277170,2069100,30,750,570
2025-06-10 10:03:49.026000,56869.4,277170,2069100,30,750,570
2025-06-10 10:03:50.000000,56869.4,277170,2069100,30,750,300
2025-06-10 10:03:50.227000,56869.4,277170,2069100,30,750,300
2025-06-10 10:03:50.000000,56881.2,277170,2069100,150,750,300
2025-06-10 10:03:50.988000,56881.2,277170,2069100,150,750,300
2025-06-10 10:03:51.000000,56881.2,277830,2069100,150,270,990
2025-06-10 10:03:51.429000,56881.2,277830,2069100,150,270,990
2025-06-10 10:03:51.000000,56869.8,277830,2069100,30,270,990
2025-06-10 10:03:51.788000,56869.8,277830,2069100,30,270,990
2025-06-10 10:03:52.000000,56869.8,277860,2069100,30,210,1200
2025-06-10 10:03:52.631000,56869.8,277860,2069100,30,210,1200
2025-06-10 10:03:53.000000,56869.8,277860,2069100,30,180,750
2025-06-10 10:03:53.833000,56869.8,277860,2069100,30,180,750
2025-06-10 10:03:54.000000,56869.8,277860,2069100,30,180,750
2025-06-10 10:03:54.388000,56869.8,277860,2069100,30,180,750
2025-06-10 10:03:55.000000,56869.8,277920,2069100,30,150,1380
2025-06-10 10:03:55.036000,56869.8,277920,2069100,30,150,1380
2025-06-10 10:03:56.000000,56869.8,277920,2069100,30,150,870
2025-06-10 10:03:56.237000,56869.8,277920,2069100,30,150,870
2025-06-10 10:03:56.000000,56881.2,277920,2069100,30,150,870
2025-06-10 10:03:56.389000,56881.2,277920,2069100,30,150,870
2025-06-10 10:03:57.000000,56881.2,277950,2069100,30,180,600
2025-06-10 10:03:57.439000,56881.2,277950,2069100,30,180,600
2025-06-10 10:03:58.000000,56881.2,277950,2069100,30,210,510
2025-06-10 10:03:58.641000,56881.2,277950,2069100,30,210,510
2025-06-10 10:03:58.000000,56876.4,277950,2069100,30,210,510
2025-06-10 10:03:58.991000,56876.4,277950,2069100,30,210,510
2025-06-10 10:03:59.000000,56876.4,277980,2069100,30,210,600
2025-06-10 10:03:59.843000,56876.4,277980,2069100,30,210,600
2025-06-10 10:04:00.000000,56884.2,277980,2069100,30,210,600
2025-06-10 10:04:00.192000,56884.2,277980,2069100,30,210,600
2025-06-10 10:04:00.000000,56884.2,277980,2069100,30,210,600
2025-06-10 10:04:00.000000,56870.0,277980,2069100,30,210,600
2025-06-10 10:04:00.993000,56870.0,277980,2069100,30,210,600
2025-06-10 10:04:01.000000,56870.0,278040,2069100,30,330,270
2025-06-10 10:04:01.046000,56870.0,278040,2069100,30,330,270
2025-06-10 10:04:01.000000,56864.6,278040,2069100,30,330,270
2025-06-10 10:04:01.794000,56864.6,278040,2069100,30,330,270
2025-06-10 10:04:02.000000,56864.6,278250,2069100,30,330,300
2025-06-10 10:04:02.248000,56864.6,278250,2069100,30,330,300
2025-06-10 10:04:03.000000,56864.6,278250,2069100,30,150,180
2025-06-10 10:04:03.450000,56864.6,278250,2069100,30,150,180
2025-06-10 10:04:04.000000,56864.6,278250,2069100,30,150,270
2025-06-10 10:04:04.849000,56864.6,278250,2069100,30,150,270
2025-06-10 10:04:05.000000,56865.0,278250,2069100,30,150,270
2025-06-10 10:04:05.996000,56865.0,278250,2069100,30,150,270
2025-06-10 10:04:06.000000,56865.0,278310,2069100,30,240,270
2025-06-10 10:04:06.052000,56865.0,278310,2069100,30,240,270
2025-06-10 10:04:07.000000,56865.0,278310,2069100,30,150,240
2025-06-10 10:04:07.255000,56865.0,278310,2069100,30,150,240
2025-06-10 10:04:07.000000,56871.6,278310,2069100,30,150,240
2025-06-10 10:04:07.597000,56871.6,278310,2069100,30,150,240
2025-06-10 10:04:08.000000,56871.6,278340,2069100,30,180,240
2025-06-10 10:04:08.457000,56871.6,278340,2069100,30,180,240
2025-06-10 10:04:09.000000,56875.8,278340,2069100,30,180,240
2025-06-10 10:04:09.398000,56875.8,278340,2069100,30,180,240
2025-06-10 10:04:09.000000,56875.8,278370,2069100,30,180,210
2025-06-10 10:04:09.660000,56875.8,278370,2069100,30,180,210
2025-06-10 10:04:10.000000,56875.8,278370,2069100,30,660,210
2025-06-10 10:04:10.862000,56875.8,278370,2069100,30,660,210
2025-06-10 10:04:12.000000,56875.8,278370,2069100,30,360,210
2025-06-10 10:04:12.261000,56875.8,278370,2069100,30,360,210
2025-06-10 10:04:12.000000,56864.0,278370,2069100,30,360,210
2025-06-10 10:04:12.599000,56864.0,278370,2069100,30,360,210
2025-06-10 10:04:13.000000,56864.0,278400,2069100,30,330,240
2025-06-10 10:04:13.464000,56864.0,278400,2069100,30,330,240
2025-06-10 10:04:14.000000,56864.0,278400,2069100,30,270,330
2025-06-10 10:04:14.667000,56864.0,278400,2069100,30,270,330
2025-06-10 10:04:15.000000,56864.0,278400,2069100,30,360,240
2025-06-10 10:04:15.870000,56864.0,278400,2069100,30,360,240
2025-06-10 10:04:17.000000,56864.0,278400,2069100,30,990,630
2025-06-10 10:04:17.268000,56864.0,278400,2069100,30,990,630
2025-06-10 10:04:17.000000,56867.4,278400,2069100,30,990,630
2025-06-10 10:04:18.003000,56867.4,278400,2069100,30,990,630
2025-06-10 10:04:18.000000,56867.4,278430,2069100,30,780,270
2025-06-10 10:04:18.471000,56867.4,278430,2069100,30,780,270
2025-06-10 10:04:18.000000,56880.0,278430,2069100,30,780,270
2025-06-10 10:04:18.603000,56880.0,278430,2069100,30,780,270
2025-06-10 10:04:19.000000,56880.0,278460,2069100,30,210,240
2025-06-10 10:04:19.674000,56880.0,278460,2069100,30,210,240
2025-06-10 10:04:19.000000,56880.0,278460,2069100,30,210,240
2025-06-10 10:04:19.803000,56880.0,278460,2069100,30,210,240
2025-06-10 10:04:20.000000,56895.0,278460,2069100,90,210,240
2025-06-10 10:04:20.604000,56895.0,278460,2069100,90,210,240
2025-06-10 10:04:20.000000,56898.0,279180,2069100,30,420,1260
2025-06-10 10:04:20.877000,56898.0,279180,2069100,30,420,1260
2025-06-10 10:04:21.000000,56900.0,279180,2069100,30,420,1260
2025-06-10 10:04:21.605000,56900.0,279180,2069100,30,420,1260
2025-06-10 10:04:22.000000,56900.2,280410,2069100,30,540,540
2025-06-10 10:04:22.276000,56900.2,280410,2069100,30,540,540
2025-06-10 10:04:22.000000,56899.8,280410,2069100,30,540,540
2025-06-10 10:04:22.605000,56899.8,280410,2069100,30,540,540
2025-06-10 10:04:23.000000,56901.0,280740,2069100,30,330,780
2025-06-10 10:04:23.479000,56901.0,280740,2069100,30,330,780
2025-06-10 10:04:23.000000,56901.0,280740,2069100,30,330,780
2025-06-10 10:04:23.606000,56901.0,280740,2069100,30,330,780
2025-06-10 10:04:24.000000,56899.8,280740,2069100,30,330,780
2025-06-10 10:04:24.606000,56899.8,280740,2069100,30,330,780
2025-06-10 10:04:24.000000,56899.8,280800,2069100,30,330,840
2025-06-10 10:04:24.683000,56899.8,280800,2069100,30,330,840
2025-06-10 10:04:25.000000,56902.6,280800,2069100,30,330,840
2025-06-10 10:04:25.606000,56902.6,280800,2069100,30,330,840
2025-06-10 10:04:25.000000,56902.6,280860,2069100,30,420,330
2025-06-10 10:04:25.886000,56902.6,280860,2069100,30,420,330
2025-06-10 10:04:26.000000,56899.8,280860,2069100,30,420,330
2025-06-10 10:04:26.607000,56899.8,280860,2069100,30,420,330
2025-06-10 10:04:27.000000,56899.8,281040,2069100,30,180,180
2025-06-10 10:04:27.284000,56899.8,281040,2069100,30,180,180
2025-06-10 10:04:27.000000,56895.2,281040,2069100,30,180,180
2025-06-10 10:04:27.607000,56895.2,281040,2069100,30,180,180
2025-06-10 10:04:28.000000,56907.0,281100,2069100,30,180,570
2025-06-10 10:04:28.488000,56907.0,281100,2069100,30,180,570
2025-06-10 10:04:28.000000,56907.0,281100,2069100,30,180,570
2025-06-10 10:04:28.608000,56907.0,281100,2069100,30,180,570
2025-06-10 10:04:29.000000,56907.0,281100,2069100,30,180,150
2025-06-10 10:04:29.690000,56907.0,281100,2069100,30,180,150
2025-06-10 10:04:30.000000,56907.0,281100,2069100,30,180,150
2025-06-10 10:04:30.000000,56902.6,281100,2069100,30,180,150
2025-06-10 10:04:30.408000,56902.6,281100,2069100,30,180,150
2025-06-10 10:04:30.000000,56902.6,281130,2069100,30,150,540
2025-06-10 10:04:30.894000,56902.6,281130,2069100,30,150,540
2025-06-10 10:04:31.000000,56906.8,281130,2069100,30,150,540
2025-06-10 10:04:31.008000,56906.8,281130,2069100,30,150,540
2025-06-10 10:04:31.000000,56907.0,281130,2069100,30,150,540
2025-06-10 10:04:31.808000,56907.0,281130,2069100,30,150,540
2025-06-10 10:04:32.000000,56907.0,281190,2069100,30,180,840
2025-06-10 10:04:32.292000,56907.0,281190,2069100,30,180,840
2025-06-10 10:04:32.000000,56904.4,281190,2069100,30,180,840
2025-06-10 10:04:32.809000,56904.4,281190,2069100,30,180,840
2025-06-10 10:04:33.000000,56901.0,281250,2069100,30,330,180
2025-06-10 10:04:33.496000,56901.0,281250,2069100,30,330,180
2025-06-10 10:04:33.000000,56901.0,281250,2069100,30,330,180
2025-06-10 10:04:33.609000,56901.0,281250,2069100,30,330,180
2025-06-10 10:04:34.000000,56909.0,281250,2069100,30,330,180
2025-06-10 10:04:34.609000,56909.0,281250,2069100,30,330,180
2025-06-10 10:04:34.000000,56909.0,281520,2069100,30,390,720
2025-06-10 10:04:34.699000,56909.0,281520,2069100,30,390,720
2025-06-10 10:04:35.000000,56909.0,281520,2069100,30,390,720
2025-06-10 10:04:35.610000,56909.0,281520,2069100,30,390,720
2025-06-10 10:04:35.000000,56909.0,281580,2069100,30,150,660
2025-06-10 10:04:35.900000,56909.0,281580,2069100,30,150,660
2025-06-10 10:04:36.000000,56900.6,281580,2069100,30,150,660
2025-06-10 10:04:36.611000,56900.6,281580,2069100,30,150,660
2025-06-10 10:04:37.000000,56908.4,281640,2069100,30,330,360
2025-06-10 10:04:37.104000,56908.4,281640,2069100,30,330,360
2025-06-10 10:04:37.000000,56908.4,281640,2069100,30,330,360
2025-06-10 10:04:37.612000,56908.4,281640,2069100,30,330,360
2025-06-10 10:04:38.000000,56896.4,281670,2069100,30,570,660
2025-06-10 10:04:38.502000,56896.4,281670,2069100,30,570,660
2025-06-10 10:04:38.000000,56896.4,281670,2069100,30,570,660
2025-06-10 10:04:38.613000,56896.4,281670,2069100,30,570,660
2025-06-10 10:04:39.000000,56896.4,281670,2069100,30,690,180
2025-06-10 10:04:39.705000,56896.4,281670,2069100,30,690,180
2025-06-10 10:04:40.000000,56900.0,281670,2069100,30,690,180
2025-06-10 10:04:40.814000,56900.0,281670,2069100,30,690,180
2025-06-10 10:04:40.000000,56900.0,281700,2069100,30,240,180
2025-06-10 10:04:40.909000,56900.0,281700,2069100,30,240,180
2025-06-10 10:04:41.000000,56896.4,281700,2069100,30,240,180
2025-06-10 10:04:41.615000,56896.4,281700,2069100,30,240,180
2025-06-10 10:04:42.000000,56900.0,281760,2069100,30,540,360
2025-06-10 10:04:42.112000,56900.0,281760,2069100,30,540,360
2025-06-10 10:04:42.000000,56900.0,281760,2069100,30,540,360
2025-06-10 10:04:42.616000,56900.0,281760,2069100,30,540,360
2025-06-10 10:04:43.000000,56900.2,281940,2069100,30,360,690
2025-06-10 10:04:43.511000,56900.2,281940,2069100,30,360,690
2025-06-10 10:04:43.000000,56900.2,281940,2069100,30,360,690
2025-06-10 10:04:43.617000,56900.2,281940,2069100,30,360,690
2025-06-10 10:04:44.000000,56900.2,281940,2069100,30,510,750
2025-06-10 10:04:44.714000,56900.2,281940,2069100,30,510,750
2025-06-10 10:04:44.000000,56903.4,281940,2069100,30,510,750
2025-06-10 10:04:44.818000,56903.4,281940,2069100,30,510,750
2025-06-10 10:04:45.000000,56908.4,281940,2069100,30,510,750
2025-06-10 10:04:45.618000,56908.4,281940,2069100,30,510,750
2025-06-10 10:04:45.000000,56908.4,282000,2069100,30,420,900
2025-06-10 10:04:45.917000,56908.4,282000,2069100,30,420,900
2025-06-10 10:04:46.000000,56903.2,282000,2069100,30,420,900
2025-06-10 10:04:46.619000,56903.2,282000,2069100,30,420,900
2025-06-10 10:04:47.000000,56908.4,282090,2069100,60,360,810
2025-06-10 10:04:47.120000,56908.4,282090,2069100,60,360,810
2025-06-10 10:04:47.000000,56908.4,282090,2069100,30,360,810
2025-06-10 10:04:47.620000,56908.4,282090,2069100,30,360,810
2025-06-10 10:04:48.000000,56897.4,282180,2069100,30,1800,780
2025-06-10 10:04:48.519000,56897.4,282180,2069100,30,1800,780
2025-06-10 10:04:48.000000,56908.4,282180,2069100,30,1800,780
2025-06-10 10:04:48.620000,56908.4,282180,2069100,30,1800,780
2025-06-10 10:04:49.000000,56908.4,282270,2069100,30,240,210
2025-06-10 10:04:49.722000,56908.4,282270,2069100,30,240,210
2025-06-10 10:04:50.000000,56891.0,282270,2069100,30,240,210
2025-06-10 10:04:50.622000,56891.0,282270,2069100,30,240,210
2025-06-10 10:04:50.000000,56890.2,282510,2069100,30,780,180
2025-06-10 10:04:50.925000,56890.2,282510,2069100,30,780,180
2025-06-10 10:04:51.000000,56899.0,282510,2069100,30,780,180
2025-06-10 10:04:51.622000,56899.0,282510,2069100,30,780,180
2025-06-10 10:04:52.000000,56899.0,282540,2069100,30,540,150
2025-06-10 10:04:52.128000,56899.0,282540,2069100,30,540,150
2025-06-10 10:04:52.000000,56899.8,282540,2069100,30,540,150
2025-06-10 10:04:52.623000,56899.8,282540,2069100,30,540,150
2025-06-10 10:04:53.000000,56898.4,282600,2069100,30,1110,150
2025-06-10 10:04:53.527000,56898.4,282600,2069100,30,1110,150
2025-06-10 10:04:53.000000,56898.4,282600,2069100,30,1110,150
2025-06-10 10:04:53.624000,56898.4,282600,2069100,30,1110,150
2025-06-10 10:04:54.000000,56890.2,282600,2069100,30,1110,150
2025-06-10 10:04:54.624000,56890.2,282600,2069100,30,1110,150
2025-06-10 10:04:54.000000,56890.2,282630,2069100,30,570,210
2025-06-10 10:04:54.730000,56890.2,282630,2069100,30,570,210
2025-06-10 10:04:55.000000,56890.2,282630,2069100,30,570,210
2025-06-10 10:04:55.625000,56890.2,282630,2069100,30,570,210
2025-06-10 10:04:55.000000,56890.2,282660,2069100,30,480,210
2025-06-10 10:04:55.933000,56890.2,282660,2069100,30,480,210
2025-06-10 10:04:57.000000,56890.2,282660,2069100,30,480,240
2025-06-10 10:04:57.136000,56890.2,282660,2069100,30,480,240
2025-06-10 10:04:58.000000,56900.0,282660,2069100,30,480,240
2025-06-10 10:04:58.026000,56900.0,282660,2069100,30,480,240
2025-06-10 10:04:58.000000,56900.0,282750,2069100,30,420,180
2025-06-10 10:04:58.535000,56900.0,282750,2069100,30,420,180
2025-06-10 10:04:58.000000,56895.2,282750,2069100,30,420,180
2025-06-10 10:04:58.626000,56895.2,282750,2069100,30,420,180
2025-06-10 10:04:59.000000,56895.2,282780,2069100,30,480,180
2025-06-10 10:04:59.739000,56895.2,282780,2069100,30,480,180
2025-06-10 10:05:00.000000,56895.2,282780,2069100,30,480,180
2025-06-10 10:05:00.000000,56895.2,282780,2069100,30,450,270
2025-06-10 10:05:00.939000,56895.2,282780,2069100,30,450,270
2025-06-10 10:05:01.000000,56890.0,282780,2069100,150,450,270
2025-06-10 10:05:01.427000,56890.0,282780,2069100,150,450,270
2025-06-10 10:05:01.000000,56884.6,282780,2069100,30,450,270
2025-06-10 10:05:01.827000,56884.6,282780,2069100,30,450,270
2025-06-10 10:05:02.000000,56884.6,283170,2069100,30,810,180
2025-06-10 10:05:02.142000,56884.6,283170,2069100,30,810,180
2025-06-10 10:05:03.000000,56884.6,283170,2069100,30,180,180
2025-06-10 10:05:03.345000,56884.6,283170,2069100,30,180,180
2025-06-10 10:05:04.000000,56884.6,283170,2069100,30,480,180
2025-06-10 10:05:04.549000,56884.6,283170,2069100,30,480,180
2025-06-10 10:05:05.000000,56869.8,283170,2069100,30,480,180
2025-06-10 10:05:05.829000,56869.8,283170,2069100,30,480,180
2025-06-10 10:05:05.000000,56869.8,283230,2069100,30,240,270
2025-06-10 10:05:05.948000,56869.8,283230,2069100,30,240,270
2025-06-10 10:05:06.000000,56866.8,283230,2069100,60,240,270
2025-06-10 10:05:06.830000,56866.8,283230,2069100,60,240,270
2025-06-10 10:05:07.000000,56866.8,283290,2069100,60,360,180
2025-06-10 10:05:07.151000,56866.8,283290,2069100,60,360,180
2025-06-10 10:05:08.000000,56866.8,283290,2069100,60,270,180
2025-06-10 10:05:08.353000,56866.8,283290,2069100,60,270,180
2025-06-10 10:05:09.000000,56866.8,283290,2069100,60,330,180
2025-06-10 10:05:09.556000,56866.8,283290,2069100,60,330,180
2025-06-10 10:05:10.000000,56866.8,283290,2069100,60,180,180
2025-06-10 10:05:10.956000,56866.8,283290,2069100,60,180,180
2025-06-10 10:05:11.000000,56874.0,283290,2069100,30,180,180
2025-06-10 10:05:11.033000,56874.0,283290,2069100,30,180,180
2025-06-10 10:05:12.000000,56874.0,283320,2069100,30,420,180
2025-06-10 10:05:12.159000,56874.0,283320,2069100,30,420,180
2025-06-10 10:05:13.000000,56874.0,283320,2069100,30,420,180
2025-06-10 10:05:13.362000,56874.0,283320,2069100,30,420,180
2025-06-10 10:05:14.000000,56874.0,283320,2069100,30,1140,180
2025-06-10 10:05:14.565000,56874.0,283320,2069100,30,1140,180
2025-06-10 10:05:14.000000,56869.6,283320,2069100,30,1140,180
2025-06-10 10:05:14.836000,56869.6,283320,2069100,30,1140,180
2025-06-10 10:05:15.000000,56875.0,283320,2069100,30,1140,180
2025-06-10 10:05:15.636000,56875.0,283320,2069100,30,1140,180
2025-06-10 10:05:15.000000,56875.0,283380,2069100,30,1260,180
2025-06-10 10:05:15.964000,56875.0,283380,2069100,30,1260,180
2025-06-10 10:05:17.000000,56875.0,283380,2069100,30,330,150
2025-06-10 10:05:17.167000,56875.0,283380,2069100,30,330,150
2025-06-10 10:05:18.000000,56875.0,283380,2069100,30,1110,150
2025-06-10 10:05:18.370000,56875.0,283380,2069100,30,1110,150
2025-06-10 10:05:19.000000,56870.2,283380,2069100,30,1110,150
2025-06-10 10:05:19.439000,56870.2,283380,2069100,30,1110,150
2025-06-10 10:05:19.000000,56884.2,283470,2069100,30,480,150
2025-06-10 10:05:19.572000,56884.2,283470,2069100,30,480,150
2025-06-10 10:05:19.000000,56884.2,283470,2069100,30,480,150
2025-06-10 10:05:19.639000,56884.2,283470,2069100,30,480,150
2025-06-10 10:05:20.000000,56884.8,283470,2069100,30,480,150
2025-06-10 10:05:20.640000,56884.8,283470,2069100,30,480,150
2025-06-10 10:05:20.000000,56870.2,283710,2069100,30,570,270
2025-06-10 10:05:20.775000,56870.2,283710,2069100,30,570,270
2025-06-10 10:05:21.000000,56870.2,283710,2069100,30,570,270
2025-06-10 10:05:21.640000,56870.2,283710,2069100,30,570,270
2025-06-10 10:05:21.000000,56870.2,283710,2069100,30,270,210
2025-06-10 10:05:21.978000,56870.2,283710,2069100,30,270,210
2025-06-10 10:05:23.000000,56870.2,283710,2069100,30,300,240
2025-06-10 10:05:23.377000,56870.2,283710,2069100,30,300,240
2025-06-10 10:05:24.000000,56870.2,283710,2069100,30,150,270
2025-06-10 10:05:24.579000,56870.2,283710,2069100,30,150,270
2025-06-10 10:05:25.000000,56870.2,283710,2069100,30,300,270
2025-06-10 10:05:25.783000,56870.2,283710,2069100,30,300,270
2025-06-10 10:05:26.000000,56870.2,283710,2069100,30,990,180
2025-06-10 10:05:26.984000,56870.2,283710,2069100,30,990,180
2025-06-10 10:05:27.000000,56875.0,283710,2069100,30,990,180
2025-06-10 10:05:27.844000,56875.0,283710,2069100,30,990,180
2025-06-10 10:05:28.000000,56875.0,283740,2069100,30,510,150
2025-06-10 10:05:28.186000,56875.0,283740,2069100,30,510,150
2025-06-10 10:05:29.000000,56875.0,283740,2069100,30,510,150
2025-06-10 10:05:29.389000,56875.0,283740,2069100,30,510,150
2025-06-10 10:05:30.000000,56875.0,283740,2069100,30,510,150
2025-06-10 10:05:30.000000,56875.0,283740,2069100,30,210,150
2025-06-10 10:05:30.591000,56875.0,283740,2069100,30,210,150
2025-06-10 10:05:31.000000,56875.0,283740,2069100,30,660,150
2025-06-10 10:05:31.794000,56875.0,283740,2069100,30,660,150
2025-06-10 10:05:32.000000,56875.0,283740,2069100,30,660,150
2025-06-10 10:05:32.445000,56875.0,283740,2069100,30,660,150
2025-06-10 10:05:32.000000,56875.0,283770,2069100,30,420,210
2025-06-10 10:05:32.996000,56875.0,283770,2069100,30,420,210
2025-06-10 10:05:34.000000,56875.0,283770,2069100,30,660,210
2025-06-10 10:05:34.198000,56875.0,283770,2069100,30,660,210
2025-06-10 10:05:34.000000,56870.2,283770,2069100,30,660,210
2025-06-10 10:05:34.846000,56870.2,283770,2069100,30,660,210
2025-06-10 10:05:35.000000,56870.2,283860,2069100,30,1260,180
2025-06-10 10:05:35.399000,56870.2,283860,2069100,30,1260,180
2025-06-10 10:05:35.000000,56870.2,283860,2069100,30,1260,180
2025-06-10 10:05:35.647000,56870.2,283860,2069100,30,1260,180
2025-06-10 10:05:36.000000,56870.2,283860,2069100,30,840,180
2025-06-10 10:05:36.601000,56870.2,283860,2069100,30,840,180
2025-06-10 10:05:37.000000,56870.2,283860,2069100,30,750,210
2025-06-10 10:05:37.802000,56870.2,283860,2069100,30,750,210
2025-06-10 10:05:39.000000,56870.2,283860,2069100,30,510,240
2025-06-10 10:05:39.004000,56870.2,283860,2069100,30,510,240
2025-06-10 10:05:40.000000,56870.2,283860,2069100,30,480,240
2025-06-10 10:05:40.206000,56870.2,283860,2069100,30,480,240
2025-06-10 10:05:40.000000,56879.6,283860,2069100,30,480,240
2025-06-10 10:05:40.851000,56879.6,283860,2069100,30,480,240
2025-06-10 10:05:41.000000,56879.6,283920,2069100,30,1200,300
2025-06-10 10:05:41.407000,56879.6,283920,2069100,30,1200,300
2025-06-10 10:05:41.000000,56879.6,283920,2069100,30,1200,300
2025-06-10 10:05:41.652000,56879.6,283920,2069100,30,1200,300
2025-06-10 10:05:42.000000,56879.6,283920,2069100,30,540,240
2025-06-10 10:05:42.609000,56879.6,283920,2069100,30,540,240
2025-06-10 10:05:42.000000,56879.0,283920,2069100,30,540,240
2025-06-10 10:05:42.652000,56879.0,283920,2069100,30,540,240
2025-06-10 10:05:43.000000,56879.0,283950,2069100,30,270,300
2025-06-10 10:05:43.811000,56879.0,283950,2069100,30,270,300
2025-06-10 10:05:45.000000,56884.6,283980,2069100,30,570,240
2025-06-10 10:05:45.012000,56884.6,283980,2069100,30,570,240
2025-06-10 10:05:45.000000,56884.6,283980,2069100,30,570,240
2025-06-10 10:05:45.054000,56884.6,283980,2069100,30,570,240
2025-06-10 10:05:45.000000,56873.8,283980,2069100,150,570,240
2025-06-10 10:05:45.654000,56873.8,283980,2069100,150,570,240
2025-06-10 10:05:46.000000,56873.8,284130,2069100,150,540,210
2025-06-10 10:05:46.213000,56873.8,284130,2069100,150,540,210
2025-06-10 10:05:47.000000,56873.8,284130,2069100,150,690,210
2025-06-10 10:05:47.415000,56873.8,284130,2069100,150,690,210
2025-06-10 10:05:48.000000,56873.8,284130,2069100,150,510,270
2025-06-10 10:05:48.617000,56873.8,284130,2069100,150,510,270
2025-06-10 10:05:49.000000,56873.8,284130,2069100,150,1200,240
2025-06-10 10:05:49.818000,56873.8,284130,2069100,150,1200,240
2025-06-10 10:05:51.000000,56873.8,284130,2069100,150,510,300
2025-06-10 10:05:51.019000,56873.8,284130,2069100,150,510,300
2025-06-10 10:05:52.000000,56873.8,284130,2069100,150,720,240
2025-06-10 10:05:52.220000,56873.8,284130,2069100,150,720,240
2025-06-10 10:05:52.000000,56879.0,284130,2069100,30,720,240
2025-06-10 10:05:52.660000,56879.0,284130,2069100,30,720,240
2025-06-10 10:05:53.000000,56879.0,284160,2069100,30,510,840
2025-06-10 10:05:53.422000,56879.0,284160,2069100,30,510,840
2025-06-10 10:05:54.000000,56879.0,284160,2069100,30,1230,840
2025-06-10 10:05:54.624000,56879.0,284160,2069100,30,1230,840
2025-06-10 10:05:55.000000,56879.0,284160,2069100,30,450,840
2025-06-10 10:05:55.826000,56879.0,284160,2069100,30,450,840
2025-06-10 10:05:57.000000,56879.0,284160,2069100,30,180,840
2025-06-10 10:05:57.027000,56879.0,284160,2069100,30,180,840
2025-06-10 10:05:58.000000,56879.0,284160,2069100,30,480,810
2025-06-10 10:05:58.228000,56879.0,284160,2069100,30,480,810
2025-06-10 10:05:59.000000,56879.0,284160,2069100,30,930,810
2025-06-10 10:05:59.430000,56879.0,284160,2069100,30,930,810
2025-06-10 10:06:00.000000,56882.0,284160,2069100,30,930,810
2025-06-10 10:06:00.063000,56882.0,284160,2069100,30,930,810
2025-06-10 10:06:00.000000,56882.0,284160,2069100,30,930,810
2025-06-10 10:06:00.000000,56882.0,284190,2069100,30,1770,810
2025-06-10 10:06:00.434000,56882.0,284190,2069100,30,1770,810
2025-06-10 10:06:01.000000,56884.0,284190,2069100,30,1770,810
2025-06-10 10:06:01.264000,56884.0,284190,2069100,30,1770,810
2025-06-10 10:06:01.000000,56884.0,284220,2069100,30,810,960
2025-06-10 10:06:01.635000,56884.0,284220,2069100,30,810,960
2025-06-10 10:06:02.000000,56882.6,284220,2069100,30,810,960
2025-06-10 10:06:02.064000,56882.6,284220,2069100,30,810,960
2025-06-10 10:06:02.000000,56885.0,284220,2069100,30,810,960
2025-06-10 10:06:02.664000,56885.0,284220,2069100,30,810,960
2025-06-10 10:06:03.000000,56885.0,284520,2069100,30,900,930
2025-06-10 10:06:03.034000,56885.0,284520,2069100,30,900,930
2025-06-10 10:06:03.000000,56890.0,284520,2069100,30,900,930
2025-06-10 10:06:03.665000,56890.0,284520,2069100,30,900,930
2025-06-10 10:06:04.000000,56890.0,285330,2069100,30,630,180
2025-06-10 10:06:04.236000,56890.0,285330,2069100,30,630,180
2025-06-10 10:06:05.000000,56899.0,285360,2069100,30,690,780
2025-06-10 10:06:05.440000,56899.0,285360,2069100,30,690,780
2025-06-10 10:06:05.000000,56899.0,285360,2069100,30,690,780
2025-06-10 10:06:05.465000,56899.0,285360,2069100,30,690,780
2025-06-10 10:06:05.000000,56905.0,285360,2069100,30,690,780
2025-06-10 10:06:05.666000,56905.0,285360,2069100,30,690,780
2025-06-10 10:06:06.000000,56909.0,285540,2069100,30,390,720
2025-06-10 10:06:06.642000,56909.0,285540,2069100,30,390,720
2025-06-10 10:06:06.000000,56909.0,285540,2069100,30,390,720
2025-06-10 10:06:06.666000,56909.0,285540,2069100,30,390,720
2025-06-10 10:06:07.000000,56897.4,285540,2069100,60,390,720
2025-06-10 10:06:07.666000,56897.4,285540,2069100,60,390,720
2025-06-10 10:06:08.000000,56897.4,285690,2069100,60,1050,720
2025-06-10 10:06:08.041000,56897.4,285690,2069100,60,1050,720
2025-06-10 10:06:09.000000,56898.8,285690,2069100,150,1050,720
2025-06-10 10:06:09.068000,56898.8,285690,2069100,150,1050,720
2025-06-10 10:06:09.000000,56898.8,285870,2069100,150,900,690
2025-06-10 10:06:09.244000,56898.8,285870,2069100,150,900,690
2025-06-10 10:06:10.000000,56898.8,285870,2069100,150,690,780
2025-06-10 10:06:10.451000,56898.8,285870,2069100,150,690,780
2025-06-10 10:06:11.000000,56905.0,285870,2069100,30,690,780
2025-06-10 10:06:11.269000,56905.0,285870,2069100,30,690,780
2025-06-10 10:06:11.000000,56905.0,285900,2069100,30,2040,750
2025-06-10 10:06:11.649000,56905.0,285900,2069100,30,2040,750
2025-06-10 10:06:12.000000,56891.6,285900,2069100,30,2040,750
2025-06-10 10:06:12.070000,56891.6,285900,2069100,30,2040,750
2025-06-10 10:06:13.000000,56891.6,285930,2069100,30,510,150
2025-06-10 10:06:13.048000,56891.6,285930,2069100,30,510,150
2025-06-10 10:06:13.000000,56900.0,285930,2069100,30,510,150
2025-06-10 10:06:13.872000,56900.0,285930,2069100,30,510,150
2025-06-10 10:06:14.000000,56900.0,285960,2069100,30,690,390
2025-06-10 10:06:14.251000,56900.0,285960,2069100,30,690,390
2025-06-10 10:06:15.000000,56900.0,285960,2069100,30,540,360
2025-06-10 10:06:15.453000,56900.0,285960,2069100,30,540,360
2025-06-10 10:06:16.000000,56900.0,285960,2069100,30,420,420
2025-06-10 10:06:16.656000,56900.0,285960,2069100,30,420,420
2025-06-10 10:06:17.000000,56899.0,285960,2069100,30,420,420
2025-06-10 10:06:17.275000,56899.0,285960,2069100,30,420,420
2025-06-10 10:06:17.000000,56899.0,285990,2069100,30,750,450
2025-06-10 10:06:17.858000,56899.0,285990,2069100,30,750,450
2025-06-10 10:06:19.000000,56899.0,285990,2069100,30,720,360
2025-06-10 10:06:19.257000,56899.0,285990,2069100,30,720,360
2025-06-10 10:06:19.000000,56899.4,285990,2069100,30,720,360
2025-06-10 10:06:19.876000,56899.4,285990,2069100,30,720,360
2025-06-10 10:06:20.000000,56899.2,286050,2069100,30,270,360
2025-06-10 10:06:20.458000,56899.2,286050,2069100,30,270,360
2025-06-10 10:06:20.000000,56899.2,286050,2069100,30,270,360
2025-06-10 10:06:20.677000,56899.2,286050,2069100,30,270,360
2025-06-10 10:06:21.000000,56900.0,286080,2069100,30,510,660
2025-06-10 10:06:21.661000,56900.0,286080,2069100,30,510,660
2025-06-10 10:06:21.000000,56900.0,286080,2069100,30,510,660
2025-06-10 10:06:21.677000,56900.0,286080,2069100,30,510,660
2025-06-10 10:06:22.000000,56899.0,286080,2069100,30,510,660
2025-06-10 10:06:22.678000,56899.0,286080,2069100,30,510,660
2025-06-10 10:06:22.000000,56899.0,286110,2069100,30,600,690
2025-06-10 10:06:22.863000,56899.0,286110,2069100,30,600,690
2025-06-10 10:06:24.000000,56899.0,286110,2069100,30,720,990
2025-06-10 10:06:24.066000,56899.0,286110,2069100,30,720,990
2025-06-10 10:06:25.000000,56899.0,286110,2069100,30,720,990
2025-06-10 10:06:25.280000,56899.0,286110,2069100,30,720,990
2025-06-10 10:06:25.000000,56899.0,286140,2069100,30,990,1020
2025-06-10 10:06:25.466000,56899.0,286140,2069100,30,990,1020
2025-06-10 10:06:26.000000,56899.8,286140,2069100,30,990,1020
2025-06-10 10:06:26.280000,56899.8,286140,2069100,30,990,1020
2025-06-10 10:06:26.000000,56899.8,286170,2069100,30,330,1050
2025-06-10 10:06:26.668000,56899.8,286170,2069100,30,330,1050
2025-06-10 10:06:27.000000,56898.8,286170,2069100,30,330,1050
2025-06-10 10:06:27.482000,56898.8,286170,2069100,30,330,1050
2025-06-10 10:06:27.000000,56899.0,286260,2069100,30,1470,480
2025-06-10 10:06:27.871000,56899.0,286260,2069100,30,1470,480
2025-06-10 10:06:27.000000,56899.0,286260,2069100,30,1470,480
2025-06-10 10:06:27.881000,56899.0,286260,2069100,30,1470,480
2025-06-10 10:06:28.000000,56899.8,286260,2069100,30,1470,480
2025-06-10 10:06:28.881000,56899.8,286260,2069100,30,1470,480
2025-06-10 10:06:29.000000,56900.0,286320,2069100,30,1440,510
2025-06-10 10:06:29.073000,56900.0,286320,2069100,30,1440,510
2025-06-10 10:06:29.000000,56900.0,286320,2069100,30,1440,510
2025-06-10 10:06:29.682000,56900.0,286320,2069100,30,1440,510
2025-06-10 10:06:30.000000,56900.0,286320,2069100,30,1440,510
2025-06-10 10:06:30.000000,56900.0,286320,2069100,30,570,1050
2025-06-10 10:06:30.472000,56900.0,286320,2069100,30,570,1050
2025-06-10 10:06:30.000000,56900.0,286320,2069100,30,570,1050
2025-06-10 10:06:30.882000,56900.0,286320,2069100,30,570,1050
2025-06-10 10:06:31.000000,56898.0,286380,2069100,30,1590,1020
2025-06-10 10:06:31.674000,56898.0,286380,2069100,30,1590,1020
2025-06-10 10:06:31.000000,56898.0,286380,2069100,30,1590,1020
2025-06-10 10:06:31.683000,56898.0,286380,2069100,30,1590,1020
2025-06-10 10:06:32.000000,56900.0,286380,2069100,30,1590,1020
2025-06-10 10:06:32.684000,56900.0,286380,2069100,30,1590,1020
2025-06-10 10:06:32.000000,56900.0,286650,2069100,30,1440,780
2025-06-10 10:06:32.877000,56900.0,286650,2069100,30,1440,780
2025-06-10 10:06:33.000000,56900.0,286650,2069100,30,1440,780
2025-06-10 10:06:33.684000,56900.0,286650,2069100,30,1440,780
2025-06-10 10:06:34.000000,56899.8,286710,2069100,30,1260,750
2025-06-10 10:06:34.080000,56899.8,286710,2069100,30,1260,750
2025-06-10 10:06:34.000000,56899.8,286710,2069100,60,1260,750
2025-06-10 10:06:34.684000,56899.8,286710,2069100,60,1260,750
2025-06-10 10:06:35.000000,56898.0,286830,2069100,30,1020,210
2025-06-10 10:06:35.484000,56898.0,286830,2069100,30,1020,210
2025-06-10 10:06:35.000000,56898.0,286830,2069100,30,1020,210
2025-06-10 10:06:35.684000,56898.0,286830,2069100,30,1020,210
2025-06-10 10:06:36.000000,56894.4,286860,2069100,30,1290,240
2025-06-10 10:06:36.681000,56894.4,286860,2069100,30,1290,240
2025-06-10 10:06:36.000000,56894.4,286860,2069100,30,1290,240
2025-06-10 10:06:36.684000,56894.4,286860,2069100,30,1290,240
2025-06-10 10:06:37.000000,56900.0,286860,2070720,30,1290,240
2025-06-10 10:06:37.685000,56900.0,286860,2070720,30,1290,240
2025-06-10 10:06:37.000000,56900.0,286980,2070720,30,360,390
2025-06-10 10:06:37.883000,56900.0,286980,2070720,30,360,390
2025-06-10 10:06:38.000000,56900.0,286980,2070720,30,360,390
2025-06-10 10:06:38.686000,56900.0,286980,2070720,30,360,390
2025-06-10 10:06:39.000000,56900.0,287040,2070720,30,1080,240
2025-06-10 10:06:39.086000,56900.0,287040,2070720,30,1080,240
2025-06-10 10:06:40.000000,56900.0,287040,2070720,30,660,150
2025-06-10 10:06:40.288000,56900.0,287040,2070720,30,660,150
2025-06-10 10:06:40.000000,56899.0,287040,2070720,30,660,150
2025-06-10 10:06:40.486000,56899.0,287040,2070720,30,660,150
2025-06-10 10:06:41.000000,56899.0,287070,2070720,30,1620,270
2025-06-10 10:06:41.490000,56899.0,287070,2070720,30,1620,270
2025-06-10 10:06:42.000000,56899.0,287070,2070720,30,300,150
2025-06-10 10:06:42.889000,56899.0,287070,2070720,30,300,150
2025-06-10 10:06:43.000000,56894.4,287070,2070720,30,300,150
2025-06-10 10:06:43.887000,56894.4,287070,2070720,30,300,150
2025-06-10 10:06:44.000000,56898.0,287130,2070720,30,1290,150
2025-06-10 10:06:44.092000,56898.0,287130,2070720,30,1290,150
2025-06-10 10:06:44.000000,56898.0,287130,2070720,30,1290,150
2025-06-10 10:06:44.688000,56898.0,287130,2070720,30,1290,150
2025-06-10 10:06:45.000000,56898.8,287160,2070720,30,1290,270
2025-06-10 10:06:45.294000,56898.8,287160,2070720,30,1290,270
2025-06-10 10:06:45.000000,56898.0,287160,2070720,30,1290,270
2025-06-10 10:06:45.689000,56898.0,287160,2070720,30,1290,270
2025-06-10 10:06:46.000000,56898.0,287190,2070720,30,990,180
2025-06-10 10:06:46.497000,56898.0,287190,2070720,30,990,180
2025-06-10 10:06:46.000000,56898.0,287190,2070720,30,990,180
2025-06-10 10:06:46.690000,56898.0,287190,2070720,30,990,180
2025-06-10 10:06:47.000000,56898.0,287220,2070720,30,990,150
2025-06-10 10:06:47.896000,56898.0,287220,2070720,30,990,150
2025-06-10 10:06:48.000000,56907.6,287220,2070720,30,990,150
2025-06-10 10:06:48.891000,56907.6,287220,2070720,30,990,150
2025-06-10 10:06:49.000000,56907.6,287430,2070720,30,960,390
2025-06-10 10:06:49.099000,56907.6,287430,2070720,30,960,390
2025-06-10 10:06:49.000000,56898.0,287430,2070720,90,960,390
2025-06-10 10:06:49.691000,56898.0,287430,2070720,90,960,390
2025-06-10 10:06:50.000000,56898.0,287580,2070720,30,840,480
2025-06-10 10:06:50.301000,56898.0,287580,2070720,30,840,480
2025-06-10 10:06:50.000000,56898.0,287580,2070720,30,840,480
2025-06-10 10:06:50.692000,56898.0,287580,2070720,30,840,480
2025-06-10 10:06:51.000000,56898.0,287580,2070720,30,990,840
2025-06-10 10:06:51.503000,56898.0,287580,2070720,30,990,840
2025-06-10 10:06:52.000000,56908.4,287580,2070720,30,990,840
2025-06-10 10:06:52.093000,56908.4,287580,2070720,30,990,840
2025-06-10 10:06:52.000000,56908.4,287640,2070720,30,990,450
2025-06-10 10:06:52.705000,56908.4,287640,2070720,30,990,450
2025-06-10 10:06:53.000000,56908.4,287640,2070720,30,1230,810
2025-06-10 10:06:53.908000,56908.4,287640,2070720,30,1230,810
2025-06-10 10:06:55.000000,56908.4,287640,2070720,30,1320,810
2025-06-10 10:06:55.109000,56908.4,287640,2070720,30,1320,810
2025-06-10 10:06:55.000000,56898.0,287640,2070720,30,1320,810
2025-06-10 10:06:55.895000,56898.0,287640,2070720,30,1320,810
2025-06-10 10:06:56.000000,56898.0,287670,2070720,30,930,780
2025-06-10 10:06:56.508000,56898.0,287670,2070720,30,930,780
2025-06-10 10:06:57.000000,56898.0,287670,2070720,30,960,780
2025-06-10 10:06:57.710000,56898.0,287670,2070720,30,960,780
2025-06-10 10:06:58.000000,56903.2,287670,2070720,30,960,780
2025-06-10 10:06:58.897000,56903.2,287670,2070720,30,960,780
2025-06-10 10:06:58.000000,56903.2,287700,2070720,30,1320,870
2025-06-10 10:06:58.912000,56903.2,287700,2070720,30,1320,870
2025-06-10 10:06:59.000000,56898.2,287700,2070720,30,1320,870
2025-06-10 10:06:59.698000,56898.2,287700,2070720,30,1320,870
2025-06-10 10:07:00.000000,56898.2,287760,2070720,30,1350,870
2025-06-10 10:07:00.114000,56898.2,287760,2070720,30,1350,870
2025-06-10 10:07:00.000000,56898.2,287760,2070720,30,1350,870
2025-06-10 10:07:00.000000,56898.0,287760,2070720,30,1350,870
2025-06-10 10:07:00.698000,56898.0,287760,2070720,30,1350,870
2025-06-10 10:07:01.000000,56898.0,287790,2070720,30,900,900
2025-06-10 10:07:01.317000,56898.0,287790,2070720,30,900,900
2025-06-10 10:07:01.000000,56898.0,287790,2070720,30,900,900
2025-06-10 10:07:01.698000,56898.0,287790,2070720,30,900,900
2025-06-10 10:07:02.000000,56909.0,288180,2070720,30,840,780
2025-06-10 10:07:02.518000,56909.0,288180,2070720,30,840,780
2025-06-10 10:07:02.000000,56909.0,288180,2070720,30,840,780
2025-06-10 10:07:02.699000,56909.0,288180,2070720,30,840,780
2025-06-10 10:07:03.000000,56909.0,288180,2070720,30,930,780
2025-06-10 10:07:03.720000,56909.0,288180,2070720,30,930,780
2025-06-10 10:07:04.000000,56900.0,288180,2070720,30,930,780
2025-06-10 10:07:04.100000,56900.0,288180,2070720,30,930,780
2025-06-10 10:07:04.000000,56909.0,288180,2070720,90,930,780
2025-06-10 10:07:04.701000,56909.0,288180,2070720,90,930,780
2025-06-10 10:07:04.000000,56899.6,288450,2070720,30,840,720
2025-06-10 10:07:04.923000,56899.6,288450,2070720,30,840,720
2025-06-10 10:07:05.000000,56898.8,288450,2070720,30,840,720
2025-06-10 10:07:05.701000,56898.8,288450,2070720,30,840,720
2025-06-10 10:07:06.000000,56899.6,288540,2070720,30,1050,660
2025-06-10 10:07:06.322000,56899.6,288540,2070720,30,1050,660
2025-06-10 10:07:06.000000,56898.6,288540,2070720,30,1050,660
2025-06-10 10:07:06.701000,56898.6,288540,2070720,30,1050,660
2025-06-10 10:07:07.000000,56910.0,288780,2070720,30,1020,660
2025-06-10 10:07:07.523000,56910.0,288780,2070720,30,1020,660
2025-06-10 10:07:07.000000,56909.4,288780,2070720,30,1020,660
2025-06-10 10:07:07.701000,56909.4,288780,2070720,30,1020,660
2025-06-10 10:07:08.000000,56900.2,288780,2070720,30,1020,660
2025-06-10 10:07:08.702000,56900.2,288780,2070720,30,1020,660
2025-06-10 10:07:08.000000,56900.2,288840,2070720,30,2100,720
2025-06-10 10:07:08.726000,56900.2,288840,2070720,30,2100,720
2025-06-10 10:07:09.000000,56899.0,288840,2070720,30,2100,720
2025-06-10 10:07:09.702000,56899.0,288840,2070720,30,2100,720
2025-06-10 10:07:09.000000,56899.0,288900,2070720,30,2100,630
2025-06-10 10:07:09.929000,56899.0,288900,2070720,30,2100,630
2025-06-10 10:07:11.000000,56899.0,288900,2070720,30,2100,630
2025-06-10 10:07:11.132000,56899.0,288900,2070720,30,2100,630
2025-06-10 10:07:12.000000,56899.8,288900,2070720,30,2100,630
2025-06-10 10:07:12.104000,56899.8,288900,2070720,30,2100,630
2025-06-10 10:07:12.000000,56899.8,288930,2070720,30,2910,630
2025-06-10 10:07:12.532000,56899.8,288930,2070720,30,2910,630
2025-06-10 10:07:13.000000,56899.8,288930,2070720,30,1920,600
2025-06-10 10:07:13.733000,56899.8,288930,2070720,30,1920,600
2025-06-10 10:07:14.000000,56899.8,288930,2070720,30,2100,510
2025-06-10 10:07:14.936000,56899.8,288930,2070720,30,2100,510
2025-06-10 10:07:16.000000,56899.8,288930,2070720,30,480,540
2025-06-10 10:07:16.138000,56899.8,288930,2070720,30,480,540
2025-06-10 10:07:17.000000,56899.8,288930,2070720,30,1710,540
2025-06-10 10:07:17.538000,56899.8,288930,2070720,30,1710,540
2025-06-10 10:07:17.000000,56910.0,288930,2070720,30,1710,540
2025-06-10 10:07:17.908000,56910.0,288930,2070720,30,1710,540
2025-06-10 10:07:18.000000,56910.0,289080,2070720,30,450,450
2025-06-10 10:07:18.740000,56910.0,289080,2070720,30,450,450
2025-06-10 10:07:19.000000,56910.0,289080,2070720,30,420,450
2025-06-10 10:07:19.943000,56910.0,289080,2070720,30,420,450
2025-06-10 10:07:20.000000,56910.0,289080,2070720,30,420,450
2025-06-10 10:07:20.311000,56910.0,289080,2070720,30,420,450
2025-06-10 10:07:20.000000,56899.8,289080,2070720,30,420,450
2025-06-10 10:07:20.711000,56899.8,289080,2070720,30,420,450
2025-06-10 10:07:21.000000,56899.0,289170,2070720,30,1740,390
2025-06-10 10:07:21.146000,56899.0,289170,2070720,30,1740,390
2025-06-10 10:07:21.000000,56899.0,289170,2070720,30,1740,390
2025-06-10 10:07:21.712000,56899.0,289170,2070720,30,1740,390
2025-06-10 10:07:22.000000,56909.0,289260,2070720,30,1650,420
2025-06-10 10:07:22.545000,56909.0,289260,2070720,30,1650,420
2025-06-10 10:07:22.000000,56909.0,289260,2070720,30,1650,420
2025-06-10 10:07:22.712000,56909.0,289260,2070720,30,1650,420
2025-06-10 10:07:23.000000,56907.2,289260,2070720,30,1650,420
2025-06-10 10:07:23.713000,56907.2,289260,2070720,30,1650,420
2025-06-10 10:07:23.000000,56907.2,289290,2070720,30,1680,420
2025-06-10 10:07:23.748000,56907.2,289290,2070720,30,1680,420
2025-06-10 10:07:24.000000,56899.0,289290,2070720,30,1680,420
2025-06-10 10:07:24.713000,56899.0,289290,2070720,30,1680,420
2025-06-10 10:07:24.000000,56899.0,289320,2070720,30,1680,420
2025-06-10 10:07:24.950000,56899.0,289320,2070720,30,1680,420
2025-06-10 10:07:26.000000,56899.0,289320,2070720,30,1710,420
2025-06-10 10:07:26.159000,56899.0,289320,2070720,30,1710,420
2025-06-10 10:07:27.000000,56899.0,289320,2070720,30,1710,450
2025-06-10 10:07:27.552000,56899.0,289320,2070720,30,1710,450
2025-06-10 10:07:28.000000,56899.0,289320,2070720,30,1680,420
2025-06-10 10:07:28.755000,56899.0,289320,2070720,30,1680,420
2025-06-10 10:07:29.000000,56899.0,289320,2070720,30,1710,420
2025-06-10 10:07:29.958000,56899.0,289320,2070720,30,1710,420
2025-06-10 10:07:30.000000,56900.0,289320,2070720,30,1710,420
2025-06-10 10:07:30.117000,56900.0,289320,2070720,30,1710,420
2025-06-10 10:07:30.000000,56900.0,289320,2070720,30,1710,420
2025-06-10 10:07:31.000000,56900.0,289320,2070720,30,1710,420
2025-06-10 10:07:31.117000,56900.0,289320,2070720,30,1710,420
2025-06-10 10:07:31.000000,56900.0,289380,2070720,30,1710,450
2025-06-10 10:07:31.161000,56900.0,289380,2070720,30,1710,450
2025-06-10 10:07:32.000000,56898.0,289380,2070720,30,1710,450
2025-06-10 10:07:32.318000,56898.0,289380,2070720,30,1710,450
2025-06-10 10:07:32.000000,56898.0,289440,2070720,30,1890,420
2025-06-10 10:07:32.362000,56898.0,289440,2070720,30,1890,420
2025-06-10 10:07:32.000000,56898.0,289440,2070720,30,1890,420
2025-06-10 10:07:32.918000,56898.0,289440,2070720,30,1890,420
2025-06-10 10:07:33.000000,56900.0,289500,2070720,30,1800,420
2025-06-10 10:07:33.761000,56900.0,289500,2070720,30,1800,420
2025-06-10 10:07:33.000000,56900.0,289500,2070720,30,1800,420
2025-06-10 10:07:33.919000,56900.0,289500,2070720,30,1800,420
2025-06-10 10:07:34.000000,56900.0,289500,2070720,30,1860,420
2025-06-10 10:07:34.964000,56900.0,289500,2070720,30,1860,420
2025-06-10 10:07:36.000000,56900.0,289500,2070720,30,1920,420
2025-06-10 10:07:36.168000,56900.0,289500,2070720,30,1920,420
2025-06-10 10:07:36.000000,56908.0,289500,2070720,30,1920,420
2025-06-10 10:07:36.320000,56908.0,289500,2070720,30,1920,420
2025-06-10 10:07:37.000000,56908.0,289530,2070720,30,840,390
2025-06-10 10:07:37.370000,56908.0,289530,2070720,30,840,390
2025-06-10 10:07:37.000000,56899.4,289530,2070720,30,840,390
2025-06-10 10:07:37.720000,56899.4,289530,2070720,30,840,390
2025-06-10 10:07:38.000000,56900.0,289530,2070720,30,840,390
2025-06-10 10:07:38.721000,56900.0,289530,2070720,30,840,390
2025-06-10 10:07:38.000000,56900.0,289650,2070720,30,660,360
2025-06-10 10:07:38.769000,56900.0,289650,2070720,30,660,360
2025-06-10 10:07:39.000000,56907.0,289650,2070720,30,660,360
2025-06-10 10:07:39.721000,56907.0,289650,2070720,30,660,360
2025-06-10 10:07:39.000000,56900.0,289740,2070720,30,1710,450
2025-06-10 10:07:39.971000,56900.0,289740,2070720,30,1710,450
2025-06-10 10:07:40.000000,56900.0,289740,2070720,30,1710,450
2025-06-10 10:07:40.721000,56900.0,289740,2070720,30,1710,450
2025-06-10 10:07:41.000000,56900.0,289800,2070720,30,630,450
2025-06-10 10:07:41.175000,56900.0,289800,2070720,30,630,450
2025-06-10 10:07:41.000000,56900.0,289800,2070720,30,630,450
2025-06-10 10:07:41.722000,56900.0,289800,2070720,30,630,450
2025-06-10 10:07:42.000000,56900.0,289830,2070720,30,690,450
2025-06-10 10:07:42.376000,56900.0,289830,2070720,30,690,450
2025-06-10 10:07:42.000000,56900.0,289830,2070720,30,690,450
2025-06-10 10:07:42.723000,56900.0,289830,2070720,30,690,450
2025-06-10 10:07:43.000000,56900.0,289890,2070720,30,1770,390
2025-06-10 10:07:43.579000,56900.0,289890,2070720,30,1770,390
2025-06-10 10:07:43.000000,56900.0,289890,2070720,30,1770,390
2025-06-10 10:07:43.723000,56900.0,289890,2070720,30,1770,390
2025-06-10 10:07:44.000000,56900.0,289920,2070720,30,1770,390
2025-06-10 10:07:44.780000,56900.0,289920,2070720,30,1770,390
2025-06-10 10:07:45.000000,56898.0,289920,2070720,30,1770,390
2025-06-10 10:07:45.725000,56898.0,289920,2070720,30,1770,390
2025-06-10 10:07:46.000000,56898.0,290070,2070720,30,1620,240
2025-06-10 10:07:46.179000,56898.0,290070,2070720,30,1620,240
2025-06-10 10:07:46.000000,56898.0,290070,2070720,60,1620,240
2025-06-10 10:07:46.725000,56898.0,290070,2070720,60,1620,240
2025-06-10 10:07:47.000000,56898.0,290130,2070720,60,1680,270
2025-06-10 10:07:47.381000,56898.0,290130,2070720,60,1680,270
2025-06-10 10:07:48.000000,56900.0,290220,2070720,30,1920,390
2025-06-10 10:07:48.584000,56900.0,290220,2070720,30,1920,390
2025-06-10 10:07:48.000000,56900.0,290220,2070720,30,1920,390
2025-06-10 10:07:48.727000,56900.0,290220,2070720,30,1920,390
2025-06-10 10:07:49.000000,56900.0,290220,2070720,30,2340,390
2025-06-10 10:07:49.787000,56900.0,290220,2070720,30,2340,390
2025-06-10 10:07:50.000000,56900.0,290220,2070720,30,2160,390
2025-06-10 10:07:50.990000,56900.0,290220,2070720,30,2160,390
2025-06-10 10:07:51.000000,56902.4,290220,2070720,30,2160,390
2025-06-10 10:07:51.529000,56902.4,290220,2070720,30,2160,390
2025-06-10 10:07:52.000000,56900.0,290220,2070720,30,2160,390
2025-06-10 10:07:52.329000,56900.0,290220,2070720,30,2160,390
2025-06-10 10:07:52.000000,56900.0,290280,2070720,30,2400,360
2025-06-10 10:07:52.388000,56900.0,290280,2070720,30,2400,360
2025-06-10 10:07:53.000000,56902.4,290280,2070720,30,2400,360
2025-06-10 10:07:53.130000,56902.4,290280,2070720,30,2400,360
2025-06-10 10:07:53.000000,56902.4,290310,2070720,30,1200,360
2025-06-10 10:07:53.591000,56902.4,290310,2070720,30,1200,360
2025-06-10 10:07:54.000000,56902.4,290310,2070720,30,540,360
2025-06-10 10:07:54.794000,56902.4,290310,2070720,30,540,360
2025-06-10 10:07:55.000000,56907.0,290310,2070720,30,540,360
2025-06-10 10:07:55.732000,56907.0,290310,2070720,30,540,360
2025-06-10 10:07:55.000000,56907.0,290340,2070720,30,480,480
2025-06-10 10:07:55.997000,56907.0,290340,2070720,30,480,480
2025-06-10 10:07:57.000000,56907.0,290340,2070720,30,390,480
2025-06-10 10:07:57.396000,56907.0,290340,2070720,30,390,480
2025-06-10 10:07:58.000000,56907.0,290340,2070720,30,930,480
2025-06-10 10:07:58.599000,56907.0,290340,2070720,30,930,480
2025-06-10 10:07:59.000000,56907.2,290340,2070720,30,930,480
2025-06-10 10:07:59.533000,56907.2,290340,2070720,30,930,480
2025-06-10 10:07:59.000000,56907.2,290370,2070720,30,1080,480
2025-06-10 10:07:59.801000,56907.2,290370,2070720,30,1080,480
2025-06-10 10:07:59.000000,56908.0,290370,2070720,30,1080,480
2025-06-10 10:07:59.934000,56908.0,290370,2070720,30,1080,480
2025-06-10 10:08:00.000000,56908.0,290370,2070720,30,1080,480
2025-06-10 10:08:00.000000,56908.0,290400,2070720,30,900,360
2025-06-10 10:08:01.003000,56908.0,290400,2070720,30,900,360
2025-06-10 10:08:02.000000,56908.0,290400,2070720,30,960,390
2025-06-10 10:08:02.206000,56908.0,290400,2070720,30,960,390
2025-06-10 10:08:02.000000,56907.0,290400,2070720,30,960,390
2025-06-10 10:08:02.735000,56907.0,290400,2070720,30,960,390
2025-06-10 10:08:03.000000,56900.0,290640,2070720,30,1260,1200
2025-06-10 10:08:03.605000,56900.0,290640,2070720,30,1260,1200
2025-06-10 10:08:03.000000,56900.0,290640,2070720,30,1260,1200
2025-06-10 10:08:03.736000,56900.0,290640,2070720,30,1260,1200
2025-06-10 10:08:04.000000,56907.2,290640,2070720,30,1260,1200
2025-06-10 10:08:04.736000,56907.2,290640,2070720,30,1260,1200
2025-06-10 10:08:04.000000,56907.2,290670,2070720,30,1440,1170
2025-06-10 10:08:04.808000,56907.2,290670,2070720,30,1440,1170
2025-06-10 10:08:06.000000,56907.2,290670,2070720,30,1080,1140
2025-06-10 10:08:06.011000,56907.2,290670,2070720,30,1080,1140
2025-06-10 10:08:06.000000,56905.2,290670,2070720,30,1080,1140
2025-06-10 10:08:06.536000,56905.2,290670,2070720,30,1080,1140
2025-06-10 10:08:06.000000,56904.0,290670,2070720,30,1080,1140
2025-06-10 10:08:06.737000,56904.0,290670,2070720,30,1080,1140
2025-06-10 10:08:07.000000,56904.0,290730,2070720,30,540,1140
2025-06-10 10:08:07.214000,56904.0,290730,2070720,30,540,1140
2025-06-10 10:08:08.000000,56903.6,290730,2070720,30,540,1140
2025-06-10 10:08:08.337000,56903.6,290730,2070720,30,540,1140
2025-06-10 10:08:08.000000,56904.8,290850,2070720,30,690,1140
2025-06-10 10:08:08.612000,56904.8,290850,2070720,30,690,1140
2025-06-10 10:08:08.000000,56904.8,290850,2070720,30,690,1140
2025-06-10 10:08:08.738000,56904.8,290850,2070720,30,690,1140
2025-06-10 10:08:09.000000,56904.8,290850,2070720,30,750,1140
2025-06-10 10:08:09.815000,56904.8,290850,2070720,30,750,1140
2025-06-10 10:08:09.000000,56906.2,290850,2070720,30,750,1140
2025-06-10 10:08:09.938000,56906.2,290850,2070720,30,750,1140
2025-06-10 10:08:11.000000,56906.2,290880,2070720,30,510,1140
2025-06-10 10:08:11.018000,56906.2,290880,2070720,30,510,1140
2025-06-10 10:08:12.000000,56908.0,290910,2070720,30,450,1230
2025-06-10 10:08:12.221000,56908.0,290910,2070720,30,450,1230
2025-06-10 10:08:12.000000,56908.0,290910,2070720,30,450,1230
2025-06-10 10:08:12.340000,56908.0,290910,2070720,30,450,1230
2025-06-10 10:08:13.000000,56908.0,290910,2070720,30,660,1140
2025-06-10 10:08:13.620000,56908.0,290910,2070720,30,660,1140
2025-06-10 10:08:14.000000,56908.0,290910,2070720,30,540,1140
2025-06-10 10:08:14.821000,56908.0,290910,2070720,30,540,1140
2025-06-10 10:08:14.000000,56908.0,290910,2070720,30,540,1140
2025-06-10 10:08:14.943000,56908.0,290910,2070720,30,540,1140
2025-06-10 10:08:15.000000,56906.2,290910,2070720,30,540,1140
2025-06-10 10:08:15.743000,56906.2,290910,2070720,30,540,1140
2025-06-10 10:08:16.000000,56904.8,291000,2070720,30,900,1170
2025-06-10 10:08:16.024000,56904.8,291000,2070720,30,900,1170
2025-06-10 10:08:16.000000,56904.8,291000,2070720,30,900,1170
2025-06-10 10:08:16.744000,56904.8,291000,2070720,30,900,1170
2025-06-10 10:08:17.000000,56904.8,291000,2070720,30,1140,1140
2025-06-10 10:08:17.227000,56904.8,291000,2070720,30,1140,1140
2025-06-10 10:08:17.000000,56908.0,291000,2070720,30,1140,1140
2025-06-10 10:08:17.945000,56908.0,291000,2070720,30,1140,1140
2025-06-10 10:08:18.000000,56908.0,291030,2070720,30,1020,1230
2025-06-10 10:08:18.430000,56908.0,291030,2070720,30,1020,1230
2025-06-10 10:08:19.000000,56908.0,291030,2070720,30,690,1140
2025-06-10 10:08:19.632000,56908.0,291030,2070720,30,690,1140
2025-06-10 10:08:20.000000,56904.0,291030,2070720,30,690,1140
2025-06-10 10:08:20.947000,56904.0,291030,2070720,30,690,1140
2025-06-10 10:08:21.000000,56904.0,291060,2070720,30,900,1110
2025-06-10 10:08:21.031000,56904.0,291060,2070720,30,900,1110
2025-06-10 10:08:21.000000,56909.0,291060,2070720,30,900,1110
2025-06-10 10:08:21.748000,56909.0,291060,2070720,30,900,1110
2025-06-10 10:08:22.000000,56909.0,291120,2070720,30,600,1170
2025-06-10 10:08:22.234000,56909.0,291120,2070720,30,600,1170
2025-06-10 10:08:23.000000,56909.0,291120,2070720,30,720,1200
2025-06-10 10:08:23.437000,56909.0,291120,2070720,30,720,1200
2025-06-10 10:08:24.000000,56909.0,291120,2070720,30,720,1200
2025-06-10 10:08:24.149000,56909.0,291120,2070720,30,720,1200
2025-06-10 10:08:24.000000,56904.4,291180,2070720,30,720,1170
2025-06-10 10:08:24.640000,56904.4,291180,2070720,30,720,1170
2025-06-10 10:08:24.000000,56904.4,291180,2070720,30,720,1170
2025-06-10 10:08:24.749000,56904.4,291180,2070720,30,720,1170
2025-06-10 10:08:25.000000,56905.2,291180,2070720,30,720,1170
2025-06-10 10:08:25.950000,56905.2,291180,2070720,30,720,1170
2025-06-10 10:08:26.000000,56905.2,291210,2070720,30,750,1200
2025-06-10 10:08:26.039000,56905.2,291210,2070720,30,750,1200
2025-06-10 10:08:27.000000,56905.2,291210,2070720,30,810,1200
2025-06-10 10:08:27.241000,56905.2,291210,2070720,30,810,1200
2025-06-10 10:08:28.000000,56909.0,291210,2070720,120,810,1200
2025-06-10 10:08:28.352000,56909.0,291210,2070720,120,810,1200
2025-06-10 10:08:28.000000,56909.0,291330,2070720,120,300,990
2025-06-10 10:08:28.444000,56909.0,291330,2070720,120,300,990
2025-06-10 10:08:29.000000,56909.0,291330,2070720,120,450,1020
2025-06-10 10:08:29.647000,56909.0,291330,2070720,120,450,1020
2025-06-10 10:08:30.000000,56909.0,291330,2070720,120,450,1020
2025-06-10 10:08:31.000000,56909.0,291330,2070720,120,420,1020
2025-06-10 10:08:31.046000,56909.0,291330,2070720,120,420,1020
2025-06-10 10:08:32.000000,56909.0,291330,2070720,120,570,1020
2025-06-10 10:08:32.249000,56909.0,291330,2070720,120,570,1020
2025-06-10 10:08:33.000000,56909.0,291330,2070720,120,1020,1020
2025-06-10 10:08:33.457000,56909.0,291330,2070720,120,1020,1020
2025-06-10 10:08:34.000000,56909.0,291330,2070720,120,660,1110
2025-06-10 10:08:34.655000,56909.0,291330,2070720,120,660,1110
2025-06-10 10:08:35.000000,56906.4,291330,2070720,30,660,1110
2025-06-10 10:08:35.155000,56906.4,291330,2070720,30,660,1110
2025-06-10 10:08:36.000000,56906.4,291360,2070720,30,840,1110
2025-06-10 10:08:36.054000,56906.4,291360,2070720,30,840,1110
2025-06-10 10:08:37.000000,56909.0,291390,2070720,30,630,1080
2025-06-10 10:08:37.257000,56909.0,291390,2070720,30,630,1080
2025-06-10 10:08:37.000000,56909.0,291390,2070720,30,630,1080
2025-06-10 10:08:37.356000,56909.0,291390,2070720,30,630,1080
2025-06-10 10:08:38.000000,56909.0,291390,2070720,30,1080,1020
2025-06-10 10:08:38.460000,56909.0,291390,2070720,30,1080,1020
2025-06-10 10:08:39.000000,56909.0,291390,2070720,30,1470,1020
2025-06-10 10:08:39.663000,56909.0,291390,2070720,30,1470,1020
2025-06-10 10:08:41.000000,56909.0,291390,2070720,30,300,1020
2025-06-10 10:08:41.062000,56909.0,291390,2070720,30,300,1020
2025-06-10 10:08:41.000000,56909.0,291390,2070720,30,300,1020
2025-06-10 10:08:41.759000,56909.0,291390,2070720,30,300,1020
2025-06-10 10:08:42.000000,56909.0,291420,2070720,30,1320,990
2025-06-10 10:08:42.266000,56909.0,291420,2070720,30,1320,990
2025-06-10 10:08:43.000000,56909.0,291420,2070720,30,360,990
2025-06-10 10:08:43.469000,56909.0,291420,2070720,30,360,990
2025-06-10 10:08:43.000000,56909.0,291420,2070720,30,360,990
2025-06-10 10:08:43.560000,56909.0,291420,2070720,30,360,990
2025-06-10 10:08:44.000000,56909.0,291480,2070720,30,660,930
2025-06-10 10:08:44.671000,56909.0,291480,2070720,30,660,930
2025-06-10 10:08:45.000000,56909.0,291480,2070720,30,660,930
2025-06-10 10:08:45.762000,56909.0,291480,2070720,30,660,930
2025-06-10 10:08:45.000000,56909.0,291510,2070720,30,810,900
2025-06-10 10:08:45.873000,56909.0,291510,2070720,30,810,900
2025-06-10 10:08:47.000000,56904.8,291510,2070720,30,810,900
2025-06-10 10:08:47.163000,56904.8,291510,2070720,30,810,900
2025-06-10 10:08:47.000000,56904.8,292170,2070720,30,930,900
2025-06-10 10:08:47.272000,56904.8,292170,2070720,30,930,900
2025-06-10 10:08:48.000000,56904.8,292170,2070720,30,300,870
2025-06-10 10:08:48.475000,56904.8,292170,2070720,30,300,870
2025-06-10 10:08:49.000000,56905.0,292170,2070720,30,300,870
2025-06-10 10:08:49.365000,56905.0,292170,2070720,30,300,870
2025-06-10 10:08:49.000000,56909.0,292290,2070720,60,1350,840
2025-06-10 10:08:49.678000,56909.0,292290,2070720,60,1350,840
2025-06-10 10:08:49.000000,56909.0,292290,2070720,60,1350,840
2025-06-10 10:08:49.765000,56909.0,292290,2070720,60,1350,840
2025-06-10 10:08:50.000000,56909.0,292290,2070720,60,2400,870
2025-06-10 10:08:50.881000,56909.0,292290,2070720,60,2400,870
2025-06-10 10:08:52.000000,56909.0,292290,2070720,60,2430,750
2025-06-10 10:08:52.281000,56909.0,292290,2070720,60,2430,750
2025-06-10 10:08:53.000000,56909.0,292290,2070720,60,2460,1290
2025-06-10 10:08:53.484000,56909.0,292290,2070720,60,2460,1290
2025-06-10 10:08:54.000000,56909.0,292290,2070720,60,2490,1170
2025-06-10 10:08:54.687000,56909.0,292290,2070720,60,2490,1170
2025-06-10 10:08:55.000000,56909.0,292290,2070720,60,2430,210
2025-06-10 10:08:55.888000,56909.0,292290,2070720,60,2430,210
2025-06-10 10:08:56.000000,56900.0,292290,2070720,150,2430,210
2025-06-10 10:08:56.569000,56900.0,292290,2070720,150,2430,210
2025-06-10 10:08:56.000000,56908.0,292290,2070720,30,2430,210
2025-06-10 10:08:56.770000,56908.0,292290,2070720,30,2430,210
2025-06-10 10:08:57.000000,56908.0,292620,2070720,30,2250,1140
2025-06-10 10:08:57.091000,56908.0,292620,2070720,30,2250,1140
2025-06-10 10:08:58.000000,56900.0,292620,2070720,30,2250,1140
2025-06-10 10:08:58.170000,56900.0,292620,2070720,30,2250,1140
2025-06-10 10:08:58.000000,56900.0,292740,2070720,60,2160,1140
2025-06-10 10:08:58.491000,56900.0,292740,2070720,60,2160,1140
2025-06-10 10:08:58.000000,56900.0,292740,2070720,60,2160,1140
2025-06-10 10:08:58.771000,56900.0,292740,2070720,60,2160,1140
2025-06-10 10:08:59.000000,56900.0,292740,2070720,60,2160,210
2025-06-10 10:08:59.694000,56900.0,292740,2070720,60,2160,210
2025-06-10 10:09:00.000000,56900.0,292800,2070720,60,2100,270
2025-06-10 10:09:00.896000,56900.0,292800,2070720,60,2100,270
2025-06-10 10:09:00.000000,56900.0,292800,2070720,60,2100,270
2025-06-10 10:09:00.971000,56900.0,292800,2070720,60,2100,270
2025-06-10 10:09:02.000000,56900.0,292800,2070720,60,2100,180
2025-06-10 10:09:02.099000,56900.0,292800,2070720,60,2100,180
2025-06-10 10:09:02.000000,56900.0,292800,2070720,60,2100,180
2025-06-10 10:09:02.372000,56900.0,292800,2070720,60,2100,180
2025-06-10 10:09:02.000000,56900.0,292800,2070720,30,2100,180
2025-06-10 10:09:02.972000,56900.0,292800,2070720,30,2100,180
2025-06-10 10:09:03.000000,56900.0,293130,2070720,30,1770,210
2025-06-10 10:09:03.498000,56900.0,293130,2070720,30,1770,210
2025-06-10 10:09:03.000000,56900.0,293130,2070720,30,1770,210
2025-06-10 10:09:03.773000,56900.0,293130,2070720,30,1770,210
2025-06-10 10:09:04.000000,56905.2,293160,2070720,30,1770,180
2025-06-10 10:09:04.701000,56905.2,293160,2070720,30,1770,180
2025-06-10 10:09:04.000000,56905.2,293160,2070720,30,1770,180
2025-06-10 10:09:04.773000,56905.2,293160,2070720,30,1770,180
2025-06-10 10:09:05.000000,56905.2,293160,2070720,30,1770,180
2025-06-10 10:09:05.904000,56905.2,293160,2070720,30,1770,180
2025-06-10 10:09:06.000000,56901.0,293160,2070720,30,1770,180
2025-06-10 10:09:06.174000,56901.0,293160,2070720,30,1770,180
2025-06-10 10:09:06.000000,56900.0,293160,2070720,30,1770,180
2025-06-10 10:09:06.774000,56900.0,293160,2070720,30,1770,180
2025-06-10 10:09:07.000000,56900.0,293220,2070720,30,1620,180
2025-06-10 10:09:07.106000,56900.0,293220,2070720,30,1620,180
2025-06-10 10:09:07.000000,56900.0,293220,2070720,30,1620,180
2025-06-10 10:09:07.974000,56900.0,293220,2070720,30,1620,180
2025-06-10 10:09:08.000000,56898.0,294810,2070720,120,1080,210
2025-06-10 10:09:08.309000,56898.0,294810,2070720,120,1080,210
2025-06-10 10:09:08.000000,56898.0,294810,2070720,120,1080,210
2025-06-10 10:09:08.775000,56898.0,294810,2070720,120,1080,210
2025-06-10 10:09:09.000000,56899.4,294840,2070720,30,1110,150
2025-06-10 10:09:09.708000,56899.4,294840,2070720,30,1110,150
2025-06-10 10:09:09.000000,56899.4,294840,2070720,30,1110,150
2025-06-10 10:09:09.775000,56899.4,294840,2070720,30,1110,150
2025-06-10 10:09:10.000000,56899.4,294870,2070720,30,1170,150
2025-06-10 10:09:10.911000,56899.4,294870,2070720,30,1170,150
2025-06-10 10:09:11.000000,56895.2,294870,2070720,30,1170,150
2025-06-10 10:09:11.777000,56895.2,294870,2070720,30,1170,150
2025-06-10 10:09:12.000000,56895.2,294900,2070720,30,1290,150
2025-06-10 10:09:12.114000,56895.2,294900,2070720,30,1290,150
2025-06-10 10:09:12.000000,56899.8,294900,2070720,30,1290,150
2025-06-10 10:09:12.777000,56899.8,294900,2070720,30,1290,150
2025-06-10 10:09:13.000000,56899.8,294930,2070720,30,1170,270
2025-06-10 10:09:13.317000,56899.8,294930,2070720,30,1170,270
2025-06-10 10:09:14.000000,56903.6,294930,2070720,30,1170,270
2025-06-10 10:09:14.579000,56903.6,294930,2070720,30,1170,270
2025-06-10 10:09:14.000000,56903.6,294960,2070720,30,1410,180
2025-06-10 10:09:14.716000,56903.6,294960,2070720,30,1410,180
2025-06-10 10:09:15.000000,56905.0,294960,2070720,360,1410,180
2025-06-10 10:09:15.579000,56905.0,294960,2070720,360,1410,180
2025-06-10 10:09:15.000000,56905.0,295560,2070720,360,1170,210
2025-06-10 10:09:15.918000,56905.0,295560,2070720,360,1170,210
2025-06-10 10:09:17.000000,56905.0,295560,2070720,360,1140,180
2025-06-10 10:09:17.120000,56905.0,295560,2070720,360,1140,180
2025-06-10 10:09:17.000000,56895.0,295560,2070720,30,1140,180
2025-06-10 10:09:17.781000,56895.0,295560,2070720,30,1140,180
2025-06-10 10:09:18.000000,56895.0,295590,2070720,30,510,270
2025-06-10 10:09:18.324000,56895.0,295590,2070720,30,510,270
2025-06-10 10:09:19.000000,56895.0,295590,2070720,30,900,240
2025-06-10 10:09:19.527000,56895.0,295590,2070720,30,900,240
2025-06-10 10:09:20.000000,56904.4,295590,2070720,60,900,240
2025-06-10 10:09:20.383000,56904.4,295590,2070720,60,900,240
2025-06-10 10:09:20.000000,56904.4,295650,2070720,60,1410,240
2025-06-10 10:09:20.730000,56904.4,295650,2070720,60,1410,240
2025-06-10 10:09:20.000000,56892.4,295650,2070720,30,1410,240
2025-06-10 10:09:20.984000,56892.4,295650,2070720,30,1410,240
2025-06-10 10:09:22.000000,56892.4,295680,2070720,30,1140,180
2025-06-10 10:09:22.129000,56892.4,295680,2070720,30,1140,180
2025-06-10 10:09:22.000000,56892.0,295680,2070720,30,1140,180
2025-06-10 10:09:22.984000,56892.0,295680,2070720,30,1140,180
2025-06-10 10:09:23.000000,56892.0,295710,2070720,30,330,270
2025-06-10 10:09:23.332000,56892.0,295710,2070720,30,330,270
2025-06-10 10:09:24.000000,56892.0,295710,2070720,30,720,270
2025-06-10 10:09:24.535000,56892.0,295710,2070720,30,720,270
2025-06-10 10:09:25.000000,56892.0,295710,2070720,30,270,930
2025-06-10 10:09:25.738000,56892.0,295710,2070720,30,270,930
2025-06-10 10:09:26.000000,56892.0,295710,2070720,30,540,930
2025-06-10 10:09:26.940000,56892.0,295710,2070720,30,540,930
2025-06-10 10:09:28.000000,56904.8,295710,2070720,30,540,930
2025-06-10 10:09:28.188000,56904.8,295710,2070720,30,540,930
2025-06-10 10:09:28.000000,56904.8,295740,2070720,30,660,930
2025-06-10 10:09:28.340000,56904.8,295740,2070720,30,660,930
2025-06-10 10:09:29.000000,56904.8,295740,2070720,30,660,930
2025-06-10 10:09:29.542000,56904.8,295740,2070720,30,660,930
2025-06-10 10:09:30.000000,56904.8,295740,2070720,30,660,930
2025-06-10 10:09:30.000000,56904.8,295740,2070720,30,960,720
2025-06-10 10:09:30.746000,56904.8,295740,2070720,30,960,720
2025-06-10 10:09:31.000000,56900.0,295740,2070720,30,960,720
2025-06-10 10:09:31.390000,56900.0,295740,2070720,30,960,720
2025-06-10 10:09:31.000000,56900.0,295770,2070720,30,390,690
2025-06-10 10:09:31.948000,56900.0,295770,2070720,30,390,690
2025-06-10 10:09:33.000000,56896.8,295770,2070720,30,390,690
2025-06-10 10:09:33.190000,56896.8,295770,2070720,30,390,690
2025-06-10 10:09:33.000000,56896.8,295830,2070720,30,330,690
2025-06-10 10:09:33.348000,56896.8,295830,2070720,30,330,690
2025-06-10 10:09:34.000000,56899.2,295860,2070720,30,1260,720
2025-06-10 10:09:34.551000,56899.2,295860,2070720,30,1260,720
2025-06-10 10:09:34.000000,56899.2,295860,2070720,30,1260,720
2025-06-10 10:09:34.591000,56899.2,295860,2070720,30,1260,720
2025-06-10 10:09:35.000000,56903.0,295860,2070720,30,1260,720
2025-06-10 10:09:35.391000,56903.0,295860,2070720,30,1260,720
2025-06-10 10:09:35.000000,56903.0,295890,2070720,30,1020,720
2025-06-10 10:09:35.755000,56903.0,295890,2070720,30,1020,720
2025-06-10 10:09:36.000000,56900.0,295890,2070720,30,1020,720
2025-06-10 10:09:36.792000,56900.0,295890,2070720,30,1020,720
2025-06-10 10:09:36.000000,56900.0,295920,2070720,30,780,480
2025-06-10 10:09:36.958000,56900.0,295920,2070720,30,780,480
2025-06-10 10:09:37.000000,56900.0,295920,2070720,30,780,480
2025-06-10 10:09:37.792000,56900.0,295920,2070720,30,780,480
2025-06-10 10:09:38.000000,56900.0,296100,2070720,30,1350,330
2025-06-10 10:09:38.356000,56900.0,296100,2070720,30,1350,330
2025-06-10 10:09:38.000000,56898.6,296100,2070990,30,1350,330
2025-06-10 10:09:38.793000,56898.6,296100,2070990,30,1350,330
2025-06-10 10:09:39.000000,56900.0,296190,2070990,30,600,360
2025-06-10 10:09:39.558000,56900.0,296190,2070990,30,600,360
2025-06-10 10:09:39.000000,56900.0,296190,2070990,30,600,360
2025-06-10 10:09:39.793000,56900.0,296190,2070990,30,600,360
2025-06-10 10:09:40.000000,56900.0,296190,2070990,30,510,360
2025-06-10 10:09:40.760000,56900.0,296190,2070990,30,510,360
2025-06-10 10:09:41.000000,56900.0,296190,2070990,30,870,360
2025-06-10 10:09:41.765000,56900.0,296190,2070990,30,870,360
2025-06-10 10:09:42.000000,56900.0,296190,2070990,30,840,360
2025-06-10 10:09:42.967000,56900.0,296190,2070990,30,840,360
2025-06-10 10:09:44.000000,56900.0,296190,2070990,30,570,300
2025-06-10 10:09:44.168000,56900.0,296190,2070990,30,570,300
2025-06-10 10:09:44.000000,56897.0,296190,2070990,30,570,300
2025-06-10 10:09:44.395000,56897.0,296190,2070990,30,570,300
2025-06-10 10:09:45.000000,56897.0,296220,2070990,30,480,300
2025-06-10 10:09:45.370000,56897.0,296220,2070990,30,480,300
2025-06-10 10:09:46.000000,56900.0,296250,2070990,30,1200,270
2025-06-10 10:09:46.572000,56900.0,296250,2070990,30,1200,270
2025-06-10 10:09:46.000000,56900.0,296250,2070990,30,1200,270
2025-06-10 10:09:46.597000,56900.0,296250,2070990,30,1200,270
2025-06-10 10:09:47.000000,56900.0,296250,2070990,30,1170,300
2025-06-10 10:09:47.971000,56900.0,296250,2070990,30,1170,300
2025-06-10 10:09:49.000000,56900.0,296250,2070990,30,1140,300
2025-06-10 10:09:49.172000,56900.0,296250,2070990,30,1140,300
2025-06-10 10:09:50.000000,56900.0,296250,2070990,30,1230,270
2025-06-10 10:09:50.374000,56900.0,296250,2070990,30,1230,270
2025-06-10 10:09:51.000000,56900.0,296250,2070990,30,1080,270
2025-06-10 10:09:51.577000,56900.0,296250,2070990,30,1080,270
2025-06-10 10:09:52.000000,56900.0,296250,2070990,30,1080,270
2025-06-10 10:09:52.780000,56900.0,296250,2070990,30,1080,270
2025-06-10 10:09:54.000000,56900.0,296250,2070990,30,1170,300
2025-06-10 10:09:54.179000,56900.0,296250,2070990,30,1170,300
2025-06-10 10:09:54.000000,56894.2,296250,2070990,30,1170,300
2025-06-10 10:09:54.602000,56894.2,296250,2070990,30,1170,300
2025-06-10 10:09:55.000000,56894.2,296280,2070990,30,1140,270
2025-06-10 10:09:55.382000,56894.2,296280,2070990,30,1140,270
2025-06-10 10:09:56.000000,56894.2,296280,2070990,30,1140,270
2025-06-10 10:09:56.403000,56894.2,296280,2070990,30,1140,270
2025-06-10 10:09:56.000000,56894.2,296310,2070990,30,1110,270
2025-06-10 10:09:56.585000,56894.2,296310,2070990,30,1110,270
2025-06-10 10:09:57.000000,56894.2,296310,2070990,30,1350,300
2025-06-10 10:09:57.786000,56894.2,296310,2070990,30,1350,300
2025-06-10 10:09:58.000000,56894.2,296310,2070990,30,1140,270
2025-06-10 10:09:58.988000,56894.2,296310,2070990,30,1140,270
2025-06-10 10:09:59.000000,56892.0,296310,2070990,30,1140,270
2025-06-10 10:09:59.606000,56892.0,296310,2070990,30,1140,270
2025-06-10 10:10:00.000000,56892.0,296340,2070990,30,1410,270
2025-06-10 10:10:00.189000,56892.0,296340,2070990,30,1410,270
2025-06-10 10:10:00.000000,56892.0,296340,2070990,30,1410,270
2025-06-10 10:10:01.000000,56892.0,296340,2070990,30,1290,300
2025-06-10 10:10:01.391000,56892.0,296340,2070990,30,1290,300
2025-06-10 10:10:01.000000,56892.0,296340,2070990,30,1290,300
2025-06-10 10:10:01.806000,56892.0,296340,2070990,30,1290,300
2025-06-10 10:10:02.000000,56892.0,296400,2070990,30,1080,180
2025-06-10 10:10:02.594000,56892.0,296400,2070990,30,1080,180
2025-06-10 10:10:02.000000,56892.0,296400,2070990,30,1080,180
2025-06-10 10:10:02.808000,56892.0,296400,2070990,30,1080,180
2025-06-10 10:10:03.000000,56892.0,296400,2070990,30,1020,360
2025-06-10 10:10:03.993000,56892.0,296400,2070990,30,1020,360
2025-06-10 10:10:05.000000,56899.6,296400,2070990,30,1020,360
2025-06-10 10:10:05.008000,56899.6,296400,2070990,30,1020,360
2025-06-10 10:10:05.000000,56899.6,296490,2070990,30,1020,270
2025-06-10 10:10:05.196000,56899.6,296490,2070990,30,1020,270
2025-06-10 10:10:05.000000,56892.0,296490,2070990,180,1020,270
2025-06-10 10:10:05.809000,56892.0,296490,2070990,180,1020,270
2025-06-10 10:10:06.000000,56892.0,296700,2070990,30,840,360
2025-06-10 10:10:06.398000,56892.0,296700,2070990,30,840,360
2025-06-10 10:10:06.000000,56892.0,296700,2070990,30,840,360
2025-06-10 10:10:06.809000,56892.0,296700,2070990,30,840,360
2025-06-10 10:10:07.000000,56892.0,296700,2070990,30,840,300
2025-06-10 10:10:07.600000,56892.0,296700,2070990,30,840,300
2025-06-10 10:10:07.000000,56892.0,296700,2070990,30,840,300
2025-06-10 10:10:07.810000,56892.0,296700,2070990,30,840,300
2025-06-10 10:10:08.000000,56892.0,296820,2070990,30,840,360
2025-06-10 10:10:08.803000,56892.0,296820,2070990,30,840,360
2025-06-10 10:10:09.000000,56895.0,296820,2070990,60,840,360
2025-06-10 10:10:09.810000,56895.0,296820,2070990,60,840,360
2025-06-10 10:10:10.000000,56895.0,296880,2070990,60,750,360
2025-06-10 10:10:10.201000,56895.0,296880,2070990,60,750,360
2025-06-10 10:10:10.000000,56900.0,296880,2070990,30,750,360
2025-06-10 10:10:10.811000,56900.0,296880,2070990,30,750,360
2025-06-10 10:10:11.000000,56900.0,296910,2070990,30,750,270
2025-06-10 10:10:11.403000,56900.0,296910,2070990,30,750,270
2025-06-10 10:10:12.000000,56900.0,296910,2070990,30,810,270
2025-06-10 10:10:12.606000,56900.0,296910,2070990,30,810,270
2025-06-10 10:10:13.000000,56900.0,296910,2070990,30,810,240
2025-06-10 10:10:13.809000,56900.0,296910,2070990,30,810,240
2025-06-10 10:10:15.000000,56900.0,296910,2070990,30,750,240
2025-06-10 10:10:15.011000,56900.0,296910,2070990,30,750,240
2025-06-10 10:10:15.000000,56897.2,296910,2070990,30,750,240
2025-06-10 10:10:15.415000,56897.2,296910,2070990,30,750,240
2025-06-10 10:10:15.000000,56895.0,296910,2070990,30,750,240
2025-06-10 10:10:15.815000,56895.0,296910,2070990,30,750,240
2025-06-10 10:10:16.000000,56894.4,297090,2070990,30,750,180
2025-06-10 10:10:16.212000,56894.4,297090,2070990,30,750,180
2025-06-10 10:10:16.000000,56894.4,297090,2070990,30,750,180
2025-06-10 10:10:16.816000,56894.4,297090,2070990,30,750,180
2025-06-10 10:10:17.000000,56894.4,297090,2070990,30,840,180
2025-06-10 10:10:17.415000,56894.4,297090,2070990,30,840,180
2025-06-10 10:10:17.000000,56890.0,297090,2070990,60,840,180
2025-06-10 10:10:17.816000,56890.0,297090,2070990,60,840,180
2025-06-10 10:10:18.000000,56886.6,297780,2070990,30,540,150
2025-06-10 10:10:18.814000,56886.6,297780,2070990,30,540,150
2025-06-10 10:10:18.000000,56893.6,297780,2070990,30,540,150
2025-06-10 10:10:18.816000,56893.6,297780,2070990,30,540,150
2025-06-10 10:10:20.000000,56893.6,297960,2070990,30,300,330
2025-06-10 10:10:20.017000,56893.6,297960,2070990,30,300,330
2025-06-10 10:10:21.000000,56893.6,297960,2070990,30,570,240
2025-06-10 10:10:21.218000,56893.6,297960,2070990,30,570,240
2025-06-10 10:10:22.000000,56893.6,297960,2070990,30,420,150
2025-06-10 10:10:22.421000,56893.6,297960,2070990,30,420,150
2025-06-10 10:10:23.000000,56893.6,297960,2070990,30,300,150
2025-06-10 10:10:23.623000,56893.6,297960,2070990,30,300,150
2025-06-10 10:10:23.000000,56888.0,297960,2070990,30,300,150
2025-06-10 10:10:23.820000,56888.0,297960,2070990,30,300,150
2025-06-10 10:10:24.000000,56888.0,297990,2070990,30,450,240
2025-06-10 10:10:24.825000,56888.0,297990,2070990,30,450,240
2025-06-10 10:10:25.000000,56888.2,297990,2070990,30,450,240
2025-06-10 10:10:25.421000,56888.2,297990,2070990,30,450,240
2025-06-10 10:10:26.000000,56888.2,298020,2070990,30,1230,360
2025-06-10 10:10:26.027000,56888.2,298020,2070990,30,1230,360
2025-06-10 10:10:27.000000,56888.2,298020,2070990,30,210,360
2025-06-10 10:10:27.229000,56888.2,298020,2070990,30,210,360
2025-06-10 10:10:27.000000,56880.0,298020,2070990,30,210,360
2025-06-10 10:10:27.422000,56880.0,298020,2070990,30,210,360
2025-06-10 10:10:27.000000,56897.4,298020,2070990,30,210,360
2025-06-10 10:10:27.823000,56897.4,298020,2070990,30,210,360
2025-06-10 10:10:28.000000,56897.4,298170,2070990,30,360,450
2025-06-10 10:10:28.431000,56897.4,298170,2070990,30,360,450
2025-06-10 10:10:29.000000,56897.4,298170,2070990,30,480,450
2025-06-10 10:10:29.633000,56897.4,298170,2070990,30,480,450
2025-06-10 10:10:30.000000,56897.4,298170,2070990,30,480,450
2025-06-10 10:10:30.000000,56897.4,298170,2070990,30,780,360
2025-06-10 10:10:30.835000,56897.4,298170,2070990,30,780,360
2025-06-10 10:10:31.000000,56881.6,298170,2070990,30,780,360
2025-06-10 10:10:31.225000,56881.6,298170,2070990,30,780,360
2025-06-10 10:10:32.000000,56881.6,298200,2070990,30,900,270
2025-06-10 10:10:32.037000,56881.6,298200,2070990,30,900,270
2025-06-10 10:10:33.000000,56881.6,298200,2070990,30,390,330
2025-06-10 10:10:33.238000,56881.6,298200,2070990,30,390,330
2025-06-10 10:10:33.000000,56898.0,298200,2070990,30,390,330
2025-06-10 10:10:33.826000,56898.0,298200,2070990,30,390,330
2025-06-10 10:10:34.000000,56898.0,298230,2070990,30,240,240
2025-06-10 10:10:34.637000,56898.0,298230,2070990,30,240,240
2025-06-10 10:10:35.000000,56898.0,298230,2070990,30,240,240
2025-06-10 10:10:35.427000,56898.0,298230,2070990,30,240,240
2025-06-10 10:10:35.000000,56898.0,298260,2070990,30,570,210
2025-06-10 10:10:35.840000,56898.0,298260,2070990,30,570,210
2025-06-10 10:10:37.000000,56898.0,298260,2070990,30,390,240
2025-06-10 10:10:37.041000,56898.0,298260,2070990,30,390,240
2025-06-10 10:10:38.000000,56900.0,298260,2070990,30,390,240
2025-06-10 10:10:38.028000,56900.0,298260,2070990,30,390,240
2025-06-10 10:10:38.000000,56900.0,298290,2070990,30,690,210
2025-06-10 10:10:38.243000,56900.0,298290,2070990,30,690,210
2025-06-10 10:10:39.000000,56900.0,298290,2070990,30,420,210
2025-06-10 10:10:39.445000,56900.0,298290,2070990,30,420,210
2025-06-10 10:10:40.000000,56900.0,298290,2070990,30,210,210
2025-06-10 10:10:40.648000,56900.0,298290,2070990,30,210,210
2025-06-10 10:10:41.000000,56900.0,298290,2070990,30,540,210
2025-06-10 10:10:41.850000,56900.0,298290,2070990,30,540,210
2025-06-10 10:10:42.000000,56898.0,298290,2070990,30,540,210
2025-06-10 10:10:42.029000,56898.0,298290,2070990,30,540,210
2025-06-10 10:10:43.000000,56898.0,298320,2070990,30,420,270
2025-06-10 10:10:43.051000,56898.0,298320,2070990,30,420,270
2025-06-10 10:10:44.000000,56898.0,298320,2070990,30,420,420
2025-06-10 10:10:44.254000,56898.0,298320,2070990,30,420,420
2025-06-10 10:10:45.000000,56898.0,298320,2070990,30,450,420
2025-06-10 10:10:45.456000,56898.0,298320,2070990,30,450,420
2025-06-10 10:10:46.000000,56898.0,298320,2070990,30,780,420
2025-06-10 10:10:46.658000,56898.0,298320,2070990,30,780,420
2025-06-10 10:10:47.000000,56898.0,298320,2070990,30,390,420
2025-06-10 10:10:47.860000,56898.0,298320,2070990,30,390,420
2025-06-10 10:10:48.000000,56892.4,298320,2070990,30,390,420
2025-06-10 10:10:48.835000,56892.4,298320,2070990,30,390,420
2025-06-10 10:10:49.000000,56892.4,298500,2070990,30,630,270
2025-06-10 10:10:49.063000,56892.4,298500,2070990,30,630,270
2025-06-10 10:10:49.000000,56892.6,298500,2070990,30,630,270
2025-06-10 10:10:49.836000,56892.6,298500,2070990,30,630,270
2025-06-10 10:10:50.000000,56892.6,298530,2070990,30,930,270
2025-06-10 10:10:50.462000,56892.6,298530,2070990,30,930,270
2025-06-10 10:10:51.000000,56892.6,298530,2070990,30,810,270
2025-06-10 10:10:51.663000,56892.6,298530,2070990,30,810,270
2025-06-10 10:10:52.000000,56892.6,298530,2070990,30,540,270
2025-06-10 10:10:52.866000,56892.6,298530,2070990,30,540,270
2025-06-10 10:10:53.000000,56898.0,298530,2070990,30,540,270
2025-06-10 10:10:53.438000,56898.0,298530,2070990,30,540,270
2025-06-10 10:10:53.000000,56892.0,298530,2070990,30,540,270
2025-06-10 10:10:53.839000,56892.0,298530,2070990,30,540,270
2025-06-10 10:10:54.000000,56892.0,298590,2070990,30,600,270
2025-06-10 10:10:54.068000,56892.0,298590,2070990,30,600,270
2025-06-10 10:10:55.000000,56892.0,298590,2070990,30,540,270
2025-06-10 10:10:55.269000,56892.0,298590,2070990,30,540,270
2025-06-10 10:10:56.000000,56892.0,298590,2070990,30,450,270
2025-06-10 10:10:56.473000,56892.0,298590,2070990,30,450,270
2025-06-10 10:10:57.000000,56892.0,298590,2070990,30,420,270
2025-06-10 10:10:57.674000,56892.0,298590,2070990,30,420,270
2025-06-10 10:10:58.000000,56890.0,298590,2070990,30,420,270
2025-06-10 10:10:58.442000,56890.0,298590,2070990,30,420,270
2025-06-10 10:10:58.000000,56890.0,298650,2070990,30,1410,300
2025-06-10 10:10:58.877000,56890.0,298650,2070990,30,1410,300
2025-06-10 10:11:00.000000,56890.0,298650,2070990,30,390,300
2025-06-10 10:11:00.079000,56890.0,298650,2070990,30,390,300
2025-06-10 10:11:00.000000,56890.0,298650,2070990,30,390,300
2025-06-10 10:11:01.000000,56890.2,298650,2070990,30,390,300
2025-06-10 10:11:01.244000,56890.2,298650,2070990,30,390,300
2025-06-10 10:11:01.000000,56890.2,298680,2070990,30,780,420
2025-06-10 10:11:01.477000,56890.2,298680,2070990,30,780,420
2025-06-10 10:11:02.000000,56890.2,298680,2070990,30,930,390
2025-06-10 10:11:02.685000,56890.2,298680,2070990,30,930,390
2025-06-10 10:11:03.000000,56890.2,298680,2070990,30,660,420
2025-06-10 10:11:03.883000,56890.2,298680,2070990,30,660,420
2025-06-10 10:11:05.000000,56890.2,298680,2070990,30,780,420
2025-06-10 10:11:05.084000,56890.2,298680,2070990,30,780,420
2025-06-10 10:11:06.000000,56890.2,298680,2070990,30,960,420
2025-06-10 10:11:06.287000,56890.2,298680,2070990,30,960,420
2025-06-10 10:11:07.000000,56890.2,298680,2070990,30,180,510
2025-06-10 10:11:07.489000,56890.2,298680,2070990,30,180,510
2025-06-10 10:11:08.000000,56890.2,298680,2070990,30,240,450
2025-06-10 10:11:08.691000,56890.2,298680,2070990,30,240,450
2025-06-10 10:11:10.000000,56890.2,298680,2070990,30,180,480
2025-06-10 10:11:10.090000,56890.2,298680,2070990,30,180,480
2025-06-10 10:11:11.000000,56890.2,298680,2070990,30,270,510
2025-06-10 10:11:11.292000,56890.2,298680,2070990,30,270,510
2025-06-10 10:11:12.000000,56890.2,298680,2070990,30,780,480
2025-06-10 10:11:12.495000,56890.2,298680,2070990,30,780,480
2025-06-10 10:11:12.000000,56900.0,298680,2070990,30,780,480
2025-06-10 10:11:12.849000,56900.0,298680,2070990,30,780,480
2025-06-10 10:11:13.000000,56900.0,298740,2070990,30,360,420
2025-06-10 10:11:13.698000,56900.0,298740,2070990,30,360,420
2025-06-10 10:11:14.000000,56900.0,298740,2070990,30,360,420
2025-06-10 10:11:14.650000,56900.0,298740,2070990,30,360,420
2025-06-10 10:11:14.000000,56900.0,298770,2070990,30,600,390
2025-06-10 10:11:14.900000,56900.0,298770,2070990,30,600,390
2025-06-10 10:11:16.000000,56900.0,298770,2070990,30,270,450
2025-06-10 10:11:16.102000,56900.0,298770,2070990,30,270,450
2025-06-10 10:11:17.000000,56900.0,298770,2070990,30,750,450
2025-06-10 10:11:17.304000,56900.0,298770,2070990,30,750,450
2025-06-10 10:11:18.000000,56900.0,298770,2070990,30,180,450
2025-06-10 10:11:18.703000,56900.0,298770,2070990,30,180,450
2025-06-10 10:11:19.000000,56890.2,298770,2070990,30,180,450
2025-06-10 10:11:19.254000,56890.2,298770,2070990,30,180,450
2025-06-10 10:11:19.000000,56890.2,298800,2070990,30,300,450
2025-06-10 10:11:19.906000,56890.2,298800,2070990,30,300,450
2025-06-10 10:11:21.000000,56890.2,298800,2070990,30,270,510
2025-06-10 10:11:21.108000,56890.2,298800,2070990,30,270,510
2025-06-10 10:11:21.000000,56898.6,298800,2070990,30,270,510
2025-06-10 10:11:21.256000,56898.6,298800,2070990,30,270,510
2025-06-10 10:11:21.000000,56900.0,298800,2070990,30,270,510
2025-06-10 10:11:21.856000,56900.0,298800,2070990,30,270,510
2025-06-10 10:11:22.000000,56900.0,298890,2070990,30,660,450
2025-06-10 10:11:22.311000,56900.0,298890,2070990,30,660,450
2025-06-10 10:11:23.000000,56900.0,298890,2070990,30,450,420
2025-06-10 10:11:23.514000,56900.0,298890,2070990,30,450,420
2025-06-10 10:11:24.000000,56900.0,298890,2070990,30,990,420
2025-06-10 10:11:24.715000,56900.0,298890,2070990,30,990,420
2025-06-10 10:11:25.000000,56900.0,298890,2070990,30,540,450
2025-06-10 10:11:25.918000,56900.0,298890,2070990,30,540,450
2025-06-10 10:11:26.000000,56900.0,298890,2070990,30,540,450
2025-06-10 10:11:26.460000,56900.0,298890,2070990,30,540,450
2025-06-10 10:11:27.000000,56890.0,299010,2070990,30,1170,360
2025-06-10 10:11:27.316000,56890.0,299010,2070990,30,1170,360
2025-06-10 10:11:27.000000,56890.0,299010,2070990,30,1170,360
2025-06-10 10:11:27.860000,56890.0,299010,2070990,30,1170,360
2025-06-10 10:11:28.000000,56890.0,299010,2070990,30,900,360
2025-06-10 10:11:28.517000,56890.0,299010,2070990,30,900,360
2025-06-10 10:11:29.000000,56890.0,299010,2070990,30,510,360
2025-06-10 10:11:29.721000,56890.0,299010,2070990,30,510,360
2025-06-10 10:11:30.000000,56890.0,299010,2070990,30,510,360
2025-06-10 10:11:30.000000,56890.0,299010,2070990,30,810,360
2025-06-10 10:11:30.923000,56890.0,299010,2070990,30,810,360
2025-06-10 10:11:31.000000,56900.0,299010,2070990,30,810,360
2025-06-10 10:11:31.663000,56900.0,299010,2070990,30,810,360
2025-06-10 10:11:32.000000,56900.0,299040,2070990,30,1140,330
2025-06-10 10:11:32.125000,56900.0,299040,2070990,30,1140,330
2025-06-10 10:11:32.000000,56890.4,299040,2070990,30,1140,330
2025-06-10 10:11:32.663000,56890.4,299040,2070990,30,1140,330
2025-06-10 10:11:33.000000,56890.4,299100,2070990,30,300,360
2025-06-10 10:11:33.329000,56890.4,299100,2070990,30,300,360
2025-06-10 10:11:34.000000,56890.4,299100,2070990,30,1140,360
2025-06-10 10:11:34.727000,56890.4,299100,2070990,30,1140,360
2025-06-10 10:11:35.000000,56891.4,299100,2070990,30,1140,360
2025-06-10 10:11:35.465000,56891.4,299100,2070990,30,1140,360
2025-06-10 10:11:35.000000,56891.4,299400,2070990,30,330,420
2025-06-10 10:11:35.930000,56891.4,299400,2070990,30,330,420
2025-06-10 10:11:37.000000,56891.4,299400,2070990,30,840,390
2025-06-10 10:11:37.132000,56891.4,299400,2070990,30,840,390
2025-06-10 10:11:38.000000,56891.4,299400,2070990,30,300,900
2025-06-10 10:11:38.333000,56891.4,299400,2070990,30,300,900
2025-06-10 10:11:39.000000,56891.4,299400,2070990,30,840,900
2025-06-10 10:11:39.535000,56891.4,299400,2070990,30,840,900
2025-06-10 10:11:40.000000,56891.4,299400,2070990,30,870,900
2025-06-10 10:11:40.739000,56891.4,299400,2070990,30,870,900
2025-06-10 10:11:41.000000,56891.4,299400,2070990,30,570,900
2025-06-10 10:11:41.940000,56891.4,299400,2070990,30,570,900
2025-06-10 10:11:43.000000,56891.4,299400,2070990,30,1110,900
2025-06-10 10:11:43.143000,56891.4,299400,2070990,30,1110,900
2025-06-10 10:11:44.000000,56896.4,299400,2070990,30,1110,900
2025-06-10 10:11:44.269000,56896.4,299400,2070990,30,1110,900
2025-06-10 10:11:44.000000,56896.4,299430,2070990,30,690,900
2025-06-10 10:11:44.542000,56896.4,299430,2070990,30,690,900
2025-06-10 10:11:45.000000,56896.4,299430,2070990,30,1050,900
2025-06-10 10:11:45.746000,56896.4,299430,2070990,30,1050,900
2025-06-10 10:11:46.000000,56900.0,299430,2070990,60,1050,900
2025-06-10 10:11:46.070000,56900.0,299430,2070990,60,1050,900
2025-06-10 10:11:46.000000,56900.0,299520,2070990,60,720,780
2025-06-10 10:11:46.947000,56900.0,299520,2070990,60,720,780
2025-06-10 10:11:48.000000,56900.0,299520,2070990,60,1230,780
2025-06-10 10:11:48.149000,56900.0,299520,2070990,60,1230,780
2025-06-10 10:11:49.000000,56900.0,299520,2070990,30,1230,780
2025-06-10 10:11:49.072000,56900.0,299520,2070990,30,1230,780
2025-06-10 10:11:49.000000,56900.0,299550,2070990,30,1020,750
2025-06-10 10:11:49.352000,56900.0,299550,2070990,30,1020,750
2025-06-10 10:11:50.000000,56900.0,299550,2070990,30,570,750
2025-06-10 10:11:50.554000,56900.0,299550,2070990,30,570,750
2025-06-10 10:11:51.000000,56900.0,299550,2070990,30,1560,780
2025-06-10 10:11:51.756000,56900.0,299550,2070990,30,1560,780
2025-06-10 10:11:52.000000,56900.0,299550,2070990,30,1620,780
2025-06-10 10:11:52.958000,56900.0,299550,2070990,30,1620,780
2025-06-10 10:11:54.000000,56900.0,299550,2070990,30,390,780
2025-06-10 10:11:54.160000,56900.0,299550,2070990,30,390,780
2025-06-10 10:11:55.000000,56900.0,299550,2070990,30,750,780
2025-06-10 10:11:55.362000,56900.0,299550,2070990,30,750,780
2025-06-10 10:11:56.000000,56900.0,299550,2070990,30,960,780
2025-06-10 10:11:56.761000,56900.0,299550,2070990,30,960,780
2025-06-10 10:11:57.000000,56900.0,299550,2070990,30,960,780
2025-06-10 10:11:57.479000,56900.0,299550,2070990,30,960,780
2025-06-10 10:11:57.000000,56900.0,299580,2070990,30,690,750
2025-06-10 10:11:57.963000,56900.0,299580,2070990,30,690,750
2025-06-10 10:11:59.000000,56900.0,299580,2070990,30,780,810
2025-06-10 10:11:59.166000,56900.0,299580,2070990,30,780,810
2025-06-10 10:12:00.000000,56900.0,299580,2070990,30,780,810
2025-06-10 10:12:00.000000,56900.0,299580,2070990,30,1620,840
2025-06-10 10:12:00.367000,56900.0,299580,2070990,30,1620,840
2025-06-10 10:12:00.000000,56900.0,299580,2070990,30,1620,840
2025-06-10 10:12:00.481000,56900.0,299580,2070990,30,1620,840
2025-06-10 10:12:01.000000,56900.0,299610,2070990,30,510,1050
2025-06-10 10:12:01.569000,56900.0,299610,2070990,30,510,1050
2025-06-10 10:12:02.000000,56900.0,299610,2070990,30,630,1080
2025-06-10 10:12:02.771000,56900.0,299610,2070990,30,630,1080
2025-06-10 10:12:03.000000,56900.0,299610,2070990,120,630,1080
2025-06-10 10:12:03.684000,56900.0,299610,2070990,120,630,1080
2025-06-10 10:12:03.000000,56901.0,300060,2070990,30,660,1020
2025-06-10 10:12:03.973000,56901.0,300060,2070990,30,660,1020
2025-06-10 10:12:04.000000,56901.0,300060,2070990,30,660,1020
2025-06-10 10:12:04.084000,56901.0,300060,2070990,30,660,1020
2025-06-10 10:12:04.000000,56909.0,300060,2070990,30,660,1020
2025-06-10 10:12:04.884000,56909.0,300060,2070990,30,660,1020
2025-06-10 10:12:05.000000,56909.0,300270,2070990,30,420,870
2025-06-10 10:12:05.176000,56909.0,300270,2070990,30,420,870
2025-06-10 10:12:06.000000,56909.0,300270,2070990,30,690,870
2025-06-10 10:12:06.379000,56909.0,300270,2070990,30,690,870
2025-06-10 10:12:06.000000,56908.8,300270,2070990,30,690,870
2025-06-10 10:12:06.685000,56908.8,300270,2070990,30,690,870
2025-06-10 10:12:07.000000,56908.8,300300,2070990,30,540,870
2025-06-10 10:12:07.778000,56908.8,300300,2070990,30,540,870
2025-06-10 10:12:08.000000,56909.0,300300,2070990,30,540,870
2025-06-10 10:12:08.486000,56909.0,300300,2070990,30,540,870
2025-06-10 10:12:08.000000,56909.0,300360,2070990,30,810,810
2025-06-10 10:12:08.980000,56909.0,300360,2070990,30,810,810
2025-06-10 10:12:09.000000,56909.0,300360,2070990,30,810,810
2025-06-10 10:12:09.087000,56909.0,300360,2070990,30,810,810
2025-06-10 10:12:10.000000,56909.0,300360,2070990,30,960,810
2025-06-10 10:12:10.188000,56909.0,300360,2070990,30,960,810
2025-06-10 10:12:10.000000,56911.0,300360,2070990,30,960,810
2025-06-10 10:12:10.888000,56911.0,300360,2070990,30,960,810
2025-06-10 10:12:11.000000,56914.2,301200,2070990,30,270,570
2025-06-10 10:12:11.385000,56914.2,301200,2070990,30,270,570
2025-06-10 10:12:11.000000,56914.2,301200,2070990,30,270,570
2025-06-10 10:12:11.888000,56914.2,301200,2070990,30,270,570
2025-06-10 10:12:12.000000,56914.2,301200,2070990,30,150,570
2025-06-10 10:12:12.587000,56914.2,301200,2070990,30,150,570
2025-06-10 10:12:13.000000,56914.8,301200,2070990,30,150,570
2025-06-10 10:12:13.090000,56914.8,301200,2070990,30,150,570
2025-06-10 10:12:13.000000,56914.8,301230,2070990,30,330,570
2025-06-10 10:12:13.790000,56914.8,301230,2070990,30,330,570
2025-06-10 10:12:14.000000,56915.0,301290,2070990,30,750,510
2025-06-10 10:12:14.993000,56915.0,301290,2070990,30,750,510
2025-06-10 10:12:15.000000,56915.0,301290,2070990,30,750,510
2025-06-10 10:12:15.089000,56915.0,301290,2070990,30,750,510
2025-06-10 10:12:16.000000,56917.0,301290,2070990,30,750,510
2025-06-10 10:12:16.290000,56917.0,301290,2070990,30,750,510
2025-06-10 10:12:16.000000,56917.0,301350,2070990,30,510,510
2025-06-10 10:12:16.392000,56917.0,301350,2070990,30,510,510
2025-06-10 10:12:17.000000,56919.4,301350,2070990,30,510,510
2025-06-10 10:12:17.090000,56919.4,301350,2070990,30,510,510
2025-06-10 10:12:17.000000,56922.0,301980,2070990,30,780,480
2025-06-10 10:12:17.594000,56922.0,301980,2070990,30,780,480
2025-06-10 10:12:17.000000,56922.0,301980,2070990,30,780,480
2025-06-10 10:12:17.891000,56922.0,301980,2070990,30,780,480
2025-06-10 10:12:18.000000,56923.2,302010,2070990,30,810,480
2025-06-10 10:12:18.797000,56923.2,302010,2070990,30,810,480
2025-06-10 10:12:18.000000,56923.2,302010,2070990,30,810,480
2025-06-10 10:12:18.890000,56923.2,302010,2070990,30,810,480
2025-06-10 10:12:19.000000,56924.8,302010,2070990,30,810,480
2025-06-10 10:12:19.892000,56924.8,302010,2070990,30,810,480
2025-06-10 10:12:19.000000,56924.8,302070,2070990,30,360,510
2025-06-10 10:12:20.000000,56924.8,302070,2070990,30,360,510
2025-06-10 10:12:21.000000,56924.8,302070,2070990,30,210,480
2025-06-10 10:12:21.201000,56924.8,302070,2070990,30,210,480
2025-06-10 10:12:21.000000,56915.0,302070,2070990,30,210,480
2025-06-10 10:12:21.493000,56915.0,302070,2070990,30,210,480
2025-06-10 10:12:22.000000,56915.0,302130,2070990,30,480,420
2025-06-10 10:12:22.404000,56915.0,302130,2070990,30,480,420
2025-06-10 10:12:23.000000,56925.0,302130,2070990,30,480,420
2025-06-10 10:12:23.094000,56925.0,302130,2070990,30,480,420
2025-06-10 10:12:23.000000,56925.0,302280,2070990,30,450,330
2025-06-10 10:12:23.607000,56925.0,302280,2070990,30,450,330
2025-06-10 10:12:24.000000,56924.8,302280,2070990,30,450,330
2025-06-10 10:12:24.696000,56924.8,302280,2070990,30,450,330
2025-06-10 10:12:25.000000,56924.8,302340,2070990,30,660,540
2025-06-10 10:12:25.006000,56924.8,302340,2070990,30,660,540
2025-06-10 10:12:25.000000,56924.8,302340,2070990,30,660,540
2025-06-10 10:12:25.096000,56924.8,302340,2070990,30,660,540
2025-06-10 10:12:25.000000,56915.0,302340,2070990,30,660,540
2025-06-10 10:12:25.897000,56915.0,302340,2070990,30,660,540
2025-06-10 10:12:26.000000,56925.0,302490,2070990,30,420,330
2025-06-10 10:12:26.208000,56925.0,302490,2070990,30,420,330
2025-06-10 10:12:26.000000,56925.0,302490,2070990,60,420,330
2025-06-10 10:12:26.898000,56925.0,302490,2070990,60,420,330
2025-06-10 10:12:27.000000,56925.0,302550,2070990,60,750,570
2025-06-10 10:12:27.411000,56925.0,302550,2070990,60,750,570
