Timestamp,LTP,Volume,OI,LastQty,BidQty,AskQty
2025-06-10 10:13:41.000000,686.25,1348560,1352940,30,630,300
2025-06-10 10:13:42.000000,684.6,1349160,1352940,30,360,360
2025-06-10 10:13:42.000000,684.6,1349160,1352940,30,360,360
2025-06-10 10:13:43.000000,687.6,1349190,1352940,30,270,420
2025-06-10 10:13:43.000000,687.6,1349190,1352940,30,270,420
2025-06-10 10:13:44.000000,686.1,1349190,1352940,30,270,420
2025-06-10 10:13:44.000000,685.25,1349340,1352940,30,360,330
2025-06-10 10:13:45.000000,686.95,1349340,1352940,30,360,330
2025-06-10 10:13:46.000000,685.2,1349700,1352940,30,360,330
2025-06-10 10:13:46.000000,685.2,1349700,1352940,30,360,330
2025-06-10 10:13:47.000000,686.0,1349700,1352940,30,570,450
2025-06-10 10:13:47.000000,686.0,1349820,1352940,30,570,450
2025-06-10 10:13:48.000000,688.95,1349820,1352940,30,570,450
2025-06-10 10:13:48.000000,688.95,1349880,1352940,30,540,300
2025-06-10 10:13:49.000000,688.95,1349880,1352940,30,480,480
2025-06-10 10:13:50.000000,688.55,1349880,1352940,30,480,480
2025-06-10 10:13:51.000000,688.55,1349940,1352940,30,390,300
2025-06-10 10:13:51.000000,688.85,1349940,1352940,30,390,300
2025-06-10 10:13:52.000000,688.95,1350000,1352940,30,300,300
2025-06-10 10:13:52.000000,688.95,1350000,1352940,30,300,300
2025-06-10 10:13:53.000000,689.75,1350000,1352940,30,300,300
2025-06-10 10:13:53.000000,689.75,1350810,1352940,30,630,450
2025-06-10 10:13:54.000000,688.5,1350810,1352940,30,630,450
2025-06-10 10:13:54.000000,690.0,1351350,1352940,240,330,210
2025-06-10 10:13:55.000000,690.0,1351350,1352940,240,330,210
2025-06-10 10:13:56.000000,691.4,1351380,1352940,30,540,330
2025-06-10 10:13:56.000000,691.25,1351380,1352940,30,540,330
2025-06-10 10:13:57.000000,691.25,1351410,1352940,30,240,390
2025-06-10 10:13:57.000000,693.1,1351410,1352940,30,240,390
2025-06-10 10:13:58.000000,693.6,1351410,1352940,60,240,390
2025-06-10 10:13:58.000000,693.8,1352130,1352940,30,420,870
2025-06-10 10:13:59.000000,693.85,1352130,1352940,30,420,870
2025-06-10 10:13:59.000000,693.95,1352340,1352940,30,420,1110
2025-06-10 10:14:00.000000,693.95,1352340,1352940,30,420,1110
2025-06-10 10:14:00.000000,694.3,1352340,1352940,30,420,1110
2025-06-10 10:14:01.000000,694.5,1353150,1352940,30,330,780
2025-06-10 10:14:01.000000,694.55,1353150,1352940,90,330,780
2025-06-10 10:14:02.000000,694.25,1353780,1352940,60,840,1620
2025-06-10 10:14:02.000000,693.0,1353780,1352940,30,840,1620
2025-06-10 10:14:03.000000,694.0,1353780,1352940,30,840,1620
2025-06-10 10:14:03.000000,694.0,1353990,1352940,30,330,600
2025-06-10 10:14:04.000000,693.95,1353990,1352940,30,330,600
2025-06-10 10:14:04.000000,693.95,1354140,1352940,30,810,1650
2025-06-10 10:14:05.000000,694.0,1354140,1352940,30,810,1650
2025-06-10 10:14:06.000000,692.7,1354980,1352940,120,420,720
2025-06-10 10:14:06.000000,693.0,1354980,1352940,30,420,720
2025-06-10 10:14:07.000000,693.95,1355040,1352940,30,540,540
2025-06-10 10:14:07.000000,693.95,1355040,1352940,30,540,540
2025-06-10 10:14:08.000000,693.0,1355040,1352940,30,540,540
2025-06-10 10:14:08.000000,693.0,1355610,1352940,30,330,210
2025-06-10 10:14:09.000000,692.1,1355610,1352940,30,330,210
2025-06-10 10:14:09.000000,692.1,1355640,1352940,30,210,330
2025-06-10 10:14:10.000000,691.0,1355640,1352940,30,210,330
2025-06-10 10:14:11.000000,690.6,1356120,1352940,30,570,270
2025-06-10 10:14:11.000000,691.9,1356120,1352940,30,570,270
2025-06-10 10:14:12.000000,691.9,1356150,1352940,30,390,480
2025-06-10 10:14:12.000000,691.85,1356150,1352940,30,390,480
2025-06-10 10:14:13.000000,691.85,1356180,1352940,30,510,270
2025-06-10 10:14:13.000000,692.15,1356180,1352940,30,510,270
2025-06-10 10:14:14.000000,690.45,1356180,1352940,30,510,270
2025-06-10 10:14:14.000000,690.4,1356660,1352940,60,240,210
2025-06-10 10:14:15.000000,690.55,1356660,1352940,30,240,210
2025-06-10 10:14:15.000000,692.1,1356870,1352940,30,630,240
2025-06-10 10:14:16.000000,692.1,1356870,1352940,30,630,240
2025-06-10 10:14:17.000000,692.0,1356960,1352940,30,510,450
2025-06-10 10:14:17.000000,692.0,1356960,1352940,30,510,450
2025-06-10 10:14:18.000000,692.65,1356960,1352940,30,510,450
2025-06-10 10:14:18.000000,692.65,1357170,1352940,30,480,270
2025-06-10 10:14:19.000000,692.55,1357170,1352940,30,480,270
2025-06-10 10:14:19.000000,690.55,1357650,1352940,30,390,180
2025-06-10 10:14:20.000000,690.45,1357650,1352940,30,390,180
2025-06-10 10:14:20.000000,690.45,1357740,1352940,30,450,540
2025-06-10 10:14:21.000000,691.2,1357740,1352940,30,450,540
2025-06-10 10:14:22.000000,690.0,1358100,1352940,60,360,300
2025-06-10 10:14:22.000000,690.0,1358100,1352940,60,360,300
2025-06-10 10:14:23.000000,690.0,1358100,1352940,30,360,300
2025-06-10 10:14:23.000000,690.0,1358130,1352940,30,450,240
2025-06-10 10:14:24.000000,691.1,1358130,1352940,30,450,240
2025-06-10 10:14:24.000000,691.1,1358160,1352940,30,330,270
2025-06-10 10:14:25.000000,690.0,1358160,1352940,60,330,270
2025-06-10 10:14:25.000000,690.0,1358370,1352940,60,180,690
2025-06-10 10:14:27.000000,690.0,1358370,1352940,60,480,240
2025-06-10 10:14:27.000000,690.0,1358370,1352940,30,480,240
2025-06-10 10:14:28.000000,690.0,1358400,1352940,30,450,240
2025-06-10 10:14:28.000000,691.3,1358400,1352940,30,450,240
2025-06-10 10:14:29.000000,691.7,1358400,1352940,30,450,240
2025-06-10 10:14:29.000000,691.7,1358700,1352940,30,420,240
2025-06-10 10:14:30.000000,691.7,1358700,1352940,30,420,240
2025-06-10 10:14:30.000000,690.8,1358700,1352940,60,420,240
2025-06-10 10:14:30.000000,690.8,1358760,1352940,60,360,570
2025-06-10 10:14:32.000000,690.8,1358760,1352940,60,300,720
2025-06-10 10:14:33.000000,690.8,1358760,1352940,60,210,720
2025-06-10 10:14:33.000000,691.1,1358760,1352940,30,210,720
2025-06-10 10:14:34.000000,692.0,1358760,1352940,30,210,720
2025-06-10 10:14:34.000000,692.0,1358940,1352940,30,330,900
2025-06-10 10:14:35.000000,690.8,1358940,1352940,30,330,900
2025-06-10 10:14:35.000000,690.8,1359150,1352940,30,390,480
2025-06-10 10:14:36.000000,690.8,1359150,1352940,30,390,480
2025-06-10 10:14:37.000000,690.8,1359150,1352940,30,420,480
2025-06-10 10:14:37.000000,690.75,1359150,1352940,30,420,480
2025-06-10 10:14:38.000000,690.65,1359150,1352940,30,420,480
2025-06-10 10:14:38.000000,690.65,1359270,1352940,30,330,600
2025-06-10 10:14:39.000000,690.75,1359270,1352940,30,330,600
2025-06-10 10:14:39.000000,690.75,1359330,1352940,30,300,660
2025-06-10 10:14:40.000000,692.0,1359330,1352940,210,300,660
2025-06-10 10:14:40.000000,691.0,1359690,1352940,60,240,540
2025-06-10 10:14:41.000000,691.0,1359690,1352940,90,240,540
2025-06-10 10:14:42.000000,691.2,1359870,1352940,30,210,750
2025-06-10 10:14:42.000000,691.2,1359870,1352940,30,210,750
2025-06-10 10:14:43.000000,692.0,1359990,1352940,90,420,390
2025-06-10 10:14:43.000000,692.0,1359990,1352940,90,420,390
2025-06-10 10:14:44.000000,690.0,1359990,1352940,30,420,390
2025-06-10 10:14:44.000000,690.0,1360620,1352940,30,240,420
2025-06-10 10:14:45.000000,689.95,1360620,1352940,30,240,420
2025-06-10 10:14:45.000000,689.95,1360740,1352940,30,450,360
2025-06-10 10:14:46.000000,690.0,1360740,1352940,30,450,360
2025-06-10 10:14:47.000000,690.0,1360770,1352940,30,420,300
2025-06-10 10:14:47.000000,690.0,1360770,1352940,30,420,300
2025-06-10 10:14:48.000000,690.65,1361010,1352940,30,330,540
2025-06-10 10:14:48.000000,690.65,1361010,1352940,30,330,540
2025-06-10 10:14:49.000000,690.2,1361010,1352940,30,330,540
2025-06-10 10:14:49.000000,690.2,1361040,1352940,30,240,450
2025-06-10 10:14:50.000000,690.0,1361040,1352940,30,240,450
2025-06-10 10:14:50.000000,689.95,1361250,1352940,30,210,570
2025-06-10 10:14:51.000000,688.75,1361250,1352940,30,210,570
2025-06-10 10:14:52.000000,690.0,1361340,1352940,30,390,330
2025-06-10 10:14:52.000000,690.0,1361340,1352940,30,390,330
2025-06-10 10:14:53.000000,690.0,1361430,1352940,30,210,360
2025-06-10 10:14:53.000000,690.0,1361430,1352940,30,210,360
2025-06-10 10:14:54.000000,690.0,1361430,1352940,30,420,300
2025-06-10 10:14:55.000000,690.1,1361430,1352940,30,420,300
2025-06-10 10:14:55.000000,690.1,1361490,1352940,30,270,390
2025-06-10 10:14:56.000000,689.4,1361490,1352940,30,270,390
2025-06-10 10:14:56.000000,691.0,1361490,1352940,30,270,390
2025-06-10 10:14:57.000000,690.0,1361850,1352940,30,240,480
2025-06-10 10:14:57.000000,690.0,1361850,1352940,30,240,480
2025-06-10 10:14:58.000000,689.6,1361880,1352940,30,300,390
2025-06-10 10:14:58.000000,689.6,1361880,1352940,30,300,390
2025-06-10 10:14:59.000000,689.55,1361880,1352940,30,300,390
2025-06-10 10:14:59.000000,689.55,1361910,1352940,30,300,390
2025-06-10 10:15:00.000000,689.55,1361910,1352940,30,300,390
2025-06-10 10:15:00.000000,690.9,1361910,1352940,30,300,390
2025-06-10 10:15:00.000000,689.8,1362510,1352940,30,240,660
2025-06-10 10:15:01.000000,691.0,1362510,1352940,30,240,660
2025-06-10 10:15:02.000000,691.05,1362840,1352940,60,390,600
2025-06-10 10:15:02.000000,690.9,1362840,1352940,30,390,600
2025-06-10 10:15:03.000000,692.6,1363560,1352940,30,330,1260
2025-06-10 10:15:03.000000,692.6,1363560,1352940,30,330,1260
2025-06-10 10:15:04.000000,691.7,1363560,1352940,30,330,1260
2025-06-10 10:15:04.000000,691.7,1363830,1352940,30,360,1170
2025-06-10 10:15:05.000000,693.0,1363830,1352940,30,360,1170
2025-06-10 10:15:05.000000,691.9,1364130,1352940,30,210,1080
2025-06-10 10:15:06.000000,693.0,1364130,1352940,270,210,1080
2025-06-10 10:15:06.000000,693.0,1364820,1352940,30,390,1110
2025-06-10 10:15:07.000000,692.1,1364820,1352940,30,390,1110
2025-06-10 10:15:08.000000,691.9,1364970,1352940,30,300,1020
2025-06-10 10:15:08.000000,691.9,1364970,1352940,30,300,1020
2025-06-10 10:15:09.000000,692.7,1364970,1352940,30,300,1020
2025-06-10 10:15:09.000000,691.25,1365030,1352940,30,270,390
2025-06-10 10:15:10.000000,691.25,1365030,1352940,30,270,390
2025-06-10 10:15:10.000000,691.1,1365090,1352940,30,300,240
2025-06-10 10:15:11.000000,691.9,1365090,1352940,30,300,240
2025-06-10 10:15:11.000000,692.6,1365180,1352940,30,270,330
2025-06-10 10:15:12.000000,691.9,1365180,1352940,30,270,330
2025-06-10 10:15:13.000000,691.9,1365210,1352940,30,330,930
2025-06-10 10:15:13.000000,692.05,1365210,1352940,30,330,930
2025-06-10 10:15:14.000000,691.95,1365210,1352940,30,330,930
2025-06-10 10:15:14.000000,691.95,1365300,1352940,30,300,990
2025-06-10 10:15:15.000000,693.0,1365300,1352940,30,300,990
2025-06-10 10:15:15.000000,693.0,1365360,1352940,30,420,870
2025-06-10 10:15:16.000000,691.9,1365360,1352940,90,420,870
2025-06-10 10:15:16.000000,691.95,1365570,1352940,30,180,1290
2025-06-10 10:15:17.000000,691.95,1365570,1352940,30,180,1290
2025-06-10 10:15:18.000000,691.95,1365570,1352940,30,270,1080
2025-06-10 10:15:18.000000,693.0,1365570,1352940,30,270,1080
2025-06-10 10:15:19.000000,692.0,1365660,1352940,30,390,990
2025-06-10 10:15:19.000000,692.0,1365660,1352940,30,390,990
2025-06-10 10:15:20.000000,691.95,1365660,1352940,30,390,990
2025-06-10 10:15:20.000000,692.0,1365900,1352940,90,240,1020
2025-06-10 10:15:21.000000,692.0,1365900,1352940,90,240,1020
2025-06-10 10:15:21.000000,692.0,1365900,1352940,90,330,1230
2025-06-10 10:15:22.000000,691.65,1365900,1352940,30,330,1230
2025-06-10 10:15:23.000000,693.0,1367010,1352940,90,330,3300
2025-06-10 10:15:23.000000,693.25,1367010,1352940,30,330,3300
2025-06-10 10:15:24.000000,693.25,1367070,1352940,30,300,570
2025-06-10 10:15:24.000000,693.25,1367070,1352940,30,300,570
2025-06-10 10:15:25.000000,693.35,1367070,1352940,30,300,570
2025-06-10 10:15:25.000000,693.35,1367160,1352940,30,270,300
2025-06-10 10:15:26.000000,692.05,1367160,1352940,30,270,300
2025-06-10 10:15:26.000000,692.0,1367370,1352940,30,570,420
2025-06-10 10:15:27.000000,692.0,1367370,1352940,30,570,420
2025-06-10 10:15:28.000000,692.85,1367460,1352940,30,180,420
2025-06-10 10:15:28.000000,691.4,1367460,1352940,30,180,420
2025-06-10 10:15:29.000000,691.4,1367580,1352940,30,330,420
2025-06-10 10:15:30.000000,691.4,1367580,1352940,30,330,420
2025-06-10 10:15:30.000000,691.95,1367580,1352940,30,330,420
2025-06-10 10:15:30.000000,691.95,1367790,1352940,30,330,450
2025-06-10 10:15:31.000000,692.85,1367790,1352940,30,330,450
2025-06-10 10:15:31.000000,692.85,1367820,1352940,30,210,360
2025-06-10 10:15:33.000000,692.85,1367820,1352940,30,210,360
2025-06-10 10:15:33.000000,692.85,1367850,1352940,30,270,360
2025-06-10 10:15:33.000000,692.05,1367850,1352940,30,270,360
2025-06-10 10:15:34.000000,691.75,1368060,1352940,120,270,420
2025-06-10 10:15:34.000000,691.75,1368060,1352940,120,270,420
2025-06-10 10:15:35.000000,692.7,1368060,1352940,30,270,420
2025-06-10 10:15:35.000000,693.9,1368270,1352940,30,210,780
2025-06-10 10:15:36.000000,693.25,1368270,1352940,30,210,780
2025-06-10 10:15:37.000000,692.75,1368570,1352940,30,330,810
2025-06-10 10:15:37.000000,692.95,1368570,1352940,30,330,810
2025-06-10 10:15:38.000000,692.95,1368630,1352940,30,360,930
2025-06-10 10:15:39.000000,694.0,1368630,1352940,60,360,930
2025-06-10 10:15:39.000000,694.0,1368720,1352940,30,240,990
2025-06-10 10:15:39.000000,694.0,1368720,1355340,30,240,990
2025-06-10 10:15:40.000000,692.7,1368720,1355340,60,240,990
2025-06-10 10:15:40.000000,692.7,1369290,1355340,60,270,810
2025-06-10 10:15:41.000000,694.0,1369290,1355340,30,270,810
2025-06-10 10:15:42.000000,694.4,1370400,1355340,30,600,300
2025-06-10 10:15:42.000000,693.85,1370400,1355340,30,600,300
2025-06-10 10:15:43.000000,692.95,1370460,1355340,30,300,1050
2025-06-10 10:15:43.000000,692.95,1370460,1355340,30,300,1050
2025-06-10 10:15:44.000000,693.5,1370520,1355340,30,270,390
2025-06-10 10:15:44.000000,693.5,1370520,1355340,30,270,390
2025-06-10 10:15:45.000000,693.0,1370520,1355340,30,270,390
2025-06-10 10:15:45.000000,693.0,1370760,1355340,30,390,270
2025-06-10 10:15:46.000000,693.0,1370760,1355340,30,300,270
2025-06-10 10:15:48.000000,693.0,1370760,1355340,30,240,300
2025-06-10 10:15:48.000000,692.7,1370760,1355340,30,240,300
2025-06-10 10:15:48.000000,691.65,1370760,1355340,30,240,300
2025-06-10 10:15:49.000000,691.65,1370850,1355340,30,330,300
2025-06-10 10:15:49.000000,692.9,1370850,1355340,30,330,300
2025-06-10 10:15:50.000000,691.65,1370850,1355340,30,330,300
2025-06-10 10:15:50.000000,691.65,1371030,1355340,30,330,330
2025-06-10 10:15:51.000000,690.9,1371030,1355340,30,330,330
2025-06-10 10:15:51.000000,691.9,1371900,1355340,30,240,990
2025-06-10 10:15:52.000000,691.65,1371900,1355340,30,240,990
2025-06-10 10:15:53.000000,691.65,1371930,1355340,30,480,420
2025-06-10 10:15:53.000000,690.2,1371930,1355340,90,480,420
2025-06-10 10:15:54.000000,691.6,1372110,1355340,30,360,390
2025-06-10 10:15:54.000000,691.6,1372110,1355340,30,360,390
2025-06-10 10:15:55.000000,690.0,1372110,1355340,30,360,390
2025-06-10 10:15:55.000000,690.0,1372230,1355340,30,330,360
2025-06-10 10:15:56.000000,690.3,1372230,1355340,30,330,360
2025-06-10 10:15:56.000000,691.65,1372530,1355340,60,420,1290
2025-06-10 10:15:57.000000,690.5,1372530,1355340,30,420,1290
2025-06-10 10:15:58.000000,690.0,1372680,1355340,60,240,270
2025-06-10 10:15:58.000000,690.05,1372680,1355340,60,240,270
2025-06-10 10:15:59.000000,691.45,1372800,1355340,30,420,210
2025-06-10 10:15:59.000000,691.45,1372800,1355340,30,420,210
2025-06-10 10:16:00.000000,691.45,1372800,1355340,30,420,210
2025-06-10 10:16:00.000000,691.55,1372800,1355340,150,420,210
2025-06-10 10:16:00.000000,691.55,1373070,1355340,150,540,1350
2025-06-10 10:16:01.000000,691.55,1373070,1355340,30,540,1350
2025-06-10 10:16:01.000000,691.55,1373580,1355340,30,360,1320
2025-06-10 10:16:02.000000,692.0,1373580,1355340,30,360,1320
2025-06-10 10:16:03.000000,691.55,1373670,1355340,30,360,270
2025-06-10 10:16:03.000000,692.5,1373670,1355340,30,360,270
2025-06-10 10:16:04.000000,691.7,1373970,1355340,120,690,630
2025-06-10 10:16:04.000000,690.55,1373970,1355340,30,690,630
2025-06-10 10:16:05.000000,690.8,1373970,1355340,30,690,630
2025-06-10 10:16:05.000000,690.8,1374120,1355340,30,450,330
2025-06-10 10:16:06.000000,692.0,1374120,1355340,30,450,330
2025-06-10 10:16:06.000000,692.0,1374150,1355340,30,300,300
2025-06-10 10:16:07.000000,691.75,1374150,1355340,30,300,300
2025-06-10 10:16:08.000000,692.95,1375110,1355340,30,360,420
2025-06-10 10:16:08.000000,692.95,1375110,1355340,30,360,420
2025-06-10 10:16:09.000000,692.95,1375110,1355340,30,180,360
2025-06-10 10:16:10.000000,692.95,1375110,1355340,30,180,780
2025-06-10 10:16:11.000000,692.0,1375110,1355340,30,180,780
2025-06-10 10:16:11.000000,691.45,1375860,1355340,30,390,750
2025-06-10 10:16:11.000000,691.45,1375860,1355340,30,390,750
2025-06-10 10:16:12.000000,691.7,1375860,1355340,30,390,750
2025-06-10 10:16:13.000000,691.7,1376070,1355340,30,480,1110
2025-06-10 10:16:13.000000,690.75,1376070,1355340,60,480,1110
2025-06-10 10:16:14.000000,692.0,1376640,1355340,60,510,390
2025-06-10 10:16:14.000000,692.0,1376640,1355340,60,510,390
2025-06-10 10:16:15.000000,692.0,1376880,1355340,30,420,390
2025-06-10 10:16:15.000000,692.0,1376880,1355340,30,420,390
2025-06-10 10:16:16.000000,692.05,1376880,1355340,30,420,390
2025-06-10 10:16:16.000000,692.0,1377030,1355340,30,450,300
2025-06-10 10:16:17.000000,690.75,1377030,1355340,30,450,300
2025-06-10 10:16:18.000000,690.7,1377120,1355340,30,360,330
2025-06-10 10:16:18.000000,691.3,1377120,1355340,30,360,330
2025-06-10 10:16:19.000000,692.0,1377180,1355340,30,540,1170
2025-06-10 10:16:19.000000,692.0,1377180,1355340,30,540,1170
2025-06-10 10:16:20.000000,690.95,1377270,1355340,30,240,960
2025-06-10 10:16:20.000000,690.95,1377270,1355340,30,240,960
2025-06-10 10:16:21.000000,688.6,1377270,1355340,30,240,960
2025-06-10 10:16:21.000000,688.6,1377810,1355340,30,660,450
2025-06-10 10:16:22.000000,687.3,1377810,1355340,30,660,450
2025-06-10 10:16:22.000000,687.3,1378350,1355340,30,330,330
2025-06-10 10:16:23.000000,686.05,1378350,1355340,30,330,330
2025-06-10 10:16:24.000000,686.15,1378710,1355340,30,390,840
2025-06-10 10:16:24.000000,686.25,1378710,1355340,30,390,840
2025-06-10 10:16:25.000000,687.55,1378860,1355340,30,510,360
2025-06-10 10:16:25.000000,687.55,1378860,1355340,30,510,360
2025-06-10 10:16:26.000000,686.4,1378860,1355340,30,510,360
2025-06-10 10:16:26.000000,686.4,1379010,1355340,30,420,480
2025-06-10 10:16:27.000000,687.75,1379010,1355340,30,420,480
2025-06-10 10:16:27.000000,690.1,1379130,1355340,60,330,510
2025-06-10 10:16:28.000000,689.3,1379130,1355340,30,330,510
2025-06-10 10:16:29.000000,689.3,1379280,1355340,30,390,270
2025-06-10 10:16:30.000000,689.3,1379280,1355340,30,390,270
2025-06-10 10:16:30.000000,690.75,1379280,1355340,30,390,270
2025-06-10 10:16:30.000000,690.75,1379310,1355340,30,360,660
2025-06-10 10:16:30.000000,691.45,1379310,1355340,30,360,660
2025-06-10 10:16:31.000000,691.45,1379460,1355340,30,360,720
2025-06-10 10:16:32.000000,691.5,1379460,1355340,30,360,720
2025-06-10 10:16:32.000000,691.5,1379520,1355340,30,240,1200
2025-06-10 10:16:33.000000,691.25,1379520,1355340,30,240,1200
2025-06-10 10:16:34.000000,691.25,1379550,1355340,30,210,750
2025-06-10 10:16:34.000000,690.2,1379550,1355340,30,210,750
2025-06-10 10:16:35.000000,690.2,1379580,1355340,30,450,420
2025-06-10 10:16:35.000000,691.45,1379580,1355340,30,450,420
2025-06-10 10:16:36.000000,690.1,1379580,1355340,30,450,420
2025-06-10 10:16:36.000000,690.1,1379640,1355340,30,360,1710
2025-06-10 10:16:37.000000,691.7,1379640,1355340,30,360,1710
2025-06-10 10:16:37.000000,691.7,1379670,1355340,30,270,840
2025-06-10 10:16:39.000000,691.7,1379670,1355340,30,300,960
2025-06-10 10:16:40.000000,691.7,1379670,1355340,30,420,720
2025-06-10 10:16:40.000000,691.7,1379670,1355340,30,420,720
2025-06-10 10:16:41.000000,690.2,1379760,1355340,30,420,330
2025-06-10 10:16:41.000000,690.2,1379760,1355340,30,420,330
2025-06-10 10:16:42.000000,690.0,1379760,1355340,30,420,330
2025-06-10 10:16:42.000000,690.0,1379880,1355340,30,300,810
2025-06-10 10:16:43.000000,690.55,1379880,1355340,30,300,810
2025-06-10 10:16:43.000000,691.05,1379940,1355340,30,450,510
2025-06-10 10:16:44.000000,691.05,1379940,1355340,30,450,510
2025-06-10 10:16:45.000000,691.05,1379940,1355340,30,330,510
2025-06-10 10:16:45.000000,689.3,1379940,1355340,30,330,510
2025-06-10 10:16:46.000000,688.1,1380300,1355340,30,330,300
2025-06-10 10:16:46.000000,688.1,1380300,1355340,30,330,300
2025-06-10 10:16:47.000000,688.1,1380300,1355340,30,540,750
2025-06-10 10:16:47.000000,687.35,1380300,1355340,30,540,750
2025-06-10 10:16:48.000000,687.1,1380300,1355340,30,540,750
2025-06-10 10:16:48.000000,687.1,1380750,1355340,30,420,900
2025-06-10 10:16:49.000000,689.7,1380750,1355340,30,420,900
2025-06-10 10:16:50.000000,688.95,1380870,1355340,30,540,270
2025-06-10 10:16:50.000000,688.95,1380870,1355340,30,540,270
2025-06-10 10:16:51.000000,688.95,1380870,1355340,30,210,390
2025-06-10 10:16:51.000000,688.35,1380870,1355340,30,210,390
2025-06-10 10:16:52.000000,687.05,1380930,1355340,30,270,270
2025-06-10 10:16:52.000000,687.05,1380930,1355340,30,270,270
2025-06-10 10:16:53.000000,686.85,1380930,1355340,30,270,270
2025-06-10 10:16:53.000000,686.85,1381530,1355340,30,390,390
2025-06-10 10:16:54.000000,688.4,1381530,1355340,30,390,390
2025-06-10 10:16:55.000000,688.5,1382160,1355340,30,330,480
2025-06-10 10:16:55.000000,688.5,1382160,1355340,30,330,480
2025-06-10 10:16:56.000000,688.5,1382160,1355340,30,510,540
2025-06-10 10:16:56.000000,688.65,1382160,1355340,30,510,540
2025-06-10 10:16:57.000000,688.65,1382250,1355340,30,570,240
2025-06-10 10:16:57.000000,686.7,1382250,1355340,30,570,240
2025-06-10 10:16:58.000000,687.25,1382250,1355340,30,570,240
2025-06-10 10:16:58.000000,687.25,1382820,1355340,30,450,210
2025-06-10 10:16:59.000000,687.45,1382820,1355340,30,450,210
2025-06-10 10:17:00.000000,687.45,1382820,1355340,30,450,210
2025-06-10 10:17:00.000000,688.7,1383090,1355340,30,360,270
2025-06-10 10:17:00.000000,688.7,1383090,1355340,30,360,270
2025-06-10 10:17:01.000000,690.0,1383120,1355340,30,300,840
2025-06-10 10:17:01.000000,689.0,1383120,1355340,30,300,840
2025-06-10 10:17:02.000000,689.2,1383420,1355340,30,210,930
2025-06-10 10:17:02.000000,689.2,1383420,1355340,30,210,930
2025-06-10 10:17:03.000000,689.1,1383420,1355340,30,210,930
2025-06-10 10:17:03.000000,689.0,1383510,1355340,30,390,330
2025-06-10 10:17:04.000000,689.0,1383510,1355340,30,390,330
2025-06-10 10:17:04.000000,689.0,1383510,1355340,30,360,390
2025-06-10 10:17:05.000000,690.5,1383510,1355340,30,360,390
2025-06-10 10:17:06.000000,690.5,1383570,1355340,30,870,1020
2025-06-10 10:17:06.000000,689.2,1383570,1355340,30,870,1020
2025-06-10 10:17:07.000000,689.2,1383600,1355340,30,1050,390
2025-06-10 10:17:07.000000,690.15,1383600,1355340,90,1050,390
2025-06-10 10:17:08.000000,690.15,1383750,1355340,90,990,360
2025-06-10 10:17:08.000000,689.0,1383750,1355340,30,990,360
2025-06-10 10:17:09.000000,689.05,1383750,1355340,30,990,360
2025-06-10 10:17:09.000000,689.05,1384470,1355340,30,390,180
2025-06-10 10:17:10.000000,689.3,1384470,1355340,30,390,180
2025-06-10 10:17:11.000000,689.1,1384560,1355340,30,420,330
2025-06-10 10:17:11.000000,689.1,1384560,1355340,30,420,330
2025-06-10 10:17:12.000000,690.65,1384860,1355340,30,510,450
2025-06-10 10:17:12.000000,690.65,1384860,1355340,30,510,450
2025-06-10 10:17:13.000000,689.3,1384890,1355340,30,240,360
2025-06-10 10:17:13.000000,689.3,1384890,1355340,30,240,360
2025-06-10 10:17:14.000000,690.0,1384920,1355340,30,180,330
2025-06-10 10:17:14.000000,690.0,1384920,1355340,30,180,330
2025-06-10 10:17:15.000000,690.25,1384920,1355340,30,180,330
2025-06-10 10:17:16.000000,689.1,1385130,1355340,30,450,510
2025-06-10 10:17:16.000000,689.1,1385130,1355340,30,450,510
2025-06-10 10:17:17.000000,688.55,1385160,1355340,30,480,300
2025-06-10 10:17:17.000000,688.55,1385160,1355340,30,480,300
2025-06-10 10:17:18.000000,688.55,1385190,1355340,30,360,480
2025-06-10 10:17:18.000000,688.55,1385190,1355340,30,360,480
2025-06-10 10:17:19.000000,688.55,1385190,1355340,30,390,810
2025-06-10 10:17:20.000000,689.8,1385190,1355340,30,390,810
2025-06-10 10:17:21.000000,689.95,1385280,1355340,30,720,420
2025-06-10 10:17:21.000000,689.95,1385280,1355340,30,720,420
2025-06-10 10:17:22.000000,689.95,1385280,1355340,30,420,960
2025-06-10 10:17:22.000000,690.0,1385280,1355340,30,420,960
2025-06-10 10:17:23.000000,690.0,1385310,1355340,30,450,1200
2025-06-10 10:17:24.000000,690.0,1385310,1355340,30,450,1200
2025-06-10 10:17:24.000000,690.0,1385340,1355340,30,390,750
2025-06-10 10:17:25.000000,690.8,1385340,1355340,30,390,750
2025-06-10 10:17:25.000000,690.8,1385400,1355340,30,390,1170
2025-06-10 10:17:26.000000,691.0,1385400,1355340,30,390,1170
2025-06-10 10:17:27.000000,691.1,1385760,1355340,30,390,900
2025-06-10 10:17:27.000000,691.1,1385760,1355340,30,390,900
2025-06-10 10:17:28.000000,689.1,1389270,1355340,30,660,240
2025-06-10 10:17:28.000000,689.1,1389270,1355340,30,660,240
2025-06-10 10:17:29.000000,687.6,1389270,1355340,30,660,240
2025-06-10 10:17:29.000000,689.15,1389990,1355340,30,270,300
2025-06-10 10:17:30.000000,689.15,1389990,1355340,30,270,300
2025-06-10 10:17:30.000000,688.55,1389990,1355340,60,270,300
2025-06-10 10:17:30.000000,688.55,1390170,1355340,60,300,840
2025-06-10 10:17:32.000000,688.35,1390200,1355340,30,510,300
2025-06-10 10:17:32.000000,688.35,1390200,1355340,30,510,300
2025-06-10 10:17:33.000000,687.0,1390590,1355340,120,360,390
2025-06-10 10:17:33.000000,687.0,1390590,1355340,120,360,390
2025-06-10 10:17:34.000000,687.6,1390590,1355340,30,360,390
2025-06-10 10:17:34.000000,687.6,1390680,1355340,30,540,420
2025-06-10 10:17:35.000000,687.85,1390680,1355340,30,540,420
2025-06-10 10:17:35.000000,687.8,1390770,1355340,30,330,300
2025-06-10 10:17:36.000000,686.2,1390770,1355340,30,330,300
2025-06-10 10:17:37.000000,686.2,1390800,1355340,30,360,480
2025-06-10 10:17:38.000000,686.2,1390800,1355340,30,300,600
2025-06-10 10:17:39.000000,686.2,1390800,1355340,30,450,330
2025-06-10 10:17:40.000000,687.55,1390800,1355340,30,450,330
2025-06-10 10:17:40.000000,686.05,1390800,1355340,30,450,330
2025-06-10 10:17:40.000000,686.05,1391130,1355340,30,270,450
2025-06-10 10:17:41.000000,686.25,1391130,1355340,30,270,450
2025-06-10 10:17:42.000000,686.2,1391400,1355340,30,360,300
2025-06-10 10:17:42.000000,686.2,1391400,1355340,30,360,300
2025-06-10 10:17:43.000000,686.45,1391460,1355340,60,480,240
2025-06-10 10:17:43.000000,686.45,1391460,1355340,60,480,240
2025-06-10 10:17:44.000000,686.45,1391460,1355340,60,420,450
2025-06-10 10:17:45.000000,686.0,1391460,1355340,60,420,450
2025-06-10 10:17:45.000000,686.95,1391460,1355340,30,420,450
2025-06-10 10:17:45.000000,685.9,1392060,1355340,30,240,510
2025-06-10 10:17:46.000000,685.9,1392060,1355340,30,240,510
2025-06-10 10:17:47.000000,687.45,1392090,1355340,30,210,390
2025-06-10 10:17:47.000000,687.45,1392090,1355340,30,210,390
2025-06-10 10:17:48.000000,685.95,1392120,1355340,30,750,450
2025-06-10 10:17:48.000000,685.9,1392120,1355340,30,750,450
2025-06-10 10:17:49.000000,685.9,1392150,1355340,30,600,390
2025-06-10 10:17:50.000000,685.25,1392150,1355340,30,600,390
2025-06-10 10:17:50.000000,686.85,1392150,1355340,30,600,390
2025-06-10 10:17:50.000000,686.85,1392300,1355340,30,240,360
2025-06-10 10:17:51.000000,685.9,1392300,1355340,30,240,360
2025-06-10 10:17:52.000000,684.0,1392780,1355340,30,540,510
2025-06-10 10:17:52.000000,684.95,1392780,1355340,60,540,510
2025-06-10 10:17:53.000000,685.0,1393350,1355340,30,240,480
2025-06-10 10:17:53.000000,685.0,1393350,1355340,30,240,480
2025-06-10 10:17:54.000000,683.25,1393560,1355340,30,210,480
2025-06-10 10:17:54.000000,683.25,1393560,1355340,30,210,480
2025-06-10 10:17:55.000000,685.05,1393560,1355340,30,210,480
2025-06-10 10:17:55.000000,685.05,1393680,1355340,30,210,780
2025-06-10 10:17:56.000000,681.95,1393680,1355340,30,210,780
2025-06-10 10:17:56.000000,681.95,1393830,1355340,30,240,450
2025-06-10 10:17:57.000000,683.2,1393830,1355340,30,240,450
2025-06-10 10:17:58.000000,683.2,1393890,1355340,30,480,450
2025-06-10 10:17:59.000000,683.2,1393890,1355340,30,270,450
2025-06-10 10:17:59.000000,681.75,1393890,1355340,30,270,450
2025-06-10 10:18:00.000000,681.75,1393890,1355340,30,270,450
2025-06-10 10:18:00.000000,683.0,1393890,1355340,30,270,450
2025-06-10 10:18:00.000000,683.0,1394010,1355340,30,210,480
2025-06-10 10:18:01.000000,681.35,1394010,1355340,30,210,480
2025-06-10 10:18:01.000000,681.3,1394220,1355340,30,360,300
2025-06-10 10:18:02.000000,681.3,1394220,1355340,30,360,300
2025-06-10 10:18:03.000000,683.65,1394430,1355340,30,240,420
2025-06-10 10:18:03.000000,682.7,1394430,1355340,30,240,420
2025-06-10 10:18:04.000000,682.25,1394550,1355340,30,240,300
2025-06-10 10:18:04.000000,682.25,1394550,1355340,30,240,300
2025-06-10 10:18:05.000000,682.25,1394550,1355340,30,240,330
2025-06-10 10:18:06.000000,683.5,1394550,1355340,30,240,330
2025-06-10 10:18:06.000000,682.3,1394550,1355340,30,240,330
2025-06-10 10:18:06.000000,682.3,1394670,1355340,30,270,480
2025-06-10 10:18:07.000000,682.45,1394670,1355340,30,270,480
2025-06-10 10:18:08.000000,682.6,1394760,1355340,30,270,450
2025-06-10 10:18:08.000000,682.6,1394760,1355340,30,270,450
2025-06-10 10:18:09.000000,683.65,1394790,1355340,30,450,390
2025-06-10 10:18:09.000000,683.65,1394790,1355340,30,450,390
2025-06-10 10:18:10.000000,682.65,1394940,1355340,30,270,630
2025-06-10 10:18:10.000000,682.65,1394940,1355340,30,270,630
2025-06-10 10:18:11.000000,683.85,1394940,1355340,30,270,630
2025-06-10 10:18:11.000000,683.85,1395150,1355340,30,240,480
2025-06-10 10:18:12.000000,683.85,1395150,1355340,30,240,480
2025-06-10 10:18:12.000000,683.85,1395180,1355340,30,240,360
2025-06-10 10:18:13.000000,685.6,1395180,1355340,30,240,360
2025-06-10 10:18:14.000000,685.6,1395540,1355340,30,270,480
2025-06-10 10:18:14.000000,685.3,1395540,1355340,30,270,480
2025-06-10 10:18:15.000000,687.05,1395720,1355340,30,270,540
2025-06-10 10:18:15.000000,687.05,1395720,1355340,30,270,540
2025-06-10 10:18:16.000000,687.05,1395720,1355340,30,240,390
2025-06-10 10:18:17.000000,683.95,1395720,1355340,30,240,390
2025-06-10 10:18:17.000000,683.95,1395750,1355340,30,330,360
2025-06-10 10:18:18.000000,683.95,1395750,1355340,30,210,570
2025-06-10 10:18:20.000000,683.95,1395750,1355340,30,330,270
2025-06-10 10:18:20.000000,685.05,1395750,1355340,30,330,270
2025-06-10 10:18:21.000000,685.6,1395750,1355340,60,330,270
2025-06-10 10:18:21.000000,685.8,1396230,1355340,90,240,450
2025-06-10 10:18:21.000000,685.8,1396230,1355340,90,240,450
2025-06-10 10:18:22.000000,685.8,1396230,1355340,90,270,630
2025-06-10 10:18:23.000000,685.8,1396230,1355340,90,300,360
2025-06-10 10:18:25.000000,685.8,1396230,1355340,90,240,360
2025-06-10 10:18:26.000000,685.8,1396230,1355340,90,240,390
2025-06-10 10:18:26.000000,685.6,1396230,1355340,30,240,390
2025-06-10 10:18:27.000000,685.0,1396350,1355340,30,270,390
2025-06-10 10:18:27.000000,685.0,1396350,1355340,30,270,390
2025-06-10 10:18:28.000000,685.4,1396350,1355340,30,270,390
2025-06-10 10:18:28.000000,685.4,1396650,1355340,30,300,360
2025-06-10 10:18:29.000000,685.4,1396650,1355340,30,240,450
2025-06-10 10:18:30.000000,685.4,1396650,1355340,30,240,450
2025-06-10 10:18:31.000000,685.4,1396650,1355340,30,300,420
2025-06-10 10:18:32.000000,685.4,1396650,1355340,30,240,450
2025-06-10 10:18:33.000000,685.4,1396650,1355340,30,240,450
2025-06-10 10:18:33.000000,685.4,1396680,1355340,30,420,480
2025-06-10 10:18:34.000000,685.4,1396680,1355340,30,450,300
2025-06-10 10:18:35.000000,685.4,1396680,1355340,90,450,300
2025-06-10 10:18:36.000000,685.4,1397010,1355340,90,210,240
2025-06-10 10:18:36.000000,685.0,1397010,1355340,30,210,240
2025-06-10 10:18:37.000000,685.0,1397070,1355340,30,180,420
2025-06-10 10:18:38.000000,685.0,1397070,1355340,30,540,450
2025-06-10 10:18:39.000000,685.8,1397070,1355340,120,540,450
2025-06-10 10:18:39.000000,685.8,1397070,1355340,30,540,450
2025-06-10 10:18:39.000000,685.8,1397370,1355340,30,360,300
2025-06-10 10:18:40.000000,685.8,1397370,1355340,30,270,390
2025-06-10 10:18:41.000000,684.0,1397370,1353510,30,270,390
2025-06-10 10:18:41.000000,685.0,1397370,1353510,30,270,390
2025-06-10 10:18:42.000000,685.0,1397520,1353510,30,330,420
2025-06-10 10:18:42.000000,685.0,1397520,1353510,30,330,420
2025-06-10 10:18:43.000000,685.0,1397520,1353510,30,300,300
2025-06-10 10:18:43.000000,685.65,1397520,1353510,30,300,300
2025-06-10 10:18:44.000000,684.0,1397640,1353510,30,240,330
2025-06-10 10:18:44.000000,684.0,1397640,1353510,30,240,330
2025-06-10 10:18:45.000000,686.75,1397640,1353510,60,240,330
2025-06-10 10:18:45.000000,686.75,1397790,1353510,60,240,540
2025-06-10 10:18:46.000000,685.65,1397790,1353510,30,240,540
2025-06-10 10:18:46.000000,685.65,1397850,1353510,30,240,450
2025-06-10 10:18:47.000000,686.9,1397850,1353510,30,240,450
2025-06-10 10:18:48.000000,686.9,1397940,1353510,30,360,540
2025-06-10 10:18:49.000000,686.9,1397940,1353510,30,330,330
2025-06-10 10:18:49.000000,685.0,1397940,1353510,30,330,330
2025-06-10 10:18:50.000000,685.0,1397970,1353510,30,240,390
2025-06-10 10:18:51.000000,686.35,1397970,1353510,30,240,390
2025-06-10 10:18:51.000000,686.35,1398000,1353510,30,540,330
2025-06-10 10:18:52.000000,685.0,1398000,1353510,30,540,330
2025-06-10 10:18:53.000000,685.0,1398030,1353510,30,270,840
2025-06-10 10:18:53.000000,686.8,1398030,1353510,30,270,840
2025-06-10 10:18:53.000000,688.0,1398030,1353510,300,270,840
2025-06-10 10:18:54.000000,688.0,1398660,1353510,300,210,510
2025-06-10 10:18:54.000000,687.05,1398660,1353510,30,210,510
2025-06-10 10:18:55.000000,687.05,1398720,1353510,30,300,510
2025-06-10 10:18:56.000000,687.7,1398720,1353510,30,300,510
2025-06-10 10:18:56.000000,687.7,1398840,1353510,30,300,630
2025-06-10 10:18:57.000000,687.7,1398840,1353510,30,270,330
2025-06-10 10:18:59.000000,687.7,1398840,1353510,30,240,630
2025-06-10 10:19:00.000000,687.7,1398840,1353510,30,240,630
2025-06-10 10:19:00.000000,687.7,1398840,1353510,30,240,510
2025-06-10 10:19:01.000000,685.1,1398870,1353510,30,510,660
2025-06-10 10:19:01.000000,685.1,1398870,1353510,30,510,660
2025-06-10 10:19:02.000000,685.1,1398870,1353510,30,450,690
2025-06-10 10:19:03.000000,685.1,1398870,1353510,30,360,480
2025-06-10 10:19:05.000000,685.1,1398870,1353510,30,270,300
2025-06-10 10:19:05.000000,686.0,1398870,1353510,30,270,300
2025-06-10 10:19:06.000000,686.0,1398900,1353510,30,210,510
2025-06-10 10:19:07.000000,686.0,1398900,1353510,30,360,480
2025-06-10 10:19:08.000000,686.1,1398960,1353510,30,330,1020
2025-06-10 10:19:08.000000,686.1,1398960,1353510,30,330,1020
2025-06-10 10:19:09.000000,684.45,1398960,1353510,30,330,1020
2025-06-10 10:19:10.000000,684.45,1399230,1353510,30,330,330
2025-06-10 10:19:10.000000,688.0,1399230,1353510,30,330,330
2025-06-10 10:19:11.000000,688.0,1399380,1353510,30,420,540
2025-06-10 10:19:11.000000,688.75,1399380,1353510,30,420,540
2025-06-10 10:19:12.000000,693.3,1400880,1353510,30,300,390
2025-06-10 10:19:12.000000,693.3,1400880,1353510,30,300,390
2025-06-10 10:19:13.000000,692.45,1400880,1353510,30,300,390
2025-06-10 10:19:13.000000,692.45,1400940,1353510,30,270,810
2025-06-10 10:19:14.000000,693.9,1400940,1353510,30,270,810
2025-06-10 10:19:15.000000,691.45,1401960,1353510,30,300,270
2025-06-10 10:19:15.000000,693.2,1401960,1353510,30,300,270
2025-06-10 10:19:16.000000,693.2,1401990,1353510,30,330,390
2025-06-10 10:19:16.000000,693.7,1401990,1353510,30,330,390
2025-06-10 10:19:17.000000,693.6,1402230,1353510,90,210,270
2025-06-10 10:19:17.000000,693.6,1402230,1353510,90,210,270
2025-06-10 10:19:18.000000,693.75,1402230,1353510,30,210,270
2025-06-10 10:19:18.000000,693.55,1402410,1353510,30,300,210
2025-06-10 10:19:19.000000,692.6,1402410,1353510,30,300,210
2025-06-10 10:19:19.000000,692.6,1402590,1353510,30,180,1050
2025-06-10 10:19:21.000000,692.6,1402590,1353510,30,270,1080
2025-06-10 10:19:22.000000,692.6,1402590,1353510,30,270,1350
2025-06-10 10:19:22.000000,694.0,1402590,1353510,60,270,1350
2025-06-10 10:19:23.000000,694.0,1402590,1353510,30,270,1350
2025-06-10 10:19:23.000000,697.0,1406850,1353510,90,300,1110
2025-06-10 10:19:24.000000,697.3,1406850,1353510,30,300,1110
2025-06-10 10:19:24.000000,697.85,1407360,1353510,30,240,1470
2025-06-10 10:19:25.000000,696.85,1407360,1353510,30,240,1470
2025-06-10 10:19:26.000000,696.85,1407900,1353510,30,360,930
2025-06-10 10:19:26.000000,697.2,1407900,1353510,60,360,930
2025-06-10 10:19:27.000000,695.45,1408470,1353510,30,210,1140
2025-06-10 10:19:27.000000,697.8,1408470,1353510,30,210,1140
2025-06-10 10:19:28.000000,696.05,1408470,1353510,30,210,1140
2025-06-10 10:19:28.000000,696.05,1408770,1353510,30,210,450
2025-06-10 10:19:29.000000,698.0,1408770,1353510,30,210,450
2025-06-10 10:19:29.000000,698.0,1409490,1353510,30,270,960
2025-06-10 10:19:30.000000,698.0,1409490,1353510,30,270,960
2025-06-10 10:19:30.000000,696.8,1409490,1353510,30,270,960
2025-06-10 10:19:31.000000,696.35,1409640,1353510,30,360,990
2025-06-10 10:19:31.000000,698.1,1409640,1353510,30,360,990
2025-06-10 10:19:32.000000,698.35,1409880,1353510,30,330,210
2025-06-10 10:19:32.000000,698.35,1409880,1353510,30,330,210
2025-06-10 10:19:33.000000,697.8,1409880,1353510,30,330,210
2025-06-10 10:19:33.000000,697.8,1410000,1353510,30,300,780
2025-06-10 10:19:34.000000,697.1,1410000,1353510,30,300,780
2025-06-10 10:19:34.000000,697.3,1410420,1353510,30,330,1110
2025-06-10 10:19:35.000000,697.05,1410420,1353510,30,330,1110
2025-06-10 10:19:36.000000,695.65,1410870,1353510,30,300,300
2025-06-10 10:19:36.000000,695.0,1410870,1353510,30,300,300
2025-06-10 10:19:37.000000,695.6,1411020,1353510,30,180,270
2025-06-10 10:19:37.000000,694.6,1411020,1353510,30,180,270
2025-06-10 10:19:38.000000,696.1,1411110,1353510,30,330,330
2025-06-10 10:19:38.000000,696.1,1411110,1353510,30,330,330
2025-06-10 10:19:39.000000,696.5,1411110,1353510,30,330,330
2025-06-10 10:19:39.000000,697.2,1411200,1353510,30,450,1200
2025-06-10 10:19:40.000000,697.2,1411200,1353510,30,450,1200
2025-06-10 10:19:41.000000,696.7,1411320,1353510,30,300,960
2025-06-10 10:19:41.000000,695.6,1411320,1353510,30,300,960
2025-06-10 10:19:42.000000,695.6,1411350,1353510,30,300,630
2025-06-10 10:19:42.000000,696.0,1411350,1353510,30,300,630
2025-06-10 10:19:43.000000,695.8,1411650,1353510,30,300,840
2025-06-10 10:19:43.000000,695.8,1411650,1353510,30,300,840
2025-06-10 10:19:44.000000,695.65,1411650,1353510,60,300,840
2025-06-10 10:19:44.000000,695.7,1411830,1353510,30,300,1350
2025-06-10 10:19:45.000000,696.0,1411830,1353510,30,300,1350
2025-06-10 10:19:46.000000,696.0,1412190,1353510,30,360,1020
2025-06-10 10:19:46.000000,696.0,1412190,1353510,30,360,1020
2025-06-10 10:19:47.000000,694.6,1412370,1353510,30,330,1260
2025-06-10 10:19:47.000000,694.6,1412370,1353510,30,330,1260
2025-06-10 10:19:48.000000,696.5,1412460,1353510,30,360,270
2025-06-10 10:19:48.000000,696.5,1412460,1353510,30,360,270
2025-06-10 10:19:49.000000,696.5,1412490,1353510,30,390,750
2025-06-10 10:19:50.000000,695.3,1412490,1353510,30,390,750
2025-06-10 10:19:50.000000,695.3,1412580,1353510,30,390,780
2025-06-10 10:19:51.000000,695.0,1412580,1353510,30,390,780
2025-06-10 10:19:52.000000,695.0,1412820,1353510,90,390,870
2025-06-10 10:19:52.000000,695.0,1412820,1353510,90,390,870
2025-06-10 10:19:53.000000,695.0,1412820,1353510,90,480,420
2025-06-10 10:19:54.000000,695.15,1412820,1353510,30,480,420
2025-06-10 10:19:54.000000,695.15,1412850,1353510,30,420,270
2025-06-10 10:19:55.000000,696.35,1412850,1353510,30,420,270
2025-06-10 10:19:55.000000,696.35,1412880,1353510,30,330,330
2025-06-10 10:19:56.000000,697.0,1412880,1353510,30,330,330
2025-06-10 10:19:56.000000,697.1,1412880,1353510,30,330,330
2025-06-10 10:19:57.000000,697.1,1413000,1353510,30,330,1020
2025-06-10 10:19:57.000000,697.15,1413000,1353510,30,330,1020
2025-06-10 10:19:58.000000,697.45,1413270,1353510,30,420,750
2025-06-10 10:19:58.000000,698.0,1413270,1353510,90,420,750
2025-06-10 10:19:59.000000,697.95,1413450,1353510,30,420,810
2025-06-10 10:19:59.000000,697.95,1413450,1353510,30,420,810
2025-06-10 10:20:00.000000,697.95,1413450,1353510,30,420,810
2025-06-10 10:20:00.000000,698.0,1413450,1353510,30,420,810
2025-06-10 10:20:00.000000,698.0,1413540,1353510,30,420,480
2025-06-10 10:20:01.000000,697.1,1413540,1353510,30,420,480
2025-06-10 10:20:02.000000,697.1,1413630,1353510,60,330,600
2025-06-10 10:20:02.000000,701.0,1413630,1353510,150,330,600
2025-06-10 10:20:03.000000,699.8,1421160,1353510,30,360,750
2025-06-10 10:20:03.000000,699.55,1421160,1353510,30,360,750
2025-06-10 10:20:04.000000,700.0,1422120,1353510,30,300,300
2025-06-10 10:20:04.000000,701.3,1422120,1353510,30,300,300
2025-06-10 10:20:05.000000,701.5,1422120,1353510,30,300,300
2025-06-10 10:20:05.000000,701.5,1423560,1353510,30,240,570
2025-06-10 10:20:06.000000,703.4,1423560,1353510,30,240,570
2025-06-10 10:20:07.000000,702.95,1424910,1353510,30,150,600
2025-06-10 10:20:07.000000,703.0,1424910,1353510,30,150,600
2025-06-10 10:20:08.000000,704.5,1425630,1353510,30,1110,390
2025-06-10 10:20:08.000000,702.65,1425630,1353510,30,1110,390
2025-06-10 10:20:09.000000,704.0,1427280,1353510,90,300,810
2025-06-10 10:20:09.000000,702.0,1427280,1353510,60,300,810
2025-06-10 10:20:10.000000,701.45,1427880,1353510,30,1110,300
2025-06-10 10:20:10.000000,701.45,1427880,1353510,30,1110,300
2025-06-10 10:20:11.000000,700.9,1427880,1353510,30,1110,300
2025-06-10 10:20:12.000000,701.05,1429020,1353510,30,450,450
2025-06-10 10:20:12.000000,700.0,1429020,1353510,30,450,450
2025-06-10 10:20:13.000000,700.0,1429860,1353510,150,270,1080
2025-06-10 10:20:13.000000,700.0,1429860,1353510,30,270,1080
2025-06-10 10:20:14.000000,700.0,1430730,1353510,30,360,780
2025-06-10 10:20:14.000000,701.95,1430730,1353510,30,360,780
2025-06-10 10:20:15.000000,702.05,1430820,1353510,30,180,510
2025-06-10 10:20:15.000000,702.05,1430820,1353510,30,180,510
2025-06-10 10:20:16.000000,702.2,1430820,1353510,30,180,510
2025-06-10 10:20:17.000000,702.0,1431090,1353510,30,450,1140
2025-06-10 10:20:17.000000,702.05,1431090,1353510,60,450,1140
2025-06-10 10:20:18.000000,702.0,1431810,1353510,30,360,900
2025-06-10 10:20:18.000000,701.9,1431810,1353510,30,360,900
2025-06-10 10:20:19.000000,700.0,1432320,1353510,30,540,630
2025-06-10 10:20:19.000000,702.25,1432320,1353510,30,540,630
2025-06-10 10:20:20.000000,700.15,1433670,1353510,30,360,570
2025-06-10 10:20:20.000000,700.15,1433670,1353510,30,360,570
2025-06-10 10:20:21.000000,700.55,1433670,1353510,60,360,570
2025-06-10 10:20:21.000000,700.55,1435290,1353510,60,390,1200
2025-06-10 10:20:22.000000,700.0,1435290,1353510,30,390,1200
2025-06-10 10:20:23.000000,700.0,1435470,1353510,30,270,360
2025-06-10 10:20:23.000000,699.0,1435470,1353510,30,270,360
2025-06-10 10:20:24.000000,699.0,1435530,1353510,30,270,360
2025-06-10 10:20:24.000000,698.0,1435530,1353510,30,270,360
2025-06-10 10:20:25.000000,698.6,1435980,1353510,30,330,480
2025-06-10 10:20:25.000000,698.6,1435980,1353510,30,330,480
2025-06-10 10:20:26.000000,696.55,1435980,1353510,30,330,480
2025-06-10 10:20:26.000000,696.55,1436520,1353510,30,210,420
2025-06-10 10:20:27.000000,698.75,1436520,1353510,30,210,420
2025-06-10 10:20:28.000000,698.9,1436910,1353510,30,450,270
2025-06-10 10:20:28.000000,698.9,1436910,1353510,30,450,270
2025-06-10 10:20:29.000000,700.65,1437090,1353510,120,270,450
2025-06-10 10:20:29.000000,700.65,1437090,1353510,120,270,450
2025-06-10 10:20:30.000000,700.65,1437090,1353510,120,270,450
2025-06-10 10:20:30.000000,700.85,1438200,1353510,30,270,480
2025-06-10 10:20:30.000000,699.0,1438200,1353510,30,270,480
2025-06-10 10:20:31.000000,699.95,1438410,1353510,30,420,300
2025-06-10 10:20:31.000000,699.95,1438410,1353510,30,420,300
2025-06-10 10:20:33.000000,699.95,1438410,1353510,30,240,420
2025-06-10 10:20:34.000000,699.95,1438410,1353510,30,210,1050
2025-06-10 10:20:34.000000,700.65,1438410,1353510,150,210,1050
2025-06-10 10:20:34.000000,699.25,1438410,1353510,30,210,1050
2025-06-10 10:20:35.000000,699.25,1438770,1353510,30,300,450
2025-06-10 10:20:35.000000,699.2,1438770,1353510,30,300,450
2025-06-10 10:20:36.000000,700.65,1439160,1353510,30,330,540
2025-06-10 10:20:36.000000,700.65,1439160,1353510,30,330,540
2025-06-10 10:20:37.000000,700.15,1439160,1353510,30,330,540
2025-06-10 10:20:37.000000,700.15,1439580,1353510,30,510,210
2025-06-10 10:20:38.000000,700.15,1439580,1353510,30,510,210
2025-06-10 10:20:39.000000,700.15,1439640,1353510,30,360,510
2025-06-10 10:20:39.000000,700.35,1439640,1353510,30,360,510
2025-06-10 10:20:40.000000,698.55,1440090,1353510,30,270,240
2025-06-10 10:20:40.000000,698.55,1440090,1353510,30,270,240
2025-06-10 10:20:41.000000,698.5,1440300,1353510,90,210,690
2025-06-10 10:20:41.000000,699.85,1440300,1353510,30,210,690
2025-06-10 10:20:42.000000,699.85,1440630,1353510,30,270,780
2025-06-10 10:20:42.000000,697.5,1440630,1353510,120,270,780
2025-06-10 10:20:43.000000,697.4,1440630,1353510,30,270,780
2025-06-10 10:20:43.000000,698.7,1441800,1353510,30,420,420
2025-06-10 10:20:44.000000,698.0,1441800,1353510,30,420,420
2025-06-10 10:20:45.000000,697.9,1441950,1353510,30,240,390
2025-06-10 10:20:45.000000,698.1,1441950,1353510,30,240,390
2025-06-10 10:20:46.000000,698.6,1442070,1353510,30,210,660
2025-06-10 10:20:46.000000,698.0,1442070,1353510,60,210,660
2025-06-10 10:20:47.000000,699.7,1442370,1353510,30,180,630
2025-06-10 10:20:47.000000,699.7,1442370,1353510,30,180,630
2025-06-10 10:20:48.000000,698.15,1442370,1353510,30,180,630
2025-06-10 10:20:48.000000,698.15,1442400,1353510,30,240,540
2025-06-10 10:20:49.000000,699.7,1442400,1353510,30,240,540
2025-06-10 10:20:50.000000,699.7,1442490,1353510,30,390,1020
2025-06-10 10:20:50.000000,699.95,1442490,1353510,30,390,1020
2025-06-10 10:20:51.000000,699.95,1443480,1353510,30,270,180
2025-06-10 10:20:51.000000,700.0,1443480,1353510,30,270,180
2025-06-10 10:20:52.000000,704.65,1445640,1353510,30,300,210
2025-06-10 10:20:52.000000,705.65,1445640,1353510,30,300,210
2025-06-10 10:20:53.000000,703.75,1445640,1353510,30,300,210
2025-06-10 10:20:53.000000,703.55,1445880,1353510,60,360,240
2025-06-10 10:20:54.000000,702.55,1445880,1353510,30,360,240
2025-06-10 10:20:55.000000,701.35,1446360,1353510,30,450,420
2025-06-10 10:20:55.000000,704.1,1446360,1353510,30,450,420
2025-06-10 10:20:56.000000,703.9,1446780,1353510,30,270,300
2025-06-10 10:20:56.000000,703.75,1446780,1353510,30,270,300
2025-06-10 10:20:57.000000,702.95,1446840,1353510,30,330,420
2025-06-10 10:20:57.000000,703.75,1446840,1353510,30,330,420
2025-06-10 10:20:58.000000,703.2,1447020,1353510,30,270,360
2025-06-10 10:20:58.000000,703.2,1447020,1353510,30,270,360
2025-06-10 10:20:59.000000,703.35,1447020,1353510,30,270,360
2025-06-10 10:21:00.000000,703.3,1447110,1353510,30,300,360
2025-06-10 10:21:00.000000,703.35,1447110,1353510,90,300,360
2025-06-10 10:21:01.000000,703.35,1447590,1353510,90,450,210
2025-06-10 10:21:01.000000,703.0,1447590,1353510,30,450,210
2025-06-10 10:21:02.000000,703.2,1447860,1353510,30,390,420
2025-06-10 10:21:02.000000,703.2,1447860,1353510,30,390,420
2025-06-10 10:21:03.000000,702.05,1447920,1353510,30,210,420
2025-06-10 10:21:03.000000,702.05,1447920,1353510,30,210,420
2025-06-10 10:21:04.000000,703.5,1448070,1353510,30,420,300
2025-06-10 10:21:04.000000,703.5,1448070,1353510,30,420,300
2025-06-10 10:21:05.000000,702.7,1448070,1353510,30,420,300
2025-06-10 10:21:05.000000,701.6,1448580,1353510,30,270,450
2025-06-10 10:21:06.000000,701.35,1448580,1353510,60,270,450
2025-06-10 10:21:07.000000,701.35,1448760,1353510,60,300,540
2025-06-10 10:21:07.000000,702.8,1448760,1353510,30,300,540
2025-06-10 10:21:08.000000,702.85,1448820,1353510,30,270,450
2025-06-10 10:21:08.000000,702.9,1448820,1353510,30,270,450
2025-06-10 10:21:09.000000,701.7,1448880,1353510,30,240,390
2025-06-10 10:21:09.000000,701.7,1448880,1353510,30,240,390
2025-06-10 10:21:10.000000,702.85,1448880,1353510,30,240,390
2025-06-10 10:21:10.000000,702.55,1449300,1353510,30,300,270
2025-06-10 10:21:11.000000,702.55,1449300,1353510,30,300,270
2025-06-10 10:21:12.000000,701.6,1449360,1353510,30,270,330
2025-06-10 10:21:12.000000,701.6,1449360,1353510,30,270,330
2025-06-10 10:21:13.000000,701.35,1449420,1353510,30,240,480
2025-06-10 10:21:13.000000,702.3,1449420,1353510,30,240,480
2025-06-10 10:21:14.000000,702.25,1449570,1353510,30,180,420
2025-06-10 10:21:14.000000,700.2,1449570,1353510,30,180,420
2025-06-10 10:21:15.000000,699.5,1450350,1353510,30,540,210
2025-06-10 10:21:15.000000,699.5,1450350,1353510,30,540,210
2025-06-10 10:21:16.000000,699.3,1450350,1353510,30,540,210
2025-06-10 10:21:16.000000,697.6,1450860,1353510,30,240,240
2025-06-10 10:21:17.000000,697.6,1450860,1353510,30,240,240
2025-06-10 10:21:18.000000,697.35,1451100,1353510,60,510,480
2025-06-10 10:21:18.000000,699.3,1451100,1353510,30,510,480
2025-06-10 10:21:19.000000,697.9,1451160,1353510,30,390,300
2025-06-10 10:21:19.000000,697.9,1451160,1353510,30,390,300
2025-06-10 10:21:20.000000,697.25,1451220,1353510,30,720,540
2025-06-10 10:21:20.000000,697.0,1451220,1353510,30,720,540
2025-06-10 10:21:21.000000,698.4,1451220,1353510,30,720,540
2025-06-10 10:21:21.000000,698.4,1451400,1353510,30,630,270
2025-06-10 10:21:22.000000,698.4,1451400,1353510,30,780,510
2025-06-10 10:21:23.000000,700.6,1451400,1353510,30,780,510
2025-06-10 10:21:23.000000,700.0,1451400,1353510,30,780,510
2025-06-10 10:21:24.000000,700.0,1452030,1353510,30,300,270
2025-06-10 10:21:24.000000,698.6,1452030,1353510,30,300,270
2025-06-10 10:21:25.000000,698.7,1452090,1353510,30,360,330
2025-06-10 10:21:25.000000,698.7,1452090,1353510,30,360,330
2025-06-10 10:21:26.000000,697.9,1452090,1353510,30,360,330
2025-06-10 10:21:26.000000,697.9,1452660,1353510,30,600,180
2025-06-10 10:21:27.000000,697.0,1452660,1353510,30,600,180
2025-06-10 10:21:27.000000,697.0,1452810,1353510,30,630,510
2025-06-10 10:21:28.000000,697.45,1452810,1353510,30,630,510
2025-06-10 10:21:29.000000,697.45,1453470,1353510,30,480,420
2025-06-10 10:21:29.000000,695.9,1453470,1353510,30,480,420
2025-06-10 10:21:30.000000,695.9,1453470,1353510,30,480,420
2025-06-10 10:21:30.000000,695.35,1453950,1353510,30,360,360
2025-06-10 10:21:30.000000,696.65,1453950,1353510,30,360,360
2025-06-10 10:21:31.000000,695.0,1454100,1353510,30,270,540
2025-06-10 10:21:31.000000,695.0,1454100,1353510,30,270,540
2025-06-10 10:21:32.000000,695.05,1454100,1353510,30,270,540
2025-06-10 10:21:32.000000,695.05,1454130,1353510,30,390,720
2025-06-10 10:21:33.000000,695.05,1454130,1353510,30,390,210
2025-06-10 10:21:34.000000,695.0,1454130,1353510,30,390,210
2025-06-10 10:21:35.000000,695.65,1454130,1353510,30,390,210
2025-06-10 10:21:35.000000,695.65,1454220,1353510,30,270,270
2025-06-10 10:21:36.000000,695.65,1454220,1353510,30,360,240
2025-06-10 10:21:36.000000,695.05,1454220,1353510,30,360,240
2025-06-10 10:21:36.000000,695.0,1454220,1353510,150,360,240
2025-06-10 10:21:37.000000,695.05,1454550,1353510,90,360,270
2025-06-10 10:21:37.000000,695.05,1454550,1353510,90,360,270
2025-06-10 10:21:38.000000,693.6,1454550,1353510,30,360,270
2025-06-10 10:21:38.000000,693.6,1455210,1353510,30,450,330
2025-06-10 10:21:39.000000,694.85,1455210,1353510,60,450,330
2025-06-10 10:21:40.000000,694.85,1455270,1353510,60,330,210
2025-06-10 10:21:41.000000,693.75,1455270,1348860,30,330,210
2025-06-10 10:21:41.000000,693.75,1455420,1348860,30,390,360
2025-06-10 10:21:41.000000,695.5,1455420,1348860,30,390,360
2025-06-10 10:21:42.000000,695.5,1455840,1348860,30,390,540
2025-06-10 10:21:42.000000,696.1,1455840,1348860,30,390,540
2025-06-10 10:21:43.000000,694.85,1455840,1348860,30,390,540
2025-06-10 10:21:43.000000,694.85,1455900,1348860,30,510,240
2025-06-10 10:21:44.000000,694.5,1455900,1348860,30,510,240
2025-06-10 10:21:44.000000,694.5,1456020,1348860,30,240,420
2025-06-10 10:21:45.000000,696.6,1456020,1348860,30,240,420
2025-06-10 10:21:46.000000,696.6,1456080,1348860,30,540,270
2025-06-10 10:21:46.000000,696.6,1456080,1348860,30,540,270
2025-06-10 10:21:47.000000,697.95,1456200,1348860,30,270,570
2025-06-10 10:21:47.000000,697.95,1456200,1348860,30,270,570
2025-06-10 10:21:48.000000,697.95,1456200,1348860,30,300,480
2025-06-10 10:21:49.000000,698.35,1456200,1348860,60,300,480
2025-06-10 10:21:49.000000,697.0,1456200,1348860,30,300,480
2025-06-10 10:21:49.000000,697.0,1456380,1348860,30,300,390
2025-06-10 10:21:51.000000,697.0,1456380,1348860,30,450,480
2025-06-10 10:21:51.000000,698.75,1456380,1348860,60,450,480
2025-06-10 10:21:52.000000,698.75,1456740,1348860,60,330,540
2025-06-10 10:21:52.000000,698.45,1456740,1348860,30,330,540
2025-06-10 10:21:53.000000,700.3,1457130,1348860,30,360,720
2025-06-10 10:21:53.000000,700.3,1457130,1348860,30,360,720
2025-06-10 10:21:54.000000,700.8,1457130,1348860,30,360,720
2025-06-10 10:21:54.000000,700.8,1457520,1348860,30,540,360
2025-06-10 10:21:55.000000,700.3,1457520,1348860,30,540,360
2025-06-10 10:21:56.000000,700.3,1457760,1348860,30,240,360
2025-06-10 10:21:56.000000,700.4,1457760,1348860,120,240,360
2025-06-10 10:21:57.000000,698.6,1458180,1348860,30,510,270
2025-06-10 10:21:57.000000,698.6,1458180,1348860,30,510,270
2025-06-10 10:21:58.000000,699.2,1458210,1348860,30,270,540
2025-06-10 10:21:58.000000,699.35,1458210,1348860,30,270,540
2025-06-10 10:21:59.000000,699.4,1458210,1348860,30,270,540
2025-06-10 10:21:59.000000,699.4,1458270,1348860,30,480,330
2025-06-10 10:22:00.000000,699.4,1458270,1348860,30,480,330
2025-06-10 10:22:00.000000,699.65,1458270,1348860,30,480,330
2025-06-10 10:22:00.000000,699.65,1458300,1348860,30,180,600
2025-06-10 10:22:01.000000,701.4,1458300,1348860,30,180,600
2025-06-10 10:22:02.000000,701.4,1458600,1348860,30,240,270
2025-06-10 10:22:02.000000,700.85,1458600,1348860,30,240,270
2025-06-10 10:22:03.000000,700.8,1458720,1348860,30,330,390
2025-06-10 10:22:03.000000,702.0,1458720,1348860,30,330,390
2025-06-10 10:22:04.000000,702.15,1458840,1348860,30,270,330
2025-06-10 10:22:04.000000,702.15,1458840,1348860,30,270,330
2025-06-10 10:22:05.000000,702.15,1458840,1348860,30,240,450
2025-06-10 10:22:07.000000,701.5,1458840,1348860,30,240,450
2025-06-10 10:22:07.000000,701.5,1458870,1348860,30,240,270
2025-06-10 10:22:07.000000,701.8,1458870,1348860,30,240,270
2025-06-10 10:22:08.000000,701.8,1458960,1348860,30,300,420
2025-06-10 10:22:08.000000,701.8,1458960,1348860,30,300,420
2025-06-10 10:22:09.000000,700.8,1459020,1348860,60,450,600
2025-06-10 10:22:09.000000,700.8,1459020,1348860,60,450,600
2025-06-10 10:22:10.000000,701.6,1459020,1348860,30,450,600
2025-06-10 10:22:10.000000,701.6,1459260,1348860,30,390,390
2025-06-10 10:22:11.000000,701.35,1459260,1348860,30,390,390
2025-06-10 10:22:11.000000,701.4,1459560,1348860,30,330,630
2025-06-10 10:22:12.000000,701.4,1459560,1348860,30,330,630
2025-06-10 10:22:13.000000,700.3,1459650,1348860,30,270,510
2025-06-10 10:22:13.000000,700.3,1459650,1348860,30,270,510
2025-06-10 10:22:14.000000,699.75,1463040,1348860,30,330,600
2025-06-10 10:22:14.000000,699.75,1463040,1348860,30,330,600
2025-06-10 10:22:15.000000,701.4,1463040,1348860,30,330,600
2025-06-10 10:22:15.000000,701.4,1463100,1348860,30,210,1920
2025-06-10 10:22:16.000000,701.45,1463100,1348860,30,210,1920
2025-06-10 10:22:16.000000,701.45,1464120,1348860,30,180,780
2025-06-10 10:22:17.000000,701.2,1464120,1348860,30,180,780
2025-06-10 10:22:18.000000,700.65,1464180,1348860,30,210,360
2025-06-10 10:22:18.000000,699.85,1464180,1348860,30,210,360
2025-06-10 10:22:19.000000,700.0,1464690,1348860,30,1020,570
2025-06-10 10:22:19.000000,699.95,1464690,1348860,30,1020,570
2025-06-10 10:22:20.000000,699.95,1464750,1348860,30,300,600
2025-06-10 10:22:21.000000,699.85,1464750,1348860,30,300,600
2025-06-10 10:22:22.000000,699.85,1464900,1348860,30,960,540
2025-06-10 10:22:22.000000,699.7,1464900,1348860,30,960,540
2025-06-10 10:22:23.000000,699.7,1464930,1348860,30,870,450
2025-06-10 10:22:24.000000,699.3,1464930,1348860,30,870,450
2025-06-10 10:22:24.000000,699.3,1464960,1348860,30,840,390
2025-06-10 10:22:25.000000,699.3,1464960,1348860,30,240,270
2025-06-10 10:22:25.000000,698.4,1464960,1348860,30,240,270
2025-06-10 10:22:26.000000,700.25,1464960,1348860,30,240,270
2025-06-10 10:22:26.000000,700.25,1465230,1348860,30,240,450
2025-06-10 10:22:27.000000,699.45,1465230,1348860,30,240,450
2025-06-10 10:22:28.000000,700.95,1465410,1348860,60,240,450
2025-06-10 10:22:28.000000,700.95,1465410,1348860,60,240,450
2025-06-10 10:22:29.000000,700.95,1465410,1348860,60,270,540
2025-06-10 10:22:29.000000,700.95,1465410,1348860,60,270,540
2025-06-10 10:22:30.000000,700.95,1465410,1348860,60,270,540
2025-06-10 10:22:30.000000,700.95,1465740,1348860,60,240,360
2025-06-10 10:22:31.000000,700.75,1465740,1348860,30,240,360
2025-06-10 10:22:31.000000,700.75,1465890,1348860,30,210,480
2025-06-10 10:22:31.000000,700.85,1465890,1348860,30,210,480
2025-06-10 10:22:32.000000,699.3,1465890,1348860,30,210,480
2025-06-10 10:22:33.000000,699.3,1466040,1348860,30,240,540
2025-06-10 10:22:33.000000,699.3,1466040,1348860,30,240,540
2025-06-10 10:22:34.000000,699.3,1466130,1348860,30,300,330
2025-06-10 10:22:34.000000,699.35,1466130,1348860,30,300,330
2025-06-10 10:22:35.000000,700.25,1466520,1348860,30,450,870
2025-06-10 10:22:35.000000,700.25,1466520,1348860,30,450,870
2025-06-10 10:22:36.000000,700.0,1466580,1348860,30,570,480
2025-06-10 10:22:36.000000,700.0,1466580,1348860,30,570,480
2025-06-10 10:22:37.000000,701.1,1466580,1348860,30,570,480
2025-06-10 10:22:38.000000,701.1,1466640,1348860,30,180,1290
2025-06-10 10:22:38.000000,701.3,1466640,1348860,30,180,1290
2025-06-10 10:22:39.000000,700.0,1466730,1348860,30,420,420
2025-06-10 10:22:39.000000,700.0,1466730,1348860,30,420,420
2025-06-10 10:22:40.000000,701.85,1466820,1348860,30,480,420
2025-06-10 10:22:40.000000,701.85,1466820,1348860,30,480,420
2025-06-10 10:22:41.000000,700.9,1466910,1348860,30,960,720
2025-06-10 10:22:41.000000,700.9,1466910,1348860,30,960,720
2025-06-10 10:22:42.000000,699.2,1466910,1348860,30,960,720
2025-06-10 10:22:42.000000,699.2,1467960,1348860,30,270,300
2025-06-10 10:22:44.000000,699.2,1467960,1348860,30,540,300
2025-06-10 10:22:44.000000,700.8,1467960,1348860,30,540,300
2025-06-10 10:22:45.000000,700.8,1468020,1348860,30,390,750
2025-06-10 10:22:45.000000,699.6,1468020,1348860,30,390,750
2025-06-10 10:22:46.000000,700.7,1468260,1348860,60,360,720
2025-06-10 10:22:46.000000,700.65,1468260,1348860,30,360,720
2025-06-10 10:22:47.000000,701.5,1468500,1348860,30,330,480
2025-06-10 10:22:47.000000,701.5,1468500,1348860,30,330,480
2025-06-10 10:22:48.000000,700.65,1468500,1348860,30,330,480
2025-06-10 10:22:49.000000,700.65,1468530,1348860,30,270,1110
2025-06-10 10:22:49.000000,700.65,1468530,1348860,30,270,1110
2025-06-10 10:22:50.000000,700.65,1468560,1348860,30,450,1080
2025-06-10 10:22:51.000000,700.65,1468560,1348860,30,300,840
2025-06-10 10:22:51.000000,700.9,1468560,1348860,30,300,840
2025-06-10 10:22:52.000000,700.9,1468620,1348860,30,390,1350
2025-06-10 10:22:53.000000,701.75,1468620,1348860,30,390,1350
2025-06-10 10:22:53.000000,701.75,1468920,1348860,30,360,1140
2025-06-10 10:22:55.000000,701.0,1469130,1348860,60,360,1260
2025-06-10 10:22:55.000000,701.0,1469130,1348860,60,360,1260
2025-06-10 10:22:56.000000,701.7,1469130,1348860,30,360,1260
2025-06-10 10:22:56.000000,701.7,1469280,1348860,30,330,390
2025-06-10 10:22:56.000000,700.65,1469280,1348860,30,330,390
2025-06-10 10:22:57.000000,700.65,1469400,1348860,30,300,690
2025-06-10 10:22:57.000000,700.65,1469400,1348860,30,300,690
2025-06-10 10:22:58.000000,701.25,1469400,1348860,30,300,690
2025-06-10 10:22:58.000000,701.25,1469640,1348860,30,300,1050
2025-06-10 10:22:59.000000,699.6,1469640,1348860,30,300,1050
2025-06-10 10:23:00.000000,699.9,1470000,1348860,30,300,690
2025-06-10 10:23:00.000000,699.9,1470000,1348860,30,300,690
2025-06-10 10:23:00.000000,700.0,1470000,1348860,270,300,690
2025-06-10 10:23:01.000000,700.55,1470450,1348860,30,390,630
2025-06-10 10:23:01.000000,700.7,1470450,1348860,30,390,630
2025-06-10 10:23:02.000000,698.9,1470600,1348860,30,240,540
2025-06-10 10:23:02.000000,698.9,1470600,1348860,30,240,540
2025-06-10 10:23:03.000000,700.4,1471020,1348860,30,270,420
2025-06-10 10:23:03.000000,700.4,1471020,1348860,30,270,420
2025-06-10 10:23:04.000000,698.75,1471020,1348860,30,270,420
2025-06-10 10:23:04.000000,698.75,1471050,1348860,30,510,810
2025-06-10 10:23:05.000000,697.95,1471050,1348860,60,510,810
2025-06-10 10:23:06.000000,697.95,1471680,1348860,60,510,570
2025-06-10 10:23:07.000000,697.95,1471680,1348860,30,510,570
2025-06-10 10:23:07.000000,697.95,1471710,1348860,30,510,660
2025-06-10 10:23:07.000000,697.95,1471710,1348860,30,510,660
2025-06-10 10:23:08.000000,697.45,1471950,1348860,30,450,570
2025-06-10 10:23:08.000000,697.45,1471950,1348860,30,450,570
2025-06-10 10:23:09.000000,697.45,1472040,1348860,30,540,660
2025-06-10 10:23:09.000000,697.45,1472040,1348860,30,540,660
2025-06-10 10:23:10.000000,696.6,1472040,1348860,30,540,660
2025-06-10 10:23:10.000000,695.75,1472430,1348860,30,360,690
2025-06-10 10:23:11.000000,697.35,1472430,1348860,30,360,690
2025-06-10 10:23:12.000000,696.75,1472820,1348860,30,450,300
2025-06-10 10:23:12.000000,696.75,1472820,1348860,30,450,300
2025-06-10 10:23:13.000000,697.0,1472850,1348860,30,360,780
2025-06-10 10:23:13.000000,697.0,1472850,1348860,30,360,780
2025-06-10 10:23:14.000000,697.05,1472910,1348860,30,300,570
2025-06-10 10:23:14.000000,697.05,1472910,1348860,30,300,570
2025-06-10 10:23:15.000000,698.6,1472910,1348860,30,300,570
2025-06-10 10:23:15.000000,698.6,1472940,1348860,30,270,390
2025-06-10 10:23:17.000000,698.6,1472940,1348860,30,300,300
2025-06-10 10:23:17.000000,698.0,1472940,1348860,30,300,300
2025-06-10 10:23:17.000000,698.75,1472940,1348860,30,300,300
2025-06-10 10:23:18.000000,698.75,1473090,1348860,60,390,450
2025-06-10 10:23:18.000000,698.75,1473090,1348860,60,390,450
2025-06-10 10:23:19.000000,698.75,1473180,1348860,30,270,1020
2025-06-10 10:23:19.000000,698.75,1473180,1348860,30,270,1020
2025-06-10 10:23:20.000000,698.75,1473180,1348860,30,180,660
2025-06-10 10:23:21.000000,698.75,1473180,1348860,30,180,660
2025-06-10 10:23:21.000000,699.5,1473180,1348860,30,180,660
2025-06-10 10:23:22.000000,700.0,1473360,1348860,30,330,540
2025-06-10 10:23:22.000000,698.55,1473360,1348860,30,330,540
2025-06-10 10:23:23.000000,700.0,1473480,1348860,30,300,420
2025-06-10 10:23:23.000000,700.0,1473480,1348860,30,300,420
2025-06-10 10:23:24.000000,700.0,1473480,1348860,30,270,540
2025-06-10 10:23:25.000000,699.5,1473480,1348860,60,270,540
2025-06-10 10:23:25.000000,699.5,1473870,1348860,60,300,630
2025-06-10 10:23:26.000000,697.7,1473870,1348860,30,300,630
2025-06-10 10:23:27.000000,697.7,1473900,1348860,30,270,600
2025-06-10 10:23:27.000000,697.65,1473900,1348860,30,270,600
2025-06-10 10:23:27.000000,695.7,1473900,1348860,30,270,600
2025-06-10 10:23:28.000000,695.7,1474110,1348860,30,450,510
2025-06-10 10:23:29.000000,695.7,1474110,1348860,30,270,240
2025-06-10 10:23:30.000000,695.7,1474110,1348860,30,270,240
2025-06-10 10:23:30.000000,697.15,1474110,1348860,30,270,240
2025-06-10 10:23:30.000000,697.05,1474110,1348860,30,270,240
2025-06-10 10:23:30.000000,697.05,1474170,1348860,30,150,420
2025-06-10 10:23:31.000000,696.3,1474170,1348860,30,150,420
2025-06-10 10:23:32.000000,696.3,1474200,1348860,30,450,210
2025-06-10 10:23:32.000000,697.6,1474200,1348860,30,450,210
2025-06-10 10:23:33.000000,696.45,1474290,1348860,30,240,300
2025-06-10 10:23:33.000000,695.9,1474290,1348860,30,240,300
2025-06-10 10:23:34.000000,697.15,1474770,1348860,420,270,720
2025-06-10 10:23:34.000000,697.2,1474770,1348860,30,270,720
2025-06-10 10:23:35.000000,695.6,1474770,1348860,30,270,720
2025-06-10 10:23:35.000000,695.6,1474830,1348860,30,1110,270
2025-06-10 10:23:36.000000,696.0,1474830,1348860,30,1110,270
2025-06-10 10:23:37.000000,695.05,1475160,1348860,30,1170,480
2025-06-10 10:23:37.000000,696.7,1475160,1348860,30,1170,480
2025-06-10 10:23:38.000000,696.7,1475190,1348860,30,1140,660
2025-06-10 10:23:38.000000,695.2,1475190,1348860,60,1140,660
2025-06-10 10:23:39.000000,696.0,1475730,1348860,360,930,1230
2025-06-10 10:23:39.000000,693.5,1475730,1348860,30,930,1230
2025-06-10 10:23:40.000000,693.5,1476420,1348860,30,240,690
2025-06-10 10:23:41.000000,691.55,1476420,1348860,30,240,690
2025-06-10 10:23:41.000000,691.55,1476480,1348860,30,540,540
2025-06-10 10:23:42.000000,691.0,1476480,1348860,30,540,540
2025-06-10 10:23:42.000000,690.7,1476480,1348860,30,540,540
2025-06-10 10:23:43.000000,690.7,1477080,1348860,30,1290,330
2025-06-10 10:23:43.000000,691.3,1477080,1348860,90,1290,330
2025-06-10 10:23:44.000000,690.0,1478070,1348860,30,990,870
2025-06-10 10:23:44.000000,690.0,1478070,1348860,30,990,870
2025-06-10 10:23:45.000000,690.0,1478070,1348860,30,960,1290
2025-06-10 10:23:46.000000,692.65,1478070,1348860,60,960,1290
2025-06-10 10:23:46.000000,691.6,1478070,1348860,30,960,1290
2025-06-10 10:23:46.000000,691.6,1478460,1348860,30,240,1620
2025-06-10 10:23:47.000000,691.65,1478460,1348860,30,240,1620
2025-06-10 10:23:48.000000,691.65,1478490,1348860,30,810,750
2025-06-10 10:23:49.000000,691.65,1478490,1348860,30,870,660
2025-06-10 10:23:49.000000,691.6,1478490,1348860,30,870,660
2025-06-10 10:23:49.000000,691.3,1478490,1348860,30,870,660
2025-06-10 10:23:50.000000,691.3,1478580,1348860,30,300,870
2025-06-10 10:23:51.000000,691.5,1478580,1348860,30,300,870
2025-06-10 10:23:51.000000,691.3,1478760,1348860,30,900,480
2025-06-10 10:23:52.000000,691.3,1478760,1348860,30,900,480
2025-06-10 10:23:52.000000,692.0,1478760,1348860,60,900,480
2025-06-10 10:23:53.000000,692.0,1478850,1348860,60,390,360
2025-06-10 10:23:54.000000,690.85,1478850,1348860,30,390,360
2025-06-10 10:23:54.000000,692.3,1478910,1348860,30,390,240
2025-06-10 10:23:54.000000,691.2,1478910,1348860,30,390,240
2025-06-10 10:23:55.000000,691.1,1479330,1348860,30,270,630
2025-06-10 10:23:55.000000,691.1,1479330,1348860,30,270,630
2025-06-10 10:23:56.000000,692.65,1479330,1348860,30,270,630
2025-06-10 10:23:56.000000,692.65,1479420,1348860,30,420,1350
2025-06-10 10:23:57.000000,693.5,1479420,1348860,30,420,1350
2025-06-10 10:23:58.000000,696.2,1480080,1348860,30,450,270
2025-06-10 10:23:58.000000,696.25,1480080,1348860,60,450,270
2025-06-10 10:23:59.000000,695.65,1480230,1348860,30,330,150
2025-06-10 10:23:59.000000,695.65,1480230,1348860,30,330,150
2025-06-10 10:24:00.000000,695.65,1480230,1348860,30,330,150
2025-06-10 10:24:00.000000,695.65,1480230,1348860,30,330,420
2025-06-10 10:24:01.000000,695.65,1480230,1348860,30,420,300
2025-06-10 10:24:02.000000,694.5,1480230,1348860,30,420,300
2025-06-10 10:24:02.000000,693.5,1480230,1348860,60,420,300
2025-06-10 10:24:03.000000,693.5,1480590,1348860,60,270,540
2025-06-10 10:24:03.000000,693.1,1480590,1348860,30,270,540
2025-06-10 10:24:04.000000,693.1,1480620,1348860,30,390,810
2025-06-10 10:24:04.000000,693.45,1480620,1348860,30,390,810
2025-06-10 10:24:05.000000,692.8,1480740,1348860,30,360,450
2025-06-10 10:24:05.000000,692.8,1480740,1348860,30,360,450
2025-06-10 10:24:06.000000,692.8,1480740,1348860,30,240,300
2025-06-10 10:24:07.000000,693.45,1480740,1348860,30,240,300
2025-06-10 10:24:08.000000,693.45,1480770,1348860,30,330,240
2025-06-10 10:24:08.000000,694.5,1480770,1348860,60,330,240
2025-06-10 10:24:08.000000,692.5,1480770,1348860,30,330,240
2025-06-10 10:24:09.000000,692.5,1481130,1348860,30,330,360
2025-06-10 10:24:10.000000,692.3,1481130,1348860,30,330,360
2025-06-10 10:24:10.000000,692.3,1481280,1348860,30,510,240
2025-06-10 10:24:11.000000,692.35,1481280,1348860,30,510,240
2025-06-10 10:24:11.000000,692.9,1481280,1348860,30,510,240
2025-06-10 10:24:11.000000,692.9,1481400,1348860,30,540,720
2025-06-10 10:24:12.000000,694.5,1481400,1348860,30,540,720
2025-06-10 10:24:13.000000,694.5,1481430,1348860,30,420,660
2025-06-10 10:24:14.000000,694.5,1481430,1348860,30,240,660
2025-06-10 10:24:15.000000,694.5,1481430,1348860,30,600,540
2025-06-10 10:24:16.000000,694.5,1481430,1348860,30,480,570
2025-06-10 10:24:17.000000,693.45,1481430,1348860,30,480,570
2025-06-10 10:24:18.000000,693.45,1481460,1348860,30,570,510
2025-06-10 10:24:18.000000,692.5,1481460,1348860,60,570,510
2025-06-10 10:24:19.000000,692.5,1481460,1348860,30,570,510
2025-06-10 10:24:19.000000,693.45,1482000,1348860,60,510,720
2025-06-10 10:24:19.000000,693.45,1482000,1348860,60,510,720
2025-06-10 10:24:20.000000,693.45,1482000,1348860,60,390,750
2025-06-10 10:24:20.000000,694.4,1482000,1348860,60,390,750
2025-06-10 10:24:21.000000,692.6,1482420,1348860,30,390,360
2025-06-10 10:24:21.000000,692.6,1482420,1348860,30,390,360
2025-06-10 10:24:23.000000,692.6,1482420,1348860,30,540,270
2025-06-10 10:24:24.000000,692.6,1482420,1348860,30,450,210
2025-06-10 10:24:25.000000,692.4,1482420,1348860,90,450,210
2025-06-10 10:24:25.000000,692.1,1482720,1348860,30,330,420
2025-06-10 10:24:25.000000,692.1,1482720,1348860,30,330,420
2025-06-10 10:24:26.000000,692.0,1482750,1348860,30,330,720
2025-06-10 10:24:26.000000,692.0,1482750,1348860,30,330,720
2025-06-10 10:24:27.000000,690.0,1482750,1348860,60,330,720
2025-06-10 10:24:27.000000,690.0,1483530,1348860,30,600,480
2025-06-10 10:24:28.000000,685.1,1483530,1348860,30,600,480
2025-06-10 10:24:29.000000,685.1,1484550,1348860,30,690,330
2025-06-10 10:24:29.000000,685.1,1484550,1348860,30,690,330
2025-06-10 10:24:30.000000,685.1,1484550,1348860,30,690,330
2025-06-10 10:24:30.000000,686.95,1484610,1348860,30,270,300
2025-06-10 10:24:30.000000,686.95,1484610,1348860,30,270,300
2025-06-10 10:24:31.000000,685.2,1485030,1348860,60,270,450
2025-06-10 10:24:31.000000,685.2,1485030,1348860,60,270,450
2025-06-10 10:24:32.000000,685.5,1485090,1348860,30,480,390
2025-06-10 10:24:33.000000,685.5,1485090,1348860,30,480,390
2025-06-10 10:24:33.000000,686.65,1485090,1348860,30,480,390
2025-06-10 10:24:34.000000,685.45,1485240,1348860,30,210,630
2025-06-10 10:24:34.000000,686.55,1485240,1348860,30,210,630
2025-06-10 10:24:35.000000,690.35,1485960,1348860,30,180,510
2025-06-10 10:24:35.000000,690.35,1485960,1348860,30,180,510
2025-06-10 10:24:36.000000,691.35,1486080,1348860,30,450,180
2025-06-10 10:24:36.000000,691.35,1486080,1348860,30,450,180
2025-06-10 10:24:37.000000,689.0,1486080,1348860,60,450,180
2025-06-10 10:24:38.000000,689.0,1486680,1348860,60,270,630
2025-06-10 10:24:38.000000,689.55,1486680,1348860,30,270,630
2025-06-10 10:24:39.000000,689.55,1486830,1348860,30,240,840
2025-06-10 10:24:39.000000,689.25,1486830,1348860,30,240,840
2025-06-10 10:24:40.000000,689.25,1486860,1348860,30,180,990
2025-06-10 10:24:40.000000,688.4,1486860,1350480,30,180,990
2025-06-10 10:24:41.000000,689.0,1487130,1350480,30,210,810
2025-06-10 10:24:41.000000,689.0,1487130,1350480,30,210,810
2025-06-10 10:24:42.000000,686.65,1487130,1350480,30,210,810
2025-06-10 10:24:43.000000,686.65,1487190,1350480,30,810,690
2025-06-10 10:24:43.000000,685.7,1487190,1350480,90,810,690
2025-06-10 10:24:44.000000,685.7,1487430,1350480,60,420,930
2025-06-10 10:24:44.000000,685.3,1487430,1350480,30,420,930
2025-06-10 10:24:45.000000,683.0,1488660,1350480,30,570,390
2025-06-10 10:24:45.000000,683.75,1488660,1350480,30,570,390
2025-06-10 10:24:46.000000,682.65,1489680,1350480,30,240,390
2025-06-10 10:24:46.000000,681.05,1489680,1350480,30,240,390
2025-06-10 10:24:47.000000,680.55,1489680,1350480,30,240,390
2025-06-10 10:24:48.000000,680.55,1491240,1350480,30,870,510
2025-06-10 10:24:48.000000,681.9,1491240,1350480,60,870,510
2025-06-10 10:24:49.000000,681.9,1491330,1350480,60,720,960
2025-06-10 10:24:49.000000,681.35,1491330,1350480,120,720,960
2025-06-10 10:24:50.000000,680.0,1491810,1350480,30,630,450
2025-06-10 10:24:50.000000,680.0,1491810,1350480,30,630,450
2025-06-10 10:24:51.000000,680.2,1492710,1350480,30,210,330
2025-06-10 10:24:51.000000,678.1,1492710,1350480,30,210,330
2025-06-10 10:24:52.000000,679.45,1492710,1350480,30,210,330
2025-06-10 10:24:53.000000,677.8,1493370,1350480,60,180,450
2025-06-10 10:24:53.000000,679.35,1493370,1350480,30,180,450
2025-06-10 10:24:54.000000,679.35,1493790,1350480,30,270,270
2025-06-10 10:24:54.000000,679.25,1493790,1350480,30,270,270
2025-06-10 10:24:55.000000,678.8,1494270,1350480,30,300,540
2025-06-10 10:24:55.000000,678.8,1494270,1350480,30,300,540
2025-06-10 10:24:56.000000,679.45,1494330,1350480,30,300,240
2025-06-10 10:24:56.000000,678.9,1494330,1350480,30,300,240
2025-06-10 10:24:57.000000,678.0,1494930,1350480,30,300,240
2025-06-10 10:24:57.000000,678.0,1494930,1350480,30,300,240
2025-06-10 10:24:58.000000,679.2,1494930,1350480,90,300,240
2025-06-10 10:24:59.000000,679.2,1495230,1350480,90,390,450
2025-06-10 10:24:59.000000,678.9,1495230,1350480,30,390,450
2025-06-10 10:25:00.000000,678.9,1495230,1350480,30,390,450
2025-06-10 10:25:00.000000,680.5,1495740,1350480,30,360,840
2025-06-10 10:25:00.000000,678.6,1495740,1350480,30,360,840
2025-06-10 10:25:01.000000,678.9,1495860,1350480,30,210,330
2025-06-10 10:25:01.000000,678.9,1495860,1350480,30,210,330
2025-06-10 10:25:02.000000,679.9,1495920,1350480,30,210,750
2025-06-10 10:25:02.000000,679.9,1495920,1350480,30,210,750
2025-06-10 10:25:03.000000,678.5,1495920,1350480,30,210,750
2025-06-10 10:25:04.000000,678.5,1495950,1350480,30,330,600
2025-06-10 10:25:04.000000,679.3,1495950,1350480,30,330,600
2025-06-10 10:25:05.000000,679.3,1495980,1350480,30,240,210
2025-06-10 10:25:05.000000,679.3,1495980,1350480,30,240,210
2025-06-10 10:25:06.000000,679.3,1496070,1350480,30,540,270
2025-06-10 10:25:06.000000,680.0,1496070,1350480,30,540,270
2025-06-10 10:25:07.000000,677.15,1497150,1350480,60,240,510
2025-06-10 10:25:07.000000,677.15,1497150,1350480,60,240,510
2025-06-10 10:25:08.000000,678.4,1497150,1350480,30,240,510
2025-06-10 10:25:09.000000,678.4,1497360,1350480,30,420,510
2025-06-10 10:25:09.000000,677.0,1497360,1350480,30,420,510
2025-06-10 10:25:10.000000,677.0,1497630,1350480,30,900,330
2025-06-10 10:25:10.000000,677.1,1497630,1350480,30,900,330
2025-06-10 10:25:11.000000,677.1,1497690,1350480,30,300,360
2025-06-10 10:25:11.000000,676.2,1497690,1350480,30,300,360
2025-06-10 10:25:12.000000,673.4,1498770,1350480,30,360,180
2025-06-10 10:25:12.000000,673.4,1498770,1350480,30,360,180
2025-06-10 10:25:13.000000,672.1,1498770,1350480,30,360,180
2025-06-10 10:25:14.000000,672.1,1499580,1350480,30,450,390
2025-06-10 10:25:14.000000,674.25,1499580,1350480,30,450,390
2025-06-10 10:25:15.000000,674.05,1500210,1350480,30,570,420
2025-06-10 10:25:15.000000,674.4,1500210,1350480,30,570,420
2025-06-10 10:25:16.000000,675.05,1500570,1350480,30,390,390
2025-06-10 10:25:16.000000,676.0,1500570,1350480,90,390,390
2025-06-10 10:25:17.000000,676.3,1500780,1350480,30,330,240
2025-06-10 10:25:17.000000,676.3,1500780,1350480,30,330,240
2025-06-10 10:25:18.000000,677.2,1500780,1350480,30,330,240
2025-06-10 10:25:19.000000,677.2,1501020,1350480,30,540,240
2025-06-10 10:25:19.000000,678.1,1501020,1350480,30,540,240
2025-06-10 10:25:20.000000,678.3,1501200,1350480,30,270,180
2025-06-10 10:25:20.000000,680.0,1501200,1350480,30,270,180
2025-06-10 10:25:21.000000,679.85,1501590,1350480,30,510,360
2025-06-10 10:25:21.000000,679.7,1501590,1350480,90,510,360
2025-06-10 10:25:22.000000,680.65,1502070,1350480,30,270,420
2025-06-10 10:25:22.000000,679.6,1502070,1350480,30,270,420
2025-06-10 10:25:23.000000,680.15,1502070,1350480,30,270,420
2025-06-10 10:25:23.000000,680.15,1502220,1350480,30,210,390
2025-06-10 10:25:24.000000,681.4,1502220,1350480,30,210,390
2025-06-10 10:25:25.000000,681.4,1502250,1350480,30,300,300
2025-06-10 10:25:25.000000,679.6,1502250,1350480,30,300,300
2025-06-10 10:25:26.000000,680.0,1502490,1350480,60,390,360
2025-06-10 10:25:26.000000,680.0,1502490,1350480,30,390,360
2025-06-10 10:25:27.000000,678.85,1502760,1350480,30,180,360
2025-06-10 10:25:27.000000,678.85,1502760,1350480,30,180,360
2025-06-10 10:25:28.000000,677.0,1502760,1350480,30,180,360
2025-06-10 10:25:28.000000,677.0,1503180,1350480,30,210,630
2025-06-10 10:25:29.000000,677.35,1503180,1350480,30,210,630
2025-06-10 10:25:30.000000,677.35,1503210,1350480,30,480,780
2025-06-10 10:25:30.000000,677.35,1503210,1350480,30,480,780
2025-06-10 10:25:30.000000,678.7,1503210,1350480,120,480,780
2025-06-10 10:25:31.000000,678.7,1503330,1350480,120,240,570
2025-06-10 10:25:32.000000,679.9,1503330,1350480,30,240,570
2025-06-10 10:25:32.000000,679.9,1503390,1350480,30,300,900
2025-06-10 10:25:32.000000,679.9,1503390,1350480,30,300,900
2025-06-10 10:25:33.000000,678.75,1503390,1350480,30,300,900
2025-06-10 10:25:33.000000,678.75,1503450,1350480,30,270,240
2025-06-10 10:25:34.000000,678.6,1503450,1350480,30,270,240
2025-06-10 10:25:35.000000,678.6,1503900,1350480,30,390,420
2025-06-10 10:25:35.000000,679.45,1503900,1350480,30,390,420
2025-06-10 10:25:36.000000,678.7,1503990,1350480,30,420,660
2025-06-10 10:25:36.000000,678.15,1503990,1350480,30,420,660
2025-06-10 10:25:37.000000,678.15,1504050,1350480,30,540,780
2025-06-10 10:25:37.000000,677.3,1504050,1350480,30,540,780
2025-06-10 10:25:38.000000,676.95,1504920,1350480,30,300,660
2025-06-10 10:25:38.000000,676.95,1504920,1350480,30,300,660
2025-06-10 10:25:39.000000,676.95,1504920,1350480,30,300,1350
2025-06-10 10:25:40.000000,676.4,1504920,1350480,30,300,1350
2025-06-10 10:25:41.000000,676.4,1505490,1350480,30,240,420
2025-06-10 10:25:41.000000,675.9,1505490,1350480,30,240,420
2025-06-10 10:25:42.000000,677.2,1505970,1350480,30,300,930
2025-06-10 10:25:42.000000,677.2,1505970,1350480,30,300,930
2025-06-10 10:25:43.000000,677.45,1506030,1350480,30,330,870
2025-06-10 10:25:43.000000,677.45,1506030,1350480,30,330,870
2025-06-10 10:25:44.000000,678.8,1506480,1350480,30,420,540
2025-06-10 10:25:44.000000,678.8,1506480,1350480,30,420,540
2025-06-10 10:25:45.000000,677.55,1506480,1350480,30,420,540
2025-06-10 10:25:46.000000,679.35,1507500,1350480,30,270,420
2025-06-10 10:25:46.000000,678.75,1507500,1350480,30,270,420
2025-06-10 10:25:47.000000,677.4,1507590,1350480,30,240,300
2025-06-10 10:25:47.000000,678.65,1507590,1350480,30,240,300
2025-06-10 10:25:48.000000,678.65,1507620,1350480,30,330,570
2025-06-10 10:25:49.000000,678.1,1507620,1350480,30,330,570
2025-06-10 10:25:49.000000,678.05,1507710,1350480,30,330,660
2025-06-10 10:25:49.000000,678.05,1507710,1350480,30,330,660
2025-06-10 10:25:50.000000,677.3,1507710,1350480,30,330,660
2025-06-10 10:25:50.000000,677.3,1507770,1350480,30,300,780
2025-06-10 10:25:52.000000,677.3,1507770,1350480,30,270,870
2025-06-10 10:25:52.000000,677.7,1507770,1350480,30,270,870
2025-06-10 10:25:52.000000,677.25,1507770,1350480,60,270,870
2025-06-10 10:25:53.000000,677.25,1507890,1350480,60,240,990
2025-06-10 10:25:54.000000,677.25,1507890,1350480,30,240,990
2025-06-10 10:25:54.000000,678.75,1507950,1350480,30,300,840
2025-06-10 10:25:54.000000,678.75,1507950,1350480,30,300,840
2025-06-10 10:25:55.000000,683.2,1509450,1350480,30,300,1050
2025-06-10 10:25:56.000000,683.25,1509450,1350480,30,300,1050
2025-06-10 10:25:56.000000,683.55,1509450,1350480,30,300,1050
2025-06-10 10:25:57.000000,683.6,1509720,1350480,30,390,900
2025-06-10 10:25:57.000000,683.6,1509720,1350480,30,390,900
2025-06-10 10:25:58.000000,683.1,1510080,1350480,90,450,360
2025-06-10 10:25:58.000000,682.9,1510080,1350480,30,450,360
2025-06-10 10:25:59.000000,682.9,1510110,1350480,30,450,810
2025-06-10 10:25:59.000000,681.6,1510110,1350480,30,450,810
2025-06-10 10:26:00.000000,681.6,1510110,1350480,30,450,810
2025-06-10 10:26:00.000000,681.0,1510110,1350480,120,450,810
2025-06-10 10:26:00.000000,681.0,1510290,1350480,120,360,750
2025-06-10 10:26:02.000000,681.0,1510290,1350480,120,300,240
2025-06-10 10:26:03.000000,683.45,1510290,1350480,30,300,240
2025-06-10 10:26:03.000000,683.45,1510320,1350480,30,270,600
2025-06-10 10:26:04.000000,683.45,1510320,1350480,30,240,750
2025-06-10 10:26:05.000000,685.0,1510320,1350480,30,240,750
2025-06-10 10:26:05.000000,683.95,1510320,1350480,30,240,750
2025-06-10 10:26:05.000000,683.95,1510650,1350480,30,450,720
2025-06-10 10:26:06.000000,684.9,1510650,1350480,30,450,720
2025-06-10 10:26:07.000000,684.9,1510770,1350480,30,390,630
2025-06-10 10:26:08.000000,684.9,1510770,1350480,30,510,300
2025-06-10 10:26:08.000000,683.9,1510770,1350480,30,510,300
2025-06-10 10:26:09.000000,683.9,1510890,1350480,30,390,570
2025-06-10 10:26:10.000000,683.9,1510890,1350480,30,660,360
2025-06-10 10:26:11.000000,683.45,1510890,1350480,60,660,360
2025-06-10 10:26:11.000000,684.1,1510890,1350480,30,660,360
2025-06-10 10:26:12.000000,684.0,1511400,1350480,30,270,660
2025-06-10 10:26:12.000000,684.3,1511400,1350480,60,270,660
2025-06-10 10:26:13.000000,684.3,1511490,1350480,60,270,480
2025-06-10 10:26:14.000000,684.3,1511490,1350480,60,450,570
2025-06-10 10:26:15.000000,684.95,1511490,1350480,30,450,570
2025-06-10 10:26:15.000000,683.75,1511550,1350480,30,420,480
2025-06-10 10:26:15.000000,683.75,1511550,1350480,30,420,480
2025-06-10 10:26:16.000000,685.5,1511550,1350480,30,420,480
2025-06-10 10:26:16.000000,685.45,1511730,1350480,30,420,420
2025-06-10 10:26:17.000000,684.1,1511730,1350480,30,420,420
2025-06-10 10:26:18.000000,684.0,1512030,1350480,30,210,330
2025-06-10 10:26:18.000000,683.0,1512030,1350480,30,210,330
2025-06-10 10:26:19.000000,681.95,1512390,1350480,30,300,300
2025-06-10 10:26:19.000000,681.85,1512390,1350480,30,300,300
2025-06-10 10:26:20.000000,682.2,1512570,1350480,30,450,210
2025-06-10 10:26:20.000000,682.0,1512570,1350480,30,450,210
2025-06-10 10:26:21.000000,682.5,1512570,1350480,30,450,210
2025-06-10 10:26:21.000000,682.5,1512780,1350480,30,330,540
2025-06-10 10:26:22.000000,682.0,1512780,1350480,30,330,540
2025-06-10 10:26:23.000000,682.0,1512960,1350480,30,240,480
2025-06-10 10:26:24.000000,683.45,1512960,1350480,30,240,480
2025-06-10 10:26:24.000000,683.4,1513080,1350480,30,300,420
2025-06-10 10:26:24.000000,683.45,1513080,1350480,30,300,420
2025-06-10 10:26:25.000000,683.8,1513170,1350480,30,330,420
2025-06-10 10:26:25.000000,682.0,1513170,1350480,30,330,420
2025-06-10 10:26:26.000000,683.35,1513170,1350480,60,330,420
2025-06-10 10:26:26.000000,683.35,1513290,1350480,60,210,300
2025-06-10 10:26:27.000000,683.85,1513290,1350480,30,210,300
2025-06-10 10:26:28.000000,682.2,1513680,1350480,30,330,330
2025-06-10 10:26:28.000000,682.1,1513680,1350480,30,330,330
2025-06-10 10:26:29.000000,682.1,1513740,1350480,30,420,300
2025-06-10 10:26:30.000000,682.1,1513740,1350480,30,420,300
2025-06-10 10:26:30.000000,682.0,1513770,1350480,30,330,240
2025-06-10 10:26:30.000000,682.0,1513770,1350480,30,330,240
2025-06-10 10:26:31.000000,681.85,1513770,1350480,30,330,240
2025-06-10 10:26:31.000000,681.85,1513890,1350480,30,300,630
2025-06-10 10:26:32.000000,680.75,1513890,1350480,30,300,630
2025-06-10 10:26:33.000000,679.9,1514070,1350480,30,330,240
2025-06-10 10:26:33.000000,681.15,1514070,1350480,30,330,240
2025-06-10 10:26:34.000000,681.15,1514100,1350480,30,240,300
2025-06-10 10:26:34.000000,681.7,1514100,1350480,30,240,300
2025-06-10 10:26:35.000000,681.7,1514160,1350480,30,240,810
2025-06-10 10:26:35.000000,681.7,1514160,1350480,30,240,810
2025-06-10 10:26:36.000000,681.7,1514190,1350480,30,270,420
2025-06-10 10:26:38.000000,681.7,1514190,1350480,30,420,240
2025-06-10 10:26:38.000000,679.15,1514190,1350480,30,420,240
2025-06-10 10:26:39.000000,679.15,1514220,1350480,30,300,210
2025-06-10 10:26:39.000000,680.95,1514220,1350480,30,300,210
2025-06-10 10:26:40.000000,679.65,1514280,1350480,30,330,720
2025-06-10 10:26:40.000000,679.65,1514280,1350480,30,330,720
2025-06-10 10:26:41.000000,681.6,1514280,1350480,30,330,720
2025-06-10 10:26:41.000000,681.6,1514460,1350480,30,390,600
2025-06-10 10:26:43.000000,681.0,1514460,1350480,300,390,600
2025-06-10 10:26:43.000000,681.0,1514760,1350480,300,630,300
2025-06-10 10:26:43.000000,682.65,1514760,1350480,30,630,300
2025-06-10 10:26:44.000000,680.6,1515270,1350480,30,300,240
2025-06-10 10:26:44.000000,680.6,1515270,1350480,30,300,240
2025-06-10 10:26:45.000000,680.7,1515300,1350480,30,210,240
2025-06-10 10:26:45.000000,680.7,1515300,1350480,30,210,240
2025-06-10 10:26:46.000000,681.6,1515300,1350480,30,210,240
2025-06-10 10:26:46.000000,681.6,1515570,1350480,30,360,300
2025-06-10 10:26:47.000000,682.4,1515570,1350480,30,360,300
2025-06-10 10:26:48.000000,681.6,1515840,1350480,30,270,300
2025-06-10 10:26:48.000000,682.65,1515840,1350480,30,270,300
2025-06-10 10:26:49.000000,682.95,1516080,1350480,30,210,960
2025-06-10 10:26:49.000000,683.15,1516080,1350480,30,210,960
2025-06-10 10:26:50.000000,683.15,1516260,1350480,30,240,420
2025-06-10 10:26:51.000000,682.95,1516260,1350480,30,240,420
2025-06-10 10:26:51.000000,682.95,1516290,1350480,30,150,480
2025-06-10 10:26:52.000000,683.0,1516290,1350480,30,150,480
2025-06-10 10:26:52.000000,681.3,1516290,1350480,30,150,480
2025-06-10 10:26:52.000000,682.75,1516560,1350480,30,240,360
2025-06-10 10:26:53.000000,682.65,1516560,1350480,30,240,360
2025-06-10 10:26:54.000000,682.65,1516590,1350480,30,180,300
2025-06-10 10:26:54.000000,682.8,1516590,1350480,30,180,300
2025-06-10 10:26:55.000000,682.8,1516620,1350480,30,240,270
2025-06-10 10:26:56.000000,682.8,1516620,1350480,30,300,360
2025-06-10 10:26:57.000000,682.8,1516620,1350480,30,450,240
2025-06-10 10:26:59.000000,683.5,1516650,1350480,30,300,840
2025-06-10 10:26:59.000000,683.5,1516650,1350480,30,300,840
2025-06-10 10:26:59.000000,683.3,1516650,1350480,30,300,840
2025-06-10 10:27:00.000000,683.3,1516650,1350480,30,300,840
2025-06-10 10:27:00.000000,683.3,1516680,1350480,30,390,510
2025-06-10 10:27:00.000000,684.0,1516680,1350480,60,390,510
2025-06-10 10:27:01.000000,684.0,1516740,1350480,60,270,360
2025-06-10 10:27:02.000000,684.0,1516740,1350480,60,360,390
2025-06-10 10:27:04.000000,684.0,1516740,1350480,60,360,390
2025-06-10 10:27:05.000000,684.0,1516740,1350480,60,540,390
2025-06-10 10:27:05.000000,684.0,1516740,1350480,60,540,390
2025-06-10 10:27:06.000000,685.0,1517040,1350480,30,330,540
2025-06-10 10:27:06.000000,685.0,1517040,1350480,30,330,540
2025-06-10 10:27:07.000000,684.75,1517070,1350480,30,330,390
2025-06-10 10:27:07.000000,684.75,1517070,1350480,30,330,390
2025-06-10 10:27:09.000000,684.75,1517070,1350480,30,330,450
2025-06-10 10:27:10.000000,683.75,1517070,1350480,30,330,450
2025-06-10 10:27:10.000000,683.75,1517100,1350480,30,360,270
2025-06-10 10:27:10.000000,682.75,1517100,1350480,60,360,270
2025-06-10 10:27:11.000000,682.75,1517280,1350480,60,450,270
2025-06-10 10:27:11.000000,681.75,1517280,1350480,30,450,270
2025-06-10 10:27:12.000000,680.65,1517340,1350480,30,330,300
2025-06-10 10:27:12.000000,680.6,1517340,1350480,30,330,300
2025-06-10 10:27:13.000000,680.05,1517340,1350480,30,330,300
2025-06-10 10:27:14.000000,680.0,1517580,1350480,30,180,690
2025-06-10 10:27:14.000000,680.0,1517580,1350480,30,180,690
2025-06-10 10:27:15.000000,680.0,1517580,1350480,30,330,210
2025-06-10 10:27:16.000000,680.1,1517580,1350480,30,330,210
2025-06-10 10:27:16.000000,681.45,1517670,1350480,30,420,300
2025-06-10 10:27:16.000000,681.45,1517670,1350480,30,420,300
2025-06-10 10:27:17.000000,681.45,1517670,1350480,30,240,360
2025-06-10 10:27:19.000000,681.45,1517670,1350480,30,330,270
2025-06-10 10:27:20.000000,681.45,1517670,1350480,30,270,180
2025-06-10 10:27:21.000000,680.15,1517670,1350480,30,270,180
2025-06-10 10:27:21.000000,680.15,1517730,1350480,30,510,330
2025-06-10 10:27:21.000000,680.15,1517730,1350480,30,510,330
2025-06-10 10:27:22.000000,680.15,1517730,1350480,30,420,270
2025-06-10 10:27:23.000000,681.0,1517730,1350480,30,420,270
2025-06-10 10:27:24.000000,681.0,1517850,1350480,30,390,300
2025-06-10 10:27:25.000000,681.0,1517850,1350480,30,360,450
2025-06-10 10:27:25.000000,680.0,1517850,1350480,30,360,450
2025-06-10 10:27:26.000000,680.0,1517910,1350480,30,180,420
2025-06-10 10:27:27.000000,679.6,1517910,1350480,30,180,420
2025-06-10 10:27:27.000000,679.6,1517940,1350480,30,420,420
2025-06-10 10:27:27.000000,677.8,1517940,1350480,30,420,420
2025-06-10 10:27:29.000000,677.8,1518330,1350480,30,360,330
2025-06-10 10:27:30.000000,677.8,1518330,1350480,30,360,330
2025-06-10 10:27:30.000000,678.55,1518330,1350480,30,360,330
2025-06-10 10:27:30.000000,678.55,1518360,1350480,30,300,420
2025-06-10 10:27:30.000000,680.0,1518360,1350480,30,300,420
2025-06-10 10:27:31.000000,681.7,1518450,1350480,30,300,300
2025-06-10 10:27:31.000000,680.2,1518450,1350480,30,300,300
2025-06-10 10:27:32.000000,680.95,1518600,1350480,30,300,390
2025-06-10 10:27:32.000000,680.95,1518600,1350480,30,300,390
2025-06-10 10:27:33.000000,679.95,1518660,1350480,60,450,510
2025-06-10 10:27:33.000000,679.7,1518660,1350480,30,450,510
2025-06-10 10:27:34.000000,681.75,1518660,1350480,30,450,510
2025-06-10 10:27:35.000000,681.75,1519200,1350480,30,450,300
2025-06-10 10:27:36.000000,681.75,1519200,1350480,30,390,300
2025-06-10 10:27:36.000000,680.5,1519200,1350480,60,390,300
2025-06-10 10:27:37.000000,680.5,1519320,1350480,30,390,180
2025-06-10 10:27:37.000000,680.5,1519320,1350480,30,390,180
2025-06-10 10:27:38.000000,673.8,1520010,1350480,30,390,330
2025-06-10 10:27:38.000000,673.8,1520010,1350480,30,390,330
2025-06-10 10:27:40.000000,673.8,1520010,1350480,30,240,180
2025-06-10 10:27:40.000000,672.2,1520010,1350480,30,240,180
2025-06-10 10:27:41.000000,671.35,1520010,1350480,30,240,180
2025-06-10 10:27:41.000000,671.15,1521060,1350480,210,1230,180
2025-06-10 10:27:41.000000,672.8,1521060,1348260,60,1230,180
2025-06-10 10:27:42.000000,672.1,1522080,1348260,30,570,270
2025-06-10 10:27:42.000000,673.15,1522080,1348260,30,570,270
2025-06-10 10:27:43.000000,673.15,1522170,1348260,30,390,780
2025-06-10 10:27:44.000000,672.25,1522170,1348260,30,390,780
2025-06-10 10:27:44.000000,672.45,1522170,1348260,30,390,780
2025-06-10 10:27:45.000000,672.45,1522380,1348260,30,570,450
2025-06-10 10:27:45.000000,673.2,1522380,1348260,30,570,450
2025-06-10 10:27:46.000000,673.2,1522470,1348260,30,600,300
2025-06-10 10:27:46.000000,669.0,1522470,1348260,30,600,300
2025-06-10 10:27:47.000000,667.0,1525620,1348260,30,930,630
2025-06-10 10:27:47.000000,664.9,1525620,1348260,30,930,630
2025-06-10 10:27:48.000000,665.75,1527510,1348260,30,210,390
2025-06-10 10:27:48.000000,666.0,1527510,1348260,30,210,390
2025-06-10 10:27:49.000000,667.75,1527510,1348260,30,210,390
2025-06-10 10:27:50.000000,665.75,1527750,1348260,30,300,360
2025-06-10 10:27:50.000000,666.25,1527750,1348260,30,300,360
2025-06-10 10:27:51.000000,667.65,1528560,1348260,30,210,450
2025-06-10 10:27:51.000000,666.4,1528560,1348260,30,210,450
2025-06-10 10:27:52.000000,666.35,1529220,1348260,30,330,540
2025-06-10 10:27:52.000000,668.05,1529220,1348260,30,330,540
2025-06-10 10:27:53.000000,668.85,1529640,1348260,30,240,480
2025-06-10 10:27:53.000000,668.85,1529640,1348260,30,240,480
2025-06-10 10:27:54.000000,670.0,1529640,1348260,150,240,480
2025-06-10 10:27:55.000000,670.0,1530090,1348260,150,210,450
2025-06-10 10:27:55.000000,670.7,1530090,1348260,30,210,450
2025-06-10 10:27:56.000000,672.4,1530960,1348260,90,270,360
2025-06-10 10:27:56.000000,670.6,1530960,1348260,60,270,360
2025-06-10 10:27:57.000000,670.6,1531110,1348260,60,390,390
2025-06-10 10:27:58.000000,670.65,1531110,1348260,30,390,390
2025-06-10 10:27:58.000000,670.65,1531140,1348260,30,360,330
2025-06-10 10:27:59.000000,669.15,1531140,1348260,30,360,330
2025-06-10 10:28:00.000000,669.15,1531770,1348260,30,270,240
2025-06-10 10:28:00.000000,669.15,1531770,1348260,30,270,240
2025-06-10 10:28:00.000000,670.95,1531770,1348260,30,270,240
2025-06-10 10:28:01.000000,670.9,1531950,1348260,30,330,300
2025-06-10 10:28:01.000000,669.2,1531950,1348260,30,330,300
2025-06-10 10:28:02.000000,669.35,1532040,1348260,30,180,360
2025-06-10 10:28:02.000000,669.7,1532040,1348260,30,180,360
2025-06-10 10:28:03.000000,670.75,1532340,1348260,30,240,480
2025-06-10 10:28:03.000000,670.75,1532340,1348260,30,240,480
2025-06-10 10:28:04.000000,670.7,1532700,1348260,30,240,660
2025-06-10 10:28:04.000000,670.7,1532700,1348260,30,240,660
2025-06-10 10:28:05.000000,669.1,1532700,1348260,30,240,660
2025-06-10 10:28:06.000000,670.65,1533180,1348260,30,210,630
2025-06-10 10:28:06.000000,671.6,1533180,1348260,30,210,630
2025-06-10 10:28:07.000000,672.0,1533480,1348260,30,270,480
2025-06-10 10:28:07.000000,672.55,1533480,1348260,30,270,480
2025-06-10 10:28:08.000000,672.55,1533690,1348260,30,210,540
2025-06-10 10:28:09.000000,672.0,1533690,1348260,30,210,540
2025-06-10 10:28:09.000000,672.0,1533720,1348260,30,450,360
2025-06-10 10:28:10.000000,672.45,1533720,1348260,30,450,360
2025-06-10 10:28:10.000000,671.45,1533720,1348260,30,450,360
2025-06-10 10:28:11.000000,671.45,1533840,1348260,30,270,360
2025-06-10 10:28:11.000000,671.15,1533840,1348260,30,270,360
2025-06-10 10:28:12.000000,673.0,1533960,1348260,30,180,390
2025-06-10 10:28:12.000000,672.15,1533960,1348260,30,180,390
2025-06-10 10:28:13.000000,672.25,1534170,1348260,30,360,360
2025-06-10 10:28:13.000000,671.55,1534170,1348260,30,360,360
2025-06-10 10:28:14.000000,671.55,1534350,1348260,30,510,240
2025-06-10 10:28:15.000000,670.15,1534350,1348260,30,510,240
2025-06-10 10:28:16.000000,670.0,1534560,1348260,30,330,210
2025-06-10 10:28:16.000000,670.0,1534560,1348260,30,330,210
2025-06-10 10:28:16.000000,668.0,1534560,1348260,30,330,210
2025-06-10 10:28:17.000000,667.85,1534710,1348260,30,300,330
2025-06-10 10:28:17.000000,668.8,1534710,1348260,30,300,330
2025-06-10 10:28:18.000000,668.8,1534770,1348260,30,330,420
2025-06-10 10:28:18.000000,669.15,1534770,1348260,30,330,420
2025-06-10 10:28:19.000000,670.4,1534830,1348260,30,300,450
2025-06-10 10:28:19.000000,670.4,1534830,1348260,30,300,450
2025-06-10 10:28:20.000000,670.0,1534830,1348260,30,300,450
2025-06-10 10:28:21.000000,670.0,1535130,1348260,30,210,450
2025-06-10 10:28:22.000000,669.65,1535130,1348260,30,210,450
2025-06-10 10:28:22.000000,669.5,1535280,1348260,30,180,210
2025-06-10 10:28:22.000000,669.8,1535280,1348260,30,180,210
2025-06-10 10:28:23.000000,669.65,1535700,1348260,30,420,510
2025-06-10 10:28:23.000000,669.85,1535700,1348260,30,420,510
2025-06-10 10:28:24.000000,670.3,1536030,1348260,30,330,450
2025-06-10 10:28:24.000000,670.3,1536030,1348260,30,330,450
2025-06-10 10:28:25.000000,670.4,1536120,1348260,60,330,270
2025-06-10 10:28:25.000000,670.4,1536120,1348260,60,330,270
2025-06-10 10:28:26.000000,671.0,1536120,1348260,30,330,270
2025-06-10 10:28:27.000000,671.0,1536510,1348260,30,240,570
2025-06-10 10:28:28.000000,671.3,1536540,1348260,30,240,510
2025-06-10 10:28:28.000000,671.3,1536540,1348260,30,240,510
2025-06-10 10:28:28.000000,669.4,1536540,1348260,30,240,510
2025-06-10 10:28:29.000000,669.4,1536840,1348260,30,270,330
2025-06-10 10:28:29.000000,669.0,1536840,1348260,30,270,330
2025-06-10 10:28:30.000000,669.0,1536840,1348260,30,270,330
2025-06-10 10:28:30.000000,671.1,1536960,1348260,60,270,300
2025-06-10 10:28:30.000000,671.1,1536960,1348260,60,270,300
2025-06-10 10:28:31.000000,671.1,1536960,1348260,60,330,540
2025-06-10 10:28:33.000000,669.65,1536990,1348260,30,300,510
2025-06-10 10:28:33.000000,669.65,1536990,1348260,30,300,510
2025-06-10 10:28:34.000000,669.65,1536990,1348260,30,270,540
2025-06-10 10:28:34.000000,671.0,1536990,1348260,30,270,540
2025-06-10 10:28:35.000000,671.2,1537200,1348260,30,270,420
2025-06-10 10:28:35.000000,671.2,1537200,1348260,30,270,420
2025-06-10 10:28:36.000000,669.9,1537290,1348260,30,210,240
2025-06-10 10:28:36.000000,669.9,1537290,1348260,30,210,240
2025-06-10 10:28:38.000000,670.8,1537350,1348260,30,180,360
2025-06-10 10:28:38.000000,670.8,1537350,1348260,30,180,360
2025-06-10 10:28:39.000000,669.75,1537380,1348260,30,300,390
2025-06-10 10:28:39.000000,669.15,1537380,1348260,30,300,390
2025-06-10 10:28:40.000000,667.8,1537530,1348260,30,210,420
2025-06-10 10:28:40.000000,667.8,1537530,1348260,30,210,420
2025-06-10 10:28:41.000000,667.8,1537530,1348260,30,480,360
2025-06-10 10:28:42.000000,669.75,1537530,1348260,30,480,360
2025-06-10 10:28:43.000000,669.75,1537560,1348260,30,330,720
2025-06-10 10:28:43.000000,670.0,1537560,1348260,30,330,720
2025-06-10 10:28:43.000000,669.1,1537560,1348260,30,330,720
2025-06-10 10:28:44.000000,669.1,1537770,1348260,30,270,450
2025-06-10 10:28:44.000000,672.55,1537770,1348260,30,270,450
2025-06-10 10:28:45.000000,672.55,1537950,1348260,30,180,600
2025-06-10 10:28:46.000000,672.55,1537950,1348260,30,210,600
2025-06-10 10:28:48.000000,672.55,1537950,1348260,30,180,450
2025-06-10 10:28:49.000000,672.55,1537950,1348260,30,150,570
2025-06-10 10:28:50.000000,672.55,1537950,1348260,30,180,480
2025-06-10 10:28:51.000000,672.55,1537950,1348260,30,180,510
2025-06-10 10:28:51.000000,670.95,1537950,1348260,30,180,510
2025-06-10 10:28:52.000000,670.3,1537950,1348260,30,180,510
2025-06-10 10:28:53.000000,670.3,1538040,1348260,30,270,390
2025-06-10 10:28:53.000000,672.0,1538040,1348260,60,270,390
2025-06-10 10:28:54.000000,672.0,1538130,1348260,60,240,1020
2025-06-10 10:28:54.000000,672.0,1538130,1348260,30,240,1020
2025-06-10 10:28:55.000000,672.0,1538370,1348260,30,330,870
2025-06-10 10:28:55.000000,673.0,1538370,1348260,270,330,870
2025-06-10 10:28:56.000000,672.85,1538940,1348260,30,720,690
2025-06-10 10:28:56.000000,672.85,1538940,1348260,30,720,690
2025-06-10 10:28:57.000000,672.0,1538940,1348260,30,720,690
2025-06-10 10:28:58.000000,672.0,1539030,1348260,30,240,300
2025-06-10 10:28:59.000000,672.0,1539030,1348260,30,180,360
2025-06-10 10:28:59.000000,669.1,1539030,1348260,90,180,360
2025-06-10 10:29:00.000000,669.1,1539030,1348260,90,180,360
2025-06-10 10:29:00.000000,669.1,1539960,1348260,90,390,300
2025-06-10 10:29:01.000000,671.5,1539960,1348260,30,390,300
2025-06-10 10:29:01.000000,671.5,1540020,1348260,30,180,600
2025-06-10 10:29:02.000000,672.3,1540020,1348260,30,180,600
2025-06-10 10:29:03.000000,672.3,1540050,1348260,30,210,330
2025-06-10 10:29:04.000000,672.3,1540050,1348260,30,330,480
2025-06-10 10:29:05.000000,672.3,1540050,1348260,30,330,330
2025-06-10 10:29:05.000000,672.25,1540050,1348260,30,330,330
2025-06-10 10:29:06.000000,673.6,1540140,1348260,30,360,240
2025-06-10 10:29:06.000000,673.6,1540140,1348260,30,360,240
2025-06-10 10:29:07.000000,673.65,1540140,1348260,30,360,240
2025-06-10 10:29:08.000000,673.65,1540170,1348260,30,180,390
2025-06-10 10:29:08.000000,670.9,1540170,1348260,30,180,390
2025-06-10 10:29:09.000000,671.95,1540560,1348260,60,270,690
2025-06-10 10:29:09.000000,671.95,1540560,1348260,60,270,690
2025-06-10 10:29:10.000000,671.95,1540560,1348260,60,300,240
2025-06-10 10:29:11.000000,671.95,1540560,1348260,60,330,480
2025-06-10 10:29:12.000000,672.0,1540560,1348260,30,330,480
2025-06-10 10:29:13.000000,672.0,1540590,1348260,30,180,450
2025-06-10 10:29:14.000000,671.95,1540590,1348260,60,180,450
2025-06-10 10:29:14.000000,671.95,1540650,1348260,60,210,390
2025-06-10 10:29:15.000000,672.8,1540650,1348260,30,210,390
2025-06-10 10:29:15.000000,670.9,1541280,1348260,30,390,360
2025-06-10 10:29:16.000000,672.25,1541280,1348260,30,390,360
2025-06-10 10:29:16.000000,672.25,1541310,1348260,30,390,330
