Timestamp,LTP,Volume,OI,LastQty,BidQty,AskQty
2025-06-10 10:13:41.000000,791.35,809910,303870,30,1200,270
2025-06-10 10:13:42.000000,790.0,810090,303870,60,1110,360
2025-06-10 10:13:42.000000,790.1,810090,303870,30,1110,360
2025-06-10 10:13:43.000000,790.1,810270,303870,30,240,360
2025-06-10 10:13:44.000000,791.65,810270,303870,30,240,360
2025-06-10 10:13:44.000000,791.65,810330,303870,30,1170,210
2025-06-10 10:13:45.000000,790.0,810330,303870,30,1170,210
2025-06-10 10:13:45.000000,790.0,810360,303870,30,1140,450
2025-06-10 10:13:47.000000,792.0,810450,303870,30,600,270
2025-06-10 10:13:47.000000,792.0,810450,303870,30,600,270
2025-06-10 10:13:47.000000,793.6,810450,303870,30,600,270
2025-06-10 10:13:48.000000,793.5,810510,303870,30,450,330
2025-06-10 10:13:48.000000,793.5,810510,303870,30,450,330
2025-06-10 10:13:49.000000,794.05,810600,303870,60,510,420
2025-06-10 10:13:49.000000,794.05,810600,303870,30,510,420
2025-06-10 10:13:50.000000,794.6,810600,303870,30,510,420
2025-06-10 10:13:50.000000,792.9,811170,303870,30,780,180
2025-06-10 10:13:51.000000,792.9,811170,303870,30,780,180
2025-06-10 10:13:52.000000,792.9,811170,303870,30,450,300
2025-06-10 10:13:52.000000,794.65,811170,303870,30,450,300
2025-06-10 10:13:53.000000,794.65,811230,303870,30,240,390
2025-06-10 10:13:53.000000,795.0,811230,303870,30,240,390
2025-06-10 10:13:54.000000,795.0,811380,303870,30,240,240
2025-06-10 10:13:54.000000,795.0,811380,303870,30,240,240
2025-06-10 10:13:55.000000,795.05,811380,303870,30,240,240
2025-06-10 10:13:55.000000,795.05,811440,303870,30,780,240
2025-06-10 10:13:56.000000,797.1,811440,303870,30,780,240
2025-06-10 10:13:57.000000,798.35,812940,303870,150,300,300
2025-06-10 10:13:57.000000,799.0,812940,303870,30,300,300
2025-06-10 10:13:58.000000,797.6,813270,303870,30,270,660
2025-06-10 10:13:58.000000,797.7,813270,303870,30,270,660
2025-06-10 10:13:59.000000,799.0,813450,303870,60,510,330
2025-06-10 10:13:59.000000,799.0,813450,303870,60,510,330
2025-06-10 10:14:00.000000,799.0,813450,303870,60,510,330
2025-06-10 10:14:00.000000,799.0,813450,303870,60,330,720
2025-06-10 10:14:01.000000,799.0,813450,303870,60,330,720
2025-06-10 10:14:01.000000,798.9,813450,303870,30,330,720
2025-06-10 10:14:02.000000,798.9,813570,303870,30,330,330
2025-06-10 10:14:02.000000,797.95,813570,303870,30,330,330
2025-06-10 10:14:03.000000,799.0,813810,303870,30,420,180
2025-06-10 10:14:03.000000,799.0,813810,303870,30,420,180
2025-06-10 10:14:04.000000,797.55,814020,303870,30,300,240
2025-06-10 10:14:04.000000,799.0,814020,303870,30,300,240
2025-06-10 10:14:05.000000,799.0,814170,303870,60,360,240
2025-06-10 10:14:05.000000,799.0,814170,303870,60,360,240
2025-06-10 10:14:06.000000,800.0,814170,303870,30,360,240
2025-06-10 10:14:07.000000,797.2,815130,303870,30,360,180
2025-06-10 10:14:07.000000,800.15,815130,303870,60,360,180
2025-06-10 10:14:08.000000,799.7,816840,303870,120,240,240
2025-06-10 10:14:08.000000,797.25,816840,303870,30,240,240
2025-06-10 10:14:09.000000,799.2,817140,303870,30,300,270
2025-06-10 10:14:09.000000,799.2,817140,303870,30,300,270
2025-06-10 10:14:10.000000,797.15,817290,303870,30,180,300
2025-06-10 10:14:10.000000,797.15,817290,303870,30,180,300
2025-06-10 10:14:11.000000,795.55,817290,303870,30,180,300
2025-06-10 10:14:12.000000,795.6,817410,303870,30,270,240
2025-06-10 10:14:12.000000,795.6,817410,303870,30,270,240
2025-06-10 10:14:13.000000,795.65,817470,303870,30,300,210
2025-06-10 10:14:13.000000,797.5,817470,303870,30,300,210
2025-06-10 10:14:14.000000,797.5,817800,303870,30,390,180
2025-06-10 10:14:14.000000,798.45,817800,303870,30,390,180
2025-06-10 10:14:15.000000,795.9,817890,303870,30,960,210
2025-06-10 10:14:15.000000,795.9,817890,303870,30,960,210
2025-06-10 10:14:16.000000,797.0,817890,303870,30,960,210
2025-06-10 10:14:17.000000,797.9,818250,303870,30,270,870
2025-06-10 10:14:17.000000,795.8,818250,303870,30,270,870
2025-06-10 10:14:18.000000,795.8,818490,303870,30,210,540
2025-06-10 10:14:19.000000,798.0,818490,303870,30,210,540
2025-06-10 10:14:19.000000,798.0,818820,303870,210,240,270
2025-06-10 10:14:19.000000,797.65,818820,303870,30,240,270
2025-06-10 10:14:20.000000,796.8,819540,303870,30,1140,210
2025-06-10 10:14:20.000000,796.8,819540,303870,30,1140,210
2025-06-10 10:14:21.000000,797.1,819540,303870,30,1140,210
2025-06-10 10:14:22.000000,797.15,819810,303870,30,1110,480
2025-06-10 10:14:22.000000,796.2,819810,303870,30,1110,480
2025-06-10 10:14:23.000000,796.2,819870,303870,30,1170,210
2025-06-10 10:14:23.000000,795.9,819870,303870,30,1170,210
2025-06-10 10:14:24.000000,796.75,819990,303870,30,1110,150
2025-06-10 10:14:24.000000,796.75,819990,303870,30,1110,150
2025-06-10 10:14:25.000000,796.75,820020,303870,30,480,1050
2025-06-10 10:14:25.000000,796.75,820020,303870,30,480,1050
2025-06-10 10:14:27.000000,796.75,820020,303870,30,390,960
2025-06-10 10:14:27.000000,797.7,820020,303870,30,390,960
2025-06-10 10:14:28.000000,797.7,820080,303870,30,1350,210
2025-06-10 10:14:28.000000,795.75,820080,303870,30,1350,210
2025-06-10 10:14:28.000000,797.5,820080,303870,30,1350,210
2025-06-10 10:14:29.000000,795.65,820200,303870,30,1320,270
2025-06-10 10:14:29.000000,797.1,820200,303870,30,1320,270
2025-06-10 10:14:30.000000,797.1,820200,303870,30,1320,270
2025-06-10 10:14:30.000000,797.1,820260,303870,30,570,600
2025-06-10 10:14:31.000000,796.45,820260,303870,30,570,600
2025-06-10 10:14:31.000000,796.45,820290,303870,30,390,690
2025-06-10 10:14:33.000000,797.95,820290,303870,30,390,690
2025-06-10 10:14:33.000000,797.95,820320,303870,30,180,360
2025-06-10 10:14:34.000000,796.05,820320,303870,30,180,360
2025-06-10 10:14:34.000000,796.05,820380,303870,30,300,660
2025-06-10 10:14:35.000000,797.75,820380,303870,30,300,660
2025-06-10 10:14:35.000000,796.15,820560,303870,30,240,630
2025-06-10 10:14:35.000000,796.15,820560,303870,30,240,630
2025-06-10 10:14:36.000000,798.0,820560,303870,30,240,630
2025-06-10 10:14:36.000000,798.0,820590,303870,30,390,690
2025-06-10 10:14:37.000000,796.15,820590,303870,30,390,690
2025-06-10 10:14:38.000000,796.15,820650,303870,30,210,660
2025-06-10 10:14:38.000000,796.15,820650,303870,30,210,660
2025-06-10 10:14:39.000000,797.95,820980,303870,30,210,780
2025-06-10 10:14:39.000000,797.95,820980,303870,30,210,780
2025-06-10 10:14:40.000000,797.95,821040,303870,30,240,870
2025-06-10 10:14:40.000000,797.95,821040,303870,30,240,870
2025-06-10 10:14:41.000000,798.0,821040,303870,30,240,870
2025-06-10 10:14:41.000000,798.0,821100,303870,30,420,1230
2025-06-10 10:14:42.000000,798.0,821100,303870,30,420,1230
2025-06-10 10:14:43.000000,796.2,821490,303870,30,420,1020
2025-06-10 10:14:43.000000,796.0,821490,303870,30,420,1020
2025-06-10 10:14:44.000000,794.7,822780,303870,30,1080,360
2025-06-10 10:14:44.000000,794.6,822780,303870,30,1080,360
2025-06-10 10:14:45.000000,796.0,823020,303870,30,210,870
2025-06-10 10:14:45.000000,796.2,823020,303870,30,210,870
2025-06-10 10:14:46.000000,795.0,823020,303870,30,210,870
2025-06-10 10:14:46.000000,795.0,823200,303870,30,210,630
2025-06-10 10:14:47.000000,797.1,823200,303870,30,210,630
2025-06-10 10:14:48.000000,795.95,823290,303870,30,300,150
2025-06-10 10:14:48.000000,795.95,823290,303870,30,300,150
2025-06-10 10:14:49.000000,794.3,823890,303870,30,390,150
2025-06-10 10:14:49.000000,794.3,823890,303870,60,390,150
2025-06-10 10:14:50.000000,796.15,824220,303870,30,180,150
2025-06-10 10:14:50.000000,795.7,824220,303870,30,180,150
2025-06-10 10:14:51.000000,797.1,824220,303870,30,180,150
2025-06-10 10:14:51.000000,797.1,825210,303870,30,300,390
2025-06-10 10:14:53.000000,796.0,825210,303870,30,300,390
2025-06-10 10:14:53.000000,796.0,825240,303870,30,480,450
2025-06-10 10:14:53.000000,796.8,825240,303870,30,480,450
2025-06-10 10:14:54.000000,796.8,825270,303870,30,510,240
2025-06-10 10:14:55.000000,796.0,825270,303870,30,510,240
2025-06-10 10:14:55.000000,796.0,825300,303870,30,480,480
2025-06-10 10:14:56.000000,796.65,825300,303870,30,480,480
2025-06-10 10:14:56.000000,796.65,825330,303870,30,510,900
2025-06-10 10:14:58.000000,795.0,825330,303870,240,510,900
2025-06-10 10:14:58.000000,796.95,825600,303870,30,270,1020
2025-06-10 10:14:58.000000,796.95,825600,303870,30,270,1020
2025-06-10 10:14:59.000000,796.95,825600,303870,30,180,630
2025-06-10 10:15:00.000000,796.4,825600,303870,30,180,630
2025-06-10 10:15:00.000000,796.4,825600,303870,30,180,630
2025-06-10 10:15:00.000000,796.95,825750,303870,30,300,660
2025-06-10 10:15:00.000000,796.95,825750,303870,30,300,660
2025-06-10 10:15:01.000000,796.5,825780,303870,30,270,930
2025-06-10 10:15:01.000000,796.5,825780,303870,30,270,930
2025-06-10 10:15:02.000000,796.85,825780,303870,30,270,930
2025-06-10 10:15:03.000000,797.1,825840,303870,30,210,990
2025-06-10 10:15:03.000000,798.0,825840,303870,60,210,990
2025-06-10 10:15:04.000000,797.25,826320,303870,30,480,870
2025-06-10 10:15:04.000000,797.25,826320,303870,30,480,870
2025-06-10 10:15:05.000000,797.65,826350,303870,30,270,450
2025-06-10 10:15:05.000000,797.65,826350,303870,30,270,450
2025-06-10 10:15:06.000000,798.95,826530,303870,30,240,930
2025-06-10 10:15:06.000000,799.0,826530,303870,30,240,930
2025-06-10 10:15:07.000000,797.8,826530,303870,30,240,930
2025-06-10 10:15:08.000000,797.8,826770,303870,30,330,780
2025-06-10 10:15:08.000000,797.05,826770,303870,30,330,780
2025-06-10 10:15:09.000000,797.05,827130,303870,30,360,720
2025-06-10 10:15:09.000000,799.4,827130,303870,60,360,720
2025-06-10 10:15:10.000000,797.05,827490,303870,30,360,780
2025-06-10 10:15:10.000000,797.05,827490,303870,30,360,780
2025-06-10 10:15:11.000000,798.5,827580,303870,30,240,1260
2025-06-10 10:15:11.000000,796.85,827580,303870,30,240,1260
2025-06-10 10:15:12.000000,799.0,827580,303870,30,240,1260
2025-06-10 10:15:12.000000,799.0,827700,303870,30,180,1320
2025-06-10 10:15:14.000000,797.7,827700,303870,30,180,1320
2025-06-10 10:15:14.000000,797.7,827730,303870,30,210,690
2025-06-10 10:15:14.000000,799.0,827730,303870,30,210,690
2025-06-10 10:15:15.000000,799.0,827820,303870,60,360,1200
2025-06-10 10:15:15.000000,799.0,827820,303870,60,360,1200
2025-06-10 10:15:16.000000,799.0,827910,303870,60,300,1200
2025-06-10 10:15:16.000000,799.0,827910,303870,60,300,1200
2025-06-10 10:15:17.000000,797.9,827910,303870,30,300,1200
2025-06-10 10:15:17.000000,797.9,827970,303870,30,300,1080
2025-06-10 10:15:18.000000,799.0,827970,303870,30,300,1080
2025-06-10 10:15:19.000000,799.0,828060,303870,30,360,1200
2025-06-10 10:15:20.000000,799.0,828090,303870,30,270,1200
2025-06-10 10:15:20.000000,799.0,828090,303870,30,270,1200
2025-06-10 10:15:20.000000,798.95,828090,303870,30,270,1200
2025-06-10 10:15:21.000000,798.95,828120,303870,30,300,1080
2025-06-10 10:15:21.000000,799.0,828120,303870,30,300,1080
2025-06-10 10:15:22.000000,797.85,828450,303870,30,270,990
2025-06-10 10:15:22.000000,799.0,828450,303870,90,270,990
2025-06-10 10:15:23.000000,799.95,828450,303870,30,270,990
2025-06-10 10:15:23.000000,799.95,829170,303870,30,330,930
2025-06-10 10:15:24.000000,799.35,829170,303870,30,330,930
2025-06-10 10:15:25.000000,799.5,829290,303870,30,330,180
2025-06-10 10:15:25.000000,798.95,829290,303870,30,330,180
2025-06-10 10:15:26.000000,798.1,829410,303870,30,360,960
2025-06-10 10:15:26.000000,797.7,829410,303870,60,360,960
2025-06-10 10:15:27.000000,798.8,829560,303870,60,300,750
2025-06-10 10:15:27.000000,798.8,829560,303870,60,300,750
2025-06-10 10:15:28.000000,797.05,829560,303870,30,300,750
2025-06-10 10:15:28.000000,797.05,829830,303870,30,210,900
2025-06-10 10:15:29.000000,798.7,829830,303870,30,210,900
2025-06-10 10:15:30.000000,797.7,829890,303870,30,270,960
2025-06-10 10:15:30.000000,797.7,829890,303870,30,270,960
2025-06-10 10:15:30.000000,797.7,829890,303870,30,270,960
2025-06-10 10:15:31.000000,797.85,829920,303870,30,210,300
2025-06-10 10:15:31.000000,797.85,829920,303870,30,210,300
2025-06-10 10:15:32.000000,797.65,829950,303870,30,240,660
2025-06-10 10:15:32.000000,797.65,829950,303870,30,240,660
2025-06-10 10:15:33.000000,796.75,829950,303870,30,240,660
2025-06-10 10:15:33.000000,796.75,830040,303870,30,270,390
2025-06-10 10:15:34.000000,797.7,830040,303870,30,270,390
2025-06-10 10:15:35.000000,799.05,830460,303870,30,300,1380
2025-06-10 10:15:35.000000,798.05,830460,303870,30,300,1380
2025-06-10 10:15:36.000000,800.0,831390,303870,30,1080,1260
2025-06-10 10:15:36.000000,800.7,831390,303870,60,1080,1260
2025-06-10 10:15:37.000000,800.0,832380,303870,30,270,210
2025-06-10 10:15:37.000000,800.0,832380,303870,30,270,210
2025-06-10 10:15:38.000000,800.5,832380,311160,30,270,210
2025-06-10 10:15:38.000000,800.5,832680,311160,30,360,960
2025-06-10 10:15:39.000000,799.2,832680,311160,30,360,960
2025-06-10 10:15:40.000000,800.0,832770,311160,30,390,1140
2025-06-10 10:15:40.000000,800.0,832770,311160,60,390,1140
2025-06-10 10:15:41.000000,798.15,833040,311160,30,360,1290
2025-06-10 10:15:41.000000,798.15,833040,311160,30,360,1290
2025-06-10 10:15:42.000000,798.2,833160,311160,30,330,900
2025-06-10 10:15:42.000000,798.2,833160,311160,30,330,900
2025-06-10 10:15:43.000000,798.2,833160,311160,30,210,810
2025-06-10 10:15:45.000000,798.2,833160,311160,30,420,600
2025-06-10 10:15:46.000000,797.8,833160,311160,30,420,600
2025-06-10 10:15:46.000000,797.8,833190,311160,30,360,660
2025-06-10 10:15:47.000000,799.25,833190,311160,30,360,660
2025-06-10 10:15:47.000000,799.0,833340,311160,30,270,750
2025-06-10 10:15:47.000000,797.3,833340,311160,60,270,750
2025-06-10 10:15:48.000000,798.9,833340,311160,30,270,750
2025-06-10 10:15:48.000000,798.9,833520,311160,30,360,600
2025-06-10 10:15:49.000000,799.05,833520,311160,30,360,600
2025-06-10 10:15:50.000000,799.45,833760,311160,30,360,840
2025-06-10 10:15:50.000000,797.5,833760,311160,30,360,840
2025-06-10 10:15:51.000000,796.4,834300,311160,30,390,690
2025-06-10 10:15:51.000000,798.1,834300,311160,30,390,690
2025-06-10 10:15:52.000000,795.85,834870,311160,30,180,630
2025-06-10 10:15:52.000000,795.85,834870,311160,30,180,630
2025-06-10 10:15:53.000000,797.45,834870,311160,30,180,630
2025-06-10 10:15:53.000000,797.45,834960,311160,30,360,630
2025-06-10 10:15:54.000000,797.2,834960,311160,30,360,630
2025-06-10 10:15:55.000000,797.2,834990,311160,30,240,720
2025-06-10 10:15:55.000000,796.0,834990,311160,30,240,720
2025-06-10 10:15:56.000000,796.0,835020,311160,30,240,450
2025-06-10 10:15:57.000000,796.0,835020,311160,30,420,150
2025-06-10 10:15:57.000000,796.0,835020,311160,30,420,150
2025-06-10 10:15:58.000000,796.0,835080,311160,30,360,270
2025-06-10 10:15:58.000000,796.0,835080,311160,30,360,270
2025-06-10 10:15:59.000000,796.25,835080,311160,30,360,270
2025-06-10 10:16:00.000000,796.25,835170,311160,30,300,420
2025-06-10 10:16:00.000000,796.25,835170,311160,30,300,420
2025-06-10 10:16:00.000000,799.1,835170,311160,30,300,420
2025-06-10 10:16:01.000000,796.75,835770,311160,30,360,1020
2025-06-10 10:16:01.000000,798.35,835770,311160,30,360,1020
2025-06-10 10:16:02.000000,798.35,835800,311160,30,180,450
2025-06-10 10:16:03.000000,797.4,835800,311160,30,180,450
2025-06-10 10:16:03.000000,798.0,835800,311160,30,180,450
2025-06-10 10:16:03.000000,798.0,835980,311160,30,360,690
2025-06-10 10:16:04.000000,795.85,835980,311160,30,360,690
2025-06-10 10:16:05.000000,797.9,836070,311160,30,480,600
2025-06-10 10:16:05.000000,798.25,836070,311160,30,480,600
2025-06-10 10:16:06.000000,798.3,836190,311160,30,450,270
2025-06-10 10:16:06.000000,798.3,836190,311160,30,450,270
2025-06-10 10:16:07.000000,797.1,836250,311160,30,420,330
2025-06-10 10:16:07.000000,797.1,836250,311160,30,420,330
2025-06-10 10:16:08.000000,798.5,836310,311160,30,270,690
2025-06-10 10:16:08.000000,798.5,836310,311160,30,270,690
2025-06-10 10:16:09.000000,797.0,836310,311160,30,270,690
2025-06-10 10:16:09.000000,797.0,836370,311160,30,390,240
2025-06-10 10:16:10.000000,798.1,836370,311160,30,390,240
2025-06-10 10:16:11.000000,798.1,836520,311160,30,180,390
2025-06-10 10:16:11.000000,798.0,836520,311160,60,180,390
2025-06-10 10:16:12.000000,798.0,836610,311160,60,930,510
2025-06-10 10:16:12.000000,795.15,836610,311160,30,930,510
2025-06-10 10:16:13.000000,797.1,836850,311160,30,420,600
2025-06-10 10:16:13.000000,795.45,836850,311160,60,420,600
2025-06-10 10:16:14.000000,797.05,836850,311160,30,420,600
2025-06-10 10:16:14.000000,797.05,836940,311160,30,450,210
2025-06-10 10:16:15.000000,795.8,836940,311160,30,450,210
2025-06-10 10:16:16.000000,795.8,837240,311160,30,270,480
2025-06-10 10:16:16.000000,797.7,837240,311160,30,270,480
2025-06-10 10:16:17.000000,795.8,837360,311160,30,480,720
2025-06-10 10:16:17.000000,795.8,837360,311160,30,480,720
2025-06-10 10:16:18.000000,798.0,837450,311160,30,420,660
2025-06-10 10:16:18.000000,798.0,837450,311160,30,420,660
2025-06-10 10:16:19.000000,797.55,837450,311160,30,420,660
2025-06-10 10:16:19.000000,797.55,837510,311160,30,360,330
2025-06-10 10:16:20.000000,793.6,837510,311160,30,360,330
2025-06-10 10:16:21.000000,793.6,838290,311160,30,390,300
2025-06-10 10:16:21.000000,793.35,838290,311160,30,390,300
2025-06-10 10:16:22.000000,792.45,838500,311160,30,360,300
2025-06-10 10:16:22.000000,790.0,838500,311160,30,360,300
2025-06-10 10:16:23.000000,792.3,839640,311160,30,330,510
2025-06-10 10:16:23.000000,792.3,839640,311160,30,330,510
2025-06-10 10:16:24.000000,790.6,839640,311160,30,330,510
2025-06-10 10:16:25.000000,790.6,839910,311160,30,330,180
2025-06-10 10:16:25.000000,792.35,839910,311160,30,330,180
2025-06-10 10:16:26.000000,791.6,840180,311160,30,360,330
2025-06-10 10:16:26.000000,791.0,840180,311160,30,360,330
2025-06-10 10:16:27.000000,791.35,840780,311160,60,450,300
2025-06-10 10:16:27.000000,793.35,840780,311160,30,450,300
2025-06-10 10:16:28.000000,795.0,840900,311160,30,240,270
2025-06-10 10:16:28.000000,795.0,840900,311160,30,240,270
2025-06-10 10:16:30.000000,795.0,840900,311160,30,330,240
2025-06-10 10:16:30.000000,795.0,840900,311160,30,330,240
2025-06-10 10:16:30.000000,796.35,840900,311160,30,330,240
2025-06-10 10:16:31.000000,796.35,840960,311160,30,540,690
2025-06-10 10:16:32.000000,797.25,840960,311160,60,540,690
2025-06-10 10:16:32.000000,797.25,841050,311160,60,450,690
2025-06-10 10:16:33.000000,795.8,841050,311160,300,450,690
2025-06-10 10:16:33.000000,795.35,841470,311160,90,240,300
2025-06-10 10:16:33.000000,795.35,841470,311160,90,240,300
2025-06-10 10:16:34.000000,797.15,841470,311160,60,240,300
2025-06-10 10:16:35.000000,797.15,841920,311160,60,450,240
2025-06-10 10:16:36.000000,797.15,841920,311160,60,180,780
2025-06-10 10:16:37.000000,797.15,841920,311160,60,330,180
2025-06-10 10:16:37.000000,797.15,841920,311160,30,330,180
2025-06-10 10:16:38.000000,795.25,842070,311160,60,270,270
2025-06-10 10:16:38.000000,795.25,842070,311160,60,270,270
2025-06-10 10:16:39.000000,797.1,842070,311160,30,270,270
2025-06-10 10:16:40.000000,795.65,842160,311160,30,330,210
2025-06-10 10:16:40.000000,797.2,842160,311160,30,330,210
2025-06-10 10:16:41.000000,796.6,843090,311160,30,240,300
2025-06-10 10:16:41.000000,796.6,843090,311160,30,240,300
2025-06-10 10:16:42.000000,795.3,843150,311160,30,480,750
2025-06-10 10:16:42.000000,795.9,843150,311160,30,480,750
2025-06-10 10:16:43.000000,795.9,843210,311160,30,600,270
2025-06-10 10:16:44.000000,796.6,843210,311160,30,600,270
2025-06-10 10:16:45.000000,796.6,843270,311160,30,390,540
2025-06-10 10:16:45.000000,795.7,843270,311160,30,390,540
2025-06-10 10:16:46.000000,794.35,843390,311160,30,480,510
2025-06-10 10:16:46.000000,792.35,843390,311160,30,480,510
2025-06-10 10:16:47.000000,792.35,843480,311160,30,360,480
2025-06-10 10:16:47.000000,794.7,843480,311160,30,360,480
2025-06-10 10:16:48.000000,794.7,843540,311160,30,240,720
2025-06-10 10:16:50.000000,792.4,843600,311160,30,270,180
2025-06-10 10:16:50.000000,792.4,843600,311160,30,270,180
2025-06-10 10:16:51.000000,792.4,843600,311160,30,270,660
2025-06-10 10:16:51.000000,793.45,843600,311160,30,270,660
2025-06-10 10:16:52.000000,792.05,843660,311160,30,240,240
2025-06-10 10:16:52.000000,792.05,843660,311160,30,240,240
2025-06-10 10:16:53.000000,792.05,843660,311160,30,270,240
2025-06-10 10:16:53.000000,791.8,843660,311160,30,270,240
2025-06-10 10:16:54.000000,792.0,843990,311160,30,270,270
2025-06-10 10:16:54.000000,792.0,843990,311160,30,270,270
2025-06-10 10:16:55.000000,790.9,843990,311160,30,270,270
2025-06-10 10:16:56.000000,790.9,844050,311160,30,300,270
2025-06-10 10:16:57.000000,790.9,844050,311160,30,240,270
2025-06-10 10:16:57.000000,794.55,844050,311160,30,240,270
2025-06-10 10:16:58.000000,794.55,844350,311160,30,270,180
2025-06-10 10:16:59.000000,792.65,844350,311160,30,270,180
2025-06-10 10:16:59.000000,792.65,844380,311160,30,330,300
2025-06-10 10:17:00.000000,792.65,844380,311160,30,330,300
2025-06-10 10:17:00.000000,796.0,844500,311160,30,360,210
2025-06-10 10:17:00.000000,794.1,844500,311160,30,360,210
2025-06-10 10:17:01.000000,794.25,844500,311160,30,360,210
2025-06-10 10:17:02.000000,794.25,844680,311160,30,240,360
2025-06-10 10:17:03.000000,794.25,844680,311160,30,300,630
2025-06-10 10:17:03.000000,794.15,844680,311160,30,300,630
2025-06-10 10:17:04.000000,796.15,844830,311160,60,240,300
2025-06-10 10:17:04.000000,796.15,844830,311160,60,240,300
2025-06-10 10:17:05.000000,796.4,844860,311160,30,270,570
2025-06-10 10:17:05.000000,796.4,844860,311160,30,270,570
2025-06-10 10:17:07.000000,796.4,844860,311160,30,270,240
2025-06-10 10:17:07.000000,795.0,844860,311160,30,270,240
2025-06-10 10:17:08.000000,794.05,844950,311160,30,420,270
2025-06-10 10:17:08.000000,794.55,844950,311160,30,420,270
2025-06-10 10:17:09.000000,794.55,844980,311160,30,270,450
2025-06-10 10:17:10.000000,795.65,844980,311160,30,270,450
2025-06-10 10:17:10.000000,795.65,845010,311160,30,300,300
2025-06-10 10:17:12.000000,795.65,845010,311160,30,270,360
2025-06-10 10:17:13.000000,795.65,845010,311160,30,450,840
2025-06-10 10:17:13.000000,794.1,845010,311160,30,450,840
2025-06-10 10:17:14.000000,794.05,845070,311160,30,510,570
2025-06-10 10:17:14.000000,794.05,845070,311160,30,510,570
2025-06-10 10:17:15.000000,795.65,845100,311160,30,420,180
2025-06-10 10:17:15.000000,795.5,845100,311160,30,420,180
2025-06-10 10:17:16.000000,795.0,845100,311160,30,420,180
2025-06-10 10:17:17.000000,795.0,845280,311160,30,330,240
2025-06-10 10:17:17.000000,795.6,845280,311160,30,330,240
2025-06-10 10:17:18.000000,795.6,845310,311160,30,270,510
2025-06-10 10:17:19.000000,795.6,845310,311160,30,360,390
2025-06-10 10:17:20.000000,793.4,845310,311160,30,360,390
2025-06-10 10:17:20.000000,793.4,845370,311160,30,210,360
2025-06-10 10:17:20.000000,793.4,845370,311160,30,210,360
2025-06-10 10:17:21.000000,793.4,845430,311160,30,240,300
2025-06-10 10:17:23.000000,795.25,845430,311160,30,240,300
2025-06-10 10:17:23.000000,795.25,845490,311160,30,360,330
2025-06-10 10:17:24.000000,795.6,845550,311160,60,360,240
2025-06-10 10:17:24.000000,795.6,845550,311160,60,360,240
2025-06-10 10:17:25.000000,795.6,845580,311160,30,510,240
2025-06-10 10:17:25.000000,795.6,845580,311160,30,510,240
2025-06-10 10:17:26.000000,794.4,845580,311160,60,510,240
2025-06-10 10:17:26.000000,796.0,845850,311160,30,330,240
2025-06-10 10:17:26.000000,796.0,845850,311160,30,330,240
2025-06-10 10:17:27.000000,796.0,845850,311160,60,330,240
2025-06-10 10:17:28.000000,797.0,846090,311160,30,240,300
2025-06-10 10:17:28.000000,795.0,846090,311160,30,240,300
2025-06-10 10:17:29.000000,794.5,847830,311160,30,240,360
2025-06-10 10:17:29.000000,794.5,847830,311160,30,240,360
2025-06-10 10:17:30.000000,794.5,847830,311160,30,240,360
2025-06-10 10:17:30.000000,794.75,848130,311160,60,270,600
2025-06-10 10:17:30.000000,794.75,848130,311160,60,270,600
2025-06-10 10:17:31.000000,792.95,848190,311160,30,180,270
2025-06-10 10:17:31.000000,792.95,848190,311160,30,180,270
2025-06-10 10:17:33.000000,794.3,848220,311160,30,150,420
2025-06-10 10:17:33.000000,794.3,848220,311160,30,150,420
2025-06-10 10:17:33.000000,792.65,848220,311160,30,150,420
2025-06-10 10:17:34.000000,793.45,848490,311160,30,180,240
2025-06-10 10:17:34.000000,793.0,848490,311160,90,180,240
2025-06-10 10:17:35.000000,793.0,848580,311160,90,330,240
2025-06-10 10:17:36.000000,793.7,848580,311160,30,330,240
2025-06-10 10:17:36.000000,793.7,848670,311160,30,180,720
2025-06-10 10:17:38.000000,793.7,848670,311160,30,300,360
2025-06-10 10:17:38.000000,793.0,848670,311160,30,300,360
2025-06-10 10:17:38.000000,793.25,848670,311160,30,300,360
2025-06-10 10:17:39.000000,793.25,848730,311160,30,240,420
2025-06-10 10:17:40.000000,793.25,848730,311160,30,360,210
2025-06-10 10:17:41.000000,793.0,848730,311160,30,360,210
2025-06-10 10:17:41.000000,793.0,848760,311160,30,330,540
2025-06-10 10:17:42.000000,793.05,848760,311160,30,330,540
2025-06-10 10:17:42.000000,793.1,848760,311160,30,330,540
2025-06-10 10:17:43.000000,793.1,848850,311160,30,450,180
2025-06-10 10:17:43.000000,792.0,848850,311160,60,450,180
2025-06-10 10:17:44.000000,792.0,848940,311160,60,180,330
2025-06-10 10:17:45.000000,792.0,848940,311160,30,180,330
2025-06-10 10:17:45.000000,792.0,849030,311160,60,150,270
2025-06-10 10:17:45.000000,793.0,849030,311160,30,150,270
2025-06-10 10:17:46.000000,793.25,849450,311160,30,210,300
2025-06-10 10:17:46.000000,793.25,849450,311160,30,210,300
2025-06-10 10:17:48.000000,792.0,849480,311160,30,210,540
2025-06-10 10:17:48.000000,792.0,849480,311160,30,210,540
2025-06-10 10:17:48.000000,792.95,849480,311160,30,210,540
2025-06-10 10:17:49.000000,792.95,849510,311160,30,210,1080
2025-06-10 10:17:50.000000,792.95,849510,311160,30,270,900
2025-06-10 10:17:50.000000,792.0,849510,311160,30,270,900
2025-06-10 10:17:51.000000,790.0,851340,311160,60,570,480
2025-06-10 10:17:51.000000,790.0,851340,311160,60,570,480
2025-06-10 10:17:52.000000,790.2,851340,311160,30,570,480
2025-06-10 10:17:53.000000,790.2,851370,311160,30,420,450
2025-06-10 10:17:54.000000,790.2,851370,311160,30,210,540
2025-06-10 10:17:54.000000,790.1,851370,311160,30,210,540
2025-06-10 10:17:54.000000,790.15,851370,311160,30,210,540
2025-06-10 10:17:55.000000,790.15,851430,311160,30,270,930
2025-06-10 10:17:55.000000,790.4,851430,311160,30,270,930
2025-06-10 10:17:56.000000,788.0,851640,311160,30,330,780
2025-06-10 10:17:56.000000,788.0,851640,311160,30,330,780
2025-06-10 10:17:57.000000,787.0,851640,311160,60,330,780
2025-06-10 10:17:58.000000,787.0,852360,311160,60,480,240
2025-06-10 10:17:58.000000,789.6,852360,311160,90,480,240
2025-06-10 10:17:59.000000,789.5,853200,311160,30,330,270
2025-06-10 10:17:59.000000,787.4,853200,311160,30,330,270
2025-06-10 10:18:00.000000,787.4,853200,311160,30,330,270
2025-06-10 10:18:00.000000,786.9,853380,311160,30,270,300
2025-06-10 10:18:00.000000,786.9,853380,311160,30,270,300
2025-06-10 10:18:01.000000,788.2,853380,311160,30,270,300
2025-06-10 10:18:01.000000,788.2,853650,311160,30,330,390
2025-06-10 10:18:02.000000,788.45,853650,311160,30,330,390
2025-06-10 10:18:03.000000,788.45,853860,311160,30,270,270
2025-06-10 10:18:04.000000,787.35,853890,311160,30,420,150
2025-06-10 10:18:04.000000,787.35,853890,311160,30,420,150
2025-06-10 10:18:05.000000,787.1,853890,311160,30,420,150
2025-06-10 10:18:05.000000,789.2,854040,311160,30,330,810
2025-06-10 10:18:05.000000,789.2,854040,311160,30,330,810
2025-06-10 10:18:06.000000,789.2,854040,311160,30,180,270
2025-06-10 10:18:07.000000,789.2,854040,311160,30,180,270
2025-06-10 10:18:07.000000,788.45,854040,311160,30,180,270
2025-06-10 10:18:08.000000,788.45,854130,311160,30,180,240
2025-06-10 10:18:09.000000,788.45,854130,311160,30,210,240
2025-06-10 10:18:10.000000,788.45,854130,311160,30,300,240
2025-06-10 10:18:10.000000,788.45,854130,311160,30,300,240
2025-06-10 10:18:11.000000,788.45,854160,311160,30,240,240
2025-06-10 10:18:12.000000,788.45,854160,311160,30,210,180
2025-06-10 10:18:13.000000,792.45,854160,311160,30,210,180
2025-06-10 10:18:13.000000,791.15,854160,311160,60,210,180
2025-06-10 10:18:14.000000,792.75,854640,311160,30,360,150
2025-06-10 10:18:14.000000,792.75,854640,311160,30,360,150
2025-06-10 10:18:15.000000,789.8,854670,311160,30,270,240
2025-06-10 10:18:15.000000,789.8,854670,311160,30,270,240
2025-06-10 10:18:16.000000,789.8,854670,311160,30,150,780
2025-06-10 10:18:17.000000,789.8,854670,311160,30,360,270
2025-06-10 10:18:18.000000,788.3,854670,311160,30,360,270
2025-06-10 10:18:18.000000,790.15,854670,311160,30,360,270
2025-06-10 10:18:19.000000,790.15,854730,311160,30,210,510
2025-06-10 10:18:19.000000,791.15,854730,311160,30,210,510
2025-06-10 10:18:20.000000,791.15,854820,311160,30,330,270
2025-06-10 10:18:21.000000,791.15,854820,311160,30,360,240
2025-06-10 10:18:22.000000,789.5,854820,311160,30,360,240
2025-06-10 10:18:22.000000,789.5,854850,311160,30,270,240
2025-06-10 10:18:23.000000,792.1,854850,311160,30,270,240
2025-06-10 10:18:24.000000,792.1,854880,311160,30,180,270
2025-06-10 10:18:24.000000,791.55,854880,311160,30,180,270
2025-06-10 10:18:25.000000,790.85,854880,311160,30,180,270
2025-06-10 10:18:25.000000,790.85,854940,311160,30,240,180
2025-06-10 10:18:26.000000,790.85,854940,311160,30,240,240
2025-06-10 10:18:27.000000,789.1,854940,311160,30,240,240
2025-06-10 10:18:28.000000,789.2,855030,311160,30,240,300
2025-06-10 10:18:28.000000,789.2,855030,311160,30,240,300
2025-06-10 10:18:29.000000,789.2,855030,311160,30,240,240
2025-06-10 10:18:30.000000,789.2,855030,311160,30,240,240
2025-06-10 10:18:30.000000,789.2,855030,311160,30,240,480
2025-06-10 10:18:31.000000,789.2,855030,311160,30,150,240
2025-06-10 10:18:31.000000,789.6,855030,311160,30,150,240
2025-06-10 10:18:31.000000,788.75,855030,311160,30,150,240
2025-06-10 10:18:32.000000,790.4,855210,311160,30,450,450
2025-06-10 10:18:32.000000,788.85,855210,311160,30,450,450
2025-06-10 10:18:34.000000,788.85,855240,311160,30,240,270
2025-06-10 10:18:34.000000,792.2,855240,311160,60,240,270
2025-06-10 10:18:35.000000,792.2,855840,311160,60,180,210
2025-06-10 10:18:36.000000,790.0,855840,311160,30,180,210
2025-06-10 10:18:36.000000,790.0,855900,311160,30,270,360
2025-06-10 10:18:36.000000,790.0,855900,311160,30,270,360
2025-06-10 10:18:37.000000,792.2,855930,311160,30,300,210
2025-06-10 10:18:37.000000,792.2,855930,311160,30,300,210
2025-06-10 10:18:38.000000,789.5,855930,311160,30,300,210
2025-06-10 10:18:39.000000,789.5,856110,311160,30,330,210
2025-06-10 10:18:39.000000,790.55,856110,316470,30,330,210
2025-06-10 10:18:40.000000,790.55,856140,316470,30,180,330
2025-06-10 10:18:40.000000,788.55,856140,316470,30,180,330
2025-06-10 10:18:41.000000,788.65,856320,316470,60,180,270
2025-06-10 10:18:41.000000,788.65,856320,316470,30,180,270
2025-06-10 10:18:42.000000,791.05,856530,316470,30,240,240
2025-06-10 10:18:42.000000,791.05,856530,316470,30,240,240
2025-06-10 10:18:44.000000,791.05,856530,316470,30,480,240
2025-06-10 10:18:44.000000,789.2,856530,316470,60,480,240
2025-06-10 10:18:44.000000,789.6,856530,316470,30,480,240
2025-06-10 10:18:45.000000,789.6,856650,316470,30,240,240
2025-06-10 10:18:45.000000,792.65,856650,316470,30,240,240
2025-06-10 10:18:46.000000,791.0,856860,316470,60,330,510
2025-06-10 10:18:46.000000,791.0,856860,316470,60,330,510
2025-06-10 10:18:47.000000,789.8,856920,316470,30,390,240
2025-06-10 10:18:47.000000,791.95,856920,316470,30,390,240
2025-06-10 10:18:48.000000,790.0,857010,316470,30,390,270
2025-06-10 10:18:48.000000,790.0,857010,316470,30,390,270
2025-06-10 10:18:49.000000,791.3,857010,316470,30,390,270
2025-06-10 10:18:50.000000,791.3,857100,316470,30,780,330
2025-06-10 10:18:51.000000,791.3,857100,316470,30,270,510
2025-06-10 10:18:51.000000,789.65,857100,316470,30,270,510
2025-06-10 10:18:52.000000,790.0,857100,316470,30,270,510
2025-06-10 10:18:52.000000,790.0,857460,316470,30,210,390
2025-06-10 10:18:53.000000,790.0,857460,316470,30,270,210
2025-06-10 10:18:53.000000,793.25,857460,316470,30,270,210
2025-06-10 10:18:54.000000,794.1,857640,316470,30,450,300
2025-06-10 10:18:54.000000,792.8,857640,316470,30,450,300
2025-06-10 10:18:55.000000,792.9,857640,316470,30,450,300
2025-06-10 10:18:56.000000,792.9,857850,316470,30,240,330
2025-06-10 10:18:56.000000,792.6,857850,316470,30,240,330
2025-06-10 10:18:57.000000,792.6,857880,316470,30,210,180
2025-06-10 10:18:57.000000,793.0,857880,316470,30,210,180
2025-06-10 10:18:58.000000,793.35,858600,316470,30,270,330
2025-06-10 10:18:58.000000,793.35,858600,316470,30,270,330
2025-06-10 10:18:59.000000,793.35,858600,316470,30,270,270
2025-06-10 10:19:00.000000,793.35,858600,316470,30,270,270
2025-06-10 10:19:00.000000,792.3,858600,316470,30,270,270
2025-06-10 10:19:00.000000,792.3,858630,316470,30,210,450
2025-06-10 10:19:01.000000,792.3,858630,316470,30,240,270
2025-06-10 10:19:02.000000,790.4,858630,316470,30,240,270
2025-06-10 10:19:02.000000,791.15,858630,316470,30,240,270
2025-06-10 10:19:03.000000,791.15,858690,316470,30,240,330
2025-06-10 10:19:03.000000,791.8,858690,316470,30,240,330
2025-06-10 10:19:04.000000,791.8,858870,316470,30,270,600
2025-06-10 10:19:05.000000,791.8,858870,316470,30,210,330
2025-06-10 10:19:05.000000,793.45,858870,316470,30,210,330
2025-06-10 10:19:06.000000,793.45,859470,316470,30,450,330
2025-06-10 10:19:07.000000,789.65,859470,316470,30,450,330
2025-06-10 10:19:07.000000,791.7,859470,316470,30,450,330
2025-06-10 10:19:08.000000,791.7,859650,316470,30,210,210
2025-06-10 10:19:08.000000,789.6,859650,316470,30,210,210
2025-06-10 10:19:09.000000,789.65,859860,316470,30,300,210
2025-06-10 10:19:09.000000,789.65,859860,316470,30,300,210
2025-06-10 10:19:10.000000,789.65,859860,316470,30,180,480
2025-06-10 10:19:10.000000,793.25,859860,316470,30,180,480
2025-06-10 10:19:11.000000,795.0,859980,316470,30,270,180
2025-06-10 10:19:11.000000,795.0,859980,316470,30,270,180
2025-06-10 10:19:12.000000,799.5,861000,316470,30,330,1140
2025-06-10 10:19:12.000000,798.1,861000,316470,30,330,1140
2025-06-10 10:19:13.000000,799.95,861000,316470,30,330,1140
2025-06-10 10:19:14.000000,799.95,861090,316470,30,210,1320
2025-06-10 10:19:14.000000,798.0,861090,316470,30,210,1320
2025-06-10 10:19:15.000000,799.85,861570,316470,30,240,1260
2025-06-10 10:19:15.000000,797.25,861570,316470,30,240,1260
2025-06-10 10:19:16.000000,797.25,861660,316470,30,330,330
2025-06-10 10:19:16.000000,799.25,861660,316470,30,330,330
2025-06-10 10:19:17.000000,799.7,862050,316470,90,570,1200
2025-06-10 10:19:17.000000,799.7,862050,316470,90,570,1200
2025-06-10 10:19:18.000000,798.0,862050,316470,30,570,1200
2025-06-10 10:19:19.000000,798.0,862140,316470,30,270,300
2025-06-10 10:19:19.000000,798.0,862140,316470,30,270,300
2025-06-10 10:19:20.000000,798.0,862170,316470,30,300,1170
2025-06-10 10:19:20.000000,799.65,862170,316470,60,300,1170
2025-06-10 10:19:21.000000,799.45,862380,316470,30,270,300
2025-06-10 10:19:21.000000,799.45,862380,316470,30,270,300
2025-06-10 10:19:22.000000,799.9,862440,316470,30,240,1260
2025-06-10 10:19:23.000000,799.9,862440,316470,30,240,1260
2025-06-10 10:19:24.000000,802.25,862440,316470,60,240,1260
2025-06-10 10:19:24.000000,802.5,864600,316470,30,270,1530
2025-06-10 10:19:25.000000,804.15,864600,316470,30,270,1530
2025-06-10 10:19:25.000000,801.5,865410,316470,30,270,270
2025-06-10 10:19:26.000000,801.6,865410,316470,30,270,270
2025-06-10 10:19:26.000000,802.75,865890,316470,30,300,330
2025-06-10 10:19:27.000000,802.95,865890,316470,30,300,330
2025-06-10 10:19:27.000000,803.0,866070,316470,30,420,300
2025-06-10 10:19:28.000000,801.75,866070,316470,60,420,300
2025-06-10 10:19:28.000000,803.95,866400,316470,30,210,300
2025-06-10 10:19:29.000000,804.1,866400,316470,30,210,300
2025-06-10 10:19:30.000000,802.2,866400,316470,30,210,300
2025-06-10 10:19:30.000000,802.2,866670,316470,30,480,660
2025-06-10 10:19:30.000000,802.2,866670,316470,30,480,660
2025-06-10 10:19:31.000000,804.05,866670,316470,30,480,660
2025-06-10 10:19:31.000000,804.15,866760,316470,30,240,360
2025-06-10 10:19:32.000000,804.4,866760,316470,30,240,360
2025-06-10 10:19:32.000000,804.65,866880,316470,30,330,930
2025-06-10 10:19:33.000000,802.75,866880,316470,90,330,930
2025-06-10 10:19:33.000000,802.6,867600,316470,30,360,330
2025-06-10 10:19:34.000000,802.65,867600,316470,30,360,330
2025-06-10 10:19:34.000000,802.95,867960,316470,30,360,810
2025-06-10 10:19:35.000000,802.95,867960,316470,30,360,810
2025-06-10 10:19:36.000000,803.05,867960,316470,30,360,810
2025-06-10 10:19:36.000000,803.05,868050,316470,30,240,300
2025-06-10 10:19:37.000000,801.95,868050,316470,30,240,300
2025-06-10 10:19:37.000000,800.2,868410,316470,30,240,180
2025-06-10 10:19:38.000000,802.25,868410,316470,30,240,180
2025-06-10 10:19:38.000000,803.05,868800,316470,30,300,330
2025-06-10 10:19:39.000000,803.55,868800,316470,30,300,330
2025-06-10 10:19:39.000000,801.55,868950,316470,30,240,300
2025-06-10 10:19:40.000000,801.55,868950,316470,30,240,300
2025-06-10 10:19:40.000000,803.35,869040,316470,30,270,570
2025-06-10 10:19:41.000000,803.35,869040,316470,30,270,570
2025-06-10 10:19:42.000000,802.5,869040,316470,30,270,570
2025-06-10 10:19:42.000000,802.55,869250,316470,30,210,330
2025-06-10 10:19:43.000000,800.5,869250,316470,30,210,330
2025-06-10 10:19:43.000000,802.35,869820,316470,30,630,330
2025-06-10 10:19:44.000000,801.0,869820,316470,30,630,330
2025-06-10 10:19:44.000000,801.35,870180,316470,30,450,870
2025-06-10 10:19:45.000000,802.15,870180,316470,30,450,870
2025-06-10 10:19:45.000000,802.55,870300,316470,30,330,360
2025-06-10 10:19:46.000000,800.8,870300,316470,30,330,360
2025-06-10 10:19:46.000000,800.8,870360,316470,30,360,510
2025-06-10 10:19:47.000000,802.55,870360,316470,30,360,510
2025-06-10 10:19:47.000000,801.15,870930,316470,30,360,930
2025-06-10 10:19:48.000000,801.15,870930,316470,30,360,930
2025-06-10 10:19:49.000000,804.0,870930,316470,30,360,930
2025-06-10 10:19:49.000000,804.0,871170,316470,30,390,330
2025-06-10 10:19:50.000000,801.9,871170,316470,30,390,330
2025-06-10 10:19:50.000000,801.9,871200,316470,30,240,300
2025-06-10 10:19:51.000000,801.2,871200,316470,60,240,300
2025-06-10 10:19:51.000000,801.45,872460,316470,30,210,390
2025-06-10 10:19:52.000000,803.15,872460,316470,30,210,390
2025-06-10 10:19:52.000000,803.2,872700,316470,60,420,660
2025-06-10 10:19:53.000000,803.2,872700,316470,60,420,660
2025-06-10 10:19:53.000000,803.25,872730,316470,30,240,870
2025-06-10 10:19:54.000000,803.25,872730,316470,30,240,870
2025-06-10 10:19:55.000000,802.0,872730,316470,30,240,870
2025-06-10 10:19:55.000000,802.0,873210,316470,30,390,300
2025-06-10 10:19:56.000000,802.0,873210,316470,30,240,600
2025-06-10 10:19:57.000000,802.0,873210,316470,30,390,1260
2025-06-10 10:19:57.000000,804.0,873210,316470,30,390,1260
2025-06-10 10:19:58.000000,804.0,873240,316470,30,540,2190
2025-06-10 10:19:58.000000,803.1,873240,316470,60,540,2190
2025-06-10 10:19:59.000000,804.0,873240,316470,30,540,2190
2025-06-10 10:19:59.000000,803.0,873390,316470,30,270,1080
2025-06-10 10:20:00.000000,803.0,873390,316470,30,270,1080
2025-06-10 10:20:00.000000,803.0,873390,316470,30,270,1080
2025-06-10 10:20:00.000000,802.95,873480,316470,30,480,2220
2025-06-10 10:20:01.000000,802.95,873480,316470,30,480,2220
2025-06-10 10:20:01.000000,802.85,873690,316470,30,360,2250
2025-06-10 10:20:02.000000,802.85,873690,316470,30,360,2250
2025-06-10 10:20:03.000000,806.55,873690,316470,30,360,2250
2025-06-10 10:20:03.000000,808.0,876720,316470,30,270,540
2025-06-10 10:20:04.000000,808.0,876720,316470,30,270,540
2025-06-10 10:20:04.000000,808.0,877260,316470,30,360,270
2025-06-10 10:20:05.000000,806.1,877260,316470,30,360,270
2025-06-10 10:20:05.000000,809.0,877560,316470,30,450,630
2025-06-10 10:20:06.000000,807.25,877560,316470,30,450,630
2025-06-10 10:20:06.000000,809.55,879780,316470,30,180,300
2025-06-10 10:20:07.000000,810.0,879780,316470,30,180,300
2025-06-10 10:20:08.000000,809.65,879780,316470,30,180,300
2025-06-10 10:20:08.000000,809.55,880170,316470,30,300,270
2025-06-10 10:20:09.000000,811.4,880170,316470,30,300,270
2025-06-10 10:20:09.000000,808.9,880680,316470,60,150,300
2025-06-10 10:20:10.000000,809.8,880680,316470,30,150,300
2025-06-10 10:20:10.000000,807.35,881010,316470,30,240,270
2025-06-10 10:20:11.000000,806.35,881010,316470,30,240,270
2025-06-10 10:20:11.000000,807.65,881340,316470,30,300,300
2025-06-10 10:20:12.000000,807.65,881340,316470,30,300,300
2025-06-10 10:20:13.000000,808.05,881340,316470,30,300,300
2025-06-10 10:20:13.000000,805.5,882690,316470,90,240,210
2025-06-10 10:20:14.000000,807.75,882690,316470,30,240,210
2025-06-10 10:20:14.000000,807.75,883110,316470,30,360,270
2025-06-10 10:20:15.000000,807.0,883110,316470,30,360,270
2025-06-10 10:20:15.000000,809.15,884400,316470,30,210,330
2025-06-10 10:20:16.000000,809.65,884400,316470,30,210,330
2025-06-10 10:20:16.000000,809.1,884820,316470,30,240,270
2025-06-10 10:20:17.000000,809.1,884820,316470,30,240,270
2025-06-10 10:20:17.000000,809.0,885150,316470,30,210,240
2025-06-10 10:20:18.000000,808.9,885150,316470,30,210,240
2025-06-10 10:20:18.000000,809.05,885630,316470,30,180,210
2025-06-10 10:20:19.000000,809.05,885630,316470,30,180,210
2025-06-10 10:20:20.000000,809.7,885630,316470,30,180,210
2025-06-10 10:20:20.000000,809.7,886230,316470,30,240,420
2025-06-10 10:20:21.000000,807.25,886230,316470,30,240,420
2025-06-10 10:20:21.000000,806.35,886500,316470,30,450,270
2025-06-10 10:20:22.000000,806.35,886500,316470,30,450,270
2025-06-10 10:20:22.000000,807.7,886710,316470,30,210,210
2025-06-10 10:20:23.000000,805.4,886710,316470,60,210,210
2025-06-10 10:20:23.000000,807.3,887190,316470,30,510,330
2025-06-10 10:20:24.000000,807.0,887190,316470,60,510,330
2025-06-10 10:20:25.000000,804.05,887190,316470,30,510,330
2025-06-10 10:20:25.000000,804.05,887700,316470,30,450,150
2025-06-10 10:20:26.000000,805.0,887700,316470,60,450,150
2025-06-10 10:20:26.000000,805.6,887970,316470,30,360,330
2025-06-10 10:20:27.000000,805.65,887970,316470,30,360,330
2025-06-10 10:20:27.000000,804.15,888810,316470,30,270,330
2025-06-10 10:20:28.000000,807.45,888810,316470,30,270,330
2025-06-10 10:20:28.000000,805.75,888900,316470,30,450,450
2025-06-10 10:20:29.000000,809.0,888900,316470,60,450,450
2025-06-10 10:20:29.000000,807.85,889440,316470,30,210,180
2025-06-10 10:20:30.000000,807.85,889440,316470,30,210,180
2025-06-10 10:20:30.000000,807.85,889440,316470,30,210,180
2025-06-10 10:20:30.000000,807.4,889530,316470,30,990,210
2025-06-10 10:20:31.000000,807.4,889530,316470,30,990,210
2025-06-10 10:20:32.000000,807.4,889530,316470,30,810,450
2025-06-10 10:20:32.000000,806.95,889530,316470,30,810,450
2025-06-10 10:20:33.000000,805.0,889530,316470,30,810,450
2025-06-10 10:20:33.000000,805.2,889770,316470,60,1140,330
2025-06-10 10:20:34.000000,805.2,889770,316470,60,1140,330
2025-06-10 10:20:34.000000,806.9,889890,316470,90,180,390
2025-06-10 10:20:35.000000,807.8,889890,316470,30,180,390
2025-06-10 10:20:35.000000,808.5,890220,316470,60,180,210
2025-06-10 10:20:36.000000,808.5,890220,316470,60,180,210
2025-06-10 10:20:37.000000,808.5,890220,316470,30,180,210
2025-06-10 10:20:37.000000,808.5,890340,316470,30,390,150
2025-06-10 10:20:38.000000,805.8,890340,316470,90,390,150
2025-06-10 10:20:38.000000,805.35,890790,316470,30,390,270
2025-06-10 10:20:39.000000,805.4,890790,316470,30,390,270
2025-06-10 10:20:39.000000,805.4,891060,316470,30,210,180
2025-06-10 10:20:40.000000,806.8,891060,316470,30,210,180
2025-06-10 10:20:40.000000,807.1,891120,316470,30,930,180
2025-06-10 10:20:41.000000,806.35,891120,316470,30,930,180
2025-06-10 10:20:41.000000,805.05,891240,316470,30,840,210
2025-06-10 10:20:42.000000,805.05,891240,316470,30,840,210
2025-06-10 10:20:43.000000,805.25,892230,316470,30,450,240
2025-06-10 10:20:43.000000,805.25,892230,316470,30,450,240
2025-06-10 10:20:44.000000,804.0,892230,316470,30,450,240
2025-06-10 10:20:44.000000,804.0,892320,316470,30,540,240
2025-06-10 10:20:45.000000,805.3,892320,316470,30,540,240
2025-06-10 10:20:45.000000,805.3,892350,316470,30,270,240
2025-06-10 10:20:46.000000,805.3,892350,316470,60,270,240
2025-06-10 10:20:46.000000,805.25,892530,316470,30,300,240
2025-06-10 10:20:47.000000,805.25,892530,316470,30,300,240
2025-06-10 10:20:48.000000,804.65,892620,316470,60,570,360
2025-06-10 10:20:48.000000,804.65,892620,316470,60,570,360
2025-06-10 10:20:49.000000,805.15,892770,316470,30,330,180
2025-06-10 10:20:49.000000,805.15,892770,316470,30,330,180
2025-06-10 10:20:50.000000,805.1,892770,316470,30,330,180
2025-06-10 10:20:50.000000,807.55,892860,316470,30,390,360
2025-06-10 10:20:51.000000,807.55,892860,316470,30,390,360
2025-06-10 10:20:51.000000,806.6,893010,316470,30,270,390
2025-06-10 10:20:52.000000,808.0,893010,316470,90,270,390
2025-06-10 10:20:52.000000,811.85,895020,316470,30,270,300
2025-06-10 10:20:53.000000,811.5,895020,316470,30,270,300
2025-06-10 10:20:54.000000,810.55,895350,316470,30,390,210
2025-06-10 10:20:54.000000,812.75,895350,316470,60,390,210
2025-06-10 10:20:55.000000,809.05,895350,316470,30,390,210
2025-06-10 10:20:55.000000,808.7,896190,316470,30,390,270
2025-06-10 10:20:56.000000,809.15,896190,316470,30,390,270
2025-06-10 10:20:56.000000,809.15,896550,316470,30,360,210
2025-06-10 10:20:57.000000,809.9,896550,316470,30,360,210
2025-06-10 10:20:57.000000,809.2,896730,316470,30,390,630
2025-06-10 10:20:58.000000,810.75,896730,316470,30,390,630
2025-06-10 10:20:58.000000,810.75,896850,316470,30,270,360
2025-06-10 10:20:59.000000,809.0,896850,316470,60,270,360
2025-06-10 10:21:00.000000,810.65,897060,316470,30,330,270
2025-06-10 10:21:00.000000,809.0,897060,316470,30,330,270
2025-06-10 10:21:00.000000,809.0,897060,316470,30,330,270
2025-06-10 10:21:01.000000,809.15,897060,316470,30,330,270
2025-06-10 10:21:01.000000,809.15,897360,316470,30,240,300
2025-06-10 10:21:02.000000,808.3,897360,316470,30,240,300
2025-06-10 10:21:02.000000,811.1,897690,316470,30,240,390
2025-06-10 10:21:03.000000,809.1,897690,316470,30,240,390
2025-06-10 10:21:03.000000,810.8,897960,316470,30,180,330
2025-06-10 10:21:04.000000,810.8,897960,316470,30,180,330
2025-06-10 10:21:05.000000,810.95,898680,316470,30,240,240
2025-06-10 10:21:05.000000,810.95,898680,316470,30,240,240
2025-06-10 10:21:06.000000,809.0,898680,316470,30,240,240
2025-06-10 10:21:06.000000,810.2,899070,316470,60,180,300
2025-06-10 10:21:07.000000,808.3,899070,316470,30,180,300
2025-06-10 10:21:07.000000,810.15,899430,316470,30,330,180
2025-06-10 10:21:08.000000,810.4,899430,316470,30,330,180
2025-06-10 10:21:08.000000,810.55,899580,316470,60,240,600
2025-06-10 10:21:09.000000,810.55,899580,316470,60,240,600
2025-06-10 10:21:10.000000,808.1,899790,316470,30,240,660
2025-06-10 10:21:10.000000,808.1,899790,316470,30,240,660
2025-06-10 10:21:11.000000,810.35,899790,316470,30,240,660
2025-06-10 10:21:11.000000,810.35,900030,316470,30,300,270
2025-06-10 10:21:12.000000,810.3,900030,316470,30,300,270
2025-06-10 10:21:12.000000,808.25,900180,316470,30,210,420
2025-06-10 10:21:13.000000,808.2,900180,316470,30,210,420
2025-06-10 10:21:13.000000,809.6,900510,316470,30,150,240
2025-06-10 10:21:14.000000,809.6,900510,316470,30,150,240
2025-06-10 10:21:14.000000,809.6,900510,316470,30,210,420
2025-06-10 10:21:15.000000,806.9,900510,316470,30,210,420
2025-06-10 10:21:16.000000,806.5,900630,316470,30,990,210
2025-06-10 10:21:16.000000,806.5,900630,316470,30,990,210
2025-06-10 10:21:17.000000,806.85,900630,316470,30,990,210
2025-06-10 10:21:17.000000,806.6,900840,316470,30,990,450
2025-06-10 10:21:18.000000,806.85,900840,316470,60,990,450
2025-06-10 10:21:18.000000,805.05,901080,316470,30,990,300
2025-06-10 10:21:19.000000,807.1,901080,316470,30,990,300
2025-06-10 10:21:19.000000,805.0,901530,316470,120,870,210
2025-06-10 10:21:20.000000,805.0,901530,316470,30,870,210
2025-06-10 10:21:21.000000,805.25,902550,316470,30,390,210
2025-06-10 10:21:21.000000,805.25,902550,316470,30,390,210
2025-06-10 10:21:22.000000,805.0,902550,316470,30,390,210
2025-06-10 10:21:22.000000,805.0,902580,316470,30,300,270
2025-06-10 10:21:23.000000,803.4,902580,316470,30,300,270
2025-06-10 10:21:23.000000,807.45,902940,316470,30,690,180
2025-06-10 10:21:24.000000,807.45,902940,316470,30,690,180
2025-06-10 10:21:24.000000,807.45,902940,316470,30,180,240
2025-06-10 10:21:25.000000,807.75,902940,316470,30,180,240
2025-06-10 10:21:26.000000,806.0,903090,316470,30,390,450
2025-06-10 10:21:26.000000,806.0,903090,316470,30,390,450
2025-06-10 10:21:27.000000,804.2,903090,316470,30,390,450
2025-06-10 10:21:27.000000,804.2,903210,316470,30,420,270
2025-06-10 10:21:28.000000,805.0,903210,316470,30,420,270
2025-06-10 10:21:28.000000,805.25,903780,316470,30,240,690
2025-06-10 10:21:29.000000,804.8,903780,316470,30,240,690
2025-06-10 10:21:29.000000,804.8,904080,316470,30,210,600
2025-06-10 10:21:30.000000,803.0,904080,316470,30,210,600
2025-06-10 10:21:30.000000,803.0,904080,316470,30,210,600
2025-06-10 10:21:31.000000,803.3,904080,316470,30,210,600
2025-06-10 10:21:31.000000,803.3,904230,316470,30,1200,180
2025-06-10 10:21:32.000000,803.5,904230,316470,30,1200,180
2025-06-10 10:21:32.000000,803.5,904590,316470,30,360,330
2025-06-10 10:21:33.000000,803.1,904590,316470,30,360,330
2025-06-10 10:21:33.000000,803.0,904860,316470,30,1260,870
2025-06-10 10:21:34.000000,803.0,904860,316470,30,1260,870
2025-06-10 10:21:34.000000,803.0,904860,316470,30,1230,1110
2025-06-10 10:21:35.000000,802.8,904860,316470,30,1230,1110
2025-06-10 10:21:36.000000,801.0,904860,316470,240,1230,1110
2025-06-10 10:21:36.000000,801.0,905370,316470,240,1530,210
2025-06-10 10:21:37.000000,801.9,905370,316470,30,1530,210
2025-06-10 10:21:37.000000,801.9,905490,316470,30,780,960
2025-06-10 10:21:38.000000,802.35,905490,316470,30,780,960
2025-06-10 10:21:38.000000,802.35,905850,316470,60,600,780
2025-06-10 10:21:39.000000,802.3,905850,316470,60,600,780
2025-06-10 10:21:39.000000,802.4,906090,316470,30,690,900
2025-06-10 10:21:40.000000,802.4,906090,314430,30,690,900
2025-06-10 10:21:41.000000,801.0,906090,314430,30,690,900
2025-06-10 10:21:41.000000,801.0,906180,314430,30,630,720
2025-06-10 10:21:42.000000,802.55,906180,314430,30,630,720
2025-06-10 10:21:42.000000,802.55,906210,314430,30,720,720
2025-06-10 10:21:43.000000,803.25,906210,314430,30,720,720
2025-06-10 10:21:43.000000,803.5,906300,314430,30,780,570
2025-06-10 10:21:44.000000,802.95,906300,314430,30,780,570
2025-06-10 10:21:44.000000,801.9,906360,314430,30,210,750
2025-06-10 10:21:45.000000,801.9,906360,314430,30,210,750
2025-06-10 10:21:46.000000,802.95,906360,314430,60,210,750
2025-06-10 10:21:46.000000,802.95,906420,314430,60,210,180
2025-06-10 10:21:47.000000,802.95,906420,314430,60,450,510
2025-06-10 10:21:47.000000,805.9,906420,314430,30,450,510
2025-06-10 10:21:48.000000,805.9,906720,314430,30,420,240
2025-06-10 10:21:48.000000,803.6,906720,314430,30,420,240
2025-06-10 10:21:49.000000,803.6,906750,314430,30,480,240
2025-06-10 10:21:50.000000,806.2,906750,314430,30,480,240
2025-06-10 10:21:50.000000,806.2,906780,314430,30,270,330
2025-06-10 10:21:51.000000,807.15,906780,314430,30,270,330
2025-06-10 10:21:52.000000,807.8,906780,314430,30,270,330
2025-06-10 10:21:52.000000,807.8,906870,314430,30,270,300
2025-06-10 10:21:53.000000,806.9,906870,314430,30,270,300
2025-06-10 10:21:53.000000,806.9,906930,314430,30,360,300
2025-06-10 10:21:54.000000,806.9,906930,314430,30,240,240
2025-06-10 10:21:54.000000,808.6,906930,314430,30,240,240
2025-06-10 10:21:55.000000,807.45,906930,314430,30,240,240
2025-06-10 10:21:55.000000,807.3,907080,314430,30,210,210
2025-06-10 10:21:56.000000,807.3,907080,314430,30,210,210
2025-06-10 10:21:57.000000,807.3,907080,314430,30,510,300
2025-06-10 10:21:57.000000,806.9,907080,314430,30,510,300
2025-06-10 10:21:58.000000,806.9,907140,314430,30,360,270
2025-06-10 10:21:59.000000,806.9,907140,314430,30,180,240
2025-06-10 10:22:00.000000,806.9,907140,314430,30,180,240
2025-06-10 10:22:00.000000,806.85,907140,314430,30,180,240
2025-06-10 10:22:00.000000,806.85,907170,314430,30,390,450
2025-06-10 10:22:01.000000,808.5,907170,314430,30,390,450
2025-06-10 10:22:02.000000,808.5,907200,314430,30,270,270
2025-06-10 10:22:02.000000,807.4,907200,314430,30,270,270
2025-06-10 10:22:03.000000,807.4,907290,314430,30,240,210
2025-06-10 10:22:03.000000,809.45,907290,314430,30,240,210
2025-06-10 10:22:04.000000,807.4,907290,314430,90,240,210
2025-06-10 10:22:04.000000,809.3,907620,314430,30,210,300
2025-06-10 10:22:05.000000,809.3,907620,314430,30,210,300
2025-06-10 10:22:05.000000,807.75,907710,314430,30,360,960
2025-06-10 10:22:06.000000,809.55,907710,314430,30,360,960
2025-06-10 10:22:07.000000,809.55,907830,314430,30,810,210
2025-06-10 10:22:07.000000,809.2,907830,314430,30,810,210
2025-06-10 10:22:08.000000,807.35,907830,314430,30,810,210
2025-06-10 10:22:08.000000,809.1,908190,314430,30,360,690
2025-06-10 10:22:09.000000,807.4,908190,314430,30,360,690
2025-06-10 10:22:09.000000,809.25,908460,314430,60,360,270
2025-06-10 10:22:10.000000,809.2,908460,314430,30,360,270
2025-06-10 10:22:10.000000,809.2,908490,314430,30,330,240
2025-06-10 10:22:11.000000,807.0,908490,314430,30,330,240
2025-06-10 10:22:11.000000,807.0,908520,314430,30,180,210
2025-06-10 10:22:12.000000,809.2,908520,314430,30,180,210
2025-06-10 10:22:13.000000,807.4,908520,314430,30,180,210
2025-06-10 10:22:13.000000,807.4,908610,314430,30,270,1050
2025-06-10 10:22:14.000000,807.4,908610,314430,30,270,1050
2025-06-10 10:22:14.000000,806.1,909870,314430,30,210,270
2025-06-10 10:22:15.000000,808.65,909870,314430,30,210,270
2025-06-10 10:22:15.000000,808.9,910080,314430,30,180,930
2025-06-10 10:22:16.000000,808.85,910080,314430,30,180,930
2025-06-10 10:22:16.000000,808.8,910350,314430,30,180,810
2025-06-10 10:22:17.000000,808.8,910350,314430,30,180,810
2025-06-10 10:22:18.000000,806.45,910350,314430,30,180,810
2025-06-10 10:22:18.000000,808.35,910470,314430,30,240,270
2025-06-10 10:22:19.000000,805.0,910470,314430,30,240,270
2025-06-10 10:22:19.000000,805.0,910560,314430,30,180,240
2025-06-10 10:22:20.000000,806.6,910560,314430,30,180,240
2025-06-10 10:22:20.000000,806.95,910710,314430,30,240,330
2025-06-10 10:22:21.000000,806.95,910710,314430,30,240,330
2025-06-10 10:22:21.000000,805.05,910740,314430,30,240,480
2025-06-10 10:22:22.000000,805.05,910740,314430,30,240,480
2025-06-10 10:22:22.000000,806.05,910800,314430,30,180,390
2025-06-10 10:22:23.000000,806.2,910800,314430,30,180,390
2025-06-10 10:22:24.000000,806.05,910800,314430,30,180,390
2025-06-10 10:22:24.000000,806.05,910890,314430,30,180,240
2025-06-10 10:22:25.000000,806.0,910890,314430,30,180,240
2025-06-10 10:22:25.000000,806.0,911010,314430,30,210,300
2025-06-10 10:22:26.000000,806.95,911010,314430,30,210,300
2025-06-10 10:22:26.000000,807.5,911310,314430,60,210,360
2025-06-10 10:22:27.000000,807.6,911310,314430,30,210,360
2025-06-10 10:22:27.000000,807.6,911430,314430,30,420,240
2025-06-10 10:22:28.000000,805.95,911430,314430,30,420,240
2025-06-10 10:22:29.000000,805.95,911460,314430,30,270,300
2025-06-10 10:22:29.000000,808.0,911460,314430,30,270,300
2025-06-10 10:22:30.000000,808.0,911550,314430,30,240,240
2025-06-10 10:22:30.000000,808.0,911550,314430,30,240,240
2025-06-10 10:22:30.000000,805.9,911550,314430,30,240,240
2025-06-10 10:22:31.000000,807.85,911550,314430,30,240,240
2025-06-10 10:22:31.000000,807.85,911610,314430,30,450,300
2025-06-10 10:22:32.000000,807.65,911610,314430,30,450,300
2025-06-10 10:22:32.000000,807.65,911790,314430,30,420,150
2025-06-10 10:22:33.000000,807.65,911790,314430,30,420,150
2025-06-10 10:22:33.000000,807.9,911820,314430,30,300,450
2025-06-10 10:22:34.000000,807.9,911820,314430,30,300,450
2025-06-10 10:22:35.000000,805.75,911820,314430,30,300,450
2025-06-10 10:22:35.000000,805.75,911940,314430,30,210,240
2025-06-10 10:22:36.000000,806.0,911940,314430,30,210,240
2025-06-10 10:22:36.000000,808.0,912000,314430,30,540,270
2025-06-10 10:22:37.000000,808.0,912000,314430,30,540,270
2025-06-10 10:22:37.000000,808.8,912180,314430,30,330,900
2025-06-10 10:22:38.000000,807.0,912180,314430,30,330,900
2025-06-10 10:22:38.000000,808.2,912360,314430,30,510,330
2025-06-10 10:22:39.000000,807.7,912360,314430,30,510,330
2025-06-10 10:22:39.000000,808.2,912630,314430,30,390,900
2025-06-10 10:22:40.000000,808.2,912630,314430,30,390,900
2025-06-10 10:22:41.000000,808.5,912630,314430,30,390,900
2025-06-10 10:22:41.000000,808.5,912660,314430,30,420,240
2025-06-10 10:22:42.000000,807.0,912660,314430,30,420,240
2025-06-10 10:22:42.000000,808.0,912780,314430,30,510,240
2025-06-10 10:22:43.000000,808.0,912780,314430,30,510,240
2025-06-10 10:22:43.000000,808.0,912780,314430,30,660,270
2025-06-10 10:22:44.000000,807.9,912780,314430,30,660,270
2025-06-10 10:22:44.000000,807.9,912810,314430,30,450,270
2025-06-10 10:22:45.000000,808.0,912810,314430,30,450,270
2025-06-10 10:22:46.000000,808.0,912840,314430,30,180,810
2025-06-10 10:22:46.000000,806.55,912840,314430,30,180,810
2025-06-10 10:22:47.000000,806.55,912900,314430,30,150,330
2025-06-10 10:22:48.000000,808.5,912900,314430,30,150,330
2025-06-10 10:22:48.000000,808.5,912960,314430,30,750,900
2025-06-10 10:22:49.000000,808.0,912960,314430,30,750,900
2025-06-10 10:22:49.000000,808.35,913020,314430,30,270,420
2025-06-10 10:22:50.000000,808.45,913020,314430,30,270,420
2025-06-10 10:22:51.000000,808.75,913170,314430,30,600,990
2025-06-10 10:22:51.000000,808.75,913170,314430,30,600,990
2025-06-10 10:22:52.000000,808.75,913170,314430,30,210,810
2025-06-10 10:22:52.000000,806.95,913170,314430,30,210,810
2025-06-10 10:22:53.000000,808.35,913170,314430,30,210,810
2025-06-10 10:22:53.000000,808.35,913320,314430,30,180,330
2025-06-10 10:22:54.000000,808.45,913320,314430,30,180,330
2025-06-10 10:22:54.000000,808.45,913380,314430,30,210,900
2025-06-10 10:22:55.000000,806.7,913380,314430,30,210,900
2025-06-10 10:22:55.000000,806.7,913500,314430,30,630,960
2025-06-10 10:22:56.000000,806.35,913500,314430,30,630,960
2025-06-10 10:22:57.000000,808.45,913500,314430,30,630,960
2025-06-10 10:22:57.000000,808.45,913620,314430,30,180,330
2025-06-10 10:22:58.000000,808.45,913620,314430,30,510,270
2025-06-10 10:22:58.000000,808.2,913620,314430,30,510,270
2025-06-10 10:22:59.000000,805.9,913620,314430,30,510,270
2025-06-10 10:22:59.000000,805.9,913980,314430,30,750,270
2025-06-10 10:23:00.000000,805.9,913980,314430,30,750,270
2025-06-10 10:23:00.000000,807.6,913980,314430,30,750,270
2025-06-10 10:23:00.000000,807.6,914010,314430,30,210,330
2025-06-10 10:23:01.000000,805.75,914010,314430,30,210,330
2025-06-10 10:23:02.000000,805.7,914220,314430,30,240,240
2025-06-10 10:23:02.000000,805.7,914220,314430,30,240,240
2025-06-10 10:23:03.000000,805.2,914220,314430,30,240,240
2025-06-10 10:23:03.000000,807.7,914370,314430,30,540,360
2025-06-10 10:23:04.000000,807.4,914370,314430,30,540,360
2025-06-10 10:23:04.000000,807.4,914460,314430,30,390,270
2025-06-10 10:23:05.000000,805.0,914460,314430,90,390,270
2025-06-10 10:23:05.000000,805.0,914670,314430,90,420,480
2025-06-10 10:23:06.000000,805.0,914670,314430,30,420,480
2025-06-10 10:23:06.000000,803.55,915030,314430,30,210,270
2025-06-10 10:23:07.000000,805.75,915030,314430,30,210,270
2025-06-10 10:23:08.000000,805.75,915240,314430,30,270,420
2025-06-10 10:23:08.000000,805.7,915240,314430,30,270,420
2025-06-10 10:23:09.000000,803.8,915240,314430,30,270,420
2025-06-10 10:23:09.000000,805.85,915390,314430,30,360,210
2025-06-10 10:23:10.000000,805.8,915390,314430,30,360,210
2025-06-10 10:23:10.000000,805.8,915420,314430,30,510,300
2025-06-10 10:23:11.000000,802.95,915420,314430,30,510,300
2025-06-10 10:23:11.000000,804.15,915600,314430,30,540,390
2025-06-10 10:23:12.000000,802.25,915600,314430,30,540,390
2025-06-10 10:23:12.000000,802.25,915750,314430,30,210,210
2025-06-10 10:23:13.000000,803.3,915750,314430,30,210,210
2025-06-10 10:23:14.000000,805.35,915810,314430,30,360,150
2025-06-10 10:23:14.000000,805.35,915810,314430,30,360,150
2025-06-10 10:23:15.000000,804.55,915810,314430,30,360,150
2025-06-10 10:23:15.000000,804.55,915840,314430,30,270,150
2025-06-10 10:23:16.000000,806.75,915840,314430,30,270,150
2025-06-10 10:23:16.000000,806.75,915870,314430,30,210,300
2025-06-10 10:23:17.000000,806.75,915870,314430,30,180,150
2025-06-10 10:23:18.000000,806.75,915870,314430,30,180,150
2025-06-10 10:23:20.000000,806.75,915870,314430,30,180,270
2025-06-10 10:23:21.000000,806.75,915870,314430,30,240,300
2025-06-10 10:23:22.000000,806.75,915870,314430,30,300,180
2025-06-10 10:23:22.000000,806.75,915870,314430,30,300,180
2025-06-10 10:23:23.000000,805.2,915870,314430,30,300,180
2025-06-10 10:23:23.000000,805.2,915990,314430,30,270,240
2025-06-10 10:23:24.000000,806.75,915990,314430,30,270,240
2025-06-10 10:23:25.000000,806.75,916020,314430,30,180,150
2025-06-10 10:23:25.000000,806.0,916020,314430,30,180,150
2025-06-10 10:23:26.000000,806.0,916050,314430,30,180,510
2025-06-10 10:23:27.000000,804.0,916140,314430,30,480,240
2025-06-10 10:23:27.000000,804.0,916140,314430,30,480,240
2025-06-10 10:23:28.000000,802.4,916140,314430,30,480,240
2025-06-10 10:23:28.000000,803.85,916650,314430,30,270,840
2025-06-10 10:23:29.000000,804.7,916650,314430,30,270,840
2025-06-10 10:23:29.000000,804.7,916680,314430,30,330,630
2025-06-10 10:23:30.000000,804.7,916680,314430,30,330,630
2025-06-10 10:23:30.000000,803.85,916680,314430,60,330,630
2025-06-10 10:23:31.000000,803.85,916740,314430,60,240,870
2025-06-10 10:23:32.000000,803.85,916740,314430,60,330,660
2025-06-10 10:23:32.000000,803.0,916740,314430,30,330,660
2025-06-10 10:23:33.000000,803.05,916740,314430,30,330,660
2025-06-10 10:23:33.000000,803.05,916800,314430,30,630,1020
2025-06-10 10:23:34.000000,803.05,916800,314430,30,1020,240
2025-06-10 10:23:35.000000,803.0,916800,314430,60,1020,240
2025-06-10 10:23:36.000000,803.0,916890,314430,60,630,750
2025-06-10 10:23:36.000000,803.85,916890,314430,120,630,750
2025-06-10 10:23:37.000000,803.55,916890,314430,30,630,750
2025-06-10 10:23:37.000000,803.55,917130,314430,30,540,990
2025-06-10 10:23:38.000000,802.0,917130,314430,60,540,990
2025-06-10 10:23:38.000000,802.0,917430,314430,60,210,300
2025-06-10 10:23:39.000000,801.0,917430,314430,30,210,300
2025-06-10 10:23:39.000000,801.0,917940,314430,30,1380,240
2025-06-10 10:23:40.000000,800.45,917940,314430,30,1380,240
2025-06-10 10:23:40.000000,801.5,918000,314430,30,1530,450
2025-06-10 10:23:41.000000,798.0,918000,314430,30,1530,450
2025-06-10 10:23:42.000000,797.2,919650,314430,30,450,570
2025-06-10 10:23:42.000000,797.2,919650,314430,30,450,570
2025-06-10 10:23:43.000000,795.2,919650,314430,30,450,570
2025-06-10 10:23:43.000000,795.7,920010,314430,60,270,240
2025-06-10 10:23:44.000000,795.4,920010,314430,30,270,240
2025-06-10 10:23:44.000000,797.2,920310,314430,30,390,390
2025-06-10 10:23:45.000000,796.15,920310,314430,30,390,390
2025-06-10 10:23:45.000000,796.65,920460,314430,60,390,240
2025-06-10 10:23:46.000000,796.5,920460,314430,30,390,240
2025-06-10 10:23:47.000000,797.4,920760,314430,30,480,600
2025-06-10 10:23:47.000000,797.4,920760,314430,30,480,600
2025-06-10 10:23:48.000000,797.25,920760,314430,30,480,600
2025-06-10 10:23:48.000000,797.25,920790,314430,30,390,180
2025-06-10 10:23:49.000000,795.75,920790,314430,30,390,180
2025-06-10 10:23:49.000000,796.15,920880,314430,30,390,180
2025-06-10 10:23:50.000000,797.35,920880,314430,30,390,180
2025-06-10 10:23:50.000000,799.55,921030,314430,30,300,810
2025-06-10 10:23:51.000000,799.55,921030,314430,30,300,810
2025-06-10 10:23:52.000000,797.95,921120,314430,30,300,720
2025-06-10 10:23:52.000000,797.95,921120,314430,30,300,720
2025-06-10 10:23:53.000000,797.95,921120,314430,30,300,780
2025-06-10 10:23:53.000000,798.65,921120,314430,30,300,780
2025-06-10 10:23:54.000000,798.8,921120,314430,30,300,780
2025-06-10 10:23:54.000000,799.0,921270,314430,30,360,240
2025-06-10 10:23:55.000000,798.65,921270,314430,30,360,240
2025-06-10 10:23:55.000000,797.35,921330,314430,30,420,180
2025-06-10 10:23:56.000000,797.35,921330,314430,30,420,180
2025-06-10 10:23:56.000000,799.1,921360,314430,30,210,660
2025-06-10 10:23:57.000000,799.1,921360,314430,30,210,660
2025-06-10 10:23:58.000000,802.5,921390,314430,30,240,240
2025-06-10 10:23:58.000000,802.65,921390,314430,30,240,240
2025-06-10 10:23:59.000000,801.9,921390,314430,30,240,240
2025-06-10 10:23:59.000000,802.2,921540,314430,30,300,510
2025-06-10 10:24:00.000000,801.35,921540,314430,30,300,510
2025-06-10 10:24:00.000000,801.35,921540,314430,30,300,510
2025-06-10 10:24:00.000000,800.0,921660,314430,30,420,270
2025-06-10 10:24:01.000000,799.35,921660,314430,30,420,270
2025-06-10 10:24:01.000000,799.35,921690,314430,30,240,510
2025-06-10 10:24:02.000000,799.35,921720,314430,30,240,570
2025-06-10 10:24:02.000000,799.35,921720,314430,30,240,570
2025-06-10 10:24:03.000000,801.7,921720,314430,30,240,570
2025-06-10 10:24:04.000000,799.7,921870,314430,30,240,240
2025-06-10 10:24:04.000000,799.7,921870,314430,30,240,240
2025-06-10 10:24:05.000000,801.25,921870,314430,30,240,240
2025-06-10 10:24:05.000000,801.25,921900,314430,30,330,420
2025-06-10 10:24:06.000000,799.15,921900,314430,30,330,420
2025-06-10 10:24:06.000000,801.4,922440,314430,60,390,480
2025-06-10 10:24:07.000000,801.4,922440,314430,60,390,480
2025-06-10 10:24:07.000000,801.4,922440,314430,60,390,330
2025-06-10 10:24:08.000000,798.8,922440,314430,30,390,330
2025-06-10 10:24:09.000000,800.8,922770,314430,30,210,750
2025-06-10 10:24:09.000000,800.8,922770,314430,30,210,750
2025-06-10 10:24:10.000000,800.0,922770,314430,30,210,750
2025-06-10 10:24:10.000000,800.0,922800,314430,30,210,450
2025-06-10 10:24:11.000000,800.0,922800,314430,30,210,690
2025-06-10 10:24:12.000000,800.0,922800,314430,30,180,270
2025-06-10 10:24:13.000000,801.95,922860,314430,30,210,240
2025-06-10 10:24:13.000000,801.95,922860,314430,30,210,240
2025-06-10 10:24:15.000000,801.95,922860,314430,30,300,900
2025-06-10 10:24:16.000000,800.0,922860,314430,30,300,900
2025-06-10 10:24:16.000000,800.0,922890,314430,30,210,750
2025-06-10 10:24:17.000000,800.0,922890,314430,30,270,540
2025-06-10 10:24:17.000000,801.4,922890,314430,30,270,540
2025-06-10 10:24:18.000000,800.0,922890,314430,30,270,540
2025-06-10 10:24:18.000000,800.0,922950,314430,30,180,1590
2025-06-10 10:24:19.000000,799.55,922950,314430,30,180,1590
2025-06-10 10:24:19.000000,799.55,923070,314430,30,180,450
2025-06-10 10:24:21.000000,799.55,923070,314430,30,180,330
2025-06-10 10:24:22.000000,799.55,923070,314430,30,210,240
2025-06-10 10:24:22.000000,798.65,923070,314430,30,210,240
2025-06-10 10:24:23.000000,798.65,923190,314430,30,300,570
2025-06-10 10:24:24.000000,798.15,923190,314430,30,300,570
2025-06-10 10:24:24.000000,798.15,923220,314430,30,240,810
2025-06-10 10:24:25.000000,798.4,923220,314430,30,240,810
2025-06-10 10:24:26.000000,798.4,923250,314430,30,180,270
2025-06-10 10:24:27.000000,796.55,923250,314430,30,180,270
2025-06-10 10:24:27.000000,796.55,923340,314430,30,450,270
2025-06-10 10:24:28.000000,794.0,923340,314430,60,450,270
2025-06-10 10:24:28.000000,794.0,923880,314430,60,300,360
2025-06-10 10:24:29.000000,790.4,923880,314430,30,300,360
2025-06-10 10:24:29.000000,791.15,924930,314430,30,420,270
2025-06-10 10:24:30.000000,791.15,924930,314430,30,420,270
2025-06-10 10:24:30.000000,791.15,924930,314430,30,420,270
2025-06-10 10:24:30.000000,791.35,924960,314430,30,240,360
2025-06-10 10:24:31.000000,790.8,924960,314430,90,240,360
2025-06-10 10:24:32.000000,790.7,925380,314430,30,300,240
2025-06-10 10:24:32.000000,790.7,925380,314430,30,300,240
2025-06-10 10:24:33.000000,790.55,925380,314430,30,300,240
2025-06-10 10:24:33.000000,789.7,926430,314430,30,390,330
2025-06-10 10:24:34.000000,791.15,926430,314430,30,390,330
2025-06-10 10:24:34.000000,791.6,927180,314430,30,450,210
2025-06-10 10:24:35.000000,791.7,927180,314430,30,450,210
2025-06-10 10:24:35.000000,795.75,927660,314430,30,180,540
2025-06-10 10:24:36.000000,795.75,927660,314430,30,180,540
2025-06-10 10:24:37.000000,797.6,927750,314430,30,150,300
2025-06-10 10:24:37.000000,797.6,927750,314430,30,150,300
2025-06-10 10:24:38.000000,797.25,927750,314430,30,150,300
2025-06-10 10:24:38.000000,797.25,927900,314430,30,210,240
2025-06-10 10:24:39.000000,795.6,927900,314430,60,210,240
2025-06-10 10:24:39.000000,795.6,928530,314430,60,300,330
2025-06-10 10:24:40.000000,795.15,928530,314430,30,300,330
2025-06-10 10:24:40.000000,795.05,928620,314430,30,270,420
2025-06-10 10:24:41.000000,795.05,928620,317400,30,270,420
2025-06-10 10:24:41.000000,794.3,928650,317400,30,150,330
2025-06-10 10:24:42.000000,793.7,928650,317400,30,150,330
2025-06-10 10:24:43.000000,791.75,928740,317400,30,330,270
2025-06-10 10:24:43.000000,791.75,928740,317400,30,330,270
2025-06-10 10:24:44.000000,791.1,928740,317400,30,330,270
2025-06-10 10:24:44.000000,791.1,928770,317400,30,210,180
2025-06-10 10:24:45.000000,790.0,928770,317400,90,210,180
2025-06-10 10:24:45.000000,787.1,929160,317400,60,240,330
2025-06-10 10:24:46.000000,787.2,929160,317400,30,240,330
2025-06-10 10:24:46.000000,786.85,929610,317400,60,150,270
2025-06-10 10:24:47.000000,786.85,929610,317400,60,150,270
2025-06-10 10:24:48.000000,785.35,930120,317400,30,330,420
2025-06-10 10:24:48.000000,785.35,930120,317400,30,330,420
2025-06-10 10:24:49.000000,785.1,930120,317400,30,330,420
2025-06-10 10:24:49.000000,785.1,930510,317400,30,540,300
2025-06-10 10:24:50.000000,785.0,930510,317400,30,540,300
2025-06-10 10:24:50.000000,785.0,930660,317400,30,510,360
2025-06-10 10:24:51.000000,785.0,930660,317400,30,510,360
2025-06-10 10:24:51.000000,785.0,930960,317400,90,630,180
2025-06-10 10:24:52.000000,785.05,930960,317400,30,630,180
2025-06-10 10:24:53.000000,784.0,931050,317400,30,150,150
2025-06-10 10:24:53.000000,784.5,931050,317400,30,150,150
2025-06-10 10:24:54.000000,786.1,931050,317400,60,150,150
2025-06-10 10:24:54.000000,783.85,931830,317400,30,360,540
2025-06-10 10:24:55.000000,786.05,931830,317400,30,360,540
2025-06-10 10:24:55.000000,786.05,931890,317400,30,300,240
2025-06-10 10:24:56.000000,785.85,931890,317400,30,300,240
2025-06-10 10:24:56.000000,783.75,931980,317400,30,480,240
2025-06-10 10:24:57.000000,783.0,931980,317400,30,480,240
2025-06-10 10:24:58.000000,784.7,932370,317400,30,780,270
2025-06-10 10:24:58.000000,782.5,932370,317400,30,780,270
2025-06-10 10:24:59.000000,782.2,932370,317400,30,780,270
2025-06-10 10:24:59.000000,782.2,932430,317400,30,540,240
2025-06-10 10:25:00.000000,782.75,932430,317400,30,540,240
2025-06-10 10:25:00.000000,782.75,932430,317400,30,540,240
2025-06-10 10:25:00.000000,783.1,932760,317400,150,270,330
2025-06-10 10:25:01.000000,784.95,932760,317400,30,270,330
2025-06-10 10:25:01.000000,784.95,932850,317400,30,210,210
2025-06-10 10:25:02.000000,782.95,932850,317400,30,210,210
2025-06-10 10:25:03.000000,782.95,932880,317400,30,330,420
2025-06-10 10:25:03.000000,782.8,932880,317400,30,330,420
2025-06-10 10:25:04.000000,784.75,932880,317400,30,330,420
2025-06-10 10:25:04.000000,784.75,933120,317400,30,180,300
2025-06-10 10:25:05.000000,783.6,933120,317400,30,180,300
2025-06-10 10:25:05.000000,783.85,933210,317400,30,570,240
2025-06-10 10:25:06.000000,783.55,933210,317400,30,570,240
2025-06-10 10:25:06.000000,783.55,933300,317400,30,630,360
2025-06-10 10:25:07.000000,783.3,933300,317400,30,630,360
2025-06-10 10:25:08.000000,781.2,933660,317400,30,990,300
2025-06-10 10:25:08.000000,781.05,933660,317400,30,990,300
2025-06-10 10:25:09.000000,783.15,933660,317400,30,990,300
2025-06-10 10:25:09.000000,783.15,934080,317400,30,270,210
2025-06-10 10:25:10.000000,780.25,934080,317400,30,270,210
2025-06-10 10:25:10.000000,780.25,934800,317400,30,1500,150
2025-06-10 10:25:11.000000,781.8,934800,317400,30,1500,150
2025-06-10 10:25:11.000000,781.8,935010,317400,30,870,420
2025-06-10 10:25:12.000000,779.45,935010,317400,30,870,420
2025-06-10 10:25:13.000000,778.0,936780,317400,30,210,270
2025-06-10 10:25:13.000000,778.55,936780,317400,30,210,270
2025-06-10 10:25:14.000000,777.9,936780,317400,30,210,270
2025-06-10 10:25:14.000000,777.9,937950,317400,30,240,180
2025-06-10 10:25:15.000000,780.6,937950,317400,30,240,180
2025-06-10 10:25:15.000000,780.3,939150,317400,30,210,210
2025-06-10 10:25:16.000000,778.4,939150,317400,30,210,210
2025-06-10 10:25:16.000000,780.0,939690,317400,30,360,360
2025-06-10 10:25:17.000000,780.0,939690,317400,30,360,360
2025-06-10 10:25:18.000000,779.85,940170,317400,30,240,270
2025-06-10 10:25:18.000000,783.0,940170,317400,30,240,270
2025-06-10 10:25:19.000000,782.3,940170,317400,30,240,270
2025-06-10 10:25:19.000000,782.3,941640,317400,30,300,570
2025-06-10 10:25:20.000000,782.3,941640,317400,30,210,300
2025-06-10 10:25:20.000000,785.0,941640,317400,30,210,300
2025-06-10 10:25:21.000000,786.5,941640,317400,30,210,300
2025-06-10 10:25:21.000000,786.5,941820,317400,30,210,210
2025-06-10 10:25:22.000000,785.25,941820,317400,30,210,210
2025-06-10 10:25:23.000000,783.75,941910,317400,30,210,240
2025-06-10 10:25:23.000000,783.75,941910,317400,30,210,240
2025-06-10 10:25:24.000000,785.05,941910,317400,30,210,240
2025-06-10 10:25:24.000000,785.05,941970,317400,30,270,330
2025-06-10 10:25:25.000000,784.0,941970,317400,30,270,330
2025-06-10 10:25:25.000000,784.0,942030,317400,30,480,450
2025-06-10 10:25:26.000000,784.85,942030,317400,30,480,450
2025-06-10 10:25:26.000000,784.85,942120,317400,30,240,390
2025-06-10 10:25:27.000000,784.2,942120,317400,30,240,390
2025-06-10 10:25:28.000000,784.2,942240,317400,30,210,480
2025-06-10 10:25:28.000000,783.0,942240,317400,90,210,480
2025-06-10 10:25:29.000000,783.0,942330,317400,90,360,270
2025-06-10 10:25:30.000000,781.65,942330,317400,30,360,270
2025-06-10 10:25:30.000000,781.65,942330,317400,30,360,270
2025-06-10 10:25:30.000000,781.65,942360,317400,30,330,360
2025-06-10 10:25:31.000000,782.65,942360,317400,30,330,360
2025-06-10 10:25:31.000000,782.65,942420,317400,30,300,330
2025-06-10 10:25:32.000000,784.5,942420,317400,30,300,330
2025-06-10 10:25:33.000000,784.55,942570,317400,30,240,420
2025-06-10 10:25:33.000000,783.3,942570,317400,30,240,420
2025-06-10 10:25:34.000000,783.25,942570,317400,30,240,420
2025-06-10 10:25:34.000000,783.25,942660,317400,30,240,360
2025-06-10 10:25:35.000000,783.25,942660,317400,30,300,450
2025-06-10 10:25:36.000000,783.25,942660,317400,30,660,450
2025-06-10 10:25:37.000000,781.65,942720,317400,30,570,390
2025-06-10 10:25:38.000000,781.65,942720,317400,30,570,390
2025-06-10 10:25:38.000000,780.5,942720,317400,240,570,390
2025-06-10 10:25:39.000000,783.15,942720,317400,30,570,390
2025-06-10 10:25:39.000000,783.15,943350,317400,30,300,420
2025-06-10 10:25:40.000000,780.5,943350,317400,240,300,420
2025-06-10 10:25:40.000000,780.8,943800,317400,30,1140,210
2025-06-10 10:25:41.000000,782.2,943800,317400,30,1140,210
2025-06-10 10:25:41.000000,782.2,943830,317400,30,720,840
2025-06-10 10:25:42.000000,780.0,943830,317400,30,720,840
2025-06-10 10:25:42.000000,780.0,943920,317400,30,810,540
2025-06-10 10:25:43.000000,781.8,943920,317400,30,810,540
2025-06-10 10:25:44.000000,780.2,944130,317400,30,210,480
2025-06-10 10:25:44.000000,780.2,944130,317400,30,210,480
2025-06-10 10:25:45.000000,783.1,944130,317400,30,210,480
2025-06-10 10:25:45.000000,782.55,944220,317400,30,210,630
2025-06-10 10:25:46.000000,782.35,944220,317400,30,210,630
2025-06-10 10:25:46.000000,782.35,944280,317400,30,390,180
2025-06-10 10:25:47.000000,782.35,944280,317400,30,180,450
2025-06-10 10:25:49.000000,782.35,944280,317400,30,210,270
2025-06-10 10:25:50.000000,782.35,944280,317400,30,210,300
2025-06-10 10:25:51.000000,782.35,944280,317400,30,240,210
2025-06-10 10:25:52.000000,783.25,944280,317400,30,240,210
2025-06-10 10:25:52.000000,783.0,944280,317400,30,240,210
2025-06-10 10:25:52.000000,783.0,944400,317400,30,240,720
2025-06-10 10:25:53.000000,783.05,944400,317400,30,240,720
2025-06-10 10:25:53.000000,783.05,944430,317400,30,210,690
2025-06-10 10:25:54.000000,783.35,944430,317400,30,210,690
2025-06-10 10:25:55.000000,783.35,944880,317400,30,240,330
2025-06-10 10:25:55.000000,788.65,944880,317400,30,240,330
2025-06-10 10:25:56.000000,788.05,944880,317400,120,240,330
2025-06-10 10:25:56.000000,788.05,945960,317400,120,480,390
2025-06-10 10:25:57.000000,788.05,945960,317400,120,240,390
2025-06-10 10:25:58.000000,786.65,945960,317400,30,240,390
2025-06-10 10:25:58.000000,786.65,946050,317400,30,270,420
2025-06-10 10:25:59.000000,788.85,946050,317400,30,270,420
2025-06-10 10:26:00.000000,788.85,946080,317400,30,330,390
2025-06-10 10:26:00.000000,788.85,946080,317400,30,330,390
2025-06-10 10:26:01.000000,788.85,946080,317400,30,330,420
2025-06-10 10:26:01.000000,786.65,946080,317400,30,330,420
2025-06-10 10:26:02.000000,790.0,946080,317400,30,330,420
2025-06-10 10:26:02.000000,790.0,946320,317400,30,240,240
2025-06-10 10:26:03.000000,790.0,946320,317400,30,240,360
2025-06-10 10:26:05.000000,790.0,946320,317400,30,180,390
2025-06-10 10:26:05.000000,790.1,946320,317400,30,180,390
2025-06-10 10:26:06.000000,790.5,946320,317400,30,180,390
2025-06-10 10:26:06.000000,790.5,946710,317400,30,180,180
2025-06-10 10:26:07.000000,790.5,946710,317400,30,180,330
2025-06-10 10:26:08.000000,789.7,946710,317400,30,180,330
2025-06-10 10:26:08.000000,789.7,946740,317400,30,180,330
2025-06-10 10:26:10.000000,790.1,946740,317400,30,180,330
2025-06-10 10:26:10.000000,790.1,946770,317400,30,150,270
2025-06-10 10:26:11.000000,788.85,946770,317400,30,150,270
2025-06-10 10:26:11.000000,788.7,946770,317400,30,150,270
2025-06-10 10:26:11.000000,788.7,946860,317400,30,270,420
2025-06-10 10:26:12.000000,788.7,946860,317400,30,210,450
2025-06-10 10:26:12.000000,789.45,946860,317400,30,210,450
2025-06-10 10:26:13.000000,789.05,946860,317400,30,210,450
2025-06-10 10:26:13.000000,790.5,947100,317400,60,210,180
2025-06-10 10:26:14.000000,790.0,947100,317400,30,210,180
2025-06-10 10:26:15.000000,790.25,947190,317400,30,150,330
2025-06-10 10:26:15.000000,790.25,947190,317400,30,150,330
2025-06-10 10:26:16.000000,790.0,947190,317400,30,150,330
2025-06-10 10:26:16.000000,790.0,947220,317400,30,210,390
2025-06-10 10:26:17.000000,790.0,947220,317400,30,300,510
2025-06-10 10:26:17.000000,788.7,947220,317400,150,300,510
2025-06-10 10:26:18.000000,787.55,947220,317400,30,300,510
2025-06-10 10:26:18.000000,787.55,947550,317400,30,330,330
2025-06-10 10:26:19.000000,785.3,947550,317400,30,330,330
2025-06-10 10:26:19.000000,785.3,947580,317400,30,270,210
2025-06-10 10:26:20.000000,785.25,947580,317400,30,270,210
2025-06-10 10:26:21.000000,785.0,947580,317400,30,270,210
2025-06-10 10:26:21.000000,785.0,947700,317400,30,300,180
2025-06-10 10:26:22.000000,786.6,947700,317400,30,300,180
2025-06-10 10:26:22.000000,786.6,947730,317400,30,240,330
2025-06-10 10:26:23.000000,786.4,947730,317400,30,240,330
2025-06-10 10:26:23.000000,786.4,947760,317400,30,300,300
2025-06-10 10:26:24.000000,786.4,947760,317400,30,270,270
2025-06-10 10:26:26.000000,786.4,947760,317400,30,270,270
2025-06-10 10:26:27.000000,786.4,947760,317400,30,360,270
2025-06-10 10:26:28.000000,788.65,947760,317400,30,360,270
2025-06-10 10:26:28.000000,788.65,947790,317400,30,180,270
2025-06-10 10:26:29.000000,788.65,947790,317400,30,300,240
2025-06-10 10:26:30.000000,788.65,947790,317400,30,300,240
2025-06-10 10:26:31.000000,788.65,947790,317400,30,240,270
2025-06-10 10:26:31.000000,788.1,947790,317400,30,240,270
2025-06-10 10:26:32.000000,786.7,947790,317400,30,240,270
2025-06-10 10:26:32.000000,786.7,947850,317400,30,150,360
2025-06-10 10:26:33.000000,786.4,947850,317400,30,150,360
2025-06-10 10:26:33.000000,786.4,947880,317400,30,390,270
2025-06-10 10:26:34.000000,786.4,947880,317400,30,390,270
2025-06-10 10:26:35.000000,786.6,947880,317400,30,390,270
2025-06-10 10:26:36.000000,786.6,947910,317400,30,420,420
2025-06-10 10:26:36.000000,786.4,947910,317400,30,420,420
2025-06-10 10:26:37.000000,786.75,947910,317400,30,420,420
2025-06-10 10:26:37.000000,786.75,948000,317400,30,450,240
2025-06-10 10:26:38.000000,786.75,948000,317400,30,390,180
2025-06-10 10:26:39.000000,786.75,948000,317400,30,330,210
2025-06-10 10:26:40.000000,786.0,948030,317400,30,300,240
2025-06-10 10:26:41.000000,786.0,948030,317400,30,300,240
2025-06-10 10:26:42.000000,786.15,948030,317400,30,300,240
2025-06-10 10:26:42.000000,786.15,948060,317400,30,390,180
2025-06-10 10:26:43.000000,786.15,948060,317400,30,420,180
2025-06-10 10:26:44.000000,787.2,948060,317400,30,420,180
2025-06-10 10:26:44.000000,785.4,948150,317400,30,450,180
2025-06-10 10:26:44.000000,785.4,948150,317400,30,450,180
2025-06-10 10:26:45.000000,785.4,948150,317400,30,420,390
2025-06-10 10:26:47.000000,785.4,948150,317400,30,330,300
2025-06-10 10:26:47.000000,785.15,948150,317400,30,330,300
2025-06-10 10:26:48.000000,785.8,948150,317400,30,330,300
2025-06-10 10:26:48.000000,785.8,948270,317400,30,300,240
2025-06-10 10:26:49.000000,787.45,948270,317400,30,300,240
2025-06-10 10:26:49.000000,787.45,948330,317400,30,570,210
2025-06-10 10:26:50.000000,788.0,948330,317400,30,570,210
2025-06-10 10:26:50.000000,788.0,948360,317400,30,210,210
2025-06-10 10:26:51.000000,788.0,948360,317400,30,240,180
2025-06-10 10:26:53.000000,788.0,948360,317400,30,270,300
2025-06-10 10:26:53.000000,786.75,948360,317400,30,270,300
2025-06-10 10:26:54.000000,787.8,948360,317400,30,270,300
2025-06-10 10:26:54.000000,787.8,948420,317400,30,270,210
2025-06-10 10:26:55.000000,786.75,948420,317400,30,270,210
2025-06-10 10:26:55.000000,786.75,948450,317400,30,270,270
2025-06-10 10:26:56.000000,786.75,948450,317400,60,270,270
2025-06-10 10:26:56.000000,786.75,948510,317400,60,360,390
2025-06-10 10:26:57.000000,785.4,948510,317400,30,360,390
2025-06-10 10:26:58.000000,785.4,948540,317400,30,360,360
2025-06-10 10:26:58.000000,786.75,948540,317400,30,360,360
2025-06-10 10:26:59.000000,788.0,948540,317400,60,360,360
2025-06-10 10:26:59.000000,788.0,948780,317400,60,210,390
2025-06-10 10:27:00.000000,788.05,948780,317400,30,210,390
2025-06-10 10:27:00.000000,788.05,948780,317400,30,210,390
2025-06-10 10:27:00.000000,788.05,948810,317400,30,180,450
2025-06-10 10:27:01.000000,788.0,948810,317400,30,180,450
2025-06-10 10:27:01.000000,788.0,948870,317400,30,210,210
2025-06-10 10:27:03.000000,787.5,948960,317400,30,300,270
2025-06-10 10:27:03.000000,787.5,948960,317400,30,300,270
2025-06-10 10:27:04.000000,787.5,948960,317400,30,240,420
2025-06-10 10:27:04.000000,787.6,948960,317400,30,240,420
2025-06-10 10:27:05.000000,787.6,949020,317400,30,390,450
2025-06-10 10:27:06.000000,790.0,949020,317400,30,390,450
2025-06-10 10:27:06.000000,790.0,949110,317400,30,210,210
2025-06-10 10:27:06.000000,788.55,949110,317400,30,210,210
2025-06-10 10:27:07.000000,790.0,949110,317400,30,210,210
2025-06-10 10:27:08.000000,788.7,949230,317400,30,360,330
2025-06-10 10:27:08.000000,788.7,949230,317400,30,360,330
2025-06-10 10:27:09.000000,789.6,949230,317400,30,360,330
2025-06-10 10:27:09.000000,789.6,949320,317400,30,240,210
2025-06-10 10:27:10.000000,789.1,949320,317400,30,240,210
2025-06-10 10:27:10.000000,789.1,949410,317400,30,330,300
2025-06-10 10:27:11.000000,788.45,949410,317400,30,330,300
2025-06-10 10:27:11.000000,788.45,949470,317400,30,180,180
2025-06-10 10:27:13.000000,788.45,949470,317400,30,510,180
2025-06-10 10:27:14.000000,785.0,949470,317400,60,510,180
2025-06-10 10:27:14.000000,785.0,949980,317400,60,330,210
2025-06-10 10:27:14.000000,786.65,949980,317400,30,330,210
2025-06-10 10:27:15.000000,784.65,949980,317400,30,330,210
2025-06-10 10:27:15.000000,784.65,950340,317400,30,270,180
2025-06-10 10:27:16.000000,786.7,950340,317400,30,270,180
2025-06-10 10:27:16.000000,786.7,950400,317400,30,210,210
2025-06-10 10:27:17.000000,787.8,950400,317400,30,210,210
2025-06-10 10:27:18.000000,787.8,950520,317400,30,360,300
2025-06-10 10:27:19.000000,787.35,950520,317400,30,360,300
2025-06-10 10:27:19.000000,787.35,950820,317400,30,390,300
2025-06-10 10:27:20.000000,787.35,950820,317400,30,210,240
2025-06-10 10:27:21.000000,785.0,950820,317400,30,210,240
2025-06-10 10:27:21.000000,785.0,950850,317400,30,180,270
2025-06-10 10:27:23.000000,785.0,950850,317400,30,210,240
2025-06-10 10:27:23.000000,784.7,950850,317400,30,210,240
2025-06-10 10:27:24.000000,784.8,950970,317400,30,300,240
2025-06-10 10:27:24.000000,784.8,950970,317400,30,300,240
2025-06-10 10:27:25.000000,784.8,950970,317400,30,360,300
2025-06-10 10:27:26.000000,784.7,950970,317400,30,360,300
2025-06-10 10:27:26.000000,784.7,951000,317400,30,300,300
2025-06-10 10:27:27.000000,784.7,951000,317400,30,300,300
2025-06-10 10:27:27.000000,784.45,951270,317400,30,270,300
2025-06-10 10:27:28.000000,784.45,951270,317400,30,270,300
2025-06-10 10:27:29.000000,783.1,951300,317400,30,300,270
2025-06-10 10:27:29.000000,783.1,951300,317400,30,300,270
2025-06-10 10:27:30.000000,784.85,951360,317400,30,420,360
2025-06-10 10:27:30.000000,784.85,951360,317400,30,420,360
2025-06-10 10:27:30.000000,784.85,951360,317400,30,420,360
2025-06-10 10:27:31.000000,785.15,951360,317400,30,420,360
2025-06-10 10:27:31.000000,785.15,951390,317400,30,240,360
2025-06-10 10:27:32.000000,785.15,951390,317400,30,180,240
2025-06-10 10:27:34.000000,785.15,951390,317400,30,270,210
2025-06-10 10:27:35.000000,785.15,951390,317400,30,270,210
2025-06-10 10:27:35.000000,785.15,951420,317400,30,240,300
2025-06-10 10:27:36.000000,785.15,951420,317400,30,180,360
2025-06-10 10:27:36.000000,786.7,951420,317400,30,180,360
2025-06-10 10:27:37.000000,786.7,951450,317400,30,180,300
2025-06-10 10:27:38.000000,780.0,951450,317400,30,180,300
2025-06-10 10:27:39.000000,777.35,952680,317400,30,420,390
2025-06-10 10:27:39.000000,776.65,952680,317400,30,420,390
2025-06-10 10:27:40.000000,776.65,952800,317400,30,270,240
2025-06-10 10:27:40.000000,777.5,952800,317400,30,270,240
2025-06-10 10:27:41.000000,775.0,952800,313830,30,270,240
2025-06-10 10:27:41.000000,775.0,954360,313830,30,360,330
2025-06-10 10:27:42.000000,775.25,954360,313830,30,360,330
2025-06-10 10:27:42.000000,776.15,955110,313830,30,390,240
2025-06-10 10:27:43.000000,774.8,955110,313830,30,390,240
2025-06-10 10:27:44.000000,775.15,955350,313830,30,1170,210
2025-06-10 10:27:44.000000,775.45,955350,313830,30,1170,210
2025-06-10 10:27:45.000000,775.25,955920,313830,90,930,300
2025-06-10 10:27:45.000000,775.25,955920,313830,90,930,300
2025-06-10 10:27:46.000000,777.15,955920,313830,30,930,300
2025-06-10 10:27:46.000000,777.15,955980,313830,30,300,150
2025-06-10 10:27:47.000000,770.0,955980,313830,30,300,150
2025-06-10 10:27:47.000000,770.0,958950,313830,30,510,390
2025-06-10 10:27:48.000000,769.6,958950,313830,30,510,390
2025-06-10 10:27:49.000000,768.85,959700,313830,30,390,180
2025-06-10 10:27:49.000000,770.45,959700,313830,30,390,180
2025-06-10 10:27:50.000000,770.45,959970,313830,30,450,270
2025-06-10 10:27:50.000000,770.45,959970,313830,30,450,270
2025-06-10 10:27:51.000000,769.25,959970,313830,30,450,270
2025-06-10 10:27:51.000000,769.25,960330,313830,30,390,360
2025-06-10 10:27:52.000000,770.85,960330,313830,30,390,360
2025-06-10 10:27:52.000000,770.75,960690,313830,30,300,240
2025-06-10 10:27:53.000000,771.7,960690,313830,30,300,240
2025-06-10 10:27:53.000000,772.55,961110,313830,30,300,360
2025-06-10 10:27:54.000000,772.55,961110,313830,30,300,360
2025-06-10 10:27:55.000000,772.55,961110,313830,30,330,300
2025-06-10 10:27:56.000000,774.3,961110,313830,30,330,300
2025-06-10 10:27:56.000000,776.15,961110,313830,30,330,300
2025-06-10 10:27:56.000000,776.15,961170,313830,30,270,420
2025-06-10 10:27:57.000000,774.55,961170,313830,30,270,420
2025-06-10 10:27:57.000000,774.4,961320,313830,30,270,300
2025-06-10 10:27:58.000000,774.55,961320,313830,30,270,300
2025-06-10 10:27:58.000000,774.6,961380,313830,30,210,330
2025-06-10 10:27:59.000000,774.6,961380,313830,30,210,330
2025-06-10 10:28:00.000000,772.5,961410,313830,30,240,390
2025-06-10 10:28:00.000000,772.5,961410,313830,30,240,390
2025-06-10 10:28:00.000000,772.5,961410,313830,30,240,390
2025-06-10 10:28:01.000000,773.05,961440,313830,30,330,270
2025-06-10 10:28:01.000000,773.05,961440,313830,30,330,270
2025-06-10 10:28:02.000000,774.4,961500,313830,30,300,360
2025-06-10 10:28:02.000000,774.4,961500,313830,30,300,360
2025-06-10 10:28:03.000000,773.05,961500,313830,30,300,360
2025-06-10 10:28:03.000000,773.05,961560,313830,30,360,180
2025-06-10 10:28:04.000000,773.05,961560,313830,30,240,330
2025-06-10 10:28:05.000000,773.15,961560,313830,30,240,330
2025-06-10 10:28:05.000000,774.6,961560,313830,30,240,330
2025-06-10 10:28:06.000000,774.25,961740,313830,60,270,360
2025-06-10 10:28:06.000000,774.25,961740,313830,60,270,360
2025-06-10 10:28:07.000000,774.25,961740,313830,60,330,390
2025-06-10 10:28:07.000000,774.35,961740,313830,30,330,390
2025-06-10 10:28:08.000000,776.65,961740,313830,30,330,390
2025-06-10 10:28:08.000000,776.65,961890,313830,30,300,360
2025-06-10 10:28:09.000000,776.65,961890,313830,30,390,270
2025-06-10 10:28:09.000000,774.7,961890,313830,30,390,270
2025-06-10 10:28:10.000000,774.7,961950,313830,30,420,420
2025-06-10 10:28:11.000000,774.7,961950,313830,30,420,420
2025-06-10 10:28:12.000000,774.7,962040,313830,30,600,240
2025-06-10 10:28:12.000000,774.65,962040,313830,120,600,240
2025-06-10 10:28:13.000000,774.65,962040,313830,30,600,240
2025-06-10 10:28:13.000000,774.65,962190,313830,30,720,480
2025-06-10 10:28:14.000000,774.7,962190,313830,30,720,480
2025-06-10 10:28:14.000000,774.7,962220,313830,30,780,270
2025-06-10 10:28:15.000000,774.7,962220,313830,30,510,450
2025-06-10 10:28:16.000000,774.25,962220,313830,30,510,450
2025-06-10 10:28:17.000000,773.1,962310,313830,30,210,300
2025-06-10 10:28:17.000000,773.1,962310,313830,30,210,300
2025-06-10 10:28:17.000000,772.05,962310,313830,30,210,300
2025-06-10 10:28:18.000000,772.3,962550,313830,30,360,390
2025-06-10 10:28:18.000000,772.3,962550,313830,30,360,390
2025-06-10 10:28:19.000000,774.3,962550,313830,30,360,390
2025-06-10 10:28:19.000000,774.45,962880,313830,30,270,360
2025-06-10 10:28:20.000000,774.45,962880,313830,30,270,360
2025-06-10 10:28:20.000000,774.45,962880,313830,30,390,270
2025-06-10 10:28:21.000000,774.8,962880,313830,30,390,270
2025-06-10 10:28:22.000000,774.8,962940,313830,30,210,300
2025-06-10 10:28:22.000000,773.4,962940,313830,30,210,300
2025-06-10 10:28:23.000000,772.65,963030,313830,30,210,270
2025-06-10 10:28:23.000000,772.65,963030,313830,30,210,270
2025-06-10 10:28:24.000000,774.0,963030,313830,30,210,270
2025-06-10 10:28:24.000000,774.0,963090,313830,30,210,300
2025-06-10 10:28:25.000000,774.6,963090,313830,30,210,300
2025-06-10 10:28:25.000000,772.9,963180,313830,30,270,240
2025-06-10 10:28:26.000000,772.9,963180,313830,30,270,240
2025-06-10 10:28:27.000000,773.15,963270,313830,30,210,390
2025-06-10 10:28:27.000000,773.15,963270,313830,30,210,390
2025-06-10 10:28:28.000000,773.15,963270,313830,30,150,360
2025-06-10 10:28:28.000000,773.15,963270,313830,30,150,360
2025-06-10 10:28:29.000000,773.15,963300,313830,30,180,180
2025-06-10 10:28:30.000000,773.15,963300,313830,30,180,180
2025-06-10 10:28:30.000000,773.05,963300,313830,30,180,180
2025-06-10 10:28:30.000000,773.05,963360,313830,30,360,180
2025-06-10 10:28:31.000000,774.85,963360,313830,30,360,180
2025-06-10 10:28:31.000000,774.85,963390,313830,30,330,360
2025-06-10 10:28:33.000000,774.85,963390,313830,30,390,600
2025-06-10 10:28:33.000000,773.3,963390,313830,90,390,600
2025-06-10 10:28:34.000000,775.7,963390,313830,30,390,600
2025-06-10 10:28:34.000000,775.7,963840,313830,30,360,300
2025-06-10 10:28:35.000000,776.0,963840,313830,30,360,300
2025-06-10 10:28:35.000000,776.3,963900,313830,30,240,390
2025-06-10 10:28:36.000000,776.3,963900,313830,30,240,390
2025-06-10 10:28:36.000000,776.3,963900,313830,30,210,360
2025-06-10 10:28:37.000000,775.0,963900,313830,30,210,360
2025-06-10 10:28:38.000000,773.35,963990,313830,30,300,450
2025-06-10 10:28:38.000000,773.35,963990,313830,30,300,450
2025-06-10 10:28:39.000000,773.35,964080,313830,30,300,330
2025-06-10 10:28:40.000000,773.35,964080,313830,30,210,330
2025-06-10 10:28:41.000000,773.35,964080,313830,30,240,360
2025-06-10 10:28:42.000000,773.3,964080,313830,30,240,360
2025-06-10 10:28:43.000000,773.3,964110,313830,30,210,390
2025-06-10 10:28:44.000000,773.3,964110,313830,30,240,300
2025-06-10 10:28:44.000000,774.95,964110,313830,30,240,300
2025-06-10 10:28:45.000000,774.95,964170,313830,30,240,540
2025-06-10 10:28:46.000000,775.1,964170,313830,30,240,540
2025-06-10 10:28:46.000000,775.1,964260,313830,30,270,360
2025-06-10 10:28:47.000000,776.85,964260,313830,30,270,360
2025-06-10 10:28:47.000000,776.85,964410,313830,30,300,390
2025-06-10 10:28:48.000000,776.85,964410,313830,30,300,390
2025-06-10 10:28:49.000000,777.0,964440,313830,30,270,390
2025-06-10 10:28:49.000000,777.0,964440,313830,30,270,390
2025-06-10 10:28:50.000000,776.8,964440,313830,30,270,390
2025-06-10 10:28:50.000000,776.8,964500,313830,30,390,300
2025-06-10 10:28:51.000000,776.8,964500,313830,30,270,690
2025-06-10 10:28:52.000000,775.7,964500,313830,30,270,690
2025-06-10 10:28:52.000000,775.7,964530,313830,30,240,420
2025-06-10 10:28:53.000000,775.5,964530,313830,60,240,420
2025-06-10 10:28:54.000000,776.15,965310,313830,30,330,570
2025-06-10 10:28:54.000000,776.15,965310,313830,30,330,570
2025-06-10 10:28:55.000000,776.15,965310,313830,30,180,450
2025-06-10 10:28:55.000000,777.6,965310,313830,90,180,450
2025-06-10 10:28:56.000000,777.6,965910,313830,90,210,270
2025-06-10 10:28:57.000000,777.6,965910,313830,90,390,510
2025-06-10 10:28:58.000000,779.35,965910,313830,30,390,510
2025-06-10 10:28:59.000000,779.35,966060,313830,30,210,330
2025-06-10 10:28:59.000000,779.2,966060,313830,30,210,330
2025-06-10 10:29:00.000000,775.4,966060,313830,30,210,330
2025-06-10 10:29:00.000000,775.4,966270,313830,30,210,210
2025-06-10 10:29:00.000000,775.4,966270,313830,30,210,210
2025-06-10 10:29:01.000000,775.6,966270,313830,30,210,210
2025-06-10 10:29:01.000000,775.25,966630,313830,30,240,180
2025-06-10 10:29:02.000000,776.6,966630,313830,30,240,180
2025-06-10 10:29:02.000000,776.6,966690,313830,30,180,210
2025-06-10 10:29:03.000000,777.35,966690,313830,30,180,210
2025-06-10 10:29:04.000000,777.35,966720,313830,30,300,300
2025-06-10 10:29:04.000000,776.15,966720,313830,30,300,300
2025-06-10 10:29:05.000000,776.15,966780,313830,30,300,180
2025-06-10 10:29:06.000000,776.15,966780,313830,30,240,450
2025-06-10 10:29:06.000000,778.65,966780,313830,30,240,450
2025-06-10 10:29:07.000000,778.35,966780,313830,30,240,450
2025-06-10 10:29:07.000000,778.35,966840,313830,30,180,180
2025-06-10 10:29:09.000000,778.35,966840,313830,30,270,240
2025-06-10 10:29:10.000000,777.2,966900,313830,30,240,240
2025-06-10 10:29:10.000000,777.2,966900,313830,30,240,240
2025-06-10 10:29:11.000000,777.45,966900,313830,30,240,240
2025-06-10 10:29:11.000000,777.45,966930,313830,30,390,270
2025-06-10 10:29:12.000000,775.35,966930,313830,30,390,270
2025-06-10 10:29:12.000000,774.8,967110,313830,30,300,240
2025-06-10 10:29:13.000000,774.8,967110,313830,30,300,240
2025-06-10 10:29:14.000000,774.85,967140,313830,30,300,480
2025-06-10 10:29:14.000000,774.85,967140,313830,30,300,480
2025-06-10 10:29:15.000000,774.85,967140,313830,30,300,270
2025-06-10 10:29:15.000000,776.9,967140,313830,30,300,270
2025-06-10 10:29:16.000000,776.9,967170,313830,30,330,240
2025-06-10 10:29:16.000000,777.0,967170,313830,30,330,240
2025-06-10 10:29:17.000000,773.4,967170,313830,30,330,240
2025-06-10 10:29:17.000000,773.4,967320,313830,30,570,360
2025-06-10 10:29:18.000000,772.3,967320,313830,30,570,360
2025-06-10 10:29:19.000000,767.7,969210,313830,60,450,420
2025-06-10 10:29:19.000000,770.2,969210,313830,30,450,420
2025-06-10 10:29:20.000000,769.3,969300,313830,30,540,240
2025-06-10 10:29:20.000000,769.3,969300,313830,30,540,240
2025-06-10 10:29:21.000000,770.7,969300,313830,30,540,240
2025-06-10 10:29:21.000000,770.7,969330,313830,30,390,450
2025-06-10 10:29:22.000000,771.05,969330,313830,30,390,450
2025-06-10 10:29:22.000000,771.05,969570,313830,30,240,300
2025-06-10 10:29:23.000000,771.25,969570,313830,30,240,300
2025-06-10 10:29:23.000000,771.35,969630,313830,30,270,300
2025-06-10 10:29:24.000000,772.6,969630,313830,30,270,300
2025-06-10 10:29:25.000000,773.25,969780,313830,30,240,270
2025-06-10 10:29:25.000000,773.25,969780,313830,30,240,270
2025-06-10 10:29:26.000000,773.35,969780,313830,30,240,270
2025-06-10 10:29:26.000000,773.35,970260,313830,30,210,270
2025-06-10 10:29:27.000000,773.35,970260,313830,30,990,210
2025-06-10 10:29:27.000000,772.1,970260,313830,30,990,210
2025-06-10 10:29:28.000000,771.6,970260,313830,30,990,210
2025-06-10 10:29:28.000000,771.6,970350,313830,30,1140,330
2025-06-10 10:29:29.000000,770.2,970350,313830,30,1140,330
2025-06-10 10:29:30.000000,770.2,970380,313830,30,900,300
2025-06-10 10:29:30.000000,770.2,970380,313830,30,900,300
2025-06-10 10:29:31.000000,770.2,970380,313830,30,270,360
2025-06-10 10:29:32.000000,770.55,970380,313830,30,270,360
2025-06-10 10:29:32.000000,770.55,970410,313830,30,210,390
2025-06-10 10:29:33.000000,770.55,970410,313830,30,330,300
2025-06-10 10:29:35.000000,770.55,970410,313830,30,870,240
2025-06-10 10:29:35.000000,770.0,970410,313830,30,870,240
2025-06-10 10:29:35.000000,767.4,970410,313830,30,870,240
2025-06-10 10:29:36.000000,765.65,971250,313830,30,240,240
2025-06-10 10:29:36.000000,765.65,971250,313830,30,240,240
2025-06-10 10:29:37.000000,765.6,971250,313830,30,240,240
2025-06-10 10:29:37.000000,765.6,971280,313830,30,210,180
2025-06-10 10:29:38.000000,766.05,971280,313830,30,210,180
2025-06-10 10:29:38.000000,767.65,971490,313830,30,510,270
2025-06-10 10:29:39.000000,766.0,971490,313830,30,510,270
2025-06-10 10:29:40.000000,765.25,971640,313830,30,510,300
2025-06-10 10:29:40.000000,765.25,971640,313830,30,510,300
2025-06-10 10:29:41.000000,765.25,971640,313830,30,180,270
2025-06-10 10:29:41.000000,767.1,971640,313830,30,180,270
2025-06-10 10:29:42.000000,765.0,971640,313830,30,180,270
2025-06-10 10:29:42.000000,765.0,971910,313830,30,750,360
2025-06-10 10:29:43.000000,764.4,971910,313830,30,750,360
2025-06-10 10:29:43.000000,768.65,972030,313830,30,210,390
2025-06-10 10:29:44.000000,765.95,972030,313830,30,210,390
2025-06-10 10:29:45.000000,765.95,972180,313830,30,210,450
2025-06-10 10:29:45.000000,766.2,972180,313830,30,210,450
2025-06-10 10:29:46.000000,766.05,972300,313830,30,540,210
2025-06-10 10:29:46.000000,766.05,972300,313830,30,540,210
2025-06-10 10:29:47.000000,766.5,972300,313830,30,540,210
2025-06-10 10:29:47.000000,766.5,972420,313830,30,510,330
2025-06-10 10:29:48.000000,766.5,972420,313830,30,210,270
2025-06-10 10:29:49.000000,766.4,972420,313830,30,210,270
2025-06-10 10:29:49.000000,766.5,972600,313830,30,210,330
2025-06-10 10:29:50.000000,766.5,972600,313830,30,210,330
2025-06-10 10:29:51.000000,766.15,972810,313830,30,300,270
2025-06-10 10:29:51.000000,766.2,972810,313830,30,300,270
