timestamp,ltp,bid_qty,ask_qty
2025-06-18 11:01:36.660273,2269.0,96846.0,179354.0
2025-06-18 11:01:38.131892,2269.0,96846.0,179354.0
2025-06-18 11:01:39.542332,2268.8,96382.0,179790.0
2025-06-18 11:01:40.135362,2269.0,96382.0,179790.0
2025-06-18 11:01:44.669989,2269.0,96415.0,179446.0
2025-06-18 11:01:46.150659,2268.8,96415.0,179446.0
2025-06-18 11:01:50.047363,2268.8,95458.0,180066.0
2025-06-18 11:01:50.136593,2268.8,95458.0,180066.0
2025-06-18 11:01:52.138256,2268.8,95458.0,180066.0
2025-06-18 11:01:54.203349,2268.4,95458.0,180066.0
2025-06-18 11:01:55.553308,2268.4,95467.0,180234.0
2025-06-18 11:01:56.203725,2268.4,95467.0,180234.0
2025-06-18 11:01:59.147004,2268.4,95467.0,180234.0
2025-06-18 11:02:00.963150,2268.4,95550.0,179949.0
2025-06-18 11:02:01.181142,2268.4,95550.0,179949.0
2025-06-18 11:02:06.061401,2268.4,95278.0,180113.0
2025-06-18 11:02:10.148181,2267.6,95278.0,180113.0
2025-06-18 11:02:11.361510,2268.0,95317.0,179882.0
2025-06-18 11:02:12.143488,2268.0,95317.0,179882.0
2025-06-18 11:02:16.870105,2268.0,95727.0,179548.0
2025-06-18 11:02:17.150493,2268.0,95727.0,179548.0
2025-06-18 11:02:20.139323,2268.0,95727.0,179548.0
2025-06-18 11:02:21.994961,2268.0,95844.0,179461.0
2025-06-18 11:02:22.148210,2268.0,95844.0,179461.0
2025-06-18 11:02:24.166858,2267.7,95844.0,179461.0
2025-06-18 11:02:25.146429,2268.4,95844.0,179461.0
2025-06-18 11:02:27.075584,2269.0,98203.0,177220.0
2025-06-18 11:02:28.143371,2269.6,98203.0,177220.0
2025-06-18 11:02:30.154407,2269.1,98203.0,177220.0
2025-06-18 11:02:32.153391,2269.8,98203.0,177220.0
2025-06-18 11:02:32.185007,2269.8,98623.0,177571.0
2025-06-18 11:02:34.145199,2269.8,98623.0,177571.0
2025-06-18 11:02:36.148571,2269.8,98623.0,177571.0
2025-06-18 11:02:37.680803,2269.8,98842.0,177353.0
2025-06-18 11:02:38.145652,2269.8,98842.0,177353.0
2025-06-18 11:02:39.199530,2269.8,98842.0,177353.0
2025-06-18 11:02:42.145815,2269.8,98842.0,177353.0
2025-06-18 11:02:42.884596,2269.3,98171.0,177417.0
2025-06-18 11:02:44.152042,2269.3,98171.0,177417.0
2025-06-18 11:02:45.180037,2269.8,98171.0,177417.0
2025-06-18 11:02:48.089023,2269.8,98262.0,177430.0
2025-06-18 11:02:52.147146,2269.8,98262.0,177430.0
2025-06-18 11:02:53.497562,2269.4,97555.0,178280.0
2025-06-18 11:02:54.149803,2269.8,97555.0,178280.0
2025-06-18 11:02:58.149587,2269.8,97555.0,178280.0
2025-06-18 11:02:58.698267,2269.8,97590.0,177469.0
2025-06-18 11:03:00.151394,2269.8,97590.0,177469.0
2025-06-18 11:03:01.187485,2269.0,97590.0,177469.0
2025-06-18 11:03:03.901358,2269.3,95340.0,179288.0
2025-06-18 11:03:04.151624,2269.3,95340.0,179288.0
2025-06-18 11:03:06.144719,2269.3,95340.0,179288.0
2025-06-18 11:03:08.154927,2269.3,95340.0,179288.0
2025-06-18 11:03:09.301037,2269.3,95573.0,178984.0
2025-06-18 11:03:12.147048,2269.3,95573.0,178984.0
2025-06-18 11:03:14.503822,2269.3,95536.0,178944.0
2025-06-18 11:03:18.148016,2269.3,95536.0,178944.0
2025-06-18 11:03:19.611670,2269.3,95849.0,177878.0
2025-06-18 11:03:20.153308,2269.3,95849.0,177878.0
2025-06-18 11:03:22.171657,2269.3,95849.0,177878.0
2025-06-18 11:03:24.909301,2269.3,95471.0,179017.0
2025-06-18 11:03:30.011624,2269.3,96210.0,178315.0
2025-06-18 11:03:30.147370,2269.3,96210.0,178315.0
2025-06-18 11:03:35.728300,2269.1,95369.0,178224.0
2025-06-18 11:03:38.153549,2269.3,95369.0,178224.0
2025-06-18 11:03:39.155482,2269.3,95369.0,178224.0
2025-06-18 11:03:41.032572,2268.7,95737.0,178321.0
2025-06-18 11:03:42.158163,2269.3,95737.0,178321.0
2025-06-18 11:03:46.028379,2269.3,95737.0,178321.0
2025-06-18 11:03:46.062055,2269.3,95784.0,178317.0
2025-06-18 11:03:47.078930,2269.3,95784.0,178317.0
2025-06-18 11:03:48.901601,2269.3,95784.0,178317.0
2025-06-18 11:03:49.747502,2269.3,95784.0,178317.0
2025-06-18 11:03:50.556721,2269.3,95784.0,178317.0
2025-06-18 11:03:50.722767,2269.3,95852.0,178689.0
2025-06-18 11:03:51.590770,2269.3,95852.0,178689.0
2025-06-18 11:03:52.201011,2269.3,95852.0,178689.0
2025-06-18 11:03:53.076970,2269.3,95852.0,178689.0
2025-06-18 11:03:54.185752,2268.7,95852.0,178689.0
2025-06-18 11:03:54.457006,2268.7,95852.0,178689.0
2025-06-18 11:03:55.625526,2268.7,95811.0,178587.0
2025-06-18 11:03:55.732927,2268.7,95811.0,178587.0
2025-06-18 11:03:56.163619,2268.7,95811.0,178587.0
2025-06-18 11:03:56.586714,2268.7,95811.0,178587.0
2025-06-18 11:04:00.464236,2268.7,95811.0,178587.0
2025-06-18 11:04:00.503934,2268.7,95811.0,178587.0
2025-06-18 11:04:00.513500,2268.7,95811.0,178587.0
2025-06-18 11:04:00.545686,2268.7,95811.0,178587.0
2025-06-18 11:04:00.580061,2268.7,95811.0,178587.0
2025-06-18 11:04:00.930815,2269.2,95914.0,178042.0
2025-06-18 11:04:01.927557,2269.2,95914.0,178042.0
2025-06-18 11:04:02.179047,2269.2,95914.0,178042.0
2025-06-18 11:04:06.034650,2268.7,95981.0,177797.0
2025-06-18 11:04:08.166275,2268.7,95981.0,177797.0
2025-06-18 11:04:10.164800,2268.7,95981.0,177797.0
2025-06-18 11:04:11.144304,2268.7,96422.0,178023.0
2025-06-18 11:04:16.148867,2268.7,95970.0,178260.0
2025-06-18 11:04:19.191535,2268.7,95970.0,178260.0
2025-06-18 11:04:21.659897,2268.7,96205.0,178278.0
2025-06-18 11:04:22.163193,2268.7,96205.0,178278.0
2025-06-18 11:04:26.154427,2268.7,96205.0,178278.0
2025-06-18 11:04:26.861397,2268.7,96191.0,178195.0
2025-06-18 11:04:30.155342,2268.7,96191.0,178195.0
2025-06-18 11:04:31.865839,2268.3,96279.0,178268.0
2025-06-18 11:04:32.160113,2268.2,96279.0,178268.0
2025-06-18 11:04:33.176175,2268.7,96279.0,178268.0
2025-06-18 11:04:36.160700,2268.3,96279.0,178268.0
2025-06-18 11:04:36.765579,2268.3,96233.0,178059.0
2025-06-18 11:04:39.196404,2268.3,96233.0,178059.0
2025-06-18 11:04:41.683578,2268.7,96452.0,177972.0
2025-06-18 11:04:42.162046,2268.7,96452.0,177972.0
2025-06-18 11:04:44.161977,2268.7,96452.0,177972.0
2025-06-18 11:04:46.772378,2268.7,96649.0,177757.0
2025-06-18 11:04:47.181793,2268.7,96649.0,177757.0
2025-06-18 11:04:49.163392,2268.4,96649.0,177757.0
2025-06-18 11:04:51.574317,2268.7,96299.0,177749.0
2025-06-18 11:04:52.190911,2268.7,96299.0,177749.0
2025-06-18 11:04:54.190910,2268.7,96299.0,177749.0
2025-06-18 11:04:56.376631,2268.7,96317.0,177877.0
2025-06-18 11:04:57.215251,2268.7,96317.0,177877.0
2025-06-18 11:05:00.161774,2268.7,96317.0,177877.0
2025-06-18 11:05:01.079570,2268.6,96581.0,177930.0
2025-06-18 11:05:01.185293,2268.6,96581.0,177930.0
2025-06-18 11:05:05.175133,2268.7,96581.0,177930.0
2025-06-18 11:05:05.780822,2268.7,97031.0,177668.0
2025-06-18 11:05:06.162271,2268.7,97031.0,177668.0
2025-06-18 11:05:10.778068,2268.7,96877.0,176673.0
2025-06-18 11:05:12.201586,2268.7,96877.0,176673.0
2025-06-18 11:05:13.167549,2268.7,96877.0,176673.0
2025-06-18 11:05:15.168019,2268.7,96877.0,176673.0
2025-06-18 11:05:16.692334,2268.6,96663.0,176952.0
2025-06-18 11:05:18.191569,2268.6,96663.0,176952.0
2025-06-18 11:05:20.174299,2268.7,96663.0,176952.0
2025-06-18 11:05:21.587889,2268.7,96555.0,176995.0
2025-06-18 11:05:24.170740,2268.6,96555.0,176995.0
2025-06-18 11:05:26.166562,2268.7,96555.0,176995.0
2025-06-18 11:05:26.505001,2268.7,96597.0,177114.0
2025-06-18 11:05:30.157970,2268.7,96597.0,177114.0
2025-06-18 11:05:31.295077,2268.7,95883.0,177701.0
2025-06-18 11:05:32.193937,2268.7,95883.0,177701.0
2025-06-18 11:05:36.168980,2268.7,95883.0,177701.0
2025-06-18 11:05:36.700242,2268.7,95927.0,177943.0
2025-06-18 11:05:40.185512,2268.7,95927.0,177943.0
2025-06-18 11:05:41.168935,2269.0,95927.0,177943.0
2025-06-18 11:05:42.098887,2269.0,95660.0,177959.0
2025-06-18 11:05:44.163989,2269.2,95660.0,177959.0
2025-06-18 11:05:46.165546,2269.1,95660.0,177959.0
2025-06-18 11:05:47.014115,2269.1,95665.0,177858.0
2025-06-18 11:05:47.195934,2269.1,95665.0,177858.0
2025-06-18 11:05:50.166795,2268.7,95665.0,177858.0
2025-06-18 11:05:52.008934,2268.8,95467.0,178662.0
2025-06-18 11:05:52.178004,2268.8,95467.0,178662.0
2025-06-18 11:05:54.381930,2268.8,95467.0,178662.0
2025-06-18 11:05:55.205494,2268.8,95467.0,178662.0
2025-06-18 11:05:57.224419,2268.7,95441.0,179505.0
2025-06-18 11:05:58.174849,2268.1,95441.0,179505.0
2025-06-18 11:05:59.173796,2268.2,95441.0,179505.0
2025-06-18 11:06:01.175419,2268.2,95441.0,179505.0
2025-06-18 11:06:01.912420,2268.2,94044.0,180828.0
2025-06-18 11:06:04.172565,2268.2,94044.0,180828.0
2025-06-18 11:06:06.717815,2268.2,94559.0,180551.0
2025-06-18 11:06:08.170818,2268.2,94559.0,180551.0
2025-06-18 11:06:10.198357,2268.2,94559.0,180551.0
2025-06-18 11:06:11.718763,2268.2,94556.0,180635.0
2025-06-18 11:06:16.161889,2268.2,94556.0,180635.0
2025-06-18 11:06:16.819427,2268.0,94580.0,180420.0
2025-06-18 11:06:17.177800,2268.0,94580.0,180420.0
2025-06-18 11:06:20.157096,2268.2,94580.0,180420.0
2025-06-18 11:06:21.823820,2268.2,94205.0,180567.0
2025-06-18 11:06:26.728124,2268.2,94262.0,180579.0
2025-06-18 11:06:28.165932,2268.2,94262.0,180579.0
2025-06-18 11:06:29.177798,2267.6,94262.0,180579.0
2025-06-18 11:06:31.434298,2267.8,92740.0,180635.0
2025-06-18 11:06:32.169210,2268.1,92740.0,180635.0
2025-06-18 11:06:36.138930,2267.8,92765.0,180647.0
2025-06-18 11:06:36.191171,2267.8,92765.0,180647.0
2025-06-18 11:06:37.169415,2268.2,92765.0,180647.0
2025-06-18 11:06:40.175608,2268.2,92765.0,180647.0
2025-06-18 11:06:41.143060,2267.8,92770.0,180804.0
2025-06-18 11:06:42.161115,2267.8,92770.0,180804.0
2025-06-18 11:06:44.165737,2268.1,92770.0,180804.0
2025-06-18 11:06:45.165372,2267.8,92770.0,180804.0
2025-06-18 11:06:46.149059,2267.8,92673.0,181023.0
2025-06-18 11:06:46.758055,2267.8,92673.0,181023.0
2025-06-18 11:06:47.625463,2267.8,92673.0,181023.0
2025-06-18 11:06:48.171729,2268.2,92673.0,181023.0
2025-06-18 11:06:48.559290,2268.2,92673.0,181023.0
2025-06-18 11:06:49.762584,2268.1,92673.0,181023.0
2025-06-18 11:06:49.801409,2268.1,92673.0,181023.0
2025-06-18 11:06:50.289100,2268.1,92673.0,181023.0
2025-06-18 11:06:51.059415,2268.1,92673.0,181023.0
2025-06-18 11:06:51.147870,2268.2,92748.0,180957.0
2025-06-18 11:06:52.041878,2268.2,92748.0,180957.0
2025-06-18 11:06:52.169060,2268.2,92748.0,180957.0
2025-06-18 11:06:52.604469,2268.2,92748.0,180957.0
2025-06-18 11:06:53.518290,2268.2,92748.0,180957.0
2025-06-18 11:06:54.755345,2268.2,92748.0,180957.0
2025-06-18 11:06:56.199581,2268.2,92759.0,180971.0
2025-06-18 11:06:56.202241,2268.2,92759.0,180971.0
2025-06-18 11:06:56.267851,2268.2,92759.0,180971.0
2025-06-18 11:06:57.110465,2268.2,92759.0,180971.0
2025-06-18 11:06:58.537585,2268.2,92759.0,180971.0
2025-06-18 11:06:59.671180,2268.2,92759.0,180971.0
2025-06-18 11:07:00.157811,2267.9,92759.0,180971.0
2025-06-18 11:07:00.833825,2267.9,92759.0,180971.0
2025-06-18 11:07:00.950943,2268.2,92985.0,180316.0
2025-06-18 11:07:02.163336,2268.2,92985.0,180316.0
2025-06-18 11:07:02.289943,2268.2,92985.0,180316.0
2025-06-18 11:07:05.086028,2268.0,92985.0,180316.0
2025-06-18 11:07:05.754369,2268.0,93034.0,180507.0
2025-06-18 11:07:06.165199,2267.0,93034.0,180507.0
2025-06-18 11:07:10.488645,2267.7,93034.0,180507.0
2025-06-18 11:07:11.168556,2267.8,93034.0,180507.0
2025-06-18 11:07:11.261520,2267.8,90437.0,182347.0
2025-06-18 11:07:14.166072,2267.5,90437.0,182347.0
2025-06-18 11:07:16.962256,2266.6,90354.0,183339.0
2025-06-18 11:07:17.176220,2267.4,90354.0,183339.0
2025-06-18 11:07:20.166434,2267.4,90354.0,183339.0
2025-06-18 11:07:22.234363,2267.4,90182.0,182600.0
2025-06-18 11:07:26.256437,2267.4,90182.0,182600.0
2025-06-18 11:07:26.961941,2267.4,90487.0,182469.0
2025-06-18 11:07:29.183360,2267.4,90487.0,182469.0
2025-06-18 11:07:31.965621,2267.4,90377.0,182593.0
2025-06-18 11:07:32.178991,2267.4,90377.0,182593.0
2025-06-18 11:07:36.769007,2267.4,90516.0,182799.0
2025-06-18 11:07:40.200487,2267.3,90516.0,182799.0
2025-06-18 11:07:41.979496,2267.3,90668.0,183227.0
2025-06-18 11:07:46.177111,2267.3,90668.0,183227.0
2025-06-18 11:07:47.375584,2267.3,90729.0,183208.0
2025-06-18 11:07:50.180464,2267.3,90729.0,183208.0
2025-06-18 11:07:52.375595,2267.3,90452.0,183133.0
2025-06-18 11:07:53.176289,2267.3,90452.0,183133.0
2025-06-18 11:07:56.185453,2267.3,90452.0,183133.0
2025-06-18 11:07:57.480757,2267.3,90377.0,183153.0
2025-06-18 11:07:59.174212,2267.3,90377.0,183153.0
2025-06-18 11:08:01.247018,2267.2,90377.0,183153.0
2025-06-18 11:08:02.490524,2267.3,90319.0,183211.0
2025-06-18 11:08:03.174937,2267.3,90319.0,183211.0
2025-06-18 11:08:05.185273,2267.2,90319.0,183211.0
2025-06-18 11:08:07.182267,2267.3,90319.0,183211.0
2025-06-18 11:08:07.884188,2267.3,90142.0,182889.0
2025-06-18 11:08:09.242655,2267.3,90142.0,182889.0
2025-06-18 11:08:11.176806,2267.3,90142.0,182889.0
2025-06-18 11:08:13.388449,2267.3,90360.0,183139.0
2025-06-18 11:08:20.443036,2266.8,90360.0,183139.0
2025-06-18 11:08:20.499879,2266.2,89275.0,184373.0
2025-06-18 11:08:20.531634,2267.0,89275.0,184373.0
2025-06-18 11:08:21.182628,2266.9,89275.0,184373.0
2025-06-18 11:08:24.041731,2266.2,89496.0,183794.0
2025-06-18 11:08:26.173124,2266.8,89496.0,183794.0
2025-06-18 11:08:29.172898,2266.8,89496.0,183794.0
2025-06-18 11:08:29.405098,2266.8,89806.0,183669.0
2025-06-18 11:08:31.186769,2266.8,89806.0,183669.0
2025-06-18 11:08:34.806686,2266.8,89546.0,183646.0
2025-06-18 11:08:35.166827,2267.1,89546.0,183646.0
2025-06-18 11:08:37.175586,2266.8,89546.0,183646.0
2025-06-18 11:08:40.109893,2266.8,89790.0,183651.0
2025-06-18 11:08:41.179988,2267.1,89790.0,183651.0
2025-06-18 11:08:45.310092,2267.1,89383.0,184070.0
2025-06-18 11:08:49.175829,2267.0,89383.0,184070.0
2025-06-18 11:08:50.517884,2267.0,89596.0,183849.0
2025-06-18 11:08:53.176819,2267.0,89596.0,183849.0
2025-06-18 11:08:55.169097,2267.0,89596.0,183849.0
2025-06-18 11:08:55.719020,2267.0,89622.0,183761.0
2025-06-18 11:08:57.172577,2267.0,89622.0,183761.0
2025-06-18 11:09:00.717203,2267.0,89958.0,183746.0
2025-06-18 11:09:01.179655,2267.0,89958.0,183746.0
2025-06-18 11:09:05.627958,2267.0,89985.0,183646.0
2025-06-18 11:09:07.173655,2267.0,89985.0,183646.0
2025-06-18 11:09:09.171019,2267.0,89985.0,183646.0
2025-06-18 11:09:10.829606,2267.0,89823.0,183502.0
2025-06-18 11:09:16.826788,2267.0,89845.0,183430.0
2025-06-18 11:09:18.876192,2267.0,89845.0,183430.0
2025-06-18 11:09:21.172873,2267.0,89845.0,183430.0
2025-06-18 11:09:22.327523,2267.0,89642.0,183377.0
2025-06-18 11:09:27.533173,2266.9,89793.0,183590.0
2025-06-18 11:09:28.187473,2267.0,89793.0,183590.0
2025-06-18 11:09:31.170555,2266.9,89793.0,183590.0
2025-06-18 11:09:32.835291,2266.9,89766.0,183297.0
2025-06-18 11:09:37.177824,2267.0,89766.0,183297.0
2025-06-18 11:09:38.146159,2267.0,90230.0,183090.0
2025-06-18 11:09:39.897577,2267.0,90230.0,183090.0
2025-06-18 11:09:43.440155,2267.0,90386.0,183135.0
2025-06-18 11:09:44.211658,2267.0,90386.0,183135.0
2025-06-18 11:09:47.140914,2267.0,90386.0,183135.0
2025-06-18 11:09:47.223723,2267.0,90386.0,183135.0
2025-06-18 11:09:48.227475,2267.0,90386.0,183135.0
2025-06-18 11:09:48.652864,2267.0,90633.0,183211.0
2025-06-18 11:09:49.105460,2267.0,90633.0,183211.0
2025-06-18 11:09:49.177630,2267.0,90633.0,183211.0
2025-06-18 11:09:50.060708,2267.0,90633.0,183211.0
2025-06-18 11:09:50.178022,2267.0,90633.0,183211.0
2025-06-18 11:09:50.867218,2267.0,90633.0,183211.0
2025-06-18 11:09:51.672461,2267.0,90633.0,183211.0
2025-06-18 11:09:52.635579,2267.0,90633.0,183211.0
2025-06-18 11:09:53.179315,2267.0,90633.0,183211.0
2025-06-18 11:09:53.226953,2267.0,90633.0,183211.0
2025-06-18 11:09:54.096084,2267.0,90633.0,183211.0
2025-06-18 11:09:54.244068,2267.0,90842.0,183080.0
2025-06-18 11:09:54.467070,2267.0,90842.0,183080.0
2025-06-18 11:09:55.342184,2267.0,90842.0,183080.0
2025-06-18 11:09:56.593924,2267.0,90842.0,183080.0
2025-06-18 11:09:57.564288,2267.0,90842.0,183080.0
2025-06-18 11:09:58.187096,2267.0,90842.0,183080.0
2025-06-18 11:09:58.980938,2267.0,90842.0,183080.0
2025-06-18 11:09:59.247809,2267.0,91224.0,182183.0
2025-06-18 11:10:00.124815,2267.0,91224.0,182183.0
2025-06-18 11:10:01.170726,2267.0,91224.0,182183.0
2025-06-18 11:10:01.253892,2267.0,91224.0,182183.0
2025-06-18 11:10:02.720087,2267.0,91224.0,182183.0
2025-06-18 11:10:04.353889,2267.0,91214.0,182089.0
2025-06-18 11:10:07.178762,2267.0,91214.0,182089.0
2025-06-18 11:10:09.540690,2267.0,91179.0,181589.0
2025-06-18 11:10:13.182291,2267.8,91179.0,181589.0
2025-06-18 11:10:14.189001,2267.8,91179.0,181589.0
2025-06-18 11:10:14.961089,2267.4,92583.0,179602.0
2025-06-18 11:10:17.186675,2267.8,92583.0,179602.0
2025-06-18 11:10:19.177016,2267.5,92583.0,179602.0
2025-06-18 11:10:20.161064,2267.8,94795.0,179404.0
2025-06-18 11:10:21.190160,2267.8,94795.0,179404.0
2025-06-18 11:10:23.178821,2268.2,94795.0,179404.0
2025-06-18 11:10:25.183691,2269.0,94795.0,179404.0
2025-06-18 11:10:25.357006,2269.0,96139.0,177908.0
2025-06-18 11:10:28.188833,2269.0,96139.0,177908.0
2025-06-18 11:10:30.962551,2269.0,95307.0,179079.0
2025-06-18 11:10:34.189674,2268.8,95307.0,179079.0
2025-06-18 11:10:36.568880,2268.8,95367.0,178582.0
2025-06-18 11:10:37.179726,2268.8,95367.0,178582.0
2025-06-18 11:10:39.174849,2268.8,95367.0,178582.0
2025-06-18 11:10:42.069565,2268.8,96256.0,177990.0
2025-06-18 11:10:45.176244,2268.8,96256.0,177990.0
2025-06-18 11:10:47.272094,2268.8,96493.0,178130.0
2025-06-18 11:10:49.176534,2268.8,96493.0,178130.0
2025-06-18 11:10:51.177447,2268.8,96493.0,178130.0
2025-06-18 11:10:52.378953,2268.8,96270.0,178079.0
2025-06-18 11:10:55.179393,2269.8,96270.0,178079.0
2025-06-18 11:10:56.180207,2269.1,96270.0,178079.0
2025-06-18 11:10:57.583884,2268.5,95131.0,179531.0
2025-06-18 11:10:59.173393,2267.8,95131.0,179531.0
2025-06-18 11:11:01.174465,2268.0,95131.0,179531.0
2025-06-18 11:11:02.892589,2268.0,93410.0,180970.0
2025-06-18 11:11:03.177485,2268.0,93410.0,180970.0
2025-06-18 11:11:05.173951,2268.0,93410.0,180970.0
2025-06-18 11:11:07.179795,2268.1,93410.0,180970.0
2025-06-18 11:11:08.190757,2268.1,93410.0,180970.0
2025-06-18 11:11:08.395780,2268.1,93609.0,180710.0
2025-06-18 11:11:11.180815,2268.1,93609.0,180710.0
2025-06-18 11:11:13.187261,2268.0,93609.0,180710.0
2025-06-18 11:11:13.696054,2268.1,93255.0,180969.0
2025-06-18 11:11:14.199646,2268.1,93255.0,180969.0
2025-06-18 11:11:16.181017,2267.9,93255.0,180969.0
2025-06-18 11:11:19.110423,2267.9,93414.0,181463.0
2025-06-18 11:11:23.175828,2267.9,93414.0,181463.0
2025-06-18 11:11:24.204804,2267.8,92799.0,182053.0
2025-06-18 11:11:25.195386,2267.8,92799.0,182053.0
2025-06-18 11:11:27.182841,2267.4,92799.0,182053.0
2025-06-18 11:11:28.202561,2267.7,92799.0,182053.0
2025-06-18 11:11:29.302854,2267.7,92805.0,182139.0
2025-06-18 11:11:30.183450,2267.7,92805.0,182139.0
2025-06-18 11:11:34.186879,2267.7,92805.0,182139.0
2025-06-18 11:11:34.309256,2267.7,92776.0,182194.0
2025-06-18 11:11:37.193889,2267.1,92776.0,182194.0
2025-06-18 11:11:39.189634,2267.1,92776.0,182194.0
2025-06-18 11:11:39.308810,2267.1,93084.0,182111.0
2025-06-18 11:11:44.212377,2267.5,93084.0,182111.0
2025-06-18 11:11:44.412811,2267.5,92505.0,183105.0
2025-06-18 11:11:47.214036,2267.4,92505.0,183105.0
2025-06-18 11:11:48.213450,2267.4,92505.0,183105.0
2025-06-18 11:11:49.416195,2267.0,92555.0,183302.0
2025-06-18 11:11:51.206745,2267.4,92555.0,183302.0
2025-06-18 11:11:53.197781,2267.4,92555.0,183302.0
2025-06-18 11:11:54.540685,2267.3,91793.0,183757.0
2025-06-18 11:11:55.204083,2267.3,91793.0,183757.0
2025-06-18 11:11:58.443846,2267.3,91793.0,183757.0
2025-06-18 11:11:59.626374,2267.3,91608.0,183330.0
2025-06-18 11:12:00.189347,2267.3,91608.0,183330.0
2025-06-18 11:12:04.227851,2267.3,91979.0,183207.0
2025-06-18 11:12:07.180321,2267.2,91979.0,183207.0
2025-06-18 11:12:08.187362,2267.2,91979.0,183207.0
2025-06-18 11:12:10.114556,2267.2,91839.0,183561.0
2025-06-18 11:12:10.195144,2267.2,91839.0,183561.0
2025-06-18 11:12:14.234991,2267.2,91847.0,183423.0
2025-06-18 11:12:17.179961,2267.0,91847.0,183423.0
2025-06-18 11:12:18.216924,2267.1,91847.0,183423.0
2025-06-18 11:12:19.643670,2267.1,91730.0,183786.0
2025-06-18 11:12:20.183927,2267.1,91730.0,183786.0
2025-06-18 11:12:22.183400,2267.1,91730.0,183786.0
2025-06-18 11:12:24.544013,2267.0,91613.0,184075.0
2025-06-18 11:12:25.179921,2267.0,91613.0,184075.0
2025-06-18 11:12:27.181771,2266.8,91613.0,184075.0
2025-06-18 11:12:29.180506,2267.0,91613.0,184075.0
2025-06-18 11:12:29.451331,2267.0,90461.0,184287.0
2025-06-18 11:12:30.197685,2267.0,90461.0,184287.0
2025-06-18 11:12:33.182444,2267.0,90461.0,184287.0
2025-06-18 11:12:34.753418,2267.0,90588.0,184089.0
2025-06-18 11:12:37.181572,2266.6,90588.0,184089.0
2025-06-18 11:12:39.182734,2267.0,90588.0,184089.0
2025-06-18 11:12:40.056863,2267.0,90515.0,184252.0
2025-06-18 11:12:41.223070,2267.0,90515.0,184252.0
2025-06-18 11:12:45.062353,2267.0,90737.0,184562.0
2025-06-18 11:12:45.184101,2267.0,90737.0,184562.0
2025-06-18 11:12:46.187164,2267.0,90737.0,184562.0
2025-06-18 11:12:47.568733,2267.0,90737.0,184562.0
2025-06-18 11:12:48.188007,2267.0,90737.0,184562.0
2025-06-18 11:12:48.632239,2267.0,90737.0,184562.0
2025-06-18 11:12:49.545325,2267.0,90737.0,184562.0
2025-06-18 11:12:50.166865,2267.0,91522.0,182083.0
2025-06-18 11:12:50.455344,2267.0,91522.0,182083.0
2025-06-18 11:12:51.183988,2267.2,91522.0,182083.0
2025-06-18 11:12:51.313578,2267.2,91522.0,182083.0
2025-06-18 11:12:52.077767,2267.2,91522.0,182083.0
2025-06-18 11:12:53.101831,2267.2,91522.0,182083.0
2025-06-18 11:12:54.053232,2267.2,91522.0,182083.0
2025-06-18 11:12:54.188852,2267.8,91522.0,182083.0
2025-06-18 11:12:54.524341,2267.8,91522.0,182083.0
2025-06-18 11:12:55.768713,2267.8,91522.0,182083.0
2025-06-18 11:12:55.806903,2267.8,91931.0,181613.0
2025-06-18 11:12:57.013036,2267.8,91931.0,181613.0
2025-06-18 11:12:57.883238,2267.8,91931.0,181613.0
2025-06-18 11:12:58.194053,2267.8,91931.0,181613.0
2025-06-18 11:12:59.295536,2267.8,91931.0,181613.0
2025-06-18 11:13:00.198149,2268.3,91931.0,181613.0
2025-06-18 11:13:00.404021,2268.3,91931.0,181613.0
2025-06-18 11:13:01.172786,2267.8,91917.0,182028.0
2025-06-18 11:13:01.577659,2267.8,91917.0,182028.0
2025-06-18 11:13:02.188525,2267.8,91917.0,182028.0
2025-06-18 11:13:03.037888,2267.8,91917.0,182028.0
2025-06-18 11:13:06.177531,2267.8,91939.0,181584.0
2025-06-18 11:13:11.079967,2267.8,91925.0,181731.0
2025-06-18 11:13:15.782490,2267.8,91929.0,181732.0
2025-06-18 11:13:17.188610,2267.8,91929.0,181732.0
2025-06-18 11:13:19.187585,2267.8,91929.0,181732.0
2025-06-18 11:13:20.191538,2266.9,91929.0,181732.0
2025-06-18 11:13:20.684141,2266.9,91844.0,181644.0
2025-06-18 11:13:22.196358,2266.9,91844.0,181644.0
2025-06-18 11:13:25.187768,2267.8,91844.0,181644.0
2025-06-18 11:13:25.587210,2267.8,91886.0,181544.0
2025-06-18 11:13:28.193482,2267.8,91886.0,181544.0
2025-06-18 11:13:30.196836,2267.8,91886.0,181544.0
2025-06-18 11:13:30.591580,2267.8,91710.0,181857.0
2025-06-18 11:13:35.187016,2267.1,91710.0,181857.0
2025-06-18 11:13:35.491352,2267.8,91911.0,181786.0
2025-06-18 11:13:37.188251,2267.1,91911.0,181786.0
2025-06-18 11:13:38.192031,2267.8,91911.0,181786.0
2025-06-18 11:13:40.795743,2267.8,91823.0,181649.0
2025-06-18 11:13:41.190359,2267.8,91823.0,181649.0
2025-06-18 11:13:45.900158,2267.8,91898.0,181663.0
2025-06-18 11:13:49.188550,2267.8,91898.0,181663.0
2025-06-18 11:13:50.698681,2267.8,91666.0,181681.0
2025-06-18 11:13:55.189615,2269.0,91666.0,181681.0
2025-06-18 11:13:55.701706,2269.0,94970.0,178253.0
2025-06-18 11:13:56.195679,2268.6,94970.0,178253.0
2025-06-18 11:13:59.184888,2269.0,94970.0,178253.0
2025-06-18 11:14:01.105442,2269.0,94940.0,178002.0
2025-06-18 11:14:01.182292,2269.0,94940.0,178002.0
2025-06-18 11:14:03.189665,2269.1,94940.0,178002.0
2025-06-18 11:14:05.909262,2269.3,94749.0,178641.0
2025-06-18 11:14:07.188947,2269.2,94749.0,178641.0
2025-06-18 11:14:09.194012,2268.4,94749.0,178641.0
2025-06-18 11:14:11.016411,2268.4,95023.0,178229.0
2025-06-18 11:14:13.226685,2269.0,95023.0,178229.0
2025-06-18 11:14:16.113807,2269.0,95142.0,177754.0
2025-06-18 11:14:18.196931,2268.4,95142.0,177754.0
2025-06-18 11:14:20.821551,2268.4,95380.0,177890.0
2025-06-18 11:14:21.189611,2268.4,95380.0,177890.0
2025-06-18 11:14:25.194400,2268.4,95380.0,177890.0
2025-06-18 11:14:25.821821,2268.4,96637.0,176797.0
2025-06-18 11:14:27.202555,2269.2,96637.0,176797.0
2025-06-18 11:14:29.192522,2269.6,96637.0,176797.0
2025-06-18 11:14:31.129530,2269.7,96144.0,177612.0
2025-06-18 11:14:31.190205,2269.7,96144.0,177612.0
2025-06-18 11:14:35.192798,2269.0,96144.0,177612.0
2025-06-18 11:14:36.430741,2269.8,96258.0,176512.0
2025-06-18 11:14:37.220684,2269.8,96258.0,176512.0
2025-06-18 11:14:41.196742,2269.6,96258.0,176512.0
2025-06-18 11:14:41.432488,2269.0,96160.0,177110.0
2025-06-18 11:14:43.202949,2269.6,96160.0,177110.0
2025-06-18 11:14:46.839554,2269.6,96219.0,177218.0
2025-06-18 11:14:51.193846,2269.5,96219.0,177218.0
2025-06-18 11:14:52.246213,2269.5,96318.0,177145.0
2025-06-18 11:14:56.200210,2269.5,96318.0,177145.0
2025-06-18 11:14:57.849929,2269.5,96520.0,177251.0
2025-06-18 11:15:00.198703,2269.5,96520.0,177251.0
2025-06-18 11:15:03.057086,2269.5,96705.0,176897.0
2025-06-18 11:15:03.191322,2269.5,96705.0,176897.0
2025-06-18 11:15:06.961284,2269.6,96705.0,176897.0
2025-06-18 11:15:08.354470,2269.6,96674.0,176938.0
2025-06-18 11:15:13.192431,2269.0,96674.0,176938.0
2025-06-18 11:15:13.458988,2269.0,96620.0,177088.0
2025-06-18 11:15:17.205567,2269.5,96620.0,177088.0
2025-06-18 11:15:18.462291,2269.7,96511.0,176848.0
2025-06-18 11:15:19.199256,2269.7,96511.0,176848.0
2025-06-18 11:15:23.196873,2269.7,96511.0,176848.0
2025-06-18 11:15:23.365891,2269.7,96332.0,176757.0
2025-06-18 11:15:25.198964,2269.0,96332.0,176757.0
2025-06-18 11:15:26.201476,2269.0,96332.0,176757.0
2025-06-18 11:15:28.667363,2269.0,96282.0,177105.0
2025-06-18 11:15:34.372741,2269.0,96254.0,177193.0
2025-06-18 11:15:37.224923,2269.0,96254.0,177193.0
2025-06-18 11:15:38.213674,2269.0,96254.0,177193.0
2025-06-18 11:15:39.690813,2269.0,96301.0,177347.0
2025-06-18 11:15:40.230813,2269.0,96301.0,177347.0
2025-06-18 11:15:42.231977,2269.0,96301.0,177347.0
2025-06-18 11:15:44.685564,2269.0,96344.0,177417.0
2025-06-18 11:15:48.076057,2269.0,96344.0,177417.0
2025-06-18 11:15:49.097500,2269.0,96344.0,177417.0
2025-06-18 11:15:49.198248,2269.0,96344.0,177417.0
2025-06-18 11:15:50.001389,2269.0,96344.0,177417.0
2025-06-18 11:15:50.282241,2269.0,96324.0,177301.0
2025-06-18 11:15:50.938902,2269.0,96324.0,177301.0
2025-06-18 11:15:51.781594,2269.0,96324.0,177301.0
2025-06-18 11:15:52.566074,2269.0,96324.0,177301.0
2025-06-18 11:15:53.193951,2269.0,96324.0,177301.0
2025-06-18 11:15:53.573272,2269.0,96324.0,177301.0
2025-06-18 11:15:54.136070,2269.0,96324.0,177301.0
2025-06-18 11:15:54.203430,2269.0,96324.0,177301.0
2025-06-18 11:15:54.539314,2269.0,96324.0,177301.0
2025-06-18 11:15:55.037582,2269.0,96324.0,177301.0
2025-06-18 11:15:55.584407,2268.8,96373.0,177101.0
2025-06-18 11:15:56.298809,2268.8,96373.0,177101.0
2025-06-18 11:15:57.200295,2269.0,96373.0,177101.0
2025-06-18 11:15:57.589264,2269.0,96373.0,177101.0
2025-06-18 11:15:58.248184,2269.0,96373.0,177101.0
2025-06-18 11:15:58.415055,2269.0,96373.0,177101.0
2025-06-18 11:16:00.128255,2269.0,96373.0,177101.0
2025-06-18 11:16:00.200697,2269.0,96373.0,177101.0
2025-06-18 11:16:00.885493,2269.0,96284.0,177196.0
2025-06-18 11:16:01.254531,2269.0,96284.0,177196.0
2025-06-18 11:16:02.400616,2269.0,96284.0,177196.0
2025-06-18 11:16:03.889190,2269.0,96284.0,177196.0
2025-06-18 11:16:04.202205,2269.0,96284.0,177196.0
2025-06-18 11:16:06.190989,2269.0,96218.0,177235.0
2025-06-18 11:16:07.201422,2269.0,96218.0,177235.0
2025-06-18 11:16:10.476204,2269.3,96218.0,177235.0
2025-06-18 11:16:11.397208,2269.1,95590.0,177987.0
2025-06-18 11:16:13.200849,2269.1,95590.0,177987.0
2025-06-18 11:16:16.900311,2269.1,95682.0,177985.0
2025-06-18 11:16:17.205773,2269.1,95682.0,177985.0
2025-06-18 11:16:20.209784,2269.2,95682.0,177985.0
2025-06-18 11:16:22.002838,2269.2,95441.0,178261.0
2025-06-18 11:16:26.208001,2268.8,95441.0,178261.0
2025-06-18 11:16:27.106044,2268.8,95795.0,178309.0
2025-06-18 11:16:29.206377,2269.1,95795.0,178309.0
2025-06-18 11:16:31.201650,2269.1,95795.0,178309.0
2025-06-18 11:16:32.011208,2269.1,95814.0,178013.0
2025-06-18 11:16:37.205200,2268.8,95814.0,178013.0
2025-06-18 11:16:37.314078,2268.8,94190.0,178371.0
2025-06-18 11:16:40.292977,2269.0,94190.0,178371.0
2025-06-18 11:16:40.331359,2269.1,94190.0,178371.0
2025-06-18 11:16:42.214972,2269.1,94190.0,178371.0
2025-06-18 11:16:42.616132,2269.1,95517.0,178435.0
2025-06-18 11:16:46.211479,2268.1,95517.0,178435.0
2025-06-18 11:16:47.719746,2268.9,95434.0,179303.0
2025-06-18 11:16:49.207203,2268.9,95434.0,179303.0
2025-06-18 11:16:52.824156,2268.9,95523.0,178838.0
2025-06-18 11:16:53.209100,2268.9,95523.0,178838.0
2025-06-18 11:16:57.209190,2268.8,95523.0,178838.0
2025-06-18 11:16:58.026291,2268.8,94573.0,179386.0
2025-06-18 11:17:00.416937,2268.8,94573.0,179386.0
2025-06-18 11:17:01.203224,2268.8,94573.0,179386.0
2025-06-18 11:17:03.198849,2268.8,94628.0,179035.0
2025-06-18 11:17:03.205294,2268.8,94628.0,179035.0
2025-06-18 11:17:07.208469,2268.1,94628.0,179035.0
2025-06-18 11:17:08.131142,2268.8,94653.0,179239.0
2025-06-18 11:17:08.243423,2268.8,94653.0,179239.0
2025-06-18 11:17:11.209468,2268.8,94653.0,179239.0
2025-06-18 11:17:13.236626,2268.8,94546.0,179262.0
2025-06-18 11:17:14.215435,2268.0,94546.0,179262.0
2025-06-18 11:17:16.211127,2268.8,94546.0,179262.0
2025-06-18 11:17:18.249741,2268.8,94546.0,179262.0
2025-06-18 11:17:18.345835,2268.8,94496.0,179304.0
2025-06-18 11:17:20.217553,2268.8,94496.0,179304.0
2025-06-18 11:17:23.654898,2268.8,94619.0,179389.0
2025-06-18 11:17:27.209708,2268.8,94619.0,179389.0
2025-06-18 11:17:28.215765,2268.8,94619.0,179389.0
2025-06-18 11:17:28.746218,2268.8,94419.0,179453.0
2025-06-18 11:17:31.209311,2268.0,94419.0,179453.0
2025-06-18 11:17:33.747735,2268.0,94282.0,179780.0
2025-06-18 11:17:35.210889,2268.0,94282.0,179780.0
2025-06-18 11:17:37.208590,2268.8,94282.0,179780.0
2025-06-18 11:17:38.852414,2268.8,94263.0,179385.0
2025-06-18 11:17:41.216721,2268.8,94263.0,179385.0
2025-06-18 11:17:43.952461,2268.8,93950.0,179810.0
2025-06-18 11:17:47.212686,2268.1,93950.0,179810.0
2025-06-18 11:17:48.757181,2268.1,93615.0,180265.0
2025-06-18 11:17:50.221466,2268.0,93615.0,180265.0
2025-06-18 11:17:52.215438,2268.0,93615.0,180265.0
2025-06-18 11:17:53.459254,2268.0,92555.0,181248.0
2025-06-18 11:17:54.217292,2267.0,92555.0,181248.0
2025-06-18 11:17:56.214385,2267.1,92555.0,181248.0
2025-06-18 11:17:58.066511,2267.9,92088.0,181343.0
2025-06-18 11:17:58.243826,2267.9,92088.0,181343.0
2025-06-18 11:18:01.205349,2267.9,92088.0,181343.0
2025-06-18 11:18:02.572314,2267.9,92177.0,181134.0
2025-06-18 11:18:07.216358,2267.8,92177.0,181134.0
2025-06-18 11:18:07.369508,2267.8,91284.0,182420.0
2025-06-18 11:18:12.372602,2267.8,90280.0,182443.0
2025-06-18 11:18:14.208398,2267.0,90280.0,182443.0
2025-06-18 11:18:17.213650,2266.6,90280.0,182443.0
2025-06-18 11:18:18.377158,2266.6,90680.0,182906.0
2025-06-18 11:18:20.215289,2267.0,90680.0,182906.0
2025-06-18 11:18:22.206510,2266.6,90680.0,182906.0
2025-06-18 11:18:24.095093,2266.6,90890.0,182924.0
2025-06-18 11:18:26.211068,2266.5,90890.0,182924.0
2025-06-18 11:18:28.260098,2267.0,90890.0,182924.0
2025-06-18 11:18:29.182520,2267.0,90816.0,182946.0
2025-06-18 11:18:34.926323,2266.6,90978.0,182819.0
2025-06-18 11:18:35.223713,2266.6,90978.0,182819.0
2025-06-18 11:18:38.219625,2267.0,90978.0,182819.0
2025-06-18 11:18:39.217044,2267.0,90978.0,182819.0
2025-06-18 11:18:39.395771,2267.0,91001.0,182584.0
2025-06-18 11:18:42.208446,2267.0,91001.0,182584.0
2025-06-18 11:18:44.286580,2266.6,90909.0,182382.0
2025-06-18 11:18:45.215257,2267.0,90909.0,182382.0
2025-06-18 11:18:47.237242,2267.0,90909.0,182382.0
2025-06-18 11:18:48.474719,2267.0,90909.0,182382.0
2025-06-18 11:18:48.889819,2267.0,90743.0,182383.0
2025-06-18 11:18:49.555203,2267.0,90743.0,182383.0
2025-06-18 11:18:50.479620,2267.0,90743.0,182383.0
2025-06-18 11:18:51.216188,2267.0,90743.0,182383.0
2025-06-18 11:18:51.406554,2267.0,90743.0,182383.0
2025-06-18 11:18:52.258415,2267.0,90743.0,182383.0
2025-06-18 11:18:53.040351,2267.0,90743.0,182383.0
2025-06-18 11:18:53.603398,2266.6,90882.0,182404.0
2025-06-18 11:18:54.055712,2266.6,90882.0,182404.0
2025-06-18 11:18:54.208087,2267.0,90882.0,182404.0
2025-06-18 11:18:54.624876,2267.0,90882.0,182404.0
2025-06-18 11:18:55.035862,2267.0,90882.0,182404.0
2025-06-18 11:18:56.792712,2267.0,90882.0,182404.0
2025-06-18 11:18:58.034717,2267.0,90882.0,182404.0
2025-06-18 11:18:58.211742,2267.0,90882.0,182404.0
2025-06-18 11:18:58.398591,2267.0,90808.0,182429.0
2025-06-18 11:18:58.899665,2267.0,90808.0,182429.0
2025-06-18 11:18:59.217608,2267.0,90808.0,182429.0
2025-06-18 11:19:00.285994,2267.0,90808.0,182429.0
2025-06-18 11:19:01.223371,2267.0,90808.0,182429.0
2025-06-18 11:19:01.580040,2267.0,90808.0,182429.0
2025-06-18 11:19:02.716988,2267.0,90808.0,182429.0
2025-06-18 11:19:03.294473,2267.0,91410.0,182124.0
2025-06-18 11:19:04.193350,2267.0,91410.0,182124.0
2025-06-18 11:19:07.220694,2267.0,91410.0,182124.0
2025-06-18 11:19:08.800284,2267.0,91368.0,182097.0
2025-06-18 11:19:10.215995,2267.0,91368.0,182097.0
2025-06-18 11:19:12.210748,2267.6,91368.0,182097.0
2025-06-18 11:19:13.225902,2267.6,91368.0,182097.0
2025-06-18 11:19:13.906242,2267.6,92220.0,181876.0
2025-06-18 11:19:16.215893,2267.0,92220.0,181876.0
2025-06-18 11:19:19.009441,2267.0,91847.0,181866.0
2025-06-18 11:19:20.216036,2267.5,91847.0,181866.0
2025-06-18 11:19:24.413378,2267.5,92085.0,182020.0
2025-06-18 11:19:27.223439,2267.4,92085.0,182020.0
2025-06-18 11:19:29.219262,2267.4,92085.0,182020.0
2025-06-18 11:19:29.315448,2267.4,92024.0,182474.0
2025-06-18 11:19:34.324554,2267.4,91803.0,182823.0
2025-06-18 11:19:38.236313,2267.2,91803.0,182823.0
2025-06-18 11:19:39.118540,2267.1,91247.0,182514.0
2025-06-18 11:19:39.230584,2267.2,91247.0,182514.0
2025-06-18 11:19:44.119673,2267.2,91701.0,182541.0
2025-06-18 11:19:47.226814,2266.6,91701.0,182541.0
2025-06-18 11:19:49.131072,2267.2,91734.0,182671.0
2025-06-18 11:19:49.282740,2267.2,91734.0,182671.0
2025-06-18 11:19:54.529432,2267.2,91883.0,182731.0
2025-06-18 11:19:55.227698,2267.2,91883.0,182731.0
2025-06-18 11:19:58.218844,2267.2,91883.0,182731.0
2025-06-18 11:20:00.485900,2267.2,91883.0,182731.0
2025-06-18 11:20:00.514702,2267.2,91869.0,182596.0
2025-06-18 11:20:01.233585,2267.2,91869.0,182596.0
2025-06-18 11:20:04.742156,2267.2,91765.0,182699.0
2025-06-18 11:20:06.220745,2267.2,91765.0,182699.0
2025-06-18 11:20:08.219834,2267.2,91765.0,182699.0
2025-06-18 11:20:09.545490,2267.2,91907.0,182601.0
2025-06-18 11:20:11.218909,2267.2,91907.0,182601.0
2025-06-18 11:20:12.220768,2267.1,91907.0,182601.0
2025-06-18 11:20:14.049748,2267.1,91842.0,182619.0
2025-06-18 11:20:16.221212,2267.1,91842.0,182619.0
2025-06-18 11:20:17.222096,2267.2,91842.0,182619.0
2025-06-18 11:20:18.749893,2267.2,91786.0,182673.0
2025-06-18 11:20:19.245650,2267.2,91786.0,182673.0
2025-06-18 11:20:23.253113,2267.1,91786.0,182673.0
2025-06-18 11:20:23.855218,2267.1,91711.0,182838.0
2025-06-18 11:20:24.220594,2267.1,91711.0,182838.0
2025-06-18 11:20:26.223030,2267.2,91711.0,182838.0
2025-06-18 11:20:27.219794,2267.2,91711.0,182838.0
2025-06-18 11:20:28.961064,2267.2,91649.0,182863.0
2025-06-18 11:20:30.226297,2266.6,91649.0,182863.0
2025-06-18 11:20:31.220344,2267.1,91649.0,182863.0
2025-06-18 11:20:32.226501,2267.1,91649.0,182863.0
2025-06-18 11:20:33.218027,2267.1,91649.0,182863.0
2025-06-18 11:20:33.962906,2267.1,90758.0,183626.0
2025-06-18 11:20:35.218921,2266.8,90758.0,183626.0
2025-06-18 11:20:36.223921,2266.1,90758.0,183626.0
2025-06-18 11:20:37.220762,2266.8,90758.0,183626.0
2025-06-18 11:20:38.221889,2266.8,90758.0,183626.0
2025-06-18 11:20:38.766558,2266.8,90407.0,183635.0
2025-06-18 11:20:39.218571,2266.8,90407.0,183635.0
2025-06-18 11:20:43.567481,2266.8,90339.0,183910.0
2025-06-18 11:20:45.223251,2266.1,90339.0,183910.0
2025-06-18 11:20:46.221931,2266.0,90339.0,183910.0
2025-06-18 11:20:47.296633,2266.5,90339.0,183910.0
2025-06-18 11:20:48.220000,2266.6,90339.0,183910.0
2025-06-18 11:20:48.573153,2266.6,90187.0,184015.0
2025-06-18 11:20:53.574922,2266.6,90330.0,183960.0
2025-06-18 11:20:56.260338,2266.0,90330.0,183960.0
2025-06-18 11:20:57.226823,2266.6,90330.0,183960.0
2025-06-18 11:20:58.759876,2266.6,90219.0,183965.0
2025-06-18 11:20:59.222411,2266.6,90219.0,183965.0
2025-06-18 11:21:03.277503,2266.6,90026.0,184010.0
2025-06-18 11:21:05.224911,2266.6,90026.0,184010.0
2025-06-18 11:21:06.227305,2266.1,90026.0,184010.0
2025-06-18 11:21:08.181511,2266.1,90032.0,184639.0
2025-06-18 11:21:08.222575,2266.6,90032.0,184639.0
2025-06-18 11:21:12.989245,2266.6,90129.0,184904.0
2025-06-18 11:21:15.236879,2266.6,90129.0,184904.0
2025-06-18 11:21:16.234540,2266.0,90129.0,184904.0
2025-06-18 11:21:17.264403,2266.6,90129.0,184904.0
2025-06-18 11:21:17.693863,2266.6,89865.0,184905.0
2025-06-18 11:21:18.223044,2266.6,89865.0,184905.0
2025-06-18 11:21:19.221304,2266.6,89865.0,184905.0
2025-06-18 11:21:20.222346,2266.6,89865.0,184905.0
2025-06-18 11:21:22.493741,2266.6,89923.0,184624.0
2025-06-18 11:21:23.227999,2266.6,89923.0,184624.0
2025-06-18 11:21:24.239095,2266.6,89923.0,184624.0
2025-06-18 11:21:27.599334,2266.6,89973.0,184610.0
2025-06-18 11:21:32.695836,2266.6,89992.0,184682.0
2025-06-18 11:21:36.220323,2266.1,89992.0,184682.0
2025-06-18 11:21:37.225496,2266.6,89992.0,184682.0
2025-06-18 11:21:37.607629,2266.6,90199.0,184720.0
2025-06-18 11:21:39.248567,2266.6,90199.0,184720.0
2025-06-18 11:21:42.118060,2266.6,89983.0,184860.0
2025-06-18 11:21:42.227381,2266.6,89983.0,184860.0
2025-06-18 11:21:43.227923,2266.0,89983.0,184860.0
2025-06-18 11:21:44.226951,2266.6,89983.0,184860.0
2025-06-18 11:21:46.238378,2266.0,89983.0,184860.0
2025-06-18 11:21:46.807124,2266.0,90138.0,184866.0
2025-06-18 11:21:49.053236,2266.0,90138.0,184866.0
2025-06-18 11:21:50.218008,2266.0,90138.0,184866.0
2025-06-18 11:21:51.063859,2266.0,90138.0,184866.0
2025-06-18 11:21:52.535551,2266.0,90096.0,184867.0
2025-06-18 11:21:52.586790,2266.0,90096.0,184867.0
2025-06-18 11:21:52.852627,2266.0,90096.0,184867.0
2025-06-18 11:21:53.657599,2266.0,90096.0,184867.0
2025-06-18 11:21:54.666138,2266.0,90096.0,184867.0
2025-06-18 11:21:55.223655,2266.0,90096.0,184867.0
2025-06-18 11:21:55.243615,2266.6,90096.0,184867.0
2025-06-18 11:21:55.647207,2266.6,90096.0,184867.0
2025-06-18 11:21:56.124782,2266.6,90096.0,184867.0
2025-06-18 11:21:56.222872,2266.6,90096.0,184867.0
2025-06-18 11:21:56.485112,2266.6,90096.0,184867.0
2025-06-18 11:21:56.814833,2266.6,90573.0,184519.0
2025-06-18 11:21:57.238095,2266.6,90573.0,184519.0
2025-06-18 11:21:57.365438,2266.6,90573.0,184519.0
2025-06-18 11:21:58.231029,2266.6,90573.0,184519.0
2025-06-18 11:21:58.703271,2266.6,90573.0,184519.0
2025-06-18 11:21:59.260129,2266.9,90573.0,184519.0
2025-06-18 11:21:59.522052,2266.9,90573.0,184519.0
2025-06-18 11:22:00.887207,2266.9,90573.0,184519.0
2025-06-18 11:22:01.914556,2266.9,91291.0,184057.0
2025-06-18 11:22:02.025083,2266.9,91291.0,184057.0
2025-06-18 11:22:02.228644,2266.9,91291.0,184057.0
2025-06-18 11:22:03.234980,2266.6,91291.0,184057.0
2025-06-18 11:22:03.402082,2266.6,91291.0,184057.0
2025-06-18 11:22:05.188288,2266.9,91291.0,184057.0
2025-06-18 11:22:05.226482,2266.9,91291.0,184057.0
2025-06-18 11:22:06.644462,2266.9,91385.0,183985.0
2025-06-18 11:22:07.229894,2266.9,91385.0,183985.0
2025-06-18 11:22:09.223905,2266.9,91385.0,183985.0
2025-06-18 11:22:11.819541,2266.9,92183.0,183673.0
2025-06-18 11:22:13.230018,2267.2,92183.0,183673.0
2025-06-18 11:22:14.224014,2267.2,92183.0,183673.0
2025-06-18 11:22:16.825049,2267.2,91491.0,183048.0
2025-06-18 11:22:19.361285,2267.2,91491.0,183048.0
2025-06-18 11:22:21.256720,2267.2,91491.0,183048.0
2025-06-18 11:22:21.832133,2267.2,91437.0,183348.0
2025-06-18 11:22:23.227926,2267.2,91437.0,183348.0
2025-06-18 11:22:24.257902,2267.5,91437.0,183348.0
2025-06-18 11:22:25.232994,2267.3,91437.0,183348.0
2025-06-18 11:22:26.237357,2267.2,91437.0,183348.0
2025-06-18 11:22:26.644082,2267.2,93563.0,181837.0
2025-06-18 11:22:27.270160,2267.2,93563.0,181837.0
2025-06-18 11:22:28.249246,2267.5,93563.0,181837.0
2025-06-18 11:22:31.533871,2267.5,94713.0,181701.0
2025-06-18 11:22:33.230638,2267.5,94713.0,181701.0
2025-06-18 11:22:34.251142,2268.0,94713.0,181701.0
2025-06-18 11:22:35.229525,2268.0,94713.0,181701.0
2025-06-18 11:22:36.229223,2267.5,94713.0,181701.0
2025-06-18 11:22:36.536388,2267.5,95063.0,181053.0
2025-06-18 11:22:37.226034,2268.0,95063.0,181053.0
2025-06-18 11:22:39.230756,2268.0,95063.0,181053.0
2025-06-18 11:22:40.353194,2268.0,95063.0,181053.0
2025-06-18 11:22:41.679400,2268.0,94829.0,181063.0
2025-06-18 11:22:46.942869,2268.0,94770.0,181175.0
2025-06-18 11:22:47.228057,2268.0,94770.0,181175.0
2025-06-18 11:22:49.227360,2267.6,94770.0,181175.0
2025-06-18 11:22:50.233432,2268.0,94770.0,181175.0
2025-06-18 11:22:51.228750,2267.6,94770.0,181175.0
2025-06-18 11:22:52.252191,2267.6,94768.0,181075.0
2025-06-18 11:22:54.234045,2268.0,94768.0,181075.0
2025-06-18 11:22:56.855906,2268.0,94857.0,180823.0
2025-06-18 11:22:58.243818,2268.0,94857.0,180823.0
2025-06-18 11:22:59.239506,2268.7,94857.0,180823.0
2025-06-18 11:23:00.238641,2268.7,94857.0,180823.0
2025-06-18 11:23:01.261211,2267.9,94857.0,180823.0
2025-06-18 11:23:01.553304,2267.9,92125.0,181900.0
2025-06-18 11:23:02.246491,2267.9,92125.0,181900.0
2025-06-18 11:23:03.238288,2267.9,92125.0,181900.0
2025-06-18 11:23:04.230520,2267.6,92125.0,181900.0
2025-06-18 11:23:05.228776,2267.9,92125.0,181900.0
2025-06-18 11:23:06.239635,2267.9,92125.0,181900.0
2025-06-18 11:23:06.555708,2267.9,91579.0,181780.0
2025-06-18 11:23:08.236166,2267.6,91579.0,181780.0
2025-06-18 11:23:10.230694,2267.6,91579.0,181780.0
2025-06-18 11:23:11.558258,2267.6,91629.0,181827.0
2025-06-18 11:23:12.577242,2267.9,91629.0,181827.0
2025-06-18 11:23:15.238333,2267.4,91629.0,181827.0
2025-06-18 11:23:16.459613,2267.4,89801.0,184300.0
2025-06-18 11:23:18.237340,2267.4,89801.0,184300.0
2025-06-18 11:23:21.232379,2267.4,89801.0,184300.0
2025-06-18 11:23:21.972851,2267.4,90212.0,183313.0
2025-06-18 11:23:24.264607,2267.2,90212.0,183313.0
2025-06-18 11:23:25.262839,2267.5,90212.0,183313.0
2025-06-18 11:23:27.368357,2267.5,90091.0,183352.0
2025-06-18 11:23:28.235037,2267.5,90091.0,183352.0
2025-06-18 11:23:32.686378,2267.5,90273.0,183741.0
2025-06-18 11:23:36.240052,2267.4,90273.0,183741.0
2025-06-18 11:23:37.877857,2267.5,90272.0,183707.0
2025-06-18 11:23:38.232491,2267.5,90272.0,183707.0
2025-06-18 11:23:39.271212,2267.5,90272.0,183707.0
2025-06-18 11:23:42.233170,2267.5,90272.0,183707.0
2025-06-18 11:23:42.793352,2267.5,92061.0,182768.0
2025-06-18 11:23:47.251039,2267.4,92061.0,182768.0
2025-06-18 11:23:47.693953,2267.4,91955.0,183057.0
2025-06-18 11:23:49.388436,2267.5,91955.0,183057.0
2025-06-18 11:23:52.234890,2267.5,91955.0,183057.0
2025-06-18 11:23:52.490269,2267.5,91890.0,183098.0
2025-06-18 11:23:55.243506,2267.5,91890.0,183098.0
2025-06-18 11:23:57.201779,2267.4,91150.0,184108.0
2025-06-18 11:23:58.255596,2267.4,91150.0,184108.0
2025-06-18 11:23:59.251492,2267.4,91150.0,184108.0
2025-06-18 11:24:02.288830,2267.4,91199.0,184072.0
2025-06-18 11:24:06.271256,2267.0,91199.0,184072.0
2025-06-18 11:24:07.218790,2267.3,90961.0,184187.0
2025-06-18 11:24:07.247324,2267.3,90961.0,184187.0
2025-06-18 11:24:12.099687,2267.3,90951.0,184070.0
2025-06-18 11:24:17.292097,2267.2,90876.0,184541.0
2025-06-18 11:24:18.231369,2267.0,90876.0,184541.0
2025-06-18 11:24:20.240103,2267.1,90876.0,184541.0
2025-06-18 11:24:22.004983,2267.1,90817.0,184517.0
2025-06-18 11:24:22.235003,2267.1,90817.0,184517.0
2025-06-18 11:24:24.240569,2266.9,90817.0,184517.0
2025-06-18 11:24:27.301006,2266.8,89704.0,185652.0
2025-06-18 11:24:28.233189,2266.7,89704.0,185652.0
2025-06-18 11:24:29.250825,2266.0,89704.0,185652.0
2025-06-18 11:24:32.241810,2266.6,89704.0,185652.0
2025-06-18 11:24:32.406431,2266.6,89267.0,186053.0
2025-06-18 11:24:34.235703,2266.1,89267.0,186053.0
2025-06-18 11:24:36.229579,2266.0,89267.0,186053.0
2025-06-18 11:24:37.108357,2266.6,89945.0,185543.0
2025-06-18 11:24:38.248342,2266.6,89945.0,185543.0
2025-06-18 11:24:39.273810,2266.6,89945.0,185543.0
2025-06-18 11:24:41.239256,2266.6,89945.0,185543.0
2025-06-18 11:24:42.008884,2266.6,90303.0,185091.0
2025-06-18 11:24:43.237061,2266.6,90303.0,185091.0
2025-06-18 11:24:47.012441,2266.5,88990.0,186651.0
2025-06-18 11:24:48.228088,2266.5,88990.0,186651.0
2025-06-18 11:24:49.531997,2266.5,88990.0,186651.0
2025-06-18 11:24:50.574133,2266.5,88990.0,186651.0
2025-06-18 11:24:51.484208,2266.5,88990.0,186651.0
2025-06-18 11:24:52.119896,2266.5,89182.0,186298.0
2025-06-18 11:24:52.232553,2266.5,89182.0,186298.0
2025-06-18 11:24:52.411842,2266.5,89182.0,186298.0
2025-06-18 11:24:53.276761,2266.5,89182.0,186298.0
2025-06-18 11:24:54.049028,2266.5,89182.0,186298.0
2025-06-18 11:24:55.069532,2266.5,89182.0,186298.0
2025-06-18 11:24:55.314581,2266.5,89182.0,186298.0
2025-06-18 11:24:55.641437,2266.5,89182.0,186298.0
2025-06-18 11:24:56.056255,2266.5,89182.0,186298.0
2025-06-18 11:24:56.918413,2266.5,89155.0,186194.0
2025-06-18 11:24:57.788383,2266.5,89155.0,186194.0
2025-06-18 11:24:58.231545,2266.5,89155.0,186194.0
2025-06-18 11:24:59.034070,2266.5,89155.0,186194.0
2025-06-18 11:24:59.240715,2266.5,89155.0,186194.0
2025-06-18 11:24:59.915780,2266.5,89155.0,186194.0
2025-06-18 11:25:01.237229,2266.5,89155.0,186194.0
2025-06-18 11:25:01.290146,2266.5,89155.0,186194.0
2025-06-18 11:25:01.724649,2266.5,89344.0,185915.0
2025-06-18 11:25:02.420827,2266.5,89344.0,185915.0
2025-06-18 11:25:03.559238,2266.5,89344.0,185915.0
2025-06-18 11:25:04.232613,2266.0,89344.0,185915.0
2025-06-18 11:25:05.024511,2266.0,89344.0,185915.0
2025-06-18 11:25:06.228561,2265.5,89344.0,185915.0
2025-06-18 11:25:06.937661,2265.6,87498.0,189576.0
2025-06-18 11:25:08.233184,2265.6,87498.0,189576.0
2025-06-18 11:25:10.228801,2265.6,87498.0,189576.0
2025-06-18 11:25:12.431950,2265.6,87927.0,189076.0
2025-06-18 11:25:17.839612,2265.6,88028.0,189004.0
2025-06-18 11:25:18.230978,2265.6,88028.0,189004.0
2025-06-18 11:25:20.231626,2265.6,88028.0,189004.0
2025-06-18 11:25:22.231697,2265.6,88028.0,189004.0
2025-06-18 11:25:23.360820,2265.6,88395.0,187948.0
2025-06-18 11:25:24.242170,2265.6,88395.0,187948.0
2025-06-18 11:25:28.149021,2265.6,88173.0,188325.0
2025-06-18 11:25:28.235345,2265.6,88173.0,188325.0
2025-06-18 11:25:30.292564,2265.1,88173.0,188325.0
2025-06-18 11:25:32.236737,2265.4,88173.0,188325.0
2025-06-18 11:25:33.043427,2265.4,88679.0,188123.0
2025-06-18 11:25:36.235651,2265.6,88679.0,188123.0
2025-06-18 11:25:37.241813,2265.6,88679.0,188123.0
2025-06-18 11:25:39.855624,2265.6,87983.0,188774.0
2025-06-18 11:25:39.939797,2265.6,87983.0,188774.0
2025-06-18 11:25:42.229755,2265.6,87983.0,188774.0
2025-06-18 11:25:42.844980,2265.6,87903.0,188713.0
2025-06-18 11:25:47.751187,2265.6,87843.0,188436.0
2025-06-18 11:25:48.239839,2265.6,87843.0,188436.0
2025-06-18 11:25:53.050127,2265.6,87980.0,188386.0
2025-06-18 11:25:58.239073,2265.4,87980.0,188386.0
2025-06-18 11:25:58.257921,2265.4,87788.0,188731.0
2025-06-18 11:25:59.233569,2265.4,87788.0,188731.0
2025-06-18 11:26:01.250461,2265.4,87788.0,188731.0
2025-06-18 11:26:03.454024,2265.4,87710.0,192426.0
2025-06-18 11:26:04.232193,2265.4,87710.0,192426.0
2025-06-18 11:26:08.249219,2265.4,87710.0,192426.0
2025-06-18 11:26:08.557044,2265.4,87710.0,192578.0
2025-06-18 11:26:12.245809,2265.3,87710.0,192578.0
2025-06-18 11:26:13.244364,2265.4,87710.0,192578.0
2025-06-18 11:26:13.364659,2265.4,87546.0,192470.0
2025-06-18 11:26:15.259947,2265.3,87546.0,192470.0
2025-06-18 11:26:17.234606,2265.2,87546.0,192470.0
2025-06-18 11:26:18.281418,2265.3,87468.0,192563.0
2025-06-18 11:26:19.259150,2265.3,87468.0,192563.0
2025-06-18 11:26:22.228682,2265.2,87468.0,192563.0
2025-06-18 11:26:23.208078,2265.2,87615.0,192500.0
2025-06-18 11:26:25.279800,2265.3,87615.0,192500.0
2025-06-18 11:26:27.978799,2265.3,87611.0,192545.0
2025-06-18 11:26:28.237907,2265.3,87611.0,192545.0
2025-06-18 11:26:32.975015,2265.3,87588.0,192557.0
2025-06-18 11:26:33.271239,2265.3,87588.0,192557.0
2025-06-18 11:26:37.778815,2265.3,87381.0,192569.0
2025-06-18 11:26:38.245279,2265.3,87381.0,192569.0
2025-06-18 11:26:39.277185,2265.3,87381.0,192569.0
2025-06-18 11:26:42.237353,2265.3,87381.0,192569.0
2025-06-18 11:26:43.081697,2265.3,87509.0,192178.0
2025-06-18 11:26:43.267997,2265.0,87509.0,192178.0
2025-06-18 11:26:45.235874,2265.0,87509.0,192178.0
2025-06-18 11:26:47.244446,2265.2,87509.0,192178.0
2025-06-18 11:26:48.194919,2265.2,87528.0,192193.0
2025-06-18 11:26:49.247439,2265.2,87528.0,192193.0
2025-06-18 11:26:52.243588,2265.2,87528.0,192193.0
2025-06-18 11:26:53.229946,2265.2,86998.0,192764.0
2025-06-18 11:26:54.253702,2265.2,86998.0,192764.0
2025-06-18 11:26:58.213544,2265.2,87115.0,192748.0
2025-06-18 11:26:58.251407,2265.2,87115.0,192748.0
2025-06-18 11:26:59.256353,2265.2,87115.0,192748.0
2025-06-18 11:27:02.238237,2265.2,87115.0,192748.0
2025-06-18 11:27:03.621361,2265.2,87227.0,192427.0
2025-06-18 11:27:04.281549,2265.2,87227.0,192427.0
2025-06-18 11:27:08.254948,2265.2,87227.0,192427.0
2025-06-18 11:27:08.299127,2265.2,87171.0,192375.0
2025-06-18 11:27:09.301185,2265.0,87171.0,192375.0
2025-06-18 11:27:12.234314,2265.2,87171.0,192375.0
2025-06-18 11:27:13.302608,2265.2,87317.0,192269.0
2025-06-18 11:27:15.262767,2265.0,87317.0,192269.0
2025-06-18 11:27:18.216887,2265.2,87296.0,192352.0
2025-06-18 11:27:18.278095,2265.2,87296.0,192352.0
2025-06-18 11:27:20.479922,2265.2,87296.0,192352.0
2025-06-18 11:27:22.258935,2265.2,87296.0,192352.0
2025-06-18 11:27:23.011092,2265.2,87398.0,192445.0
2025-06-18 11:27:24.262506,2265.2,87398.0,192445.0
2025-06-18 11:27:27.908307,2265.2,87293.0,192596.0
2025-06-18 11:27:28.273974,2265.2,87293.0,192596.0
2025-06-18 11:27:32.266431,2266.4,87293.0,192596.0
2025-06-18 11:27:33.017822,2266.5,88199.0,186177.0
2025-06-18 11:27:34.244346,2266.5,88199.0,186177.0
2025-06-18 11:27:35.263248,2266.5,88199.0,186177.0
2025-06-18 11:27:38.315238,2266.5,88039.0,186415.0
2025-06-18 11:27:39.246612,2266.4,88039.0,186415.0
2025-06-18 11:27:42.248643,2266.6,88039.0,186415.0
2025-06-18 11:27:43.418624,2265.6,86817.0,189211.0
2025-06-18 11:27:44.242712,2265.8,86817.0,189211.0
2025-06-18 11:27:45.246301,2265.2,86817.0,189211.0
2025-06-18 11:27:48.239534,2265.2,86817.0,189211.0
2025-06-18 11:27:49.819847,2265.2,86553.0,189499.0
2025-06-18 11:27:49.920772,2265.2,86553.0,189499.0
2025-06-18 11:27:51.006936,2265.2,86553.0,189499.0
2025-06-18 11:27:51.928473,2265.2,86553.0,189499.0
2025-06-18 11:27:52.847897,2265.2,86553.0,189499.0
2025-06-18 11:27:53.766772,2265.2,86553.0,189499.0
2025-06-18 11:27:54.239218,2265.2,86553.0,189499.0
2025-06-18 11:27:54.492649,2265.2,86553.0,189499.0
2025-06-18 11:27:55.249481,2265.2,86553.0,189499.0
2025-06-18 11:27:55.327896,2265.2,87157.0,189346.0
2025-06-18 11:27:55.507287,2265.2,87157.0,189346.0
2025-06-18 11:27:56.069640,2265.2,87157.0,189346.0
2025-06-18 11:27:57.342846,2265.2,87157.0,189346.0
2025-06-18 11:27:58.259609,2265.2,87157.0,189346.0
2025-06-18 11:27:58.268672,2265.2,87157.0,189346.0
2025-06-18 11:27:59.243658,2265.2,87157.0,189346.0
2025-06-18 11:27:59.460027,2265.2,87157.0,189346.0
2025-06-18 11:28:00.234744,2265.2,87119.0,189257.0
2025-06-18 11:28:00.325881,2265.2,87119.0,189257.0
2025-06-18 11:28:01.728754,2265.2,87119.0,189257.0
2025-06-18 11:28:02.238530,2265.2,87119.0,189257.0
2025-06-18 11:28:02.859521,2265.2,87119.0,189257.0
2025-06-18 11:28:03.975338,2265.2,87119.0,189257.0
2025-06-18 11:28:04.929602,2265.2,87451.0,189344.0
2025-06-18 11:28:05.610939,2265.2,87451.0,189344.0
2025-06-18 11:28:07.244863,2264.6,87451.0,189344.0
2025-06-18 11:28:10.491619,2265.2,87451.0,189344.0
2025-06-18 11:28:10.519663,2265.2,87677.0,189342.0
2025-06-18 11:28:12.238766,2265.8,87677.0,189342.0
2025-06-18 11:28:14.535042,2264.6,87433.0,188432.0
2025-06-18 11:28:15.250543,2265.8,87433.0,188432.0
2025-06-18 11:28:18.238570,2265.2,87433.0,188432.0
2025-06-18 11:28:19.642298,2265.2,88546.0,187934.0
2025-06-18 11:28:20.246010,2265.9,88546.0,187934.0
2025-06-18 11:28:24.242915,2265.9,88546.0,187934.0
2025-06-18 11:28:25.041801,2264.7,87634.0,188254.0
2025-06-18 11:28:26.257448,2264.9,87634.0,188254.0
2025-06-18 11:28:30.245799,2264.9,87942.0,188094.0
2025-06-18 11:28:32.242798,2264.8,87942.0,188094.0
2025-06-18 11:28:34.256804,2265.9,87942.0,188094.0
2025-06-18 11:28:35.047991,2265.9,87630.0,188229.0
2025-06-18 11:28:38.247129,2265.7,87630.0,188229.0
2025-06-18 11:28:40.052010,2265.7,87694.0,188770.0
2025-06-18 11:28:40.245152,2265.7,87694.0,188770.0
2025-06-18 11:28:42.245693,2265.7,87694.0,188770.0
2025-06-18 11:28:45.162990,2265.7,87781.0,188567.0
2025-06-18 11:28:48.241215,2265.6,87781.0,188567.0
2025-06-18 11:28:50.168552,2265.6,87609.0,189257.0
2025-06-18 11:28:52.243784,2264.8,87609.0,189257.0
2025-06-18 11:28:55.064040,2264.8,88000.0,188161.0
2025-06-18 11:28:58.406871,2265.9,88000.0,188161.0
2025-06-18 11:28:59.250563,2265.9,88000.0,188161.0
2025-06-18 11:28:59.769501,2265.9,89027.0,187888.0
2025-06-18 11:29:01.252395,2266.3,89027.0,187888.0
2025-06-18 11:29:03.265425,2266.3,89027.0,187888.0
2025-06-18 11:29:04.371936,2266.3,88807.0,187899.0
2025-06-18 11:29:05.280152,2266.3,88807.0,187899.0
2025-06-18 11:29:08.251708,2266.3,88807.0,187899.0
2025-06-18 11:29:09.279959,2266.3,88807.0,187899.0
2025-06-18 11:29:09.281220,2266.3,89176.0,187735.0
2025-06-18 11:29:12.246732,2266.3,89176.0,187735.0
2025-06-18 11:29:14.262407,2266.3,89176.0,187735.0
2025-06-18 11:29:14.570769,2266.3,89184.0,188363.0
2025-06-18 11:29:19.264605,2266.3,89184.0,188363.0
2025-06-18 11:29:19.976524,2266.3,89140.0,188275.0
2025-06-18 11:29:22.251880,2266.3,89140.0,188275.0
2025-06-18 11:29:25.284978,2266.3,89084.0,188487.0
2025-06-18 11:29:28.759217,2266.3,89084.0,188487.0
2025-06-18 11:29:30.486806,2266.3,89078.0,188760.0
2025-06-18 11:29:35.905087,2266.3,89216.0,188893.0
2025-06-18 11:29:36.247780,2265.9,89216.0,188893.0
2025-06-18 11:29:38.247740,2266.1,89216.0,188893.0
2025-06-18 11:29:39.254057,2266.2,89216.0,188893.0
2025-06-18 11:29:41.263708,2266.1,89216.0,188893.0
2025-06-18 11:29:41.290243,2266.1,89052.0,189129.0
2025-06-18 11:29:44.248620,2266.2,89052.0,189129.0
2025-06-18 11:29:45.254218,2265.0,89052.0,189129.0
2025-06-18 11:29:46.292024,2266.1,88528.0,189288.0
2025-06-18 11:29:47.251837,2265.0,88528.0,189288.0
2025-06-18 11:29:49.249950,2265.0,88528.0,189288.0
2025-06-18 11:29:50.898079,2265.0,89170.0,189047.0
2025-06-18 11:29:52.247084,2265.2,89170.0,189047.0
2025-06-18 11:29:54.250836,2266.0,89170.0,189047.0
2025-06-18 11:29:56.002002,2266.0,88646.0,189239.0
2025-06-18 11:29:56.247890,2265.0,88646.0,189239.0
2025-06-18 11:29:58.297002,2266.0,88646.0,189239.0
2025-06-18 11:29:59.253161,2265.2,88646.0,189239.0
2025-06-18 11:30:01.214677,2266.0,88618.0,189173.0
2025-06-18 11:30:02.246568,2266.0,88618.0,189173.0
2025-06-18 11:30:06.411924,2266.0,88493.0,189553.0
2025-06-18 11:30:07.257619,2266.0,88493.0,189553.0
2025-06-18 11:30:10.255211,2265.3,88493.0,189553.0
2025-06-18 11:30:11.911466,2265.3,87246.0,190236.0
2025-06-18 11:30:14.257865,2265.3,87246.0,190236.0
2025-06-18 11:30:16.257269,2265.2,87246.0,190236.0
2025-06-18 11:30:17.317053,2265.3,87041.0,190614.0
2025-06-18 11:30:19.260658,2264.3,87041.0,190614.0
2025-06-18 11:30:22.252908,2264.5,87041.0,190614.0
2025-06-18 11:30:22.818856,2264.5,87069.0,190790.0
2025-06-18 11:30:25.275074,2265.1,87069.0,190790.0
2025-06-18 11:30:28.254955,2265.2,87069.0,190790.0
2025-06-18 11:30:28.321120,2265.1,86804.0,190886.0
2025-06-18 11:30:30.251307,2265.1,86804.0,190886.0
2025-06-18 11:30:32.250790,2264.5,86804.0,190886.0
2025-06-18 11:30:33.523204,2265.2,86566.0,191041.0
2025-06-18 11:30:34.248428,2265.2,86566.0,191041.0
2025-06-18 11:30:37.270285,2264.6,86566.0,191041.0
2025-06-18 11:30:37.316010,2265.1,86566.0,191041.0
2025-06-18 11:30:38.623890,2265.1,86700.0,190958.0
2025-06-18 11:30:40.261185,2265.0,86700.0,190958.0
2025-06-18 11:30:44.032389,2265.0,86921.0,191051.0
2025-06-18 11:30:44.253316,2265.0,86921.0,191051.0
2025-06-18 11:30:48.257139,2265.0,86921.0,191051.0
2025-06-18 11:30:49.439349,2265.0,86819.0,191562.0
2025-06-18 11:30:50.342148,2265.0,86819.0,191562.0
2025-06-18 11:30:51.433953,2265.0,86819.0,191562.0
2025-06-18 11:30:52.356276,2265.0,86819.0,191562.0
2025-06-18 11:30:53.296732,2265.0,86819.0,191562.0
2025-06-18 11:30:54.166439,2265.0,86819.0,191562.0
2025-06-18 11:30:54.439224,2264.7,87069.0,191403.0
2025-06-18 11:30:54.940001,2264.7,87069.0,191403.0
2025-06-18 11:30:55.267029,2265.0,87069.0,191403.0
2025-06-18 11:30:55.982893,2265.0,87069.0,191403.0
2025-06-18 11:30:56.556339,2265.0,87069.0,191403.0
2025-06-18 11:30:57.267400,2265.0,87069.0,191403.0
2025-06-18 11:30:57.455759,2265.0,87069.0,191403.0
2025-06-18 11:30:58.715025,2265.0,87069.0,191403.0
2025-06-18 11:30:59.546440,2265.0,86558.0,191289.0
2025-06-18 11:30:59.961094,2265.0,86558.0,191289.0
2025-06-18 11:31:00.264688,2265.0,86558.0,191289.0
2025-06-18 11:31:00.832573,2265.0,86558.0,191289.0
2025-06-18 11:31:02.256042,2265.0,86558.0,191289.0
2025-06-18 11:31:03.361736,2265.0,86558.0,191289.0
2025-06-18 11:31:04.263028,2265.0,86941.0,191133.0
2025-06-18 11:31:04.496346,2265.0,86941.0,191133.0
2025-06-18 11:31:05.971990,2265.0,86941.0,191133.0
2025-06-18 11:31:06.292348,2265.0,86941.0,191133.0
2025-06-18 11:31:08.261009,2265.0,86941.0,191133.0
2025-06-18 11:31:09.350397,2265.0,87209.0,191085.0
2025-06-18 11:31:13.272160,2265.0,87209.0,191085.0
2025-06-18 11:31:14.458871,2265.0,87044.0,191148.0
2025-06-18 11:31:16.265659,2264.7,87044.0,191148.0
2025-06-18 11:31:18.267002,2265.0,87044.0,191148.0
2025-06-18 11:31:19.465745,2265.0,87044.0,191148.0
2025-06-18 11:31:19.675573,2265.0,86703.0,191165.0
2025-06-18 11:31:22.257052,2265.0,86703.0,191165.0
2025-06-18 11:31:24.263434,2264.9,86703.0,191165.0
2025-06-18 11:31:25.174602,2264.5,85377.0,192585.0
2025-06-18 11:31:26.258202,2264.3,85377.0,192585.0
2025-06-18 11:31:28.263583,2264.7,85377.0,192585.0
2025-06-18 11:31:29.490763,2264.6,85377.0,192585.0
2025-06-18 11:31:30.707408,2264.6,84788.0,192341.0
2025-06-18 11:31:32.261797,2264.6,84788.0,192341.0
2025-06-18 11:31:35.270234,2264.6,84788.0,192341.0
2025-06-18 11:31:35.873233,2264.6,84927.0,192336.0
2025-06-18 11:31:38.263402,2264.0,84927.0,192336.0
2025-06-18 11:31:39.316754,2264.1,84927.0,192336.0
2025-06-18 11:31:40.976403,2264.2,84004.0,193041.0
2025-06-18 11:31:42.283294,2264.2,84004.0,193041.0
2025-06-18 11:31:44.257907,2264.1,84004.0,193041.0
2025-06-18 11:31:46.086660,2264.0,84180.0,193074.0
2025-06-18 11:31:48.287186,2264.0,84180.0,193074.0
2025-06-18 11:31:50.258652,2264.1,84180.0,193074.0
2025-06-18 11:31:51.220556,2264.1,83792.0,193084.0
2025-06-18 11:31:56.410570,2263.1,82661.0,194001.0
2025-06-18 11:31:56.414610,2263.1,82661.0,194001.0
2025-06-18 11:32:00.289816,2263.1,82661.0,194001.0
2025-06-18 11:32:01.093560,2263.1,82703.0,193606.0
2025-06-18 11:32:02.269687,2263.1,82703.0,193606.0
2025-06-18 11:32:04.295036,2263.1,82703.0,193606.0
2025-06-18 11:32:06.001889,2262.6,81879.0,194072.0
2025-06-18 11:32:06.259087,2262.6,81879.0,194072.0
2025-06-18 11:32:10.267766,2262.9,81879.0,194072.0
2025-06-18 11:32:12.105369,2262.9,82013.0,194327.0
2025-06-18 11:32:15.280632,2262.3,82013.0,194327.0
2025-06-18 11:32:18.012838,2263.1,82178.0,194220.0
2025-06-18 11:32:19.283187,2263.0,82178.0,194220.0
2025-06-18 11:32:21.265958,2263.0,82178.0,194220.0
2025-06-18 11:32:23.417229,2262.8,81634.0,195006.0
2025-06-18 11:32:24.273612,2262.8,81634.0,195006.0
2025-06-18 11:32:27.269864,2261.9,81634.0,195006.0
2025-06-18 11:32:29.231187,2261.9,79351.0,195533.0
2025-06-18 11:32:30.264116,2261.4,79351.0,195533.0
2025-06-18 11:32:33.267839,2262.2,79351.0,195533.0
2025-06-18 11:32:34.929081,2262.2,82264.0,194092.0
2025-06-18 11:32:36.274202,2262.2,82264.0,194092.0
2025-06-18 11:32:39.262614,2262.7,82264.0,194092.0
2025-06-18 11:32:40.844696,2262.0,81359.0,194801.0
2025-06-18 11:32:42.266714,2262.7,81359.0,194801.0
2025-06-18 11:32:46.523114,2262.7,82566.0,193611.0
2025-06-18 11:32:48.275155,2262.7,82566.0,193611.0
2025-06-18 11:32:51.265421,2262.7,82566.0,193611.0
2025-06-18 11:32:51.537965,2262.7,82313.0,193934.0
2025-06-18 11:32:54.265458,2262.5,82313.0,193934.0
2025-06-18 11:32:56.741345,2262.5,82451.0,193876.0
2025-06-18 11:33:00.271849,2262.6,82451.0,193876.0
2025-06-18 11:33:02.156805,2262.7,81569.0,194190.0
2025-06-18 11:33:03.261990,2262.7,81569.0,194190.0
2025-06-18 11:33:06.262735,2262.5,81569.0,194190.0
2025-06-18 11:33:07.542460,2262.5,80974.0,195161.0
2025-06-18 11:33:13.148024,2262.5,81058.0,194882.0
2025-06-18 11:33:15.268400,2262.5,81058.0,194882.0
2025-06-18 11:33:18.265280,2262.0,81058.0,194882.0
2025-06-18 11:33:18.348920,2262.0,81094.0,194986.0
2025-06-18 11:33:21.273085,2262.7,81094.0,194986.0
2025-06-18 11:33:23.549444,2262.7,81130.0,194870.0
2025-06-18 11:33:27.281568,2261.9,81130.0,194870.0
2025-06-18 11:33:28.953929,2262.3,80444.0,195644.0
2025-06-18 11:33:30.277453,2262.2,80444.0,195644.0
2025-06-18 11:33:34.858071,2261.4,80644.0,195698.0
2025-06-18 11:33:37.273541,2262.0,80644.0,195698.0
2025-06-18 11:33:40.265716,2262.0,80644.0,195698.0
2025-06-18 11:33:40.667338,2261.3,80259.0,195854.0
2025-06-18 11:33:43.265461,2262.3,80259.0,195854.0
2025-06-18 11:33:45.269036,2262.3,80259.0,195854.0
2025-06-18 11:33:46.762917,2262.3,80823.0,194814.0
2025-06-18 11:33:48.269230,2262.3,80823.0,194814.0
2025-06-18 11:33:51.104125,2262.3,80823.0,194814.0
2025-06-18 11:33:51.275763,2262.3,80823.0,194814.0
2025-06-18 11:33:52.231073,2262.3,80823.0,194814.0
2025-06-18 11:33:52.466983,2262.3,80947.0,195212.0
2025-06-18 11:33:53.158177,2262.3,80947.0,195212.0
2025-06-18 11:33:54.106985,2262.3,80947.0,195212.0
2025-06-18 11:33:54.301422,2262.3,80947.0,195212.0
2025-06-18 11:33:54.983357,2262.3,80947.0,195212.0
2025-06-18 11:33:55.794615,2262.3,80947.0,195212.0
2025-06-18 11:33:56.898785,2262.3,80947.0,195212.0
2025-06-18 11:33:57.268144,2262.3,80947.0,195212.0
2025-06-18 11:33:57.469672,2262.3,80947.0,195212.0
2025-06-18 11:33:58.292028,2261.9,81148.0,194797.0
2025-06-18 11:33:58.371173,2261.9,81148.0,194797.0
2025-06-18 11:33:59.741346,2261.9,81148.0,194797.0
2025-06-18 11:34:00.275541,2261.9,81148.0,194797.0
2025-06-18 11:34:00.889487,2261.9,81148.0,194797.0
2025-06-18 11:34:01.755713,2261.9,81148.0,194797.0
2025-06-18 11:34:03.140630,2261.9,81148.0,194797.0
2025-06-18 11:34:03.278772,2262.3,81148.0,194797.0
2025-06-18 11:34:04.081755,2262.3,81311.0,195136.0
2025-06-18 11:34:04.284275,2262.3,81311.0,195136.0
2025-06-18 11:34:05.520334,2262.3,81311.0,195136.0
2025-06-18 11:34:06.298476,2262.3,81311.0,195136.0
2025-06-18 11:34:06.880431,2262.3,81311.0,195136.0
2025-06-18 11:34:09.275156,2262.3,81311.0,195136.0
2025-06-18 11:34:09.781058,2262.3,84853.0,195208.0
2025-06-18 11:34:12.287448,2262.3,84853.0,195208.0
2025-06-18 11:34:15.086375,2262.3,84570.0,195146.0
2025-06-18 11:34:15.281718,2262.3,84570.0,195146.0
2025-06-18 11:34:20.212801,2262.3,85012.0,195177.0
2025-06-18 11:34:21.293115,2262.3,85012.0,195177.0
2025-06-18 11:34:24.296876,2262.3,85012.0,195177.0
2025-06-18 11:34:25.492688,2262.3,84845.0,195214.0
2025-06-18 11:34:27.287637,2261.8,84845.0,195214.0
2025-06-18 11:34:30.304711,2261.8,84845.0,195214.0
2025-06-18 11:34:30.898749,2261.8,84856.0,195088.0
2025-06-18 11:34:35.273097,2262.3,84856.0,195088.0
2025-06-18 11:34:35.999703,2262.3,84684.0,195080.0
2025-06-18 11:34:37.433489,2262.3,84684.0,195080.0
2025-06-18 11:34:39.280163,2262.3,84684.0,195080.0
2025-06-18 11:34:40.906394,2262.3,84951.0,195225.0
2025-06-18 11:34:43.274686,2262.3,84951.0,195225.0
2025-06-18 11:34:45.287426,2262.3,84951.0,195225.0
2025-06-18 11:34:45.903962,2262.3,85165.0,195320.0
2025-06-18 11:34:47.287220,2262.3,85165.0,195320.0
2025-06-18 11:34:49.284131,2262.3,85165.0,195320.0
2025-06-18 11:34:51.278310,2262.3,85165.0,195320.0
2025-06-18 11:34:51.309327,2262.3,86117.0,194310.0
2025-06-18 11:34:53.291724,2262.3,86117.0,194310.0
2025-06-18 11:34:55.273488,2262.3,86117.0,194310.0
2025-06-18 11:34:56.815384,2262.3,85976.0,194406.0
2025-06-18 11:34:57.304489,2262.3,85976.0,194406.0
2025-06-18 11:35:00.491628,2262.3,85976.0,194406.0
2025-06-18 11:35:02.122423,2262.3,86122.0,194356.0
2025-06-18 11:35:03.281439,2262.5,86122.0,194356.0
2025-06-18 11:35:05.279184,2262.5,86122.0,194356.0
2025-06-18 11:35:07.328796,2262.5,86122.0,194356.0
2025-06-18 11:35:07.822153,2262.5,86857.0,193345.0
2025-06-18 11:35:11.290357,2262.7,86857.0,193345.0
2025-06-18 11:35:13.301261,2262.7,86857.0,193345.0
2025-06-18 11:35:13.617441,2262.6,86377.0,193722.0
2025-06-18 11:35:15.293112,2262.6,86377.0,193722.0
2025-06-18 11:35:19.330152,2262.7,85564.0,194719.0
2025-06-18 11:35:19.334962,2262.7,85564.0,194719.0
2025-06-18 11:35:21.290510,2262.4,85564.0,194719.0
2025-06-18 11:35:23.293885,2262.3,85564.0,194719.0
2025-06-18 11:35:24.925745,2262.7,82412.0,194768.0
2025-06-18 11:35:25.314235,2262.7,82412.0,194768.0
2025-06-18 11:35:27.301974,2262.7,82412.0,194768.0
2025-06-18 11:35:29.325431,2262.7,82412.0,194768.0
2025-06-18 11:35:30.825557,2262.9,83146.0,194065.0
2025-06-18 11:35:31.287154,2262.9,83146.0,194065.0
2025-06-18 11:35:33.283671,2262.7,83146.0,194065.0
2025-06-18 11:35:36.432118,2262.7,83330.0,193772.0
2025-06-18 11:35:42.635128,2262.7,83345.0,193697.0
2025-06-18 11:35:45.279431,2263.0,83345.0,193697.0
2025-06-18 11:35:48.281391,2263.0,83345.0,193697.0
2025-06-18 11:35:48.539023,2263.0,83102.0,193614.0
2025-06-18 11:35:51.273122,2263.0,83102.0,193614.0
2025-06-18 11:35:54.145255,2263.0,83171.0,193659.0
2025-06-18 11:35:57.294242,2262.6,83171.0,193659.0
2025-06-18 11:35:59.846415,2262.6,82719.0,194240.0
2025-06-18 11:36:01.285973,2262.7,82719.0,194240.0
2025-06-18 11:36:05.663454,2262.7,82462.0,194354.0
2025-06-18 11:36:06.275618,2262.7,82462.0,194354.0
2025-06-18 11:36:09.595764,2262.7,82462.0,194354.0
2025-06-18 11:36:10.281587,2262.7,82462.0,194354.0
2025-06-18 11:36:11.454614,2262.7,82685.0,194287.0
2025-06-18 11:36:12.277715,2262.7,82685.0,194287.0
2025-06-18 11:36:14.284561,2262.7,82685.0,194287.0
2025-06-18 11:36:17.060781,2262.7,82742.0,194199.0
2025-06-18 11:36:20.285561,2262.7,82742.0,194199.0
2025-06-18 11:36:22.758113,2262.7,82534.0,194288.0
2025-06-18 11:36:26.280483,2262.7,82534.0,194288.0
2025-06-18 11:36:28.262672,2262.7,82558.0,193993.0
2025-06-18 11:36:28.276117,2262.7,82558.0,193993.0
2025-06-18 11:36:33.768588,2262.3,82592.0,193664.0
2025-06-18 11:36:34.280358,2262.7,82592.0,193664.0
2025-06-18 11:36:38.277976,2262.7,82592.0,193664.0
2025-06-18 11:36:38.965069,2262.7,82314.0,194722.0
2025-06-18 11:36:39.282760,2262.7,82314.0,194722.0
2025-06-18 11:36:42.281864,2262.7,82314.0,194722.0
2025-06-18 11:36:44.168407,2262.7,82296.0,194365.0
2025-06-18 11:36:44.278937,2262.7,82296.0,194365.0
2025-06-18 11:36:46.280349,2262.7,82296.0,194365.0
2025-06-18 11:36:48.286871,2262.7,82296.0,194365.0
2025-06-18 11:36:49.569910,2262.7,82378.0,194208.0
2025-06-18 11:36:51.358907,2262.7,82378.0,194208.0
2025-06-18 11:36:52.277521,2262.7,82378.0,194208.0
2025-06-18 11:36:52.463362,2262.7,82378.0,194208.0
2025-06-18 11:36:53.285452,2262.7,82378.0,194208.0
2025-06-18 11:36:53.403907,2262.7,82378.0,194208.0
2025-06-18 11:36:54.357587,2262.7,82378.0,194208.0
2025-06-18 11:36:54.974716,2262.7,82341.0,194313.0
2025-06-18 11:36:55.245172,2262.7,82341.0,194313.0
2025-06-18 11:36:56.043497,2262.7,82341.0,194313.0
2025-06-18 11:36:56.282821,2262.7,82341.0,194313.0
2025-06-18 11:36:57.101125,2262.7,82341.0,194313.0
2025-06-18 11:36:58.084335,2262.7,82341.0,194313.0
2025-06-18 11:36:58.284657,2262.7,82341.0,194313.0
2025-06-18 11:36:58.565007,2262.7,82341.0,194313.0
2025-06-18 11:36:59.822809,2262.7,82341.0,194313.0
2025-06-18 11:37:00.294767,2262.7,82341.0,194313.0
2025-06-18 11:37:00.375238,2262.7,82330.0,194235.0
2025-06-18 11:37:01.082696,2262.7,82330.0,194235.0
2025-06-18 11:37:02.278839,2262.3,82330.0,194235.0
2025-06-18 11:37:03.365403,2262.3,82330.0,194235.0
2025-06-18 11:37:04.303524,2262.7,82330.0,194235.0
2025-06-18 11:37:04.499835,2262.7,82330.0,194235.0
2025-06-18 11:37:05.579260,2262.7,82365.0,194023.0
2025-06-18 11:37:05.700273,2262.7,82365.0,194023.0
2025-06-18 11:37:06.281397,2262.7,82365.0,194023.0
2025-06-18 11:37:07.100864,2262.7,82365.0,194023.0
2025-06-18 11:37:08.285006,2262.3,82365.0,194023.0
2025-06-18 11:37:10.285550,2262.3,82365.0,194023.0
2025-06-18 11:37:10.783233,2262.3,82114.0,194284.0
2025-06-18 11:37:12.283502,2262.7,82114.0,194284.0
2025-06-18 11:37:14.290896,2262.7,82114.0,194284.0
2025-06-18 11:37:15.884427,2262.7,82521.0,193136.0
2025-06-18 11:37:16.287861,2262.7,82521.0,193136.0
2025-06-18 11:37:18.280937,2263.0,82521.0,193136.0
2025-06-18 11:37:20.284414,2262.2,82521.0,193136.0
2025-06-18 11:37:20.790734,2262.9,82374.0,193461.0
2025-06-18 11:37:22.286533,2262.9,82374.0,193461.0
2025-06-18 11:37:24.290204,2262.9,82374.0,193461.0
2025-06-18 11:37:25.694003,2263.0,82439.0,193371.0
2025-06-18 11:37:26.284322,2263.0,82439.0,193371.0
2025-06-18 11:37:30.793783,2263.0,82428.0,193567.0
2025-06-18 11:37:32.282297,2263.0,82428.0,193567.0
2025-06-18 11:37:34.292042,2262.1,82428.0,193567.0
2025-06-18 11:37:37.446206,2263.0,83034.0,191948.0
2025-06-18 11:37:37.491708,2263.0,83034.0,191948.0
2025-06-18 11:37:38.286277,2263.0,83034.0,191948.0
2025-06-18 11:37:40.288578,2263.0,83034.0,191948.0
2025-06-18 11:37:41.806164,2263.0,82892.0,192174.0
2025-06-18 11:37:42.282556,2263.0,82892.0,192174.0
2025-06-18 11:37:45.138557,2263.0,82892.0,192174.0
2025-06-18 11:37:47.110051,2263.0,82707.0,192358.0
2025-06-18 11:37:49.298855,2263.0,82707.0,192358.0
2025-06-18 11:37:52.510824,2263.0,82483.0,192428.0
2025-06-18 11:37:54.286939,2263.0,82483.0,192428.0
2025-06-18 11:37:56.286525,2263.5,82483.0,192428.0
2025-06-18 11:37:57.917511,2263.9,83708.0,190510.0
2025-06-18 11:37:58.325026,2263.9,83708.0,190510.0
2025-06-18 11:38:01.286400,2263.9,83708.0,190510.0
2025-06-18 11:38:03.414936,2263.5,83529.0,190146.0
2025-06-18 11:38:04.295964,2263.5,83529.0,190146.0
2025-06-18 11:38:07.286393,2263.9,83529.0,190146.0
2025-06-18 11:38:09.018262,2263.9,83340.0,190352.0
2025-06-18 11:38:14.825256,2263.9,83323.0,190390.0
2025-06-18 11:38:19.324254,2263.9,83323.0,190390.0
2025-06-18 11:38:20.126050,2263.9,83404.0,191018.0
2025-06-18 11:38:20.290860,2263.9,83404.0,191018.0
2025-06-18 11:38:25.301340,2263.4,83404.0,191018.0
2025-06-18 11:38:25.331874,2263.4,83311.0,191043.0
2025-06-18 11:38:29.300948,2263.9,83311.0,191043.0
2025-06-18 11:38:30.534794,2263.9,83520.0,191016.0
2025-06-18 11:38:31.321278,2263.9,83520.0,191016.0
2025-06-18 11:38:32.294852,2263.4,83520.0,191016.0
2025-06-18 11:38:35.288085,2263.9,83520.0,191016.0
2025-06-18 11:38:35.938585,2263.9,83636.0,190824.0
2025-06-18 11:38:37.289521,2263.9,83636.0,190824.0
2025-06-18 11:38:38.295860,2263.9,83636.0,190824.0
2025-06-18 11:38:41.268454,2263.9,83789.0,190202.0
2025-06-18 11:38:41.289581,2263.9,83789.0,190202.0
2025-06-18 11:38:45.290909,2263.9,83789.0,190202.0
2025-06-18 11:38:46.273394,2263.5,83559.0,190285.0
2025-06-18 11:38:47.287941,2263.9,83559.0,190285.0
2025-06-18 11:38:51.319543,2263.9,83559.0,190285.0
2025-06-18 11:38:51.346916,2263.9,83546.0,190361.0
2025-06-18 11:38:55.294090,2263.9,83546.0,190361.0
2025-06-18 11:38:57.511221,2263.9,83566.0,190441.0
2025-06-18 11:38:57.522106,2263.9,83566.0,190441.0
2025-06-18 11:38:58.299191,2263.5,83566.0,190441.0
2025-06-18 11:39:01.264454,2263.5,83373.0,190584.0
2025-06-18 11:39:01.305181,2263.5,83373.0,190584.0
2025-06-18 11:39:03.290095,2263.9,83373.0,190584.0
2025-06-18 11:39:05.303516,2263.9,83373.0,190584.0
2025-06-18 11:39:06.398215,2263.9,83573.0,190356.0
2025-06-18 11:39:11.292873,2263.6,83573.0,190356.0
2025-06-18 11:39:12.063074,2263.6,83656.0,190132.0
2025-06-18 11:39:15.297716,2263.2,83656.0,190132.0
2025-06-18 11:39:17.530086,2263.5,83656.0,190132.0
2025-06-18 11:39:17.673101,2263.5,83558.0,190675.0
2025-06-18 11:39:19.292746,2263.2,83558.0,190675.0
2025-06-18 11:39:21.294051,2263.2,83558.0,190675.0
2025-06-18 11:39:22.303879,2263.5,83558.0,190675.0
2025-06-18 11:39:23.180078,2263.5,83566.0,190574.0
2025-06-18 11:39:25.293951,2263.5,83566.0,190574.0
2025-06-18 11:39:27.296214,2263.5,83566.0,190574.0
2025-06-18 11:39:28.275671,2263.5,83380.0,190977.0
2025-06-18 11:39:31.291769,2263.4,83380.0,190977.0
2025-06-18 11:39:33.387691,2262.3,82759.0,191455.0
2025-06-18 11:39:35.296971,2263.4,82759.0,191455.0
2025-06-18 11:39:38.883094,2263.4,83917.0,191039.0
2025-06-18 11:39:39.295691,2263.5,83917.0,191039.0
2025-06-18 11:39:41.307433,2263.5,83917.0,191039.0
2025-06-18 11:39:43.984096,2263.4,82986.0,191816.0
2025-06-18 11:39:45.290787,2263.4,82986.0,191816.0
2025-06-18 11:39:47.292586,2263.4,82986.0,191816.0
2025-06-18 11:39:49.186884,2263.4,82818.0,191643.0
2025-06-18 11:39:51.329795,2263.4,82818.0,191643.0
2025-06-18 11:39:51.774705,2263.4,82818.0,191643.0
2025-06-18 11:39:52.304345,2263.4,82818.0,191643.0
2025-06-18 11:39:53.293923,2263.4,82818.0,191643.0
2025-06-18 11:39:54.229300,2263.4,82818.0,191643.0
2025-06-18 11:39:54.791764,2263.3,82878.0,191821.0
2025-06-18 11:39:55.187998,2263.3,82878.0,191821.0
2025-06-18 11:39:55.293508,2263.3,82878.0,191821.0
2025-06-18 11:39:56.057719,2263.3,82878.0,191821.0
2025-06-18 11:39:57.294369,2263.3,82878.0,191821.0
2025-06-18 11:39:57.937342,2263.3,82878.0,191821.0
2025-06-18 11:39:58.506580,2263.3,82878.0,191821.0
2025-06-18 11:39:59.294383,2263.3,82878.0,191821.0
2025-06-18 11:39:59.408561,2263.3,82878.0,191821.0
2025-06-18 11:40:00.095258,2263.3,83180.0,191545.0
2025-06-18 11:40:00.299579,2263.3,83180.0,191545.0
2025-06-18 11:40:00.678798,2263.3,83180.0,191545.0
2025-06-18 11:40:01.938026,2263.3,83180.0,191545.0
2025-06-18 11:40:02.799993,2263.3,83180.0,191545.0
2025-06-18 11:40:03.294716,2263.3,83180.0,191545.0
2025-06-18 11:40:04.202515,2263.3,83180.0,191545.0
2025-06-18 11:40:04.304002,2263.3,83180.0,191545.0
2025-06-18 11:40:05.098950,2263.3,83223.0,191597.0
2025-06-18 11:40:05.351045,2263.3,83223.0,191597.0
2025-06-18 11:40:06.485827,2263.3,83223.0,191597.0
2025-06-18 11:40:07.297150,2263.3,83223.0,191597.0
2025-06-18 11:40:07.988475,2263.3,83223.0,191597.0
2025-06-18 11:40:09.297920,2263.3,83223.0,191597.0
2025-06-18 11:40:10.199283,2263.3,83509.0,191416.0
2025-06-18 11:40:14.305052,2263.3,83509.0,191416.0
2025-06-18 11:40:15.203083,2263.3,83096.0,191419.0
2025-06-18 11:40:17.298598,2263.0,83096.0,191419.0
2025-06-18 11:40:20.703915,2263.0,83045.0,191788.0
2025-06-18 11:40:23.316983,2263.0,83045.0,191788.0
2025-06-18 11:40:25.293563,2263.3,83045.0,191788.0
2025-06-18 11:40:26.111423,2263.3,83378.0,191368.0
2025-06-18 11:40:27.298065,2263.4,83378.0,191368.0
2025-06-18 11:40:28.304018,2263.4,83378.0,191368.0
2025-06-18 11:40:31.299062,2263.3,83378.0,191368.0
2025-06-18 11:40:31.812289,2263.3,83443.0,191390.0
2025-06-18 11:40:34.334758,2263.4,83443.0,191390.0
2025-06-18 11:40:37.229481,2263.4,83750.0,191272.0
2025-06-18 11:40:37.294690,2263.4,83750.0,191272.0
2025-06-18 11:40:39.299525,2263.4,83750.0,191272.0
2025-06-18 11:40:41.335146,2263.5,83750.0,191272.0
2025-06-18 11:40:42.520641,2263.5,83518.0,191327.0
2025-06-18 11:40:48.027043,2263.5,83737.0,191488.0
2025-06-18 11:40:49.300067,2263.8,83737.0,191488.0
2025-06-18 11:40:53.028615,2263.5,83761.0,191381.0
2025-06-18 11:40:53.299152,2263.5,83761.0,191381.0
2025-06-18 11:40:55.298470,2263.5,83761.0,191381.0
2025-06-18 11:40:58.634343,2263.5,83767.0,191445.0
2025-06-18 11:40:59.296292,2263.8,83767.0,191445.0
2025-06-18 11:41:03.836741,2263.8,83907.0,191582.0
2025-06-18 11:41:09.244926,2263.8,84576.0,191633.0
2025-06-18 11:41:09.303460,2263.8,84576.0,191633.0
2025-06-18 11:41:11.310128,2263.8,84576.0,191633.0
2025-06-18 11:41:14.345156,2263.8,84517.0,191649.0
2025-06-18 11:41:18.320866,2263.8,84517.0,191649.0
2025-06-18 11:41:19.444213,2264.0,86183.0,191129.0
2025-06-18 11:41:20.307017,2264.0,86183.0,191129.0
2025-06-18 11:41:24.448788,2263.8,86423.0,190598.0
2025-06-18 11:41:25.321992,2264.0,86423.0,190598.0
2025-06-18 11:41:29.451469,2263.8,86747.0,190259.0
2025-06-18 11:41:31.315319,2264.1,86747.0,190259.0
2025-06-18 11:41:33.307694,2265.0,86747.0,190259.0
2025-06-18 11:41:34.309225,2265.0,86747.0,190259.0
2025-06-18 11:41:34.953270,2265.0,88401.0,188106.0
2025-06-18 11:41:40.320801,2265.7,88401.0,188106.0
2025-06-18 11:41:40.559398,2265.0,87818.0,188114.0
2025-06-18 11:41:42.347759,2265.0,87818.0,188114.0
2025-06-18 11:41:45.299629,2265.1,87818.0,188114.0
2025-06-18 11:41:45.862095,2265.1,87914.0,188276.0
2025-06-18 11:41:50.776408,2265.7,88353.0,187785.0
2025-06-18 11:41:51.305862,2265.7,88353.0,187785.0
2025-06-18 11:41:55.869845,2265.7,88378.0,187856.0
2025-06-18 11:41:58.311975,2265.7,88378.0,187856.0
2025-06-18 11:42:00.318230,2265.7,88378.0,187856.0
2025-06-18 11:42:00.676017,2265.7,88660.0,187406.0
2025-06-18 11:42:05.306611,2265.7,88660.0,187406.0
2025-06-18 11:42:05.475513,2265.7,88655.0,187018.0
2025-06-18 11:42:09.311791,2265.7,88655.0,187018.0
2025-06-18 11:42:10.786084,2265.7,88790.0,187201.0
2025-06-18 11:42:11.340091,2265.7,88790.0,187201.0
2025-06-18 11:42:15.688048,2265.7,88893.0,187196.0
2025-06-18 11:42:16.306689,2265.7,88893.0,187196.0
2025-06-18 11:42:19.307758,2265.7,88893.0,187196.0
2025-06-18 11:42:20.797863,2265.7,88962.0,187310.0
2025-06-18 11:42:21.304940,2265.7,88962.0,187310.0
2025-06-18 11:42:23.388368,2265.7,88962.0,187310.0
2025-06-18 11:42:26.092728,2265.7,89085.0,187267.0
2025-06-18 11:42:31.212968,2265.7,88979.0,187285.0
2025-06-18 11:42:33.356732,2265.7,88979.0,187285.0
2025-06-18 11:42:34.322471,2265.7,88979.0,187285.0
2025-06-18 11:42:36.789174,2265.7,89008.0,187087.0
2025-06-18 11:42:37.317098,2265.7,89008.0,187087.0
2025-06-18 11:42:39.314168,2265.7,89008.0,187087.0
2025-06-18 11:42:41.314383,2265.7,89008.0,187087.0
2025-06-18 11:42:41.604354,2265.7,89291.0,186652.0
2025-06-18 11:42:47.408251,2265.7,89246.0,187243.0
2025-06-18 11:42:49.317401,2265.9,89246.0,187243.0
2025-06-18 11:42:52.486637,2265.9,89246.0,187243.0
2025-06-18 11:42:52.911282,2265.9,89306.0,187090.0
2025-06-18 11:42:53.345676,2265.9,89306.0,187090.0
2025-06-18 11:42:54.573470,2265.9,89306.0,187090.0
2025-06-18 11:42:55.313772,2265.4,89306.0,187090.0
2025-06-18 11:42:55.514105,2265.4,89306.0,187090.0
2025-06-18 11:42:56.397940,2265.4,89306.0,187090.0
2025-06-18 11:42:57.223707,2265.4,89306.0,187090.0
2025-06-18 11:42:58.216914,2265.4,89263.0,187090.0
2025-06-18 11:42:58.304226,2265.4,89263.0,187090.0
2025-06-18 11:42:59.303859,2265.4,89263.0,187090.0
2025-06-18 11:42:59.338793,2265.9,89263.0,187090.0
2025-06-18 11:42:59.775423,2265.9,89263.0,187090.0
2025-06-18 11:43:00.164548,2265.9,89263.0,187090.0
2025-06-18 11:43:01.040619,2265.9,89263.0,187090.0
2025-06-18 11:43:02.324518,2265.9,89263.0,187090.0
2025-06-18 11:43:03.130831,2265.4,89239.0,187160.0
2025-06-18 11:43:03.179163,2265.4,89239.0,187160.0
2025-06-18 11:43:03.314537,2265.9,89239.0,187160.0
2025-06-18 11:43:04.584706,2265.9,89239.0,187160.0
2025-06-18 11:43:05.772307,2265.9,89239.0,187160.0
2025-06-18 11:43:06.872436,2265.9,89239.0,187160.0
2025-06-18 11:43:08.278012,2265.9,89411.0,187349.0
2025-06-18 11:43:08.443338,2265.9,89411.0,187349.0
2025-06-18 11:43:09.354901,2265.7,89411.0,187349.0
2025-06-18 11:43:10.344270,2265.9,89411.0,187349.0
2025-06-18 11:43:13.319518,2265.9,89411.0,187349.0
2025-06-18 11:43:13.620220,2265.9,89361.0,187292.0
2025-06-18 11:43:15.313358,2265.9,89361.0,187292.0
2025-06-18 11:43:19.309288,2265.9,89361.0,187292.0
2025-06-18 11:43:19.327285,2265.9,89372.0,187262.0
2025-06-18 11:43:20.323130,2265.7,89372.0,187262.0
2025-06-18 11:43:23.307700,2265.8,89372.0,187262.0
2025-06-18 11:43:24.351724,2265.8,89372.0,187262.0
2025-06-18 11:43:24.427511,2265.8,89773.0,187122.0
2025-06-18 11:43:27.321608,2265.9,89773.0,187122.0
2025-06-18 11:43:29.432297,2265.9,89165.0,187247.0
2025-06-18 11:43:30.356637,2265.9,89165.0,187247.0
2025-06-18 11:43:33.122234,2265.9,89165.0,187247.0
2025-06-18 11:43:34.936583,2265.9,89285.0,187303.0
2025-06-18 11:43:35.317569,2265.9,89285.0,187303.0
2025-06-18 11:43:37.320287,2265.7,89285.0,187303.0
2025-06-18 11:43:39.337687,2265.8,89285.0,187303.0
2025-06-18 11:43:40.451024,2265.8,88738.0,187849.0
2025-06-18 11:43:41.363081,2265.8,88738.0,187849.0
2025-06-18 11:43:43.325954,2265.7,88738.0,187849.0
2025-06-18 11:43:44.391329,2265.8,88738.0,187849.0
2025-06-18 11:43:45.648575,2265.5,88462.0,188112.0
2025-06-18 11:43:47.308246,2265.5,88462.0,188112.0
2025-06-18 11:43:50.321966,2265.7,88462.0,188112.0
2025-06-18 11:43:51.047747,2265.7,87971.0,188294.0
2025-06-18 11:43:52.368772,2265.7,87971.0,188294.0
2025-06-18 11:43:55.354545,2265.7,87971.0,188294.0
2025-06-18 11:43:56.361780,2265.7,87880.0,188114.0
2025-06-18 11:44:00.315175,2265.7,87880.0,188114.0
2025-06-18 11:44:01.460493,2265.7,88074.0,187747.0
2025-06-18 11:44:02.318694,2265.7,88074.0,187747.0
2025-06-18 11:44:05.307495,2265.5,88074.0,187747.0
2025-06-18 11:44:06.662734,2265.5,87938.0,188149.0
2025-06-18 11:44:07.311444,2265.5,87938.0,188149.0
2025-06-18 11:44:10.354166,2265.4,87938.0,188149.0
2025-06-18 11:44:11.462800,2265.4,87633.0,189061.0
2025-06-18 11:44:13.313875,2264.7,87633.0,189061.0
2025-06-18 11:44:15.176631,2264.9,87633.0,189061.0
2025-06-18 11:44:16.672120,2264.9,86567.0,189535.0
2025-06-18 11:44:17.329466,2264.9,86567.0,189535.0
2025-06-18 11:44:20.338812,2264.9,86567.0,189535.0
2025-06-18 11:44:21.975613,2264.9,86620.0,189690.0
2025-06-18 11:44:22.338235,2264.9,86620.0,189690.0
2025-06-18 11:44:24.328115,2264.8,86620.0,189690.0
2025-06-18 11:44:26.978672,2264.9,86574.0,189474.0
2025-06-18 11:44:27.310959,2264.9,86574.0,189474.0
2025-06-18 11:44:30.319581,2264.9,86574.0,189474.0
2025-06-18 11:44:31.876842,2264.1,86851.0,189511.0
2025-06-18 11:44:32.326303,2264.9,86851.0,189511.0
2025-06-18 11:44:36.581155,2264.9,86703.0,189567.0
2025-06-18 11:44:38.336572,2264.9,86703.0,189567.0
2025-06-18 11:44:40.346022,2264.9,86703.0,189567.0
2025-06-18 11:44:41.985995,2265.1,88817.0,188190.0
2025-06-18 11:44:42.319415,2265.5,88817.0,188190.0
2025-06-18 11:44:44.532438,2265.0,88817.0,188190.0
2025-06-18 11:44:47.297734,2265.5,87919.0,188236.0
2025-06-18 11:44:47.315337,2265.5,87919.0,188236.0
2025-06-18 11:44:49.341860,2265.4,87919.0,188236.0
2025-06-18 11:44:50.328187,2265.5,87919.0,188236.0
2025-06-18 11:44:52.296171,2265.6,87807.0,188158.0
2025-06-18 11:44:52.322405,2265.6,87807.0,188158.0
2025-06-18 11:44:54.348666,2265.6,87807.0,188158.0
2025-06-18 11:44:57.683268,2265.6,87807.0,188158.0
2025-06-18 11:44:57.688588,2265.6,88450.0,188141.0
2025-06-18 11:44:58.324075,2265.6,88450.0,188141.0
2025-06-18 11:45:00.535711,2265.6,88450.0,188141.0
2025-06-18 11:45:01.897371,2265.6,88468.0,188119.0
2025-06-18 11:45:04.323567,2265.6,88468.0,188119.0
2025-06-18 11:45:06.599059,2265.1,88587.0,188174.0
2025-06-18 11:45:07.321918,2265.1,88587.0,188174.0
2025-06-18 11:45:11.599604,2265.1,88588.0,188103.0
2025-06-18 11:45:16.403569,2265.1,89083.0,188129.0
2025-06-18 11:45:21.705865,2265.1,88891.0,188827.0
2025-06-18 11:45:26.712007,2265.1,88943.0,189023.0
2025-06-18 11:45:31.323258,2265.4,88943.0,189023.0
2025-06-18 11:45:31.414657,2265.4,88832.0,188908.0
2025-06-18 11:45:33.316970,2265.4,88832.0,188908.0
2025-06-18 11:45:36.217702,2265.4,88701.0,188903.0
2025-06-18 11:45:37.313664,2265.4,88701.0,188903.0
2025-06-18 11:45:39.368091,2265.4,88701.0,188903.0
2025-06-18 11:45:40.318635,2265.4,88701.0,188903.0
2025-06-18 11:45:41.119083,2265.4,88759.0,188804.0
2025-06-18 11:45:43.312170,2265.4,88759.0,188804.0
2025-06-18 11:45:44.321823,2265.4,88759.0,188804.0
2025-06-18 11:45:45.922033,2265.4,88760.0,188875.0
2025-06-18 11:45:49.319712,2265.4,88760.0,188875.0
2025-06-18 11:45:50.823455,2265.1,88647.0,189105.0
2025-06-18 11:45:52.320107,2265.4,88647.0,189105.0
2025-06-18 11:45:52.733026,2265.4,88647.0,189105.0
2025-06-18 11:45:53.819488,2265.4,88647.0,189105.0
2025-06-18 11:45:54.730587,2265.4,88647.0,189105.0
2025-06-18 11:45:55.321773,2265.4,88647.0,189105.0
2025-06-18 11:45:55.816480,2265.4,88647.0,189105.0
2025-06-18 11:45:55.929231,2265.4,88812.0,188921.0
2025-06-18 11:45:56.708620,2265.4,88812.0,188921.0
2025-06-18 11:45:57.522488,2265.4,88812.0,188921.0
2025-06-18 11:45:58.636954,2265.4,88812.0,188921.0
2025-06-18 11:45:59.231411,2265.4,88812.0,188921.0
2025-06-18 11:46:00.080648,2265.4,88812.0,188921.0
2025-06-18 11:46:00.323712,2265.4,88812.0,188921.0
2025-06-18 11:46:00.452499,2265.4,88812.0,188921.0
2025-06-18 11:46:00.931423,2265.4,88409.0,188776.0
2025-06-18 11:46:01.333917,2265.4,88409.0,188776.0
2025-06-18 11:46:02.329662,2265.2,88409.0,188776.0
2025-06-18 11:46:02.600994,2265.2,88409.0,188776.0
2025-06-18 11:46:03.466380,2265.2,88409.0,188776.0
2025-06-18 11:46:04.353855,2265.4,88409.0,188776.0
2025-06-18 11:46:04.861193,2265.4,88409.0,188776.0
2025-06-18 11:46:06.043166,2265.4,88409.0,188776.0
2025-06-18 11:46:06.131964,2265.4,88123.0,188792.0
2025-06-18 11:46:07.147926,2265.4,88123.0,188792.0
2025-06-18 11:46:07.315254,2265.4,88123.0,188792.0
2025-06-18 11:46:08.622265,2265.4,88123.0,188792.0
2025-06-18 11:46:11.338263,2265.4,87986.0,188830.0
2025-06-18 11:46:12.325018,2265.4,87986.0,188830.0
2025-06-18 11:46:16.437248,2265.4,87994.0,189103.0
2025-06-18 11:46:19.318965,2265.3,87994.0,189103.0
2025-06-18 11:46:20.333250,2265.3,87994.0,189103.0
2025-06-18 11:46:21.440615,2265.1,87831.0,189063.0
2025-06-18 11:46:22.389886,2265.3,87831.0,189063.0
2025-06-18 11:46:24.341233,2265.2,87831.0,189063.0
2025-06-18 11:46:26.445582,2265.2,87810.0,189141.0
2025-06-18 11:46:27.319048,2265.1,87810.0,189141.0
2025-06-18 11:46:31.156414,2265.0,87577.0,189305.0
2025-06-18 11:46:31.321478,2265.2,87577.0,189305.0
2025-06-18 11:46:35.369966,2265.2,87577.0,189305.0
2025-06-18 11:46:36.155798,2265.2,87830.0,189196.0
2025-06-18 11:46:39.319849,2265.2,87830.0,189196.0
2025-06-18 11:46:40.325694,2265.2,87830.0,189196.0
2025-06-18 11:46:40.954545,2264.7,87156.0,189460.0
2025-06-18 11:46:41.317597,2265.2,87156.0,189460.0
2025-06-18 11:46:45.661897,2265.2,87276.0,189535.0
2025-06-18 11:46:48.324818,2264.9,87276.0,189535.0
2025-06-18 11:46:49.319465,2264.9,87276.0,189535.0
2025-06-18 11:46:50.375598,2264.9,86576.0,189918.0
2025-06-18 11:46:51.318702,2264.8,86576.0,189918.0
2025-06-18 11:46:55.167968,2264.0,85817.0,191154.0
2025-06-18 11:46:55.327509,2264.6,85817.0,191154.0
2025-06-18 11:46:59.325104,2264.6,85817.0,191154.0
2025-06-18 11:47:00.168454,2264.0,85826.0,191098.0
2025-06-18 11:47:00.325489,2264.5,85826.0,191098.0
2025-06-18 11:47:02.324033,2264.0,85826.0,191098.0
2025-06-18 11:47:03.362300,2264.5,85826.0,191098.0
2025-06-18 11:47:04.871523,2264.5,85799.0,191085.0
2025-06-18 11:47:05.326547,2264.5,85799.0,191085.0
2025-06-18 11:47:10.077570,2263.6,85133.0,191705.0
2025-06-18 11:47:12.323543,2264.2,85133.0,191705.0
2025-06-18 11:47:15.476990,2264.2,85273.0,191746.0
2025-06-18 11:47:19.320967,2264.0,85273.0,191746.0
2025-06-18 11:47:20.335391,2264.2,85273.0,191746.0
2025-06-18 11:47:20.580748,2264.2,85293.0,191597.0
2025-06-18 11:47:23.322513,2264.2,85293.0,191597.0
2025-06-18 11:47:25.579866,2264.2,85310.0,191796.0
2025-06-18 11:47:27.323571,2264.2,85310.0,191796.0
2025-06-18 11:47:28.364976,2264.3,85310.0,191796.0
2025-06-18 11:47:30.333756,2264.3,85310.0,191796.0
2025-06-18 11:47:30.680983,2264.3,85412.0,190398.0
2025-06-18 11:47:33.323991,2264.3,85412.0,190398.0
2025-06-18 11:47:35.986552,2264.3,85565.0,190563.0
2025-06-18 11:47:37.326690,2264.3,85565.0,190563.0
2025-06-18 11:47:39.329649,2264.5,85565.0,190563.0
2025-06-18 11:47:40.324374,2264.5,85565.0,190563.0
2025-06-18 11:47:41.587790,2265.0,86439.0,189241.0
2025-06-18 11:47:42.390101,2264.5,86439.0,189241.0
2025-06-18 11:47:46.346752,2265.0,86439.0,189241.0
2025-06-18 11:47:47.091914,2265.0,85897.0,189653.0
2025-06-18 11:47:50.334690,2265.0,85897.0,189653.0
2025-06-18 11:47:53.081973,2264.5,86027.0,189599.0
2025-06-18 11:47:53.121683,2264.5,86027.0,189599.0
2025-06-18 11:47:54.353392,2265.0,86027.0,189599.0
2025-06-18 11:47:57.329183,2265.0,86007.0,189712.0
2025-06-18 11:47:58.376155,2265.0,86007.0,189712.0
2025-06-18 11:48:00.346864,2265.0,86007.0,189712.0
2025-06-18 11:48:02.198271,2265.0,86219.0,189215.0
2025-06-18 11:48:02.327758,2265.0,86219.0,189215.0
2025-06-18 11:48:04.330367,2265.0,86219.0,189215.0
2025-06-18 11:48:07.200615,2264.3,85916.0,189222.0
2025-06-18 11:48:07.325275,2265.0,85916.0,189222.0
2025-06-18 11:48:09.357790,2265.0,85916.0,189222.0
2025-06-18 11:48:10.346116,2264.3,85916.0,189222.0
2025-06-18 11:48:12.307127,2265.0,86035.0,189539.0
2025-06-18 11:48:13.325147,2265.0,86035.0,189539.0
2025-06-18 11:48:16.325822,2265.0,86035.0,189539.0
2025-06-18 11:48:17.606123,2265.0,86171.0,189470.0
2025-06-18 11:48:19.325883,2265.1,86171.0,189470.0
2025-06-18 11:48:20.345900,2265.0,86171.0,189470.0
2025-06-18 11:48:22.513572,2265.1,86440.0,189161.0
2025-06-18 11:48:23.354764,2265.1,86440.0,189161.0
2025-06-18 11:48:26.327207,2265.1,86440.0,189161.0
2025-06-18 11:48:27.709328,2265.1,86605.0,189086.0
2025-06-18 11:48:29.325124,2265.0,86605.0,189086.0
2025-06-18 11:48:30.334003,2264.1,86605.0,189086.0
2025-06-18 11:48:32.334783,2264.5,86605.0,189086.0
2025-06-18 11:48:32.916225,2264.5,85460.0,190995.0
2025-06-18 11:48:35.324022,2264.5,85460.0,190995.0
2025-06-18 11:48:36.330985,2264.5,85460.0,190995.0
2025-06-18 11:48:38.217239,2264.5,85408.0,190898.0
2025-06-18 11:48:40.366722,2264.0,85408.0,190898.0
2025-06-18 11:48:42.335856,2264.5,85408.0,190898.0
2025-06-18 11:48:42.919265,2264.5,85610.0,190668.0
2025-06-18 11:48:47.724734,2264.5,85647.0,191067.0
2025-06-18 11:48:50.362456,2264.5,85647.0,191067.0
2025-06-18 11:48:52.335308,2264.5,85647.0,191067.0
2025-06-18 11:48:52.725852,2264.5,85433.0,191016.0
2025-06-18 11:48:53.235246,2264.5,85433.0,191016.0
2025-06-18 11:48:54.318918,2264.5,85433.0,191016.0
2025-06-18 11:48:55.234249,2264.5,85433.0,191016.0
2025-06-18 11:48:55.324731,2264.4,85433.0,191016.0
2025-06-18 11:48:56.208119,2264.4,85433.0,191016.0
2025-06-18 11:48:57.154746,2264.4,85433.0,191016.0
2025-06-18 11:48:57.629181,2264.4,85420.0,191141.0
2025-06-18 11:48:57.944956,2264.4,85420.0,191141.0
2025-06-18 11:48:59.034307,2264.4,85420.0,191141.0
2025-06-18 11:48:59.326305,2264.4,85420.0,191141.0
2025-06-18 11:48:59.607828,2264.4,85420.0,191141.0
2025-06-18 11:49:00.332595,2264.4,85420.0,191141.0
2025-06-18 11:49:00.516371,2264.4,85420.0,191141.0
2025-06-18 11:49:01.875086,2264.4,85420.0,191141.0
2025-06-18 11:49:02.430137,2264.4,85346.0,191139.0
2025-06-18 11:49:03.034972,2264.4,85346.0,191139.0
2025-06-18 11:49:03.325375,2264.4,85346.0,191139.0
2025-06-18 11:49:03.901359,2264.4,85346.0,191139.0
2025-06-18 11:49:05.308343,2264.4,85346.0,191139.0
2025-06-18 11:49:06.447662,2264.4,85346.0,191139.0
2025-06-18 11:49:07.332989,2264.3,85346.0,191139.0
2025-06-18 11:49:07.578527,2264.3,85346.0,191139.0
2025-06-18 11:49:07.634329,2264.3,83338.0,191815.0
2025-06-18 11:49:09.068554,2264.3,83338.0,191815.0
2025-06-18 11:49:10.334358,2264.3,83338.0,191815.0
2025-06-18 11:49:12.539812,2264.3,83152.0,192171.0
2025-06-18 11:49:17.439845,2264.1,82989.0,192295.0
2025-06-18 11:49:18.334285,2264.2,82989.0,192295.0
2025-06-18 11:49:20.360714,2264.0,82989.0,192295.0
2025-06-18 11:49:22.344237,2263.9,82989.0,192295.0
2025-06-18 11:49:22.567898,2263.9,82574.0,192391.0
2025-06-18 11:49:24.336905,2263.9,82574.0,192391.0
2025-06-18 11:49:26.334070,2263.8,82574.0,192391.0
2025-06-18 11:49:27.250754,2263.8,82778.0,192608.0
2025-06-18 11:49:29.330928,2263.8,82778.0,192608.0
2025-06-18 11:49:30.342707,2263.3,82778.0,192608.0
2025-06-18 11:49:32.253808,2263.8,82755.0,192825.0
2025-06-18 11:49:33.332103,2263.8,82755.0,192825.0
2025-06-18 11:49:37.457727,2263.8,82698.0,192452.0
2025-06-18 11:49:39.335285,2263.8,82698.0,192452.0
2025-06-18 11:49:40.334610,2263.7,82698.0,192452.0
2025-06-18 11:49:42.663511,2263.7,82281.0,192328.0
2025-06-18 11:49:44.334645,2263.7,82281.0,192328.0
2025-06-18 11:49:47.464850,2263.7,82355.0,192178.0
2025-06-18 11:49:49.333726,2263.6,82355.0,192178.0
2025-06-18 11:49:50.376060,2263.7,82355.0,192178.0
2025-06-18 11:49:52.340928,2263.7,82355.0,192178.0
2025-06-18 11:49:52.373173,2263.7,82373.0,192309.0
2025-06-18 11:49:54.365745,2263.7,82373.0,192309.0
2025-06-18 11:49:56.872471,2263.7,82485.0,192223.0
2025-06-18 11:49:58.367349,2263.7,82485.0,192223.0
2025-06-18 11:50:00.339169,2262.9,82485.0,192223.0
2025-06-18 11:50:01.174218,2263.6,82304.0,192291.0
2025-06-18 11:50:02.336318,2263.6,82304.0,192291.0
2025-06-18 11:50:06.181238,2263.6,82464.0,192282.0
2025-06-18 11:50:11.277149,2263.0,83973.0,192299.0
2025-06-18 11:50:11.329362,2263.0,83973.0,192299.0
2025-06-18 11:50:12.340321,2263.5,83973.0,192299.0
2025-06-18 11:50:17.759339,2263.5,84066.0,192122.0
2025-06-18 11:50:17.764941,2263.5,84066.0,192122.0
2025-06-18 11:50:19.346186,2262.6,84066.0,192122.0
2025-06-18 11:50:20.341558,2262.6,84066.0,192122.0
2025-06-18 11:50:21.200936,2263.5,84010.0,192425.0
2025-06-18 11:50:23.331188,2262.6,84010.0,192425.0
2025-06-18 11:50:24.371685,2263.4,84010.0,192425.0
2025-06-18 11:50:26.287786,2263.4,83745.0,192637.0
2025-06-18 11:50:27.331013,2263.4,83745.0,192637.0
2025-06-18 11:50:28.364489,2263.4,83745.0,192637.0
2025-06-18 11:50:30.342904,2262.4,83745.0,192637.0
2025-06-18 11:50:31.186186,2263.3,83733.0,192631.0
2025-06-18 11:50:32.362267,2263.3,83733.0,192631.0
2025-06-18 11:50:34.364868,2263.4,83733.0,192631.0
2025-06-18 11:50:36.089576,2262.5,83871.0,192519.0
2025-06-18 11:50:36.350388,2262.5,83871.0,192519.0
2025-06-18 11:50:40.352016,2262.5,83871.0,192519.0
2025-06-18 11:50:41.395764,2262.5,83727.0,192757.0
2025-06-18 11:50:43.336655,2263.4,83727.0,192757.0
2025-06-18 11:50:46.389661,2263.4,83794.0,192753.0
2025-06-18 11:50:47.779258,2262.5,83794.0,192753.0
2025-06-18 11:50:48.354639,2262.3,83794.0,192753.0
2025-06-18 11:50:50.351710,2261.8,83794.0,192753.0
2025-06-18 11:50:51.196418,2261.3,78795.0,196844.0
2025-06-18 11:50:52.349823,2261.8,78795.0,196844.0
2025-06-18 11:50:54.358805,2261.1,78795.0,196844.0
2025-06-18 11:50:55.895076,2261.1,79296.0,193345.0
2025-06-18 11:50:56.347161,2261.1,79296.0,193345.0
2025-06-18 11:50:58.350267,2260.9,79296.0,193345.0
2025-06-18 11:51:00.341716,2260.9,79296.0,193345.0
2025-06-18 11:51:00.399046,2260.9,79098.0,193852.0
2025-06-18 11:51:02.331042,2260.9,79098.0,193852.0
2025-06-18 11:51:04.336554,2260.6,79098.0,193852.0
2025-06-18 11:51:04.602402,2260.5,78986.0,193896.0
2025-06-18 11:51:07.345433,2260.5,78986.0,193896.0
2025-06-18 11:51:09.336168,2260.4,78986.0,193896.0
2025-06-18 11:51:09.503652,2260.5,79163.0,194690.0
2025-06-18 11:51:11.336077,2260.5,79163.0,194690.0
2025-06-18 11:51:13.339062,2259.9,79163.0,194690.0
2025-06-18 11:51:15.005601,2260.3,78649.0,194620.0
2025-06-18 11:51:15.345909,2260.3,78649.0,194620.0
2025-06-18 11:51:19.337934,2260.2,78649.0,194620.0
2025-06-18 11:51:20.570504,2260.2,78649.0,194620.0
2025-06-18 11:51:20.571430,2260.2,79005.0,194525.0
2025-06-18 11:51:22.359905,2260.2,79005.0,194525.0
2025-06-18 11:51:25.411641,2260.2,78894.0,194791.0
2025-06-18 11:51:27.371684,2260.1,78894.0,194791.0
2025-06-18 11:51:30.445307,2260.1,79172.0,194723.0
2025-06-18 11:51:31.359891,2260.1,79172.0,194723.0
2025-06-18 11:51:32.404816,2260.1,79172.0,194723.0
2025-06-18 11:51:35.216309,2260.1,78779.0,194552.0
2025-06-18 11:51:36.353805,2260.0,78779.0,194552.0
2025-06-18 11:51:38.362782,2260.0,78779.0,194552.0
2025-06-18 11:51:40.377582,2260.0,78779.0,194552.0
2025-06-18 11:51:40.419896,2260.1,78835.0,194634.0
2025-06-18 11:51:41.339992,2260.2,78835.0,194634.0
2025-06-18 11:51:42.342490,2260.2,78835.0,194634.0
2025-06-18 11:51:44.375771,2260.2,78835.0,194634.0
2025-06-18 11:51:45.223573,2260.2,79206.0,193882.0
2025-06-18 11:51:46.343479,2260.5,79206.0,193882.0
2025-06-18 11:51:48.378282,2260.5,79206.0,193882.0
2025-06-18 11:51:49.928967,2260.5,79378.0,193881.0
2025-06-18 11:51:50.346369,2260.5,79378.0,193881.0
2025-06-18 11:51:53.359883,2260.5,79378.0,193881.0
2025-06-18 11:51:53.683037,2260.5,79378.0,193881.0
2025-06-18 11:51:54.634714,2260.5,79314.0,193925.0
2025-06-18 11:51:54.769187,2260.5,79314.0,193925.0
2025-06-18 11:51:55.697085,2260.5,79314.0,193925.0
2025-06-18 11:51:56.345077,2260.3,79314.0,193925.0
2025-06-18 11:51:56.657847,2260.3,79314.0,193925.0
2025-06-18 11:51:57.681707,2260.3,79314.0,193925.0
2025-06-18 11:51:58.347085,2260.5,79314.0,193925.0
2025-06-18 11:51:58.511354,2260.5,79314.0,193925.0
2025-06-18 11:51:59.610148,2260.5,79314.0,193925.0
2025-06-18 11:51:59.636953,2260.5,79402.0,193651.0
2025-06-18 11:52:00.181099,2260.5,79402.0,193651.0
2025-06-18 11:52:00.345473,2260.5,79402.0,193651.0
2025-06-18 11:52:00.597790,2260.5,79402.0,193651.0
2025-06-18 11:52:01.127097,2260.5,79402.0,193651.0
2025-06-18 11:52:02.380987,2260.5,79402.0,193651.0
2025-06-18 11:52:03.620215,2260.5,79402.0,193651.0
2025-06-18 11:52:04.141302,2260.5,79194.0,193727.0
2025-06-18 11:52:04.348608,2260.5,79194.0,193727.0
2025-06-18 11:52:04.501250,2260.5,79194.0,193727.0
2025-06-18 11:52:05.893121,2260.5,79194.0,193727.0
2025-06-18 11:52:07.040760,2260.5,79194.0,193727.0
2025-06-18 11:52:07.339745,2261.0,79194.0,193727.0
2025-06-18 11:52:08.191127,2261.0,79194.0,193727.0
2025-06-18 11:52:08.353810,2261.1,79194.0,193727.0
2025-06-18 11:52:09.044359,2261.1,79812.0,192223.0
2025-06-18 11:52:09.672446,2261.1,79812.0,192223.0
2025-06-18 11:52:10.353247,2261.6,79812.0,192223.0
2025-06-18 11:52:12.352125,2261.6,79812.0,192223.0
2025-06-18 11:52:13.550543,2261.6,81193.0,191557.0
2025-06-18 11:52:14.363805,2261.0,81193.0,191557.0
2025-06-18 11:52:18.358303,2261.0,81339.0,191355.0
2025-06-18 11:52:20.346787,2261.0,81339.0,191355.0
2025-06-18 11:52:22.357933,2261.5,81339.0,191355.0
2025-06-18 11:52:23.358244,2261.5,81241.0,190646.0
2025-06-18 11:52:26.377759,2261.5,81241.0,190646.0
2025-06-18 11:52:28.345654,2261.5,81241.0,190646.0
2025-06-18 11:52:28.360781,2261.5,81314.0,190614.0
2025-06-18 11:52:30.349557,2261.6,81314.0,190614.0
2025-06-18 11:52:32.358647,2261.5,81314.0,190614.0
2025-06-18 11:52:32.963550,2261.5,81146.0,190918.0
2025-06-18 11:52:36.371813,2261.5,81146.0,190918.0
2025-06-18 11:52:37.467832,2261.5,81091.0,191147.0
2025-06-18 11:52:40.362786,2261.3,81091.0,191147.0
2025-06-18 11:52:42.173555,2261.3,82027.0,189810.0
2025-06-18 11:52:42.351238,2261.3,82027.0,189810.0
2025-06-18 11:52:44.348490,2261.3,82027.0,189810.0
2025-06-18 11:52:46.395976,2262.3,82027.0,189810.0
2025-06-18 11:52:47.070380,2262.3,81856.0,188910.0
2025-06-18 11:52:49.345222,2261.2,81856.0,188910.0
2025-06-18 11:52:51.778143,2262.3,82096.0,188892.0
