timestamp,ltp,bid_qty,ask_qty
2025-06-18 11:01:36.690391,1221.1,290829.0,309083.0
2025-06-18 11:01:38.135260,1221.1,290829.0,309083.0
2025-06-18 11:01:40.136199,1220.8,290829.0,309083.0
2025-06-18 11:01:40.342301,1220.8,290933.0,309902.0
2025-06-18 11:01:42.137338,1221.1,290933.0,309902.0
2025-06-18 11:01:44.187515,1221.1,290933.0,309902.0
2025-06-18 11:01:45.345458,1221.1,291551.0,307044.0
2025-06-18 11:01:48.138317,1221.4,291551.0,307044.0
2025-06-18 11:01:51.048931,1221.4,291773.0,308522.0
2025-06-18 11:01:52.138954,1221.3,291773.0,308522.0
2025-06-18 11:01:54.204899,1221.0,291773.0,308522.0
2025-06-18 11:01:56.205853,1221.3,291773.0,308522.0
2025-06-18 11:01:56.479916,1221.3,291721.0,308247.0
2025-06-18 11:01:58.137416,1221.3,291721.0,308247.0
2025-06-18 11:02:00.140908,1221.0,291721.0,308247.0
2025-06-18 11:02:01.666655,1221.3,291623.0,309229.0
2025-06-18 11:02:02.141014,1221.3,291623.0,309229.0
2025-06-18 11:02:06.983360,1221.3,291754.0,309076.0
2025-06-18 11:02:08.142968,1221.3,291754.0,309076.0
2025-06-18 11:02:12.144977,1221.2,291754.0,309076.0
2025-06-18 11:02:12.264572,1221.2,290870.0,308564.0
2025-06-18 11:02:14.146861,1221.2,290870.0,308564.0
2025-06-18 11:02:16.189205,1220.5,290870.0,308564.0
2025-06-18 11:02:17.669157,1221.0,288895.0,309831.0
2025-06-18 11:02:18.141276,1221.0,288895.0,309831.0
2025-06-18 11:02:20.141175,1220.4,288895.0,309831.0
2025-06-18 11:02:22.149278,1221.0,288895.0,309831.0
2025-06-18 11:02:22.870570,1221.0,288675.0,341377.0
2025-06-18 11:02:24.168333,1220.4,288675.0,341377.0
2025-06-18 11:02:27.986162,1220.4,288551.0,341152.0
2025-06-18 11:02:30.155174,1220.4,288551.0,341152.0
2025-06-18 11:02:32.153947,1220.9,288551.0,341152.0
2025-06-18 11:02:33.078173,1220.6,289554.0,341062.0
2025-06-18 11:02:34.146628,1221.0,289554.0,341062.0
2025-06-18 11:02:36.150052,1221.1,289554.0,341062.0
2025-06-18 11:02:38.147635,1221.1,289554.0,341062.0
2025-06-18 11:02:38.580013,1221.1,289523.0,342326.0
2025-06-18 11:02:43.785430,1221.1,287126.0,340171.0
2025-06-18 11:02:44.154187,1221.1,287126.0,340171.0
2025-06-18 11:02:46.150273,1221.1,287126.0,340171.0
2025-06-18 11:02:48.147391,1220.6,287126.0,340171.0
2025-06-18 11:02:49.088122,1220.6,287452.0,338171.0
2025-06-18 11:02:50.147732,1220.6,287452.0,338171.0
2025-06-18 11:02:52.149530,1221.1,287452.0,338171.0
2025-06-18 11:02:54.151547,1220.7,287452.0,338171.0
2025-06-18 11:02:54.390597,1220.4,286518.0,338869.0
2025-06-18 11:02:56.149409,1221.1,286518.0,338869.0
2025-06-18 11:02:59.601692,1221.2,287548.0,338601.0
2025-06-18 11:03:00.151973,1221.2,287548.0,338601.0
2025-06-18 11:03:02.142161,1221.1,287548.0,338601.0
2025-06-18 11:03:04.152814,1220.7,287548.0,338601.0
2025-06-18 11:03:04.801749,1221.1,287230.0,338812.0
2025-06-18 11:03:06.145427,1220.8,287230.0,338812.0
2025-06-18 11:03:08.156227,1221.2,287230.0,338812.0
2025-06-18 11:03:10.102723,1221.2,287588.0,338686.0
2025-06-18 11:03:14.154326,1221.2,287588.0,338686.0
2025-06-18 11:03:15.403700,1221.2,288392.0,338670.0
2025-06-18 11:03:20.154364,1221.1,288392.0,338670.0
2025-06-18 11:03:20.505846,1221.0,287210.0,338871.0
2025-06-18 11:03:22.173762,1221.2,287210.0,338871.0
2025-06-18 11:03:24.155410,1221.2,287210.0,338871.0
2025-06-18 11:03:25.809114,1220.9,285902.0,339023.0
2025-06-18 11:03:26.152426,1220.9,285902.0,339023.0
2025-06-18 11:03:28.153772,1221.1,285902.0,339023.0
2025-06-18 11:03:30.148858,1220.9,285902.0,339023.0
2025-06-18 11:03:31.015250,1220.8,281749.0,342132.0
2025-06-18 11:03:32.154338,1220.8,281749.0,342132.0
2025-06-18 11:03:36.716150,1220.8,284335.0,340915.0
2025-06-18 11:03:38.158902,1220.7,284335.0,340915.0
2025-06-18 11:03:40.148601,1220.3,284335.0,340915.0
2025-06-18 11:03:41.917720,1220.3,283906.0,341728.0
2025-06-18 11:03:42.160173,1220.3,283906.0,341728.0
2025-06-18 11:03:44.156516,1220.9,283906.0,341728.0
2025-06-18 11:03:46.053881,1220.9,283906.0,341728.0
2025-06-18 11:03:46.922162,1220.8,284437.0,341993.0
2025-06-18 11:03:47.117767,1220.8,284437.0,341993.0
2025-06-18 11:03:48.167046,1220.8,284437.0,341993.0
2025-06-18 11:03:48.902133,1220.8,284437.0,341993.0
2025-06-18 11:03:49.749857,1220.8,284437.0,341993.0
2025-06-18 11:03:50.156617,1220.3,284437.0,341993.0
2025-06-18 11:03:50.557823,1220.3,284437.0,341993.0
2025-06-18 11:03:51.591879,1220.3,284437.0,341993.0
2025-06-18 11:03:51.624925,1220.8,284048.0,341740.0
2025-06-18 11:03:52.194870,1220.8,284048.0,341740.0
2025-06-18 11:03:52.202033,1220.8,284048.0,341740.0
2025-06-18 11:03:53.077484,1220.8,284048.0,341740.0
2025-06-18 11:03:54.186769,1220.4,284048.0,341740.0
2025-06-18 11:03:54.471784,1220.4,284048.0,341740.0
2025-06-18 11:03:55.733921,1220.4,284048.0,341740.0
2025-06-18 11:03:56.527035,1220.4,282670.0,344169.0
2025-06-18 11:03:56.587327,1220.4,282670.0,344169.0
2025-06-18 11:04:00.464901,1220.3,282670.0,344169.0
2025-06-18 11:04:00.504482,1220.3,282670.0,344169.0
2025-06-18 11:04:00.545912,1220.3,282670.0,344169.0
2025-06-18 11:04:00.549151,1220.3,282670.0,344169.0
2025-06-18 11:04:00.580801,1220.3,282670.0,344169.0
2025-06-18 11:04:01.734946,1220.3,282167.0,343844.0
2025-06-18 11:04:01.928289,1220.3,282167.0,343844.0
2025-06-18 11:04:02.179724,1220.7,282167.0,343844.0
2025-06-18 11:04:04.167441,1220.4,282167.0,343844.0
2025-06-18 11:04:06.166201,1220.4,282167.0,343844.0
2025-06-18 11:04:07.039908,1220.7,282443.0,342816.0
2025-06-18 11:04:08.178596,1220.4,282443.0,342816.0
2025-06-18 11:04:12.038327,1220.7,282464.0,344511.0
2025-06-18 11:04:12.166973,1220.7,282464.0,344511.0
2025-06-18 11:04:14.161144,1220.5,282464.0,344511.0
2025-06-18 11:04:16.162406,1220.2,282464.0,344511.0
2025-06-18 11:04:17.150259,1220.2,279063.0,346115.0
2025-06-18 11:04:18.160422,1220.0,279063.0,346115.0
2025-06-18 11:04:20.154879,1220.2,279063.0,346115.0
2025-06-18 11:04:22.166063,1219.6,279063.0,346115.0
2025-06-18 11:04:22.555582,1220.0,279833.0,346492.0
2025-06-18 11:04:24.163404,1220.0,279833.0,346492.0
2025-06-18 11:04:27.663095,1220.0,279148.0,346385.0
2025-06-18 11:04:28.157375,1220.0,279148.0,346385.0
2025-06-18 11:04:30.155950,1220.0,279148.0,346385.0
2025-06-18 11:04:32.763784,1220.0,279608.0,346079.0
2025-06-18 11:04:36.162388,1219.7,279608.0,346079.0
2025-06-18 11:04:37.565587,1220.0,279368.0,347241.0
2025-06-18 11:04:38.154104,1220.0,279368.0,347241.0
2025-06-18 11:04:40.158716,1220.0,279368.0,347241.0
2025-06-18 11:04:42.568366,1220.0,279250.0,347033.0
2025-06-18 11:04:44.164079,1220.0,279250.0,347033.0
2025-06-18 11:04:46.162627,1220.0,279250.0,347033.0
2025-06-18 11:04:47.669582,1219.7,278781.0,345211.0
2025-06-18 11:04:48.166435,1219.7,278781.0,345211.0
2025-06-18 11:04:50.169025,1220.0,278781.0,345211.0
2025-06-18 11:04:52.191511,1220.0,278781.0,345211.0
2025-06-18 11:04:52.375081,1220.0,278088.0,346541.0
2025-06-18 11:04:54.192004,1219.7,278088.0,346541.0
2025-06-18 11:04:56.151473,1220.0,278088.0,346541.0
2025-06-18 11:04:57.274110,1220.0,278343.0,346401.0
2025-06-18 11:04:58.175938,1220.0,278343.0,346401.0
2025-06-18 11:05:00.162217,1220.0,278343.0,346401.0
2025-06-18 11:05:01.776983,1220.0,278821.0,347564.0
2025-06-18 11:05:05.175551,1220.2,278821.0,347564.0
2025-06-18 11:05:06.163823,1220.1,278821.0,347564.0
2025-06-18 11:05:06.577661,1220.1,278951.0,347536.0
2025-06-18 11:05:08.164013,1220.2,278951.0,347536.0
2025-06-18 11:05:10.159314,1220.1,278951.0,347536.0
2025-06-18 11:05:11.680624,1220.0,275956.0,348026.0
2025-06-18 11:05:12.203465,1219.6,275956.0,348026.0
2025-06-18 11:05:14.168759,1220.0,275956.0,348026.0
2025-06-18 11:05:16.689410,1219.5,275956.0,348026.0
2025-06-18 11:05:17.283988,1220.1,276964.0,347088.0
2025-06-18 11:05:18.193662,1219.5,276964.0,347088.0
2025-06-18 11:05:20.177017,1219.6,276964.0,347088.0
2025-06-18 11:05:22.171794,1220.1,276964.0,347088.0
2025-06-18 11:05:22.688990,1220.1,276749.0,346955.0
2025-06-18 11:05:24.208016,1219.5,276749.0,346955.0
2025-06-18 11:05:26.168060,1220.1,276749.0,346955.0
2025-06-18 11:05:27.294165,1219.5,276562.0,346884.0
2025-06-18 11:05:28.199042,1219.5,276562.0,346884.0
2025-06-18 11:05:30.158518,1219.6,276562.0,346884.0
2025-06-18 11:05:32.195497,1219.9,276562.0,346884.0
2025-06-18 11:05:32.202252,1219.9,273329.0,347797.0
2025-06-18 11:05:35.171706,1219.3,273329.0,347797.0
2025-06-18 11:05:37.701354,1219.3,277671.0,349426.0
2025-06-18 11:05:40.193188,1219.6,277671.0,349426.0
2025-06-18 11:05:42.159366,1219.5,277671.0,349426.0
2025-06-18 11:05:42.904943,1219.5,276479.0,348873.0
2025-06-18 11:05:44.166511,1220.0,276479.0,348873.0
2025-06-18 11:05:46.168672,1219.9,276479.0,348873.0
2025-06-18 11:05:47.804290,1219.5,276877.0,350413.0
2025-06-18 11:05:48.208854,1219.5,276877.0,350413.0
2025-06-18 11:05:50.167319,1219.9,276877.0,350413.0
2025-06-18 11:05:52.180023,1220.0,276877.0,350413.0
2025-06-18 11:05:53.007727,1219.5,277270.0,350279.0
2025-06-18 11:05:54.385034,1219.6,277270.0,350279.0
2025-06-18 11:05:56.217951,1219.8,277270.0,350279.0
2025-06-18 11:05:58.114307,1219.8,277533.0,350232.0
2025-06-18 11:06:00.157496,1220.0,277533.0,350232.0
2025-06-18 11:06:02.716968,1220.0,277436.0,350175.0
2025-06-18 11:06:04.177057,1220.0,277436.0,350175.0
2025-06-18 11:06:06.162001,1219.9,277436.0,350175.0
2025-06-18 11:06:07.616346,1219.9,277977.0,350005.0
2025-06-18 11:06:08.172785,1219.9,277977.0,350005.0
2025-06-18 11:06:10.198715,1220.0,277977.0,350005.0
2025-06-18 11:06:12.173051,1220.0,277977.0,350005.0
2025-06-18 11:06:12.526324,1220.0,277927.0,349562.0
2025-06-18 11:06:14.167236,1220.0,277927.0,349562.0
2025-06-18 11:06:17.721313,1219.9,277404.0,348626.0
2025-06-18 11:06:18.168607,1219.9,277404.0,348626.0
2025-06-18 11:06:20.157557,1219.8,277404.0,348626.0
2025-06-18 11:06:22.624164,1219.9,277168.0,347785.0
2025-06-18 11:06:24.170040,1219.9,277168.0,347785.0
2025-06-18 11:06:27.529740,1220.0,276993.0,349473.0
2025-06-18 11:06:28.167261,1219.9,276993.0,349473.0
2025-06-18 11:06:30.165553,1220.0,276993.0,349473.0
2025-06-18 11:06:32.171694,1219.8,276993.0,349473.0
2025-06-18 11:06:32.231556,1219.8,276853.0,349232.0
2025-06-18 11:06:34.230843,1219.8,276853.0,349232.0
2025-06-18 11:06:36.239607,1219.8,276853.0,349232.0
2025-06-18 11:06:36.955815,1219.8,276727.0,348616.0
2025-06-18 11:06:38.163764,1219.5,276727.0,348616.0
2025-06-18 11:06:42.040527,1219.9,277238.0,348773.0
2025-06-18 11:06:42.162479,1219.9,277238.0,348773.0
2025-06-18 11:06:44.175985,1219.5,277238.0,348773.0
2025-06-18 11:06:46.167786,1219.9,277238.0,348773.0
2025-06-18 11:06:46.759151,1219.9,277238.0,348773.0
2025-06-18 11:06:47.039120,1219.9,276610.0,349275.0
2025-06-18 11:06:47.626084,1219.9,276610.0,349275.0
2025-06-18 11:06:48.189380,1219.9,276610.0,349275.0
2025-06-18 11:06:48.559887,1219.9,276610.0,349275.0
2025-06-18 11:06:49.802235,1219.9,276610.0,349275.0
2025-06-18 11:06:50.168920,1219.5,276610.0,349275.0
2025-06-18 11:06:50.289458,1219.5,276610.0,349275.0
2025-06-18 11:06:51.059950,1219.5,276610.0,349275.0
2025-06-18 11:06:52.042793,1219.5,276610.0,349275.0
2025-06-18 11:06:52.070823,1219.5,276751.0,349476.0
2025-06-18 11:06:52.179870,1219.9,276751.0,349476.0
2025-06-18 11:06:52.605455,1219.9,276751.0,349476.0
2025-06-18 11:06:53.519192,1219.9,276751.0,349476.0
2025-06-18 11:06:54.213121,1219.5,276751.0,349476.0
2025-06-18 11:06:54.756077,1219.5,276751.0,349476.0
2025-06-18 11:06:56.203652,1219.5,276751.0,349476.0
2025-06-18 11:06:56.268932,1219.5,276751.0,349476.0
2025-06-18 11:06:56.948986,1219.5,275260.0,351701.0
2025-06-18 11:06:57.111054,1219.5,275260.0,351701.0
2025-06-18 11:06:58.339222,1219.5,275260.0,351701.0
2025-06-18 11:06:58.539766,1219.5,275260.0,351701.0
2025-06-18 11:06:59.689367,1219.5,275260.0,351701.0
2025-06-18 11:07:00.158744,1219.8,275260.0,351701.0
2025-06-18 11:07:00.834534,1219.8,275260.0,351701.0
2025-06-18 11:07:01.749915,1219.8,274774.0,351387.0
2025-06-18 11:07:02.164610,1219.8,274774.0,351387.0
2025-06-18 11:07:02.290778,1219.8,274774.0,351387.0
2025-06-18 11:07:05.087332,1219.5,274774.0,351387.0
2025-06-18 11:07:06.166694,1219.2,274774.0,351387.0
2025-06-18 11:07:06.657507,1219.8,274992.0,350524.0
2025-06-18 11:07:10.533575,1219.7,274992.0,350524.0
2025-06-18 11:07:11.169211,1219.7,274992.0,350524.0
2025-06-18 11:07:12.258402,1219.7,275673.0,350414.0
2025-06-18 11:07:14.167470,1219.8,275673.0,350414.0
2025-06-18 11:07:17.177433,1219.3,275673.0,350414.0
2025-06-18 11:07:17.760444,1219.3,275807.0,350394.0
2025-06-18 11:07:20.169205,1219.3,275807.0,350394.0
2025-06-18 11:07:22.961129,1219.3,275777.0,350484.0
2025-06-18 11:07:24.167618,1219.3,275777.0,350484.0
2025-06-18 11:07:27.868891,1219.7,275837.0,351205.0
2025-06-18 11:07:28.172703,1219.3,275837.0,351205.0
2025-06-18 11:07:30.199920,1219.3,275837.0,351205.0
2025-06-18 11:07:32.191873,1219.8,275837.0,351205.0
2025-06-18 11:07:32.764124,1219.3,275766.0,350984.0
2025-06-18 11:07:34.172567,1219.7,275766.0,350984.0
2025-06-18 11:07:36.168406,1219.3,275766.0,350984.0
2025-06-18 11:07:37.670770,1219.3,275925.0,352768.0
2025-06-18 11:07:38.170424,1219.3,275925.0,352768.0
2025-06-18 11:07:40.200755,1219.3,275925.0,352768.0
2025-06-18 11:07:42.174611,1219.1,275925.0,352768.0
2025-06-18 11:07:42.975027,1219.1,274434.0,353026.0
2025-06-18 11:07:44.795218,1219.6,274434.0,353026.0
2025-06-18 11:07:48.172019,1219.1,274434.0,353026.0
2025-06-18 11:07:48.276442,1219.1,274617.0,353038.0
2025-06-18 11:07:50.180638,1219.6,274617.0,353038.0
2025-06-18 11:07:53.272453,1219.3,274276.0,353357.0
2025-06-18 11:07:54.169987,1219.3,274276.0,353357.0
2025-06-18 11:07:56.186182,1219.8,274276.0,353357.0
2025-06-18 11:07:58.281593,1219.6,273803.0,350161.0
2025-06-18 11:07:59.175679,1219.6,273803.0,350161.0
2025-06-18 11:08:01.247907,1219.3,273803.0,350161.0
2025-06-18 11:08:03.378343,1219.3,274878.0,349857.0
2025-06-18 11:08:05.185655,1219.8,274878.0,349857.0
2025-06-18 11:08:07.183180,1219.4,274878.0,349857.0
2025-06-18 11:08:08.786291,1219.6,275174.0,350635.0
2025-06-18 11:08:09.243823,1219.6,275174.0,350635.0
2025-06-18 11:08:11.177906,1219.3,275174.0,350635.0
2025-06-18 11:08:13.181007,1219.4,275174.0,350635.0
2025-06-18 11:08:14.286972,1219.6,275257.0,350883.0
2025-06-18 11:08:15.199794,1219.6,275257.0,350883.0
2025-06-18 11:08:20.483209,1219.6,275257.0,350883.0
2025-06-18 11:08:20.532497,1219.6,275257.0,350883.0
2025-06-18 11:08:20.533839,1219.6,275162.0,351001.0
2025-06-18 11:08:21.183871,1219.6,275162.0,351001.0
2025-06-18 11:08:23.187146,1219.6,275162.0,351001.0
2025-06-18 11:08:24.707128,1219.6,274891.0,350650.0
2025-06-18 11:08:26.174590,1219.4,274891.0,350650.0
2025-06-18 11:08:29.174144,1219.6,274891.0,350650.0
2025-06-18 11:08:30.403043,1219.6,274522.0,350716.0
2025-06-18 11:08:31.194843,1219.6,274522.0,350716.0
2025-06-18 11:08:33.180200,1219.6,274522.0,350716.0
2025-06-18 11:08:35.168412,1219.4,274522.0,350716.0
2025-06-18 11:08:35.806788,1219.4,274802.0,349459.0
2025-06-18 11:08:37.177065,1219.4,274802.0,349459.0
2025-06-18 11:08:39.172513,1219.6,274802.0,349459.0
2025-06-18 11:08:40.908498,1219.4,274988.0,350690.0
2025-06-18 11:08:41.181600,1219.4,274988.0,350690.0
2025-06-18 11:08:43.170112,1219.4,274988.0,350690.0
2025-06-18 11:08:45.187739,1219.6,274988.0,350690.0
2025-06-18 11:08:46.213611,1219.4,274088.0,351570.0
2025-06-18 11:08:47.175821,1219.8,274088.0,351570.0
2025-06-18 11:08:49.178470,1219.4,274088.0,351570.0
2025-06-18 11:08:51.214153,1219.8,274088.0,351570.0
2025-06-18 11:08:51.411162,1219.8,274833.0,351135.0
2025-06-18 11:08:53.180571,1219.8,274833.0,351135.0
2025-06-18 11:08:55.170801,1219.9,274833.0,351135.0
2025-06-18 11:08:56.614566,1219.4,274888.0,349204.0
2025-06-18 11:08:57.174409,1219.9,274888.0,349204.0
2025-06-18 11:09:01.181979,1219.4,274888.0,349204.0
2025-06-18 11:09:01.524967,1219.4,274833.0,350838.0
2025-06-18 11:09:03.195040,1219.9,274833.0,350838.0
2025-06-18 11:09:05.180214,1219.4,274833.0,350838.0
2025-06-18 11:09:06.535422,1219.5,275551.0,349293.0
2025-06-18 11:09:07.175273,1219.9,275551.0,349293.0
2025-06-18 11:09:09.172936,1219.6,275551.0,349293.0
2025-06-18 11:09:11.172887,1219.6,275551.0,349293.0
2025-06-18 11:09:11.821458,1219.6,278430.0,345245.0
2025-06-18 11:09:14.309228,1219.9,278430.0,345245.0
2025-06-18 11:09:15.175154,1219.7,278430.0,345245.0
2025-06-18 11:09:17.174786,1219.9,278430.0,345245.0
2025-06-18 11:09:18.824465,1219.7,277297.0,346389.0
2025-06-18 11:09:19.166112,1220.0,277297.0,346389.0
2025-06-18 11:09:21.173717,1220.0,277297.0,346389.0
2025-06-18 11:09:23.127804,1219.8,276997.0,346808.0
2025-06-18 11:09:23.175028,1219.8,276997.0,346808.0
2025-06-18 11:09:25.179447,1219.8,276997.0,346808.0
2025-06-18 11:09:27.169893,1220.0,276997.0,346808.0
2025-06-18 11:09:28.429291,1220.0,277833.0,346369.0
2025-06-18 11:09:29.179660,1220.0,277833.0,346369.0
2025-06-18 11:09:31.171378,1220.2,277833.0,346369.0
2025-06-18 11:09:33.183110,1220.4,277833.0,346369.0
2025-06-18 11:09:33.834489,1220.4,281151.0,344074.0
2025-06-18 11:09:35.175998,1220.4,281151.0,344074.0
2025-06-18 11:09:37.179091,1220.3,281151.0,344074.0
2025-06-18 11:09:39.848632,1220.3,284633.0,343655.0
2025-06-18 11:09:39.898950,1220.3,284633.0,343655.0
2025-06-18 11:09:41.170828,1220.2,284633.0,343655.0
2025-06-18 11:09:43.179811,1220.4,284633.0,343655.0
2025-06-18 11:09:44.343626,1220.4,285767.0,342394.0
2025-06-18 11:09:45.178493,1220.9,285767.0,342394.0
2025-06-18 11:09:47.142456,1220.9,285767.0,342394.0
2025-06-18 11:09:47.225175,1220.5,285767.0,342394.0
2025-06-18 11:09:48.228304,1220.5,285767.0,342394.0
2025-06-18 11:09:49.136794,1220.5,285767.0,342394.0
2025-06-18 11:09:49.178419,1220.2,285767.0,342394.0
2025-06-18 11:09:49.543299,1220.2,284251.0,344156.0
2025-06-18 11:09:50.061580,1220.2,284251.0,344156.0
2025-06-18 11:09:51.170909,1220.5,284251.0,344156.0
2025-06-18 11:09:51.673430,1220.5,284251.0,344156.0
2025-06-18 11:09:52.636562,1220.5,284251.0,344156.0
2025-06-18 11:09:53.180761,1220.2,284251.0,344156.0
2025-06-18 11:09:53.228344,1220.2,284251.0,344156.0
2025-06-18 11:09:54.097002,1220.2,284251.0,344156.0
2025-06-18 11:09:55.154849,1220.1,284215.0,347277.0
2025-06-18 11:09:55.183328,1220.1,284215.0,347277.0
2025-06-18 11:09:55.342508,1220.1,284215.0,347277.0
2025-06-18 11:09:56.595080,1220.1,284215.0,347277.0
2025-06-18 11:09:57.182563,1220.5,284215.0,347277.0
2025-06-18 11:09:57.565470,1220.5,284215.0,347277.0
2025-06-18 11:09:58.982367,1220.5,284215.0,347277.0
2025-06-18 11:09:59.178605,1220.5,284215.0,347277.0
2025-06-18 11:10:00.126372,1220.5,284215.0,347277.0
2025-06-18 11:10:00.148981,1220.0,283608.0,349643.0
2025-06-18 11:10:01.177216,1220.0,283608.0,349643.0
2025-06-18 11:10:01.254541,1220.0,283608.0,349643.0
2025-06-18 11:10:02.721206,1220.0,283608.0,349643.0
2025-06-18 11:10:03.219332,1220.5,283608.0,349643.0
2025-06-18 11:10:04.177382,1220.0,283608.0,349643.0
2025-06-18 11:10:05.256754,1220.1,282887.0,350952.0
2025-06-18 11:10:07.179638,1220.1,282887.0,350952.0
2025-06-18 11:10:09.515385,1220.5,282887.0,350952.0
2025-06-18 11:10:10.454449,1220.5,283729.0,346534.0
2025-06-18 11:10:11.206585,1220.3,283729.0,346534.0
2025-06-18 11:10:13.183832,1220.2,283729.0,346534.0
2025-06-18 11:10:15.174955,1220.5,283729.0,346534.0
2025-06-18 11:10:15.959972,1220.5,283848.0,346049.0
2025-06-18 11:10:17.187751,1220.5,283848.0,346049.0
2025-06-18 11:10:19.178211,1220.4,283848.0,346049.0
2025-06-18 11:10:21.061839,1220.5,284239.0,346033.0
2025-06-18 11:10:21.191936,1220.5,284239.0,346033.0
2025-06-18 11:10:23.180012,1220.5,284239.0,346033.0
2025-06-18 11:10:25.185382,1220.5,284239.0,346033.0
2025-06-18 11:10:26.361628,1219.9,279361.0,348709.0
2025-06-18 11:10:29.176971,1220.4,279361.0,348709.0
2025-06-18 11:10:31.219746,1220.4,279361.0,348709.0
2025-06-18 11:10:31.961244,1220.4,280627.0,348133.0
2025-06-18 11:10:34.191264,1219.8,280627.0,348133.0
2025-06-18 11:10:37.180667,1219.9,280627.0,348133.0
2025-06-18 11:10:37.570724,1220.4,280768.0,348380.0
2025-06-18 11:10:39.177231,1219.8,280768.0,348380.0
2025-06-18 11:10:41.185691,1219.8,280768.0,348380.0
2025-06-18 11:10:43.069317,1219.8,281153.0,348755.0
2025-06-18 11:10:43.179468,1219.8,281153.0,348755.0
2025-06-18 11:10:45.178060,1219.8,281153.0,348755.0
2025-06-18 11:10:47.176905,1219.8,281153.0,348755.0
2025-06-18 11:10:48.213788,1220.2,280706.0,350154.0
2025-06-18 11:10:49.177771,1220.3,280706.0,350154.0
2025-06-18 11:10:51.178272,1219.9,280706.0,350154.0
2025-06-18 11:10:53.184189,1219.9,280706.0,350154.0
2025-06-18 11:10:53.279106,1219.9,279253.0,351312.0
2025-06-18 11:10:55.180522,1219.9,279253.0,351312.0
2025-06-18 11:10:57.173130,1219.9,279253.0,351312.0
2025-06-18 11:10:58.586352,1219.4,277699.0,350807.0
2025-06-18 11:10:59.175152,1219.9,277699.0,350807.0
2025-06-18 11:11:01.176174,1219.9,277699.0,350807.0
2025-06-18 11:11:03.178770,1219.3,277699.0,350807.0
2025-06-18 11:11:03.888304,1219.3,278463.0,350463.0
2025-06-18 11:11:05.175508,1219.3,278463.0,350463.0
2025-06-18 11:11:07.181448,1219.8,278463.0,350463.0
2025-06-18 11:11:09.193931,1219.4,278463.0,350463.0
2025-06-18 11:11:09.395038,1219.4,282134.0,354094.0
2025-06-18 11:11:11.186346,1219.3,282134.0,354094.0
2025-06-18 11:11:14.695905,1219.8,283722.0,354124.0
2025-06-18 11:11:15.175573,1219.8,283722.0,354124.0
2025-06-18 11:11:17.191299,1219.8,283722.0,354124.0
2025-06-18 11:11:19.192706,1219.8,283722.0,354124.0
2025-06-18 11:11:20.014550,1219.8,283549.0,355305.0
2025-06-18 11:11:21.196739,1219.8,283549.0,355305.0
2025-06-18 11:11:23.176977,1219.2,283549.0,355305.0
2025-06-18 11:11:25.007366,1219.2,281961.0,354001.0
2025-06-18 11:11:25.196263,1219.9,281961.0,354001.0
2025-06-18 11:11:27.183299,1219.9,281961.0,354001.0
2025-06-18 11:11:29.228271,1219.4,281961.0,354001.0
2025-06-18 11:11:30.204124,1219.4,283144.0,352260.0
2025-06-18 11:11:33.180021,1219.4,283144.0,352260.0
2025-06-18 11:11:35.107909,1219.4,282401.0,353194.0
2025-06-18 11:11:35.181348,1219.4,282401.0,353194.0
2025-06-18 11:11:37.199692,1219.4,282401.0,353194.0
2025-06-18 11:11:40.110744,1219.9,282883.0,352968.0
2025-06-18 11:11:40.185770,1219.9,282883.0,352968.0
2025-06-18 11:11:43.204032,1219.8,282883.0,352968.0
2025-06-18 11:11:45.191829,1219.9,282883.0,352968.0
2025-06-18 11:11:45.212490,1219.9,283406.0,352506.0
2025-06-18 11:11:47.215262,1219.9,283406.0,352506.0
2025-06-18 11:11:49.195333,1219.8,283406.0,352506.0
2025-06-18 11:11:50.219131,1219.9,281958.0,346205.0
2025-06-18 11:11:51.207691,1220.2,281958.0,346205.0
2025-06-18 11:11:53.198343,1220.2,281958.0,346205.0
2025-06-18 11:11:55.204977,1220.2,281958.0,346205.0
2025-06-18 11:11:55.421314,1220.2,282148.0,349548.0
2025-06-18 11:11:57.187873,1220.2,282148.0,349548.0
2025-06-18 11:11:59.180751,1219.9,282148.0,349548.0
2025-06-18 11:12:00.189898,1220.3,282148.0,349548.0
2025-06-18 11:12:00.425820,1220.3,283329.0,349519.0
2025-06-18 11:12:03.193690,1220.3,283329.0,349519.0
2025-06-18 11:12:05.125702,1220.3,283519.0,348942.0
2025-06-18 11:12:05.181137,1220.3,283519.0,348942.0
2025-06-18 11:12:07.181450,1220.3,283519.0,348942.0
2025-06-18 11:12:10.117837,1220.0,283519.0,348942.0
2025-06-18 11:12:10.169889,1220.4,283653.0,348796.0
2025-06-18 11:12:11.179166,1220.4,283653.0,348796.0
2025-06-18 11:12:13.189262,1220.1,283653.0,348796.0
2025-06-18 11:12:14.188325,1220.4,283653.0,348796.0
2025-06-18 11:12:15.141119,1220.5,285289.0,347992.0
2025-06-18 11:12:17.181701,1220.4,285289.0,347992.0
2025-06-18 11:12:19.178904,1220.1,285289.0,347992.0
2025-06-18 11:12:20.438223,1220.1,284766.0,348378.0
2025-06-18 11:12:21.182548,1220.4,284766.0,348378.0
2025-06-18 11:12:23.180809,1220.4,284766.0,348378.0
2025-06-18 11:12:25.181549,1220.5,284766.0,348378.0
2025-06-18 11:12:25.344665,1220.5,285699.0,346891.0
2025-06-18 11:12:27.183202,1220.1,285699.0,346891.0
2025-06-18 11:12:29.181724,1220.1,285699.0,346891.0
2025-06-18 11:12:30.348800,1220.4,284641.0,347525.0
2025-06-18 11:12:31.183171,1220.4,284641.0,347525.0
2025-06-18 11:12:33.184117,1220.0,284641.0,347525.0
2025-06-18 11:12:35.202920,1220.1,284641.0,347525.0
2025-06-18 11:12:35.553058,1220.1,282677.0,349687.0
2025-06-18 11:12:37.182581,1220.1,282677.0,349687.0
2025-06-18 11:12:39.184885,1219.9,282677.0,349687.0
2025-06-18 11:12:40.956746,1220.4,283058.0,348603.0
2025-06-18 11:12:41.225292,1220.4,283058.0,348603.0
2025-06-18 11:12:43.185944,1220.4,283058.0,348603.0
2025-06-18 11:12:45.186667,1220.4,283058.0,348603.0
2025-06-18 11:12:45.861164,1219.9,282242.0,348299.0
2025-06-18 11:12:47.182076,1219.9,282242.0,348299.0
2025-06-18 11:12:47.569738,1219.9,282242.0,348299.0
2025-06-18 11:12:48.633007,1219.9,282242.0,348299.0
2025-06-18 11:12:49.181773,1220.5,282242.0,348299.0
2025-06-18 11:12:49.546190,1220.5,282242.0,348299.0
2025-06-18 11:12:50.455645,1220.5,282242.0,348299.0
2025-06-18 11:12:51.064469,1220.5,283875.0,348160.0
2025-06-18 11:12:51.185327,1220.5,283875.0,348160.0
2025-06-18 11:12:51.314551,1220.5,283875.0,348160.0
2025-06-18 11:12:52.078562,1220.5,283875.0,348160.0
2025-06-18 11:12:53.103179,1220.5,283875.0,348160.0
2025-06-18 11:12:53.181996,1220.1,283875.0,348160.0
2025-06-18 11:12:53.639514,1220.1,283875.0,348160.0
2025-06-18 11:12:54.053855,1220.1,283875.0,348160.0
2025-06-18 11:12:55.179830,1220.5,283875.0,348160.0
2025-06-18 11:12:55.769668,1220.5,283875.0,348160.0
2025-06-18 11:12:56.767565,1220.4,283502.0,348086.0
2025-06-18 11:12:57.013759,1220.4,283502.0,348086.0
2025-06-18 11:12:57.187315,1219.9,283502.0,348086.0
2025-06-18 11:12:57.883575,1219.9,283502.0,348086.0
2025-06-18 11:12:59.192899,1220.1,283502.0,348086.0
2025-06-18 11:12:59.296758,1220.1,283502.0,348086.0
2025-06-18 11:13:00.404258,1220.1,283502.0,348086.0
2025-06-18 11:13:01.184180,1220.5,283502.0,348086.0
2025-06-18 11:13:01.578767,1220.5,283502.0,348086.0
2025-06-18 11:13:02.072068,1220.0,284289.0,346920.0
2025-06-18 11:13:03.039130,1220.0,284289.0,346920.0
2025-06-18 11:13:03.213126,1220.5,284289.0,346920.0
2025-06-18 11:13:05.186674,1220.1,284289.0,346920.0
2025-06-18 11:13:06.877524,1220.1,284379.0,346309.0
2025-06-18 11:13:07.185641,1220.5,284379.0,346309.0
2025-06-18 11:13:09.184328,1220.5,284379.0,346309.0
2025-06-18 11:13:11.187387,1220.5,284379.0,346309.0
2025-06-18 11:13:11.879393,1220.2,284809.0,345860.0
2025-06-18 11:13:13.186722,1220.5,284809.0,345860.0
2025-06-18 11:13:15.190521,1220.5,284809.0,345860.0
2025-06-18 11:13:16.582400,1220.5,285035.0,346566.0
2025-06-18 11:13:17.189374,1220.5,285035.0,346566.0
2025-06-18 11:13:19.188341,1220.5,285035.0,346566.0
2025-06-18 11:13:21.187412,1220.5,285035.0,346566.0
2025-06-18 11:13:21.481443,1220.5,285325.0,346178.0
2025-06-18 11:13:23.185857,1220.5,285325.0,346178.0
2025-06-18 11:13:25.188510,1220.3,285325.0,346178.0
2025-06-18 11:13:26.484597,1220.3,285303.0,346532.0
2025-06-18 11:13:27.186012,1220.5,285303.0,346532.0
2025-06-18 11:13:29.187461,1220.5,285303.0,346532.0
2025-06-18 11:13:31.188274,1220.3,285303.0,346532.0
2025-06-18 11:13:31.401910,1220.3,285241.0,346483.0
2025-06-18 11:13:33.192053,1220.5,285241.0,346483.0
2025-06-18 11:13:35.188757,1220.3,285241.0,346483.0
2025-06-18 11:13:36.409758,1220.3,284989.0,346311.0
2025-06-18 11:13:37.188867,1220.3,284989.0,346311.0
2025-06-18 11:13:39.188171,1220.3,284989.0,346311.0
2025-06-18 11:13:41.191256,1220.5,284989.0,346311.0
2025-06-18 11:13:41.596847,1220.5,284919.0,346593.0
2025-06-18 11:13:43.189810,1220.3,284919.0,346593.0
2025-06-18 11:13:45.187018,1220.3,284919.0,346593.0
2025-06-18 11:13:46.798357,1220.5,284791.0,346451.0
2025-06-18 11:13:47.196070,1220.5,284791.0,346451.0
2025-06-18 11:13:49.188992,1220.5,284791.0,346451.0
2025-06-18 11:13:50.207518,1220.3,284791.0,346451.0
2025-06-18 11:13:51.400419,1220.3,282833.0,346156.0
2025-06-18 11:13:53.190327,1220.3,282833.0,346156.0
2025-06-18 11:13:55.190295,1220.5,282833.0,346156.0
2025-06-18 11:13:56.604059,1220.8,285592.0,347656.0
2025-06-18 11:13:57.188130,1220.8,285592.0,347656.0
2025-06-18 11:13:59.185909,1220.3,285592.0,347656.0
2025-06-18 11:14:01.185746,1220.5,285592.0,347656.0
2025-06-18 11:14:01.905642,1220.3,285076.0,348761.0
2025-06-18 11:14:03.190711,1220.3,285076.0,348761.0
2025-06-18 11:14:05.188050,1220.3,285076.0,348761.0
2025-06-18 11:14:06.710758,1220.2,286000.0,346833.0
2025-06-18 11:14:07.189666,1220.2,286000.0,346833.0
2025-06-18 11:14:09.195392,1220.7,286000.0,346833.0
2025-06-18 11:14:11.187431,1220.3,286000.0,346833.0
2025-06-18 11:14:11.913708,1220.8,287427.0,346489.0
2025-06-18 11:14:13.227694,1220.8,287427.0,346489.0
2025-06-18 11:14:15.191525,1220.3,287427.0,346489.0
2025-06-18 11:14:16.914790,1220.3,287579.0,347502.0
2025-06-18 11:14:17.198976,1220.3,287579.0,347502.0
2025-06-18 11:14:19.192752,1220.7,287579.0,347502.0
2025-06-18 11:14:21.190493,1220.3,287579.0,347502.0
2025-06-18 11:14:21.622241,1220.3,287019.0,347215.0
2025-06-18 11:14:23.191429,1220.1,287019.0,347215.0
2025-06-18 11:14:25.196476,1220.9,287019.0,347215.0
2025-06-18 11:14:26.821148,1220.5,288209.0,345202.0
2025-06-18 11:14:27.204666,1220.5,288209.0,345202.0
2025-06-18 11:14:29.193162,1220.6,288209.0,345202.0
2025-06-18 11:14:31.192180,1221.0,288209.0,345202.0
2025-06-18 11:14:32.123278,1220.9,287291.0,343613.0
2025-06-18 11:14:33.191916,1221.0,287291.0,343613.0
2025-06-18 11:14:35.194451,1221.0,287291.0,343613.0
2025-06-18 11:14:37.221888,1221.2,287291.0,343613.0
2025-06-18 11:14:37.331892,1221.2,288231.0,343785.0
2025-06-18 11:14:39.190819,1221.2,288231.0,343785.0
2025-06-18 11:14:41.197717,1221.2,288231.0,343785.0
2025-06-18 11:14:42.232245,1220.9,288257.0,343327.0
2025-06-18 11:14:43.204684,1221.2,288257.0,343327.0
2025-06-18 11:14:45.189814,1220.9,288257.0,343327.0
2025-06-18 11:14:47.197252,1220.9,288257.0,343327.0
2025-06-18 11:14:47.738473,1220.9,289042.0,345364.0
2025-06-18 11:14:49.190899,1220.5,289042.0,345364.0
2025-06-18 11:14:51.195094,1220.5,289042.0,345364.0
2025-06-18 11:14:53.214323,1221.0,289042.0,345364.0
2025-06-18 11:14:53.241274,1221.0,290278.0,344564.0
2025-06-18 11:14:55.192486,1221.1,290278.0,344564.0
2025-06-18 11:14:57.189473,1220.5,290278.0,344564.0
2025-06-18 11:14:58.752345,1220.9,290741.0,346572.0
2025-06-18 11:14:59.191187,1220.9,290741.0,346572.0
2025-06-18 11:15:01.189369,1220.9,290741.0,346572.0
2025-06-18 11:15:03.193143,1220.5,290741.0,346572.0
2025-06-18 11:15:03.950745,1220.5,290400.0,346571.0
2025-06-18 11:15:05.195672,1220.9,290400.0,346571.0
2025-06-18 11:15:07.192630,1220.9,290400.0,346571.0
2025-06-18 11:15:10.474012,1220.9,290737.0,347485.0
2025-06-18 11:15:10.475816,1220.9,290737.0,347485.0
2025-06-18 11:15:11.195551,1220.9,290737.0,347485.0
2025-06-18 11:15:13.193859,1220.9,290737.0,347485.0
2025-06-18 11:15:14.358562,1220.9,290815.0,346489.0
2025-06-18 11:15:15.210167,1220.9,290815.0,346489.0
2025-06-18 11:15:17.206479,1220.9,290815.0,346489.0
2025-06-18 11:15:19.201263,1220.9,290815.0,346489.0
2025-06-18 11:15:19.364803,1220.9,291056.0,346691.0
2025-06-18 11:15:21.194648,1220.9,291056.0,346691.0
2025-06-18 11:15:23.197897,1220.9,291056.0,346691.0
2025-06-18 11:15:24.164377,1220.7,289965.0,347027.0
2025-06-18 11:15:25.199977,1220.7,289965.0,347027.0
2025-06-18 11:15:27.197238,1220.5,289965.0,347027.0
2025-06-18 11:15:29.205887,1219.9,289965.0,347027.0
2025-06-18 11:15:29.670014,1220.5,284741.0,350887.0
2025-06-18 11:15:31.198845,1220.6,284741.0,350887.0
2025-06-18 11:15:33.196431,1219.9,284741.0,350887.0
2025-06-18 11:15:35.198229,1219.9,284741.0,350887.0
2025-06-18 11:15:35.273258,1219.9,281959.0,352277.0
2025-06-18 11:15:37.227156,1219.5,281959.0,352277.0
2025-06-18 11:15:39.204056,1219.9,281959.0,352277.0
2025-06-18 11:15:40.578527,1219.9,282617.0,352898.0
2025-06-18 11:15:41.199365,1220.2,282617.0,352898.0
2025-06-18 11:15:43.201556,1220.2,282617.0,352898.0
2025-06-18 11:15:45.197950,1220.2,282617.0,352898.0
2025-06-18 11:15:45.580067,1220.2,284873.0,350893.0
2025-06-18 11:15:47.198610,1220.3,284873.0,350893.0
2025-06-18 11:15:48.076786,1220.3,284873.0,350893.0
2025-06-18 11:15:49.098388,1220.3,284873.0,350893.0
2025-06-18 11:15:49.198941,1220.3,284873.0,350893.0
2025-06-18 11:15:50.002762,1220.3,284873.0,350893.0
2025-06-18 11:15:50.939547,1220.3,284873.0,350893.0
2025-06-18 11:15:51.201487,1220.2,284873.0,350893.0
2025-06-18 11:15:51.283219,1220.2,284531.0,350875.0
2025-06-18 11:15:51.782090,1220.2,284531.0,350875.0
2025-06-18 11:15:52.566671,1220.2,284531.0,350875.0
2025-06-18 11:15:53.195621,1220.3,284531.0,350875.0
2025-06-18 11:15:53.573882,1220.3,284531.0,350875.0
2025-06-18 11:15:54.136630,1220.3,284531.0,350875.0
2025-06-18 11:15:55.038702,1220.3,284531.0,350875.0
2025-06-18 11:15:55.198567,1220.3,284531.0,350875.0
2025-06-18 11:15:55.404133,1220.3,284531.0,350875.0
2025-06-18 11:15:56.299487,1220.3,284531.0,350875.0
2025-06-18 11:15:56.485459,1220.2,285046.0,349842.0
2025-06-18 11:15:57.201035,1220.2,285046.0,349842.0
2025-06-18 11:15:57.589757,1220.2,285046.0,349842.0
2025-06-18 11:15:58.415650,1220.2,285046.0,349842.0
2025-06-18 11:15:59.196013,1220.3,285046.0,349842.0
2025-06-18 11:16:00.129103,1220.3,285046.0,349842.0
2025-06-18 11:16:01.210502,1220.3,285046.0,349842.0
2025-06-18 11:16:01.279720,1220.3,285046.0,349842.0
2025-06-18 11:16:01.687513,1220.3,284814.0,348940.0
2025-06-18 11:16:02.401528,1220.3,284814.0,348940.0
2025-06-18 11:16:03.200482,1220.3,284814.0,348940.0
2025-06-18 11:16:03.889727,1220.3,284814.0,348940.0
2025-06-18 11:16:05.204186,1220.2,284814.0,348940.0
2025-06-18 11:16:07.090700,1220.2,283209.0,350779.0
2025-06-18 11:16:07.203798,1220.3,283209.0,350779.0
2025-06-18 11:16:09.199282,1220.3,283209.0,350779.0
2025-06-18 11:16:11.200386,1219.5,283209.0,350779.0
2025-06-18 11:16:12.294269,1220.0,281910.0,352791.0
2025-06-18 11:16:13.205818,1219.5,281910.0,352791.0
2025-06-18 11:16:15.199339,1220.1,281910.0,352791.0
2025-06-18 11:16:17.207682,1219.7,281910.0,352791.0
2025-06-18 11:16:17.798275,1219.7,282515.0,352759.0
2025-06-18 11:16:21.230665,1220.2,282515.0,352759.0
2025-06-18 11:16:22.903015,1220.1,283531.0,352318.0
2025-06-18 11:16:23.199946,1219.7,283531.0,352318.0
2025-06-18 11:16:25.200618,1220.1,283531.0,352318.0
2025-06-18 11:16:27.201810,1219.7,283531.0,352318.0
2025-06-18 11:16:27.906216,1220.1,283530.0,352408.0
2025-06-18 11:16:29.208289,1219.7,283530.0,352408.0
2025-06-18 11:16:31.203775,1219.7,283530.0,352408.0
2025-06-18 11:16:32.908285,1220.1,283713.0,350998.0
2025-06-18 11:16:33.203927,1220.1,283713.0,350998.0
2025-06-18 11:16:35.207764,1219.7,283713.0,350998.0
2025-06-18 11:16:37.206568,1220.1,283713.0,350998.0
2025-06-18 11:16:38.311515,1220.1,283819.0,352556.0
2025-06-18 11:16:40.293826,1219.7,283819.0,352556.0
2025-06-18 11:16:41.212633,1219.7,283819.0,352556.0
2025-06-18 11:16:43.205633,1220.1,283819.0,352556.0
2025-06-18 11:16:43.417868,1219.7,283418.0,353400.0
2025-06-18 11:16:45.212072,1220.1,283418.0,353400.0
2025-06-18 11:16:47.208609,1220.1,283418.0,353400.0
2025-06-18 11:16:48.523570,1219.7,283120.0,353883.0
2025-06-18 11:16:49.207781,1219.7,283120.0,353883.0
2025-06-18 11:16:51.215820,1219.7,283120.0,353883.0
2025-06-18 11:16:53.211305,1220.1,283120.0,353883.0
2025-06-18 11:16:53.721755,1219.7,283431.0,356167.0
2025-06-18 11:16:55.210858,1219.9,283431.0,356167.0
2025-06-18 11:16:57.211020,1219.7,283431.0,356167.0
2025-06-18 11:16:58.925017,1220.0,283186.0,356897.0
2025-06-18 11:17:00.419094,1220.0,283186.0,356897.0
2025-06-18 11:17:01.206358,1219.9,283186.0,356897.0
2025-06-18 11:17:03.206707,1219.7,283186.0,356897.0
2025-06-18 11:17:03.926258,1219.7,281618.0,357529.0
2025-06-18 11:17:05.207942,1219.7,281618.0,357529.0
2025-06-18 11:17:07.210764,1220.0,281618.0,357529.0
2025-06-18 11:17:09.030437,1220.0,281966.0,357139.0
2025-06-18 11:17:09.208247,1220.0,281966.0,357139.0
2025-06-18 11:17:11.210628,1220.0,281966.0,357139.0
2025-06-18 11:17:13.205895,1220.0,281966.0,357139.0
2025-06-18 11:17:14.133734,1220.0,282248.0,356982.0
2025-06-18 11:17:15.212920,1220.0,282248.0,356982.0
2025-06-18 11:17:17.208819,1219.7,282248.0,356982.0
2025-06-18 11:17:19.208755,1219.6,282248.0,356982.0
2025-06-18 11:17:19.235805,1220.1,283362.0,355157.0
2025-06-18 11:17:21.209139,1220.1,283362.0,355157.0
2025-06-18 11:17:23.207492,1220.1,283362.0,355157.0
2025-06-18 11:17:24.539112,1220.1,284513.0,353533.0
2025-06-18 11:17:25.212800,1220.1,284513.0,353533.0
2025-06-18 11:17:29.212095,1220.0,284513.0,353533.0
2025-06-18 11:17:29.648869,1220.0,283534.0,353710.0
2025-06-18 11:17:31.212223,1220.0,283534.0,353710.0
2025-06-18 11:17:33.213833,1219.6,283534.0,353710.0
2025-06-18 11:17:34.655945,1219.9,283159.0,356183.0
2025-06-18 11:17:35.213072,1219.7,283159.0,356183.0
2025-06-18 11:17:37.211353,1219.7,283159.0,356183.0
2025-06-18 11:17:39.212160,1220.0,283159.0,356183.0
2025-06-18 11:17:39.753348,1220.0,282888.0,355956.0
2025-06-18 11:17:41.218170,1220.0,282888.0,355956.0
2025-06-18 11:17:43.214288,1220.0,282888.0,355956.0
2025-06-18 11:17:44.752873,1220.0,282551.0,356291.0
2025-06-18 11:17:45.209407,1220.0,282551.0,356291.0
2025-06-18 11:17:47.214606,1219.6,282551.0,356291.0
2025-06-18 11:17:49.208455,1219.3,282551.0,356291.0
2025-06-18 11:17:49.556987,1219.6,281672.0,358672.0
2025-06-18 11:17:51.233715,1219.1,281672.0,358672.0
2025-06-18 11:17:53.208595,1219.6,281672.0,358672.0
2025-06-18 11:17:54.260345,1219.6,281311.0,356648.0
2025-06-18 11:17:55.213039,1219.6,281311.0,356648.0
2025-06-18 11:17:57.214630,1219.9,281311.0,356648.0
2025-06-18 11:17:58.763523,1219.3,281764.0,356802.0
2025-06-18 11:17:59.212636,1219.3,281764.0,356802.0
2025-06-18 11:18:01.208424,1219.9,281764.0,356802.0
2025-06-18 11:18:03.209919,1219.9,281764.0,356802.0
2025-06-18 11:18:03.467430,1219.9,282776.0,356895.0
2025-06-18 11:18:05.220916,1219.3,282776.0,356895.0
2025-06-18 11:18:07.218048,1219.7,282776.0,356895.0
2025-06-18 11:18:08.171529,1219.7,281769.0,357476.0
2025-06-18 11:18:09.208741,1219.7,281769.0,357476.0
2025-06-18 11:18:11.218918,1219.5,281769.0,357476.0
2025-06-18 11:18:13.372653,1219.6,272683.0,359183.0
2025-06-18 11:18:14.209043,1219.7,272683.0,359183.0
2025-06-18 11:18:18.210498,1219.6,272683.0,359183.0
2025-06-18 11:18:19.376074,1219.3,281763.0,355735.0
2025-06-18 11:18:20.216282,1219.7,281763.0,355735.0
2025-06-18 11:18:22.207630,1219.2,281763.0,355735.0
2025-06-18 11:18:24.212252,1219.2,281763.0,355735.0
2025-06-18 11:18:24.980542,1219.2,280028.0,356732.0
2025-06-18 11:18:26.212666,1219.8,280028.0,356732.0
2025-06-18 11:18:28.261050,1219.8,280028.0,356732.0
2025-06-18 11:18:30.210922,1219.8,280028.0,356732.0
2025-06-18 11:18:32.216915,1219.3,280028.0,356732.0
2025-06-18 11:18:34.924162,1219.2,280028.0,356732.0
2025-06-18 11:18:35.187222,1219.8,280285.0,357594.0
2025-06-18 11:18:36.208769,1219.8,280285.0,357594.0
2025-06-18 11:18:38.221642,1219.8,280285.0,357594.0
2025-06-18 11:18:40.186802,1219.8,282393.0,354666.0
2025-06-18 11:18:42.209939,1219.4,282393.0,354666.0
2025-06-18 11:18:44.217075,1219.4,282393.0,354666.0
2025-06-18 11:18:45.099752,1219.4,282815.0,352968.0
2025-06-18 11:18:46.207809,1219.4,282815.0,352968.0
2025-06-18 11:18:48.210271,1219.4,282815.0,352968.0
2025-06-18 11:18:48.475464,1219.4,282815.0,352968.0
2025-06-18 11:18:49.593209,1219.4,282815.0,352968.0
2025-06-18 11:18:49.690315,1219.9,282435.0,352811.0
2025-06-18 11:18:50.209476,1219.9,282435.0,352811.0
2025-06-18 11:18:50.481088,1219.9,282435.0,352811.0
2025-06-18 11:18:51.407514,1219.9,282435.0,352811.0
2025-06-18 11:18:52.216934,1220.0,282435.0,352811.0
2025-06-18 11:18:52.259270,1220.0,282435.0,352811.0
2025-06-18 11:18:53.041376,1220.0,282435.0,352811.0
2025-06-18 11:18:54.057126,1220.0,282435.0,352811.0
2025-06-18 11:18:54.209112,1220.0,282435.0,352811.0
2025-06-18 11:18:54.396769,1220.0,282719.0,352769.0
2025-06-18 11:18:54.625535,1220.0,282719.0,352769.0
2025-06-18 11:18:55.037657,1220.0,282719.0,352769.0
2025-06-18 11:18:56.217671,1219.5,282719.0,352769.0
2025-06-18 11:18:56.793497,1219.5,282719.0,352769.0
2025-06-18 11:18:58.036084,1219.5,282719.0,352769.0
2025-06-18 11:18:58.213940,1220.0,282719.0,352769.0
2025-06-18 11:18:58.900511,1220.0,282719.0,352769.0
2025-06-18 11:18:59.195806,1219.9,283325.0,352255.0
2025-06-18 11:18:59.218041,1219.9,283325.0,352255.0
2025-06-18 11:19:00.286235,1219.9,283325.0,352255.0
2025-06-18 11:19:01.580649,1219.9,283325.0,352255.0
2025-06-18 11:19:02.215904,1219.8,283325.0,352255.0
2025-06-18 11:19:02.717581,1219.8,283325.0,352255.0
2025-06-18 11:19:04.193959,1219.8,283325.0,352255.0
2025-06-18 11:19:04.199233,1220.0,285633.0,352194.0
2025-06-18 11:19:04.222677,1220.0,285633.0,352194.0
2025-06-18 11:19:06.212709,1220.0,285633.0,352194.0
2025-06-18 11:19:08.217238,1220.0,285633.0,352194.0
2025-06-18 11:19:09.699492,1220.0,286669.0,351997.0
2025-06-18 11:19:10.217644,1220.0,286669.0,351997.0
2025-06-18 11:19:12.212619,1220.0,286669.0,351997.0
2025-06-18 11:19:14.212733,1220.2,286669.0,351997.0
2025-06-18 11:19:14.804407,1220.4,292129.0,344772.0
2025-06-18 11:19:16.216777,1220.5,292129.0,344772.0
2025-06-18 11:19:18.214319,1220.5,292129.0,344772.0
2025-06-18 11:19:19.912216,1220.9,291942.0,345829.0
2025-06-18 11:19:20.217002,1220.9,291942.0,345829.0
2025-06-18 11:19:22.216926,1220.8,291942.0,345829.0
2025-06-18 11:19:24.217273,1220.8,291942.0,345829.0
2025-06-18 11:19:25.314810,1220.5,289955.0,345835.0
2025-06-18 11:19:26.218012,1220.5,289955.0,345835.0
2025-06-18 11:19:28.218791,1220.8,289955.0,345835.0
2025-06-18 11:19:29.220146,1220.8,289955.0,345835.0
2025-06-18 11:19:30.114754,1220.5,289549.0,347119.0
2025-06-18 11:19:32.211390,1220.4,289549.0,347119.0
2025-06-18 11:19:34.249783,1220.4,289549.0,347119.0
2025-06-18 11:19:35.122360,1220.4,289742.0,347125.0
2025-06-18 11:19:36.217615,1220.5,289742.0,347125.0
2025-06-18 11:19:38.238293,1220.5,289742.0,347125.0
2025-06-18 11:19:39.920736,1220.7,289440.0,347538.0
2025-06-18 11:19:40.218714,1220.7,289440.0,347538.0
2025-06-18 11:19:42.258854,1220.0,289440.0,347538.0
2025-06-18 11:19:44.239811,1220.4,289440.0,347538.0
2025-06-18 11:19:45.024778,1219.9,287284.0,349225.0
2025-06-18 11:19:45.078909,1219.9,287284.0,349225.0
2025-06-18 11:19:46.217113,1220.4,287284.0,349225.0
2025-06-18 11:19:48.222919,1219.9,287284.0,349225.0
2025-06-18 11:19:50.026778,1220.4,287580.0,349921.0
2025-06-18 11:19:50.225488,1220.5,287580.0,349921.0
2025-06-18 11:19:52.218441,1220.5,287580.0,349921.0
2025-06-18 11:19:54.215868,1220.5,287580.0,349921.0
2025-06-18 11:19:55.431204,1220.5,288520.0,347559.0
2025-06-18 11:19:56.213586,1220.5,288520.0,347559.0
2025-06-18 11:19:58.220488,1220.4,288520.0,347559.0
2025-06-18 11:20:00.519778,1219.9,288520.0,347559.0
2025-06-18 11:20:00.735107,1219.9,288017.0,349436.0
2025-06-18 11:20:02.241763,1220.4,288017.0,349436.0
2025-06-18 11:20:04.211806,1220.4,288017.0,349436.0
2025-06-18 11:20:05.539862,1220.4,287026.0,350203.0
2025-06-18 11:20:06.222366,1220.4,287026.0,350203.0
2025-06-18 11:20:07.221965,1220.1,287026.0,350203.0
2025-06-18 11:20:08.221495,1220.4,287026.0,350203.0
2025-06-18 11:20:09.221159,1220.1,287026.0,350203.0
2025-06-18 11:20:10.343123,1220.1,287794.0,349329.0
2025-06-18 11:20:11.219526,1220.4,287794.0,349329.0
2025-06-18 11:20:12.221658,1220.3,287794.0,349329.0
2025-06-18 11:20:13.224265,1220.4,287794.0,349329.0
2025-06-18 11:20:14.217916,1220.5,287794.0,349329.0
2025-06-18 11:20:14.946931,1220.2,287688.0,349435.0
2025-06-18 11:20:15.217246,1220.2,287688.0,349435.0
2025-06-18 11:20:16.224827,1220.2,287688.0,349435.0
2025-06-18 11:20:19.246816,1220.5,287688.0,349435.0
2025-06-18 11:20:19.552135,1220.5,288037.0,346915.0
2025-06-18 11:20:20.223940,1220.5,288037.0,346915.0
2025-06-18 11:20:21.238287,1220.6,288037.0,346915.0
2025-06-18 11:20:22.219894,1220.1,288037.0,346915.0
2025-06-18 11:20:24.221759,1220.1,288037.0,346915.0
2025-06-18 11:20:24.756163,1220.7,288815.0,346381.0
2025-06-18 11:20:25.218684,1220.7,288815.0,346381.0
2025-06-18 11:20:26.223984,1220.7,288815.0,346381.0
2025-06-18 11:20:28.219572,1220.6,288815.0,346381.0
2025-06-18 11:20:29.226852,1220.6,288815.0,346381.0
2025-06-18 11:20:29.860958,1220.6,288392.0,350024.0
2025-06-18 11:20:30.227390,1220.5,288392.0,350024.0
2025-06-18 11:20:31.221195,1220.1,288392.0,350024.0
2025-06-18 11:20:32.227688,1220.5,288392.0,350024.0
2025-06-18 11:20:33.220183,1220.6,288392.0,350024.0
2025-06-18 11:20:34.763727,1220.1,288323.0,349980.0
2025-06-18 11:20:35.219597,1220.1,288323.0,349980.0
2025-06-18 11:20:38.223004,1220.1,288323.0,349980.0
2025-06-18 11:20:39.219532,1220.1,288323.0,349980.0
2025-06-18 11:20:39.566271,1220.1,286220.0,351675.0
2025-06-18 11:20:40.231827,1219.7,286220.0,351675.0
2025-06-18 11:20:42.222689,1220.3,286220.0,351675.0
2025-06-18 11:20:43.239636,1220.3,286220.0,351675.0
2025-06-18 11:20:44.229753,1220.3,286220.0,351675.0
2025-06-18 11:20:44.370169,1220.3,286013.0,349688.0
2025-06-18 11:20:45.224820,1220.3,286013.0,349688.0
2025-06-18 11:20:47.297475,1220.1,286013.0,349688.0
2025-06-18 11:20:48.221596,1219.7,286013.0,349688.0
2025-06-18 11:20:49.221709,1219.7,286013.0,349688.0
2025-06-18 11:20:49.472331,1219.7,285700.0,350277.0
2025-06-18 11:20:52.218146,1220.1,285700.0,350277.0
2025-06-18 11:20:53.226628,1220.1,285700.0,350277.0
2025-06-18 11:20:54.227112,1219.8,285700.0,350277.0
2025-06-18 11:20:54.474194,1219.8,285776.0,349617.0
2025-06-18 11:20:56.260835,1220.1,285776.0,349617.0
2025-06-18 11:20:58.226158,1220.1,285776.0,349617.0
2025-06-18 11:20:59.223468,1220.3,285776.0,349617.0
2025-06-18 11:20:59.490777,1220.1,286546.0,350259.0
2025-06-18 11:21:00.225374,1220.3,286546.0,350259.0
2025-06-18 11:21:01.228120,1220.1,286546.0,350259.0
2025-06-18 11:21:04.078103,1220.1,285855.0,350537.0
2025-06-18 11:21:04.224619,1220.3,285855.0,350537.0
2025-06-18 11:21:05.225806,1220.3,285855.0,350537.0
2025-06-18 11:21:06.228132,1220.2,285855.0,350537.0
2025-06-18 11:21:07.219340,1220.3,285855.0,350537.0
2025-06-18 11:21:08.223550,1220.3,285855.0,350537.0
2025-06-18 11:21:09.084824,1220.3,286587.0,351284.0
2025-06-18 11:21:09.219639,1220.3,286587.0,351284.0
2025-06-18 11:21:10.221727,1220.3,286587.0,351284.0
2025-06-18 11:21:11.224635,1220.4,286587.0,351284.0
2025-06-18 11:21:12.226561,1220.2,286587.0,351284.0
2025-06-18 11:21:13.254303,1220.4,286587.0,351284.0
2025-06-18 11:21:13.791061,1220.2,287254.0,350717.0
2025-06-18 11:21:14.218479,1220.4,287254.0,350717.0
2025-06-18 11:21:17.266508,1220.3,287254.0,350717.0
2025-06-18 11:21:18.395171,1220.3,287750.0,350899.0
2025-06-18 11:21:19.222579,1220.2,287750.0,350899.0
2025-06-18 11:21:20.224169,1220.3,287750.0,350899.0
2025-06-18 11:21:21.233176,1220.3,287750.0,350899.0
2025-06-18 11:21:23.230417,1220.3,287750.0,350899.0
2025-06-18 11:21:23.388524,1220.3,287726.0,350840.0
2025-06-18 11:21:24.240645,1220.2,287726.0,350840.0
2025-06-18 11:21:25.228928,1220.2,287726.0,350840.0
2025-06-18 11:21:27.232200,1220.3,287726.0,350840.0
2025-06-18 11:21:28.224492,1220.3,287726.0,350840.0
2025-06-18 11:21:28.600768,1220.3,287205.0,350878.0
2025-06-18 11:21:29.222915,1220.5,287205.0,350878.0
2025-06-18 11:21:30.223565,1220.5,287205.0,350878.0
2025-06-18 11:21:31.222843,1220.3,287205.0,350878.0
2025-06-18 11:21:32.220871,1220.3,287205.0,350878.0
2025-06-18 11:21:33.225864,1220.0,287205.0,350878.0
2025-06-18 11:21:33.604857,1220.0,286324.0,351867.0
2025-06-18 11:21:36.221312,1220.0,286324.0,351867.0
2025-06-18 11:21:38.232607,1220.4,286324.0,351867.0
2025-06-18 11:21:38.397203,1220.4,286390.0,351778.0
2025-06-18 11:21:40.225784,1220.4,286390.0,351778.0
2025-06-18 11:21:41.225307,1220.1,286390.0,351778.0
2025-06-18 11:21:42.228248,1220.0,286390.0,351778.0
2025-06-18 11:21:42.901127,1220.0,286334.0,351992.0
2025-06-18 11:21:43.228781,1220.4,286334.0,351992.0
2025-06-18 11:21:44.227704,1220.4,286334.0,351992.0
2025-06-18 11:21:46.239736,1219.7,286334.0,351992.0
2025-06-18 11:21:47.237268,1219.9,286334.0,351992.0
2025-06-18 11:21:47.507067,1219.9,283573.0,352863.0
2025-06-18 11:21:48.230234,1219.7,283573.0,352863.0
2025-06-18 11:21:49.054168,1219.7,283573.0,352863.0
2025-06-18 11:21:49.228263,1220.1,283573.0,352863.0
2025-06-18 11:21:50.219047,1220.1,283573.0,352863.0
2025-06-18 11:21:50.230169,1220.1,283573.0,352863.0
2025-06-18 11:21:51.064623,1220.1,283573.0,352863.0
2025-06-18 11:21:52.644483,1220.1,283573.0,352863.0
2025-06-18 11:21:52.645335,1220.1,284572.0,352651.0
2025-06-18 11:21:52.853262,1220.1,284572.0,352651.0
2025-06-18 11:21:53.259406,1219.7,284572.0,352651.0
2025-06-18 11:21:53.659179,1219.7,284572.0,352651.0
2025-06-18 11:21:54.227850,1220.1,284572.0,352651.0
2025-06-18 11:21:54.668815,1220.1,284572.0,352651.0
2025-06-18 11:21:55.224775,1220.1,284572.0,352651.0
2025-06-18 11:21:55.244795,1219.8,284572.0,352651.0
2025-06-18 11:21:55.647773,1219.8,284572.0,352651.0
2025-06-18 11:21:56.125769,1219.8,284572.0,352651.0
2025-06-18 11:21:56.224032,1220.2,284572.0,352651.0
2025-06-18 11:21:56.485715,1220.2,284572.0,352651.0
2025-06-18 11:21:57.238974,1220.2,284572.0,352651.0
2025-06-18 11:21:57.367056,1220.2,284572.0,352651.0
2025-06-18 11:21:57.713768,1219.8,285837.0,352683.0
2025-06-18 11:21:58.232224,1219.8,285837.0,352683.0
2025-06-18 11:21:58.703811,1219.8,285837.0,352683.0
2025-06-18 11:21:59.261110,1220.2,285837.0,352683.0
2025-06-18 11:21:59.522672,1220.2,285837.0,352683.0
2025-06-18 11:22:00.887721,1220.2,285837.0,352683.0
2025-06-18 11:22:01.230105,1219.8,285837.0,352683.0
2025-06-18 11:22:02.025731,1219.8,285837.0,352683.0
2025-06-18 11:22:02.230673,1220.2,285837.0,352683.0
2025-06-18 11:22:02.718986,1220.2,285988.0,351732.0
2025-06-18 11:22:03.402648,1220.2,285988.0,351732.0
2025-06-18 11:22:05.189362,1219.8,285988.0,351732.0
2025-06-18 11:22:05.227275,1219.8,285988.0,351732.0
2025-06-18 11:22:05.233202,1219.8,285988.0,351732.0
2025-06-18 11:22:07.527506,1219.8,286119.0,351913.0
2025-06-18 11:22:08.226711,1220.2,286119.0,351913.0
2025-06-18 11:22:11.308085,1220.0,286119.0,351913.0
2025-06-18 11:22:12.228771,1220.2,286119.0,351913.0
2025-06-18 11:22:12.722608,1220.2,286144.0,351800.0
2025-06-18 11:22:13.230588,1220.2,286144.0,351800.0
2025-06-18 11:22:14.225261,1220.2,286144.0,351800.0
2025-06-18 11:22:15.259910,1220.2,286144.0,351800.0
2025-06-18 11:22:17.257179,1220.2,286144.0,351800.0
2025-06-18 11:22:17.726858,1220.2,286992.0,351987.0
2025-06-18 11:22:18.228183,1220.2,286992.0,351987.0
2025-06-18 11:22:19.361986,1220.0,286992.0,351987.0
2025-06-18 11:22:20.231922,1220.0,286992.0,351987.0
2025-06-18 11:22:21.257841,1220.0,286992.0,351987.0
2025-06-18 11:22:22.254188,1219.8,286992.0,351987.0
2025-06-18 11:22:22.733836,1219.8,285500.0,351862.0
2025-06-18 11:22:23.232031,1219.8,285500.0,351862.0
2025-06-18 11:22:24.259989,1220.2,285500.0,351862.0
2025-06-18 11:22:26.238681,1219.7,285500.0,351862.0
2025-06-18 11:22:27.270895,1220.0,285500.0,351862.0
2025-06-18 11:22:27.530601,1220.0,285113.0,351131.0
2025-06-18 11:22:28.250394,1220.0,285113.0,351131.0
2025-06-18 11:22:29.226313,1220.0,285113.0,351131.0
2025-06-18 11:22:30.231263,1219.7,285113.0,351131.0
2025-06-18 11:22:31.229936,1220.0,285113.0,351131.0
2025-06-18 11:22:32.431493,1220.0,285191.0,351023.0
2025-06-18 11:22:36.230002,1219.7,285191.0,351023.0
2025-06-18 11:22:37.226587,1220.0,285191.0,351023.0
2025-06-18 11:22:37.434814,1220.0,285112.0,350982.0
2025-06-18 11:22:38.259682,1220.0,285112.0,350982.0
2025-06-18 11:22:39.231370,1220.0,285112.0,350982.0
2025-06-18 11:22:40.353557,1219.7,285112.0,350982.0
2025-06-18 11:22:42.538093,1219.7,285199.0,350969.0
2025-06-18 11:22:43.225887,1220.0,285199.0,350969.0
2025-06-18 11:22:45.134403,1220.0,285199.0,350969.0
2025-06-18 11:22:45.249799,1220.0,285199.0,350969.0
2025-06-18 11:22:46.235322,1219.7,285199.0,350969.0
2025-06-18 11:22:47.842434,1219.7,285974.0,350623.0
2025-06-18 11:22:49.257154,1220.0,285974.0,350623.0
2025-06-18 11:22:50.233966,1220.0,285974.0,350623.0
2025-06-18 11:22:53.048609,1219.7,284725.0,353929.0
2025-06-18 11:22:53.235560,1219.7,284725.0,353929.0
2025-06-18 11:22:54.235111,1219.7,284725.0,353929.0
2025-06-18 11:22:57.247941,1219.7,284725.0,353929.0
2025-06-18 11:22:57.754236,1219.7,285012.0,353738.0
2025-06-18 11:22:58.244685,1220.0,285012.0,353738.0
2025-06-18 11:22:59.263576,1219.7,285012.0,353738.0
2025-06-18 11:23:01.263135,1219.7,285012.0,353738.0
2025-06-18 11:23:02.247418,1219.7,285012.0,353738.0
2025-06-18 11:23:02.454337,1219.7,284650.0,351756.0
2025-06-18 11:23:04.231847,1220.0,284650.0,351756.0
2025-06-18 11:23:05.229491,1220.0,284650.0,351756.0
2025-06-18 11:23:06.240625,1219.8,284650.0,351756.0
2025-06-18 11:23:07.454351,1220.0,282561.0,352087.0
2025-06-18 11:23:08.236833,1220.0,282561.0,352087.0
2025-06-18 11:23:09.229074,1220.0,282561.0,352087.0
2025-06-18 11:23:10.231760,1220.0,282561.0,352087.0
2025-06-18 11:23:12.578938,1219.9,282561.0,352087.0
2025-06-18 11:23:12.580613,1219.9,282788.0,352967.0
2025-06-18 11:23:13.244627,1220.0,282788.0,352967.0
2025-06-18 11:23:14.241044,1220.0,282788.0,352967.0
2025-06-18 11:23:16.226492,1220.0,282788.0,352967.0
2025-06-18 11:23:17.359835,1220.0,282789.0,353912.0
2025-06-18 11:23:19.230694,1219.7,282789.0,353912.0
2025-06-18 11:23:21.233712,1219.7,282789.0,353912.0
2025-06-18 11:23:22.963529,1219.7,280877.0,355303.0
2025-06-18 11:23:24.266628,1219.7,280877.0,355303.0
2025-06-18 11:23:25.263371,1219.2,280877.0,355303.0
2025-06-18 11:23:28.236434,1219.2,280877.0,355303.0
2025-06-18 11:23:28.372858,1219.6,279438.0,355852.0
2025-06-18 11:23:30.226830,1219.7,279438.0,355852.0
2025-06-18 11:23:32.243994,1219.7,279438.0,355852.0
2025-06-18 11:23:33.575567,1219.7,280038.0,354837.0
2025-06-18 11:23:34.228854,1219.7,280038.0,354837.0
2025-06-18 11:23:38.233299,1219.6,280038.0,354837.0
2025-06-18 11:23:38.686485,1219.2,279801.0,354430.0
2025-06-18 11:23:40.229390,1219.8,279801.0,354430.0
2025-06-18 11:23:42.234640,1219.3,279801.0,354430.0
2025-06-18 11:23:43.681102,1219.7,280901.0,356157.0
2025-06-18 11:23:44.252517,1219.7,280901.0,356157.0
2025-06-18 11:23:46.237724,1219.7,280901.0,356157.0
2025-06-18 11:23:49.343579,1219.7,281045.0,356073.0
2025-06-18 11:23:50.232803,1219.8,281045.0,356073.0
2025-06-18 11:23:52.236252,1219.7,281045.0,356073.0
2025-06-18 11:23:53.284907,1219.8,281213.0,356225.0
2025-06-18 11:23:54.239208,1219.8,281213.0,356225.0
2025-06-18 11:23:56.239415,1219.6,281213.0,356225.0
2025-06-18 11:23:57.988896,1219.2,280403.0,355134.0
2025-06-18 11:23:58.255993,1219.8,280403.0,355134.0
2025-06-18 11:24:00.233794,1219.3,280403.0,355134.0
2025-06-18 11:24:02.240020,1219.8,280403.0,355134.0
2025-06-18 11:24:03.091068,1219.8,281735.0,355319.0
2025-06-18 11:24:04.242821,1219.8,281735.0,355319.0
2025-06-18 11:24:06.272338,1219.3,281735.0,355319.0
2025-06-18 11:24:08.096611,1219.8,282543.0,354727.0
2025-06-18 11:24:08.231117,1219.8,282543.0,354727.0
2025-06-18 11:24:10.235306,1219.4,282543.0,354727.0
2025-06-18 11:24:12.246341,1219.8,282543.0,354727.0
2025-06-18 11:24:12.998388,1219.8,283202.0,354803.0
2025-06-18 11:24:14.240013,1219.9,283202.0,354803.0
2025-06-18 11:24:17.285592,1219.9,283202.0,354803.0
2025-06-18 11:24:17.897951,1219.9,284436.0,354713.0
2025-06-18 11:24:18.232225,1219.9,284436.0,354713.0
2025-06-18 11:24:20.240691,1219.9,284436.0,354713.0
2025-06-18 11:24:22.802864,1219.9,283605.0,355736.0
2025-06-18 11:24:24.242101,1219.8,283605.0,355736.0
2025-06-18 11:24:26.235243,1219.9,283605.0,355736.0
2025-06-18 11:24:28.209694,1219.9,283461.0,353719.0
2025-06-18 11:24:30.237321,1219.8,283461.0,353719.0
2025-06-18 11:24:32.242689,1219.8,283461.0,353719.0
2025-06-18 11:24:33.273884,1219.8,283452.0,353774.0
2025-06-18 11:24:34.237212,1219.8,283452.0,353774.0
2025-06-18 11:24:36.231017,1219.3,283452.0,353774.0
2025-06-18 11:24:38.014716,1219.8,286179.0,353497.0
2025-06-18 11:24:38.249654,1219.8,286179.0,353497.0
2025-06-18 11:24:40.234584,1219.8,286179.0,353497.0
2025-06-18 11:24:42.235969,1219.3,286179.0,353497.0
2025-06-18 11:24:42.810228,1219.3,285594.0,353548.0
2025-06-18 11:24:44.236314,1219.8,285594.0,353548.0
2025-06-18 11:24:46.230440,1219.9,285594.0,353548.0
2025-06-18 11:24:48.011854,1219.5,286634.0,353444.0
2025-06-18 11:24:48.230435,1219.5,286634.0,353444.0
2025-06-18 11:24:49.532678,1219.5,286634.0,353444.0
2025-06-18 11:24:50.261050,1219.9,286634.0,353444.0
2025-06-18 11:24:50.574603,1219.9,286634.0,353444.0
2025-06-18 11:24:51.485241,1219.9,286634.0,353444.0
2025-06-18 11:24:52.234213,1219.9,286634.0,353444.0
2025-06-18 11:24:52.412425,1219.9,286634.0,353444.0
2025-06-18 11:24:52.927332,1219.9,286457.0,353842.0
2025-06-18 11:24:53.277480,1219.9,286457.0,353842.0
2025-06-18 11:24:54.049707,1219.9,286457.0,353842.0
2025-06-18 11:24:54.232823,1219.9,286457.0,353842.0
2025-06-18 11:24:55.071051,1219.9,286457.0,353842.0
2025-06-18 11:24:56.057332,1219.9,286457.0,353842.0
2025-06-18 11:24:56.229243,1219.5,286457.0,353842.0
2025-06-18 11:24:56.531875,1219.5,286457.0,353842.0
2025-06-18 11:24:57.789935,1219.5,286457.0,353842.0
2025-06-18 11:24:57.818981,1219.9,287021.0,353772.0
2025-06-18 11:24:58.232007,1219.9,287021.0,353772.0
2025-06-18 11:24:59.036415,1219.9,287021.0,353772.0
2025-06-18 11:25:00.231783,1219.5,287021.0,353772.0
2025-06-18 11:25:01.290919,1219.5,287021.0,353772.0
2025-06-18 11:25:02.246416,1219.5,287021.0,353772.0
2025-06-18 11:25:02.421336,1219.5,287021.0,353772.0
2025-06-18 11:25:02.527130,1219.5,286834.0,353542.0
2025-06-18 11:25:03.560001,1219.5,286834.0,353542.0
2025-06-18 11:25:04.233012,1219.5,286834.0,353542.0
2025-06-18 11:25:05.025070,1219.5,286834.0,353542.0
2025-06-18 11:25:06.230809,1219.9,286834.0,353542.0
2025-06-18 11:25:07.831422,1219.9,286799.0,354927.0
2025-06-18 11:25:08.236254,1219.9,286799.0,354927.0
2025-06-18 11:25:10.229458,1219.9,286799.0,354927.0
2025-06-18 11:25:12.231236,1219.7,286799.0,354927.0
2025-06-18 11:25:13.431696,1219.9,287237.0,355751.0
2025-06-18 11:25:14.238356,1219.8,287237.0,355751.0
2025-06-18 11:25:16.231472,1219.9,287237.0,355751.0
2025-06-18 11:25:18.231543,1219.8,287237.0,355751.0
2025-06-18 11:25:18.834220,1219.8,287086.0,354882.0
2025-06-18 11:25:20.233334,1219.9,287086.0,354882.0
2025-06-18 11:25:22.232594,1219.9,287086.0,354882.0
2025-06-18 11:25:24.037969,1219.8,287344.0,354942.0
2025-06-18 11:25:24.243314,1219.9,287344.0,354942.0
2025-06-18 11:25:26.232762,1219.9,287344.0,354942.0
2025-06-18 11:25:28.235845,1219.8,287344.0,354942.0
2025-06-18 11:25:29.040404,1219.2,285780.0,353802.0
2025-06-18 11:25:30.293824,1219.3,285780.0,353802.0
2025-06-18 11:25:32.240233,1219.8,285780.0,353802.0
2025-06-18 11:25:33.943789,1219.8,286237.0,353946.0
2025-06-18 11:25:34.236171,1219.8,286237.0,353946.0
2025-06-18 11:25:36.236437,1219.9,286237.0,353946.0
2025-06-18 11:25:39.904186,1219.3,285711.0,355744.0
2025-06-18 11:25:40.229184,1219.9,285711.0,355744.0
2025-06-18 11:25:43.657572,1219.9,286065.0,355246.0
2025-06-18 11:25:44.231476,1219.9,286065.0,355246.0
2025-06-18 11:25:46.242994,1219.8,286065.0,355246.0
2025-06-18 11:25:48.709257,1219.4,285944.0,356020.0
2025-06-18 11:25:49.260038,1219.9,285944.0,356020.0
2025-06-18 11:25:52.241247,1219.9,285944.0,356020.0
2025-06-18 11:25:53.954522,1219.9,285988.0,355593.0
2025-06-18 11:25:54.231085,1219.4,285988.0,355593.0
2025-06-18 11:25:56.226204,1219.4,285988.0,355593.0
2025-06-18 11:25:58.240370,1219.8,285988.0,355593.0
2025-06-18 11:25:59.189410,1219.8,287003.0,355378.0
2025-06-18 11:26:00.232885,1219.8,287003.0,355378.0
2025-06-18 11:26:02.242891,1219.9,287003.0,355378.0
2025-06-18 11:26:04.233180,1219.6,287003.0,355378.0
2025-06-18 11:26:04.354943,1219.6,284612.0,355954.0
2025-06-18 11:26:06.239884,1219.4,284612.0,355954.0
2025-06-18 11:26:08.250175,1219.8,284612.0,355954.0
2025-06-18 11:26:09.457658,1219.8,285028.0,355602.0
2025-06-18 11:26:10.260651,1219.8,285028.0,355602.0
2025-06-18 11:26:12.246363,1219.3,285028.0,355602.0
2025-06-18 11:26:14.230796,1219.0,285028.0,355602.0
2025-06-18 11:26:14.264877,1219.0,282258.0,357238.0
2025-06-18 11:26:16.263068,1219.6,282258.0,357238.0
2025-06-18 11:26:18.244618,1219.2,282258.0,357238.0
2025-06-18 11:26:19.179525,1219.2,283095.0,357072.0
2025-06-18 11:26:20.449662,1219.6,283095.0,357072.0
2025-06-18 11:26:22.230624,1219.2,283095.0,357072.0
2025-06-18 11:26:23.968351,1219.6,283741.0,356889.0
2025-06-18 11:26:24.235228,1219.6,283741.0,356889.0
2025-06-18 11:26:28.238433,1219.7,283741.0,356889.0
2025-06-18 11:26:28.874768,1219.7,283959.0,356830.0
2025-06-18 11:26:30.243855,1219.7,283959.0,356830.0
2025-06-18 11:26:32.235297,1219.1,283959.0,356830.0
2025-06-18 11:26:33.875435,1219.7,282970.0,356526.0
2025-06-18 11:26:34.244673,1219.1,282970.0,356526.0
2025-06-18 11:26:38.246136,1219.3,282970.0,356526.0
2025-06-18 11:26:38.690702,1219.3,284235.0,353765.0
2025-06-18 11:26:40.250709,1219.4,284235.0,353765.0
2025-06-18 11:26:42.245089,1219.7,284235.0,353765.0
2025-06-18 11:26:43.983941,1219.7,286374.0,354929.0
2025-06-18 11:26:44.263663,1219.7,286374.0,354929.0
2025-06-18 11:26:46.249871,1219.8,286374.0,354929.0
2025-06-18 11:26:48.233856,1219.9,286374.0,354929.0
2025-06-18 11:26:48.985652,1219.7,288452.0,350733.0
2025-06-18 11:26:50.236217,1219.7,288452.0,350733.0
2025-06-18 11:26:52.244610,1219.9,288452.0,350733.0
2025-06-18 11:26:53.987022,1219.5,285112.0,353018.0
2025-06-18 11:26:54.260836,1219.5,285112.0,353018.0
2025-06-18 11:26:56.236472,1219.5,285112.0,353018.0
2025-06-18 11:26:59.091191,1219.5,284514.0,353794.0
2025-06-18 11:27:00.248514,1219.5,284514.0,353794.0
2025-06-18 11:27:02.239311,1219.3,284514.0,353794.0
2025-06-18 11:27:04.282930,1219.5,284514.0,353794.0
2025-06-18 11:27:04.295090,1219.5,284145.0,353638.0
2025-06-18 11:27:06.270087,1219.4,284145.0,353638.0
2025-06-18 11:27:08.256286,1219.4,284145.0,353638.0
2025-06-18 11:27:09.099122,1219.2,284239.0,351944.0
2025-06-18 11:27:10.247738,1219.2,284239.0,351944.0
2025-06-18 11:27:12.236280,1219.2,284239.0,351944.0
2025-06-18 11:27:14.109616,1219.5,284408.0,351639.0
2025-06-18 11:27:14.257382,1219.5,284408.0,351639.0
2025-06-18 11:27:16.254874,1219.5,284408.0,351639.0
2025-06-18 11:27:18.279252,1219.5,284408.0,351639.0
2025-06-18 11:27:20.437079,1219.5,284723.0,351546.0
2025-06-18 11:27:20.519810,1219.3,284723.0,351546.0
2025-06-18 11:27:22.259934,1219.5,284723.0,351546.0
2025-06-18 11:27:23.905248,1219.5,281272.0,352735.0
2025-06-18 11:27:24.307090,1219.5,281272.0,352735.0
2025-06-18 11:27:26.277828,1219.5,281272.0,352735.0
2025-06-18 11:27:28.277504,1219.0,281272.0,352735.0
2025-06-18 11:27:28.812494,1219.0,281745.0,354162.0
2025-06-18 11:27:30.285517,1219.4,281745.0,354162.0
2025-06-18 11:27:32.267963,1219.5,281745.0,354162.0
2025-06-18 11:27:34.013727,1219.1,282498.0,355303.0
2025-06-18 11:27:34.248018,1219.1,282498.0,355303.0
2025-06-18 11:27:36.242288,1219.5,282498.0,355303.0
2025-06-18 11:27:38.248794,1219.5,282498.0,355303.0
2025-06-18 11:27:39.215686,1219.5,283201.0,353731.0
2025-06-18 11:27:40.242622,1219.5,283201.0,353731.0
2025-06-18 11:27:42.249554,1219.1,283201.0,353731.0
2025-06-18 11:27:44.243888,1219.5,283201.0,353731.0
2025-06-18 11:27:44.517501,1219.5,283684.0,353289.0
2025-06-18 11:27:46.243048,1219.5,283684.0,353289.0
2025-06-18 11:27:48.240522,1219.5,283684.0,353289.0
2025-06-18 11:27:49.921275,1219.5,283684.0,353289.0
2025-06-18 11:27:50.821013,1219.5,283485.0,354177.0
2025-06-18 11:27:51.007174,1219.5,283485.0,354177.0
2025-06-18 11:27:51.929397,1219.5,283485.0,354177.0
2025-06-18 11:27:52.244943,1219.1,283485.0,354177.0
2025-06-18 11:27:52.848898,1219.1,283485.0,354177.0
2025-06-18 11:27:53.767346,1219.1,283485.0,354177.0
2025-06-18 11:27:54.239802,1219.5,283485.0,354177.0
2025-06-18 11:27:54.494096,1219.5,283485.0,354177.0
2025-06-18 11:27:55.508865,1219.5,283485.0,354177.0
2025-06-18 11:27:56.069949,1219.5,283485.0,354177.0
2025-06-18 11:27:56.225920,1219.5,284084.0,354462.0
2025-06-18 11:27:56.241946,1219.5,284084.0,354462.0
2025-06-18 11:27:56.475428,1219.5,284084.0,354462.0
2025-06-18 11:27:57.343923,1219.5,284084.0,354462.0
2025-06-18 11:27:58.260355,1219.5,284084.0,354462.0
2025-06-18 11:27:58.269474,1219.5,284084.0,354462.0
2025-06-18 11:27:59.461016,1219.5,284084.0,354462.0
2025-06-18 11:28:00.255684,1219.5,284084.0,354462.0
2025-06-18 11:28:00.326670,1219.5,284084.0,354462.0
2025-06-18 11:28:01.025364,1219.5,283761.0,353493.0
2025-06-18 11:28:01.729641,1219.5,283761.0,353493.0
2025-06-18 11:28:02.240133,1219.5,283761.0,353493.0
2025-06-18 11:28:02.860580,1219.5,283761.0,353493.0
2025-06-18 11:28:03.976907,1219.5,283761.0,353493.0
2025-06-18 11:28:04.240514,1219.1,283761.0,353493.0
2025-06-18 11:28:05.611465,1219.1,283761.0,353493.0
2025-06-18 11:28:05.740348,1219.5,283464.0,354263.0
2025-06-18 11:28:06.238974,1219.5,283464.0,354263.0
2025-06-18 11:28:10.445094,1219.5,283464.0,354263.0
2025-06-18 11:28:10.523309,1219.2,283464.0,354263.0
2025-06-18 11:28:10.635555,1219.5,284681.0,353143.0
2025-06-18 11:28:12.241413,1219.5,284681.0,353143.0
2025-06-18 11:28:14.246541,1219.5,284681.0,353143.0
2025-06-18 11:28:15.340210,1219.5,285367.0,352494.0
2025-06-18 11:28:16.241064,1219.5,285367.0,352494.0
2025-06-18 11:28:18.239684,1219.4,285367.0,352494.0
2025-06-18 11:28:20.247377,1219.5,285367.0,352494.0
2025-06-18 11:28:20.539426,1219.4,286319.0,352194.0
2025-06-18 11:28:22.705830,1219.5,286319.0,352194.0
2025-06-18 11:28:24.244525,1219.4,286319.0,352194.0
2025-06-18 11:28:25.939994,1219.5,286037.0,352427.0
2025-06-18 11:28:26.259065,1219.5,286037.0,352427.0
2025-06-18 11:28:28.242453,1219.5,286037.0,352427.0
2025-06-18 11:28:29.253140,1219.5,286037.0,352427.0
2025-06-18 11:28:31.143587,1219.4,286431.0,350806.0
2025-06-18 11:28:32.244485,1219.5,286431.0,350806.0
2025-06-18 11:28:34.259598,1219.5,286431.0,350806.0
2025-06-18 11:28:35.947373,1219.5,285284.0,350959.0
2025-06-18 11:28:36.247663,1219.5,285284.0,350959.0
2025-06-18 11:28:38.248868,1219.4,285284.0,350959.0
2025-06-18 11:28:40.247910,1219.5,285284.0,350959.0
2025-06-18 11:28:40.953348,1219.4,285423.0,350723.0
2025-06-18 11:28:42.247173,1219.5,285423.0,350723.0
2025-06-18 11:28:43.257281,1219.5,285423.0,350723.0
2025-06-18 11:28:45.956005,1219.5,285474.0,351170.0
2025-06-18 11:28:46.244777,1219.5,285474.0,351170.0
2025-06-18 11:28:48.243224,1219.5,285474.0,351170.0
2025-06-18 11:28:50.241668,1219.4,285474.0,351170.0
2025-06-18 11:28:51.063985,1219.4,285342.0,351520.0
2025-06-18 11:28:52.246511,1219.5,285342.0,351520.0
2025-06-18 11:28:54.241575,1219.5,285342.0,351520.0
2025-06-18 11:28:55.862999,1219.5,286283.0,351375.0
2025-06-18 11:28:56.244700,1219.5,286283.0,351375.0
2025-06-18 11:28:58.409228,1219.5,286283.0,351375.0
2025-06-18 11:29:00.403865,1219.4,286283.0,351375.0
2025-06-18 11:29:00.569960,1219.5,285594.0,352462.0
2025-06-18 11:29:01.279368,1219.5,285594.0,352462.0
2025-06-18 11:29:04.254195,1219.5,285594.0,352462.0
2025-06-18 11:29:05.282152,1219.5,285651.0,352181.0
2025-06-18 11:29:06.255978,1219.5,285651.0,352181.0
2025-06-18 11:29:08.253828,1219.5,285651.0,352181.0
2025-06-18 11:29:10.202973,1219.5,285189.0,352257.0
2025-06-18 11:29:10.248631,1219.5,285189.0,352257.0
2025-06-18 11:29:12.248269,1219.5,285189.0,352257.0
2025-06-18 11:29:14.270550,1219.5,285189.0,352257.0
2025-06-18 11:29:15.481386,1219.5,285702.0,352063.0
2025-06-18 11:29:18.250570,1219.5,285702.0,352063.0
2025-06-18 11:29:20.877931,1219.5,285966.0,351355.0
2025-06-18 11:29:22.254351,1219.5,285966.0,351355.0
2025-06-18 11:29:24.254396,1219.5,285966.0,351355.0
2025-06-18 11:29:26.209912,1219.5,285049.0,352232.0
2025-06-18 11:29:28.760341,1219.5,285049.0,352232.0
2025-06-18 11:29:30.246759,1219.4,285049.0,352232.0
2025-06-18 11:29:31.489808,1219.4,284185.0,352921.0
2025-06-18 11:29:32.421537,1219.4,284185.0,352921.0
2025-06-18 11:29:36.248412,1219.5,284185.0,352921.0
2025-06-18 11:29:36.792582,1219.4,284888.0,356016.0
2025-06-18 11:29:38.248740,1219.5,284888.0,356016.0
2025-06-18 11:29:42.092319,1219.5,283692.0,354955.0
2025-06-18 11:29:42.249602,1219.5,283692.0,354955.0
2025-06-18 11:29:44.249336,1219.5,283692.0,354955.0
2025-06-18 11:29:46.246676,1219.5,283692.0,354955.0
2025-06-18 11:29:47.094102,1219.5,284530.0,354400.0
2025-06-18 11:29:48.259939,1219.4,284530.0,354400.0
2025-06-18 11:29:50.251154,1219.5,284530.0,354400.0
2025-06-18 11:29:51.714977,1219.5,285066.0,354794.0
2025-06-18 11:29:52.250605,1219.4,285066.0,354794.0
2025-06-18 11:29:56.249668,1219.5,285066.0,354794.0
2025-06-18 11:29:57.004426,1219.5,283305.0,355558.0
2025-06-18 11:29:58.297799,1219.5,283305.0,355558.0
2025-06-18 11:30:00.247125,1219.5,283305.0,355558.0
2025-06-18 11:30:02.007993,1219.5,284501.0,354146.0
2025-06-18 11:30:02.248355,1219.5,284501.0,354146.0
2025-06-18 11:30:04.256942,1219.5,284501.0,354146.0
2025-06-18 11:30:07.311365,1219.4,284285.0,355247.0
2025-06-18 11:30:08.270189,1219.4,284285.0,355247.0
2025-06-18 11:30:11.250580,1219.4,284285.0,355247.0
2025-06-18 11:30:12.815786,1219.4,283170.0,356169.0
2025-06-18 11:30:14.261905,1219.5,283170.0,356169.0
2025-06-18 11:30:17.252419,1219.4,283170.0,356169.0
2025-06-18 11:30:18.225119,1219.5,283941.0,355252.0
2025-06-18 11:30:20.248636,1219.5,283941.0,355252.0
2025-06-18 11:30:23.252316,1219.2,283941.0,355252.0
2025-06-18 11:30:23.723044,1219.0,277283.0,361969.0
2025-06-18 11:30:25.277866,1219.0,277283.0,361969.0
2025-06-18 11:30:28.256324,1219.2,277283.0,361969.0
2025-06-18 11:30:29.320408,1219.0,278601.0,360632.0
2025-06-18 11:30:30.255278,1219.0,278601.0,360632.0
2025-06-18 11:30:32.252757,1219.0,278601.0,360632.0
2025-06-18 11:30:34.250757,1219.2,278601.0,360632.0
2025-06-18 11:30:34.423495,1219.2,278699.0,360414.0
2025-06-18 11:30:37.273029,1219.2,278699.0,360414.0
2025-06-18 11:30:38.262691,1219.2,278699.0,360414.0
2025-06-18 11:30:39.524447,1219.2,279062.0,360477.0
2025-06-18 11:30:42.265549,1219.0,279062.0,360477.0
2025-06-18 11:30:44.254687,1219.0,279062.0,360477.0
2025-06-18 11:30:45.032487,1218.7,277480.0,362059.0
2025-06-18 11:30:46.282376,1218.7,277480.0,362059.0
2025-06-18 11:30:48.262992,1219.0,277480.0,362059.0
2025-06-18 11:30:50.251601,1218.7,277480.0,362059.0
2025-06-18 11:30:50.343924,1218.7,277480.0,362059.0
2025-06-18 11:30:50.349656,1218.7,278103.0,359204.0
2025-06-18 11:30:51.434596,1218.7,278103.0,359204.0
2025-06-18 11:30:52.258286,1218.7,278103.0,359204.0
2025-06-18 11:30:52.356933,1218.7,278103.0,359204.0
2025-06-18 11:30:53.297757,1218.7,278103.0,359204.0
2025-06-18 11:30:54.167990,1218.7,278103.0,359204.0
2025-06-18 11:30:54.258684,1219.0,278103.0,359204.0
2025-06-18 11:30:54.940528,1219.0,278103.0,359204.0
2025-06-18 11:30:55.338177,1219.0,278146.0,359639.0
2025-06-18 11:30:55.983929,1219.0,278146.0,359639.0
2025-06-18 11:30:56.265572,1219.0,278146.0,359639.0
2025-06-18 11:30:56.557043,1219.0,278146.0,359639.0
2025-06-18 11:30:57.456474,1219.0,278146.0,359639.0
2025-06-18 11:30:58.256612,1219.0,278146.0,359639.0
2025-06-18 11:30:58.715803,1219.0,278146.0,359639.0
2025-06-18 11:30:59.962711,1219.0,278146.0,359639.0
2025-06-18 11:31:00.292704,1218.7,278146.0,359639.0
2025-06-18 11:31:00.446591,1218.7,278292.0,359199.0
2025-06-18 11:31:00.833168,1218.7,278292.0,359199.0
2025-06-18 11:31:02.256818,1218.7,278292.0,359199.0
2025-06-18 11:31:02.296399,1219.1,278292.0,359199.0
2025-06-18 11:31:03.362543,1219.1,278292.0,359199.0
2025-06-18 11:31:04.264396,1218.7,278292.0,359199.0
2025-06-18 11:31:04.496611,1218.7,278292.0,359199.0
2025-06-18 11:31:05.155739,1218.7,278094.0,359531.0
2025-06-18 11:31:05.972901,1218.7,278094.0,359531.0
2025-06-18 11:31:08.262519,1218.8,278094.0,359531.0
2025-06-18 11:31:10.256744,1219.1,278094.0,359531.0
2025-06-18 11:31:10.258418,1219.1,278560.0,359958.0
2025-06-18 11:31:12.255340,1219.2,278560.0,359958.0
2025-06-18 11:31:14.264115,1218.7,278560.0,359958.0
2025-06-18 11:31:15.358064,1218.7,279273.0,359163.0
2025-06-18 11:31:18.267968,1219.2,279273.0,359163.0
2025-06-18 11:31:20.265844,1218.7,279273.0,359163.0
2025-06-18 11:31:20.561866,1218.7,278248.0,358426.0
2025-06-18 11:31:22.257593,1219.1,278248.0,358426.0
2025-06-18 11:31:24.264518,1218.9,278248.0,358426.0
2025-06-18 11:31:26.176781,1218.5,274067.0,365208.0
2025-06-18 11:31:26.258944,1218.6,274067.0,365208.0
2025-06-18 11:31:28.264178,1218.6,274067.0,365208.0
2025-06-18 11:31:30.282959,1218.5,274067.0,365208.0
2025-06-18 11:31:31.568204,1218.5,276941.0,360935.0
2025-06-18 11:31:32.269958,1218.1,276941.0,360935.0
2025-06-18 11:31:34.267420,1218.3,276941.0,360935.0
2025-06-18 11:31:36.260067,1218.5,276941.0,360935.0
2025-06-18 11:31:36.674403,1218.1,276019.0,361011.0
2025-06-18 11:31:38.264415,1218.2,276019.0,361011.0
2025-06-18 11:31:40.260979,1218.2,276019.0,361011.0
2025-06-18 11:31:41.784831,1218.6,276758.0,360747.0
2025-06-18 11:31:42.284056,1218.6,276758.0,360747.0
2025-06-18 11:31:44.258374,1218.2,276758.0,360747.0
2025-06-18 11:31:46.270314,1218.2,276758.0,360747.0
2025-06-18 11:31:46.983539,1218.2,277016.0,362610.0
2025-06-18 11:31:48.288173,1218.1,277016.0,362610.0
2025-06-18 11:31:50.259387,1218.6,277016.0,362610.0
2025-06-18 11:31:51.988404,1218.7,277687.0,362295.0
2025-06-18 11:31:52.277119,1218.7,277687.0,362295.0
2025-06-18 11:31:54.306908,1218.6,277687.0,362295.0
2025-06-18 11:31:56.415813,1218.6,277687.0,362295.0
2025-06-18 11:31:56.996594,1218.3,276066.0,362849.0
2025-06-18 11:31:58.274731,1218.7,276066.0,362849.0
2025-06-18 11:32:01.800910,1218.3,276200.0,362644.0
2025-06-18 11:32:02.271083,1218.3,276200.0,362644.0
2025-06-18 11:32:04.295841,1218.3,276200.0,362644.0
2025-06-18 11:32:06.900190,1218.3,274928.0,365900.0
2025-06-18 11:32:07.300896,1218.3,274928.0,365900.0
2025-06-18 11:32:11.260750,1218.4,274928.0,365900.0
2025-06-18 11:32:13.216202,1218.1,274651.0,364772.0
2025-06-18 11:32:16.269815,1218.1,274651.0,364772.0
2025-06-18 11:32:18.910627,1218.1,270653.0,368634.0
2025-06-18 11:32:19.284877,1218.0,270653.0,368634.0
2025-06-18 11:32:22.256517,1218.4,270653.0,368634.0
2025-06-18 11:32:24.421965,1218.0,272499.0,366676.0
2025-06-18 11:32:25.259809,1218.0,272499.0,366676.0
2025-06-18 11:32:28.262349,1217.5,272499.0,366676.0
2025-06-18 11:32:30.127108,1217.5,269609.0,365072.0
2025-06-18 11:32:30.265033,1218.1,269609.0,365072.0
2025-06-18 11:32:34.257516,1218.3,269609.0,365072.0
2025-06-18 11:32:35.937471,1218.0,271748.0,365430.0
2025-06-18 11:32:36.274824,1218.0,271748.0,365430.0
2025-06-18 11:32:39.263409,1217.8,271748.0,365430.0
2025-06-18 11:32:41.832088,1218.0,272272.0,364836.0
2025-06-18 11:32:42.267537,1218.0,272272.0,364836.0
2025-06-18 11:32:45.267662,1218.0,272272.0,364836.0
2025-06-18 11:32:47.247174,1218.0,272392.0,364731.0
2025-06-18 11:32:49.274598,1217.8,272392.0,364731.0
2025-06-18 11:32:52.260874,1217.8,272392.0,364731.0
2025-06-18 11:32:52.437474,1218.0,272584.0,364759.0
2025-06-18 11:32:54.266196,1218.0,272584.0,364759.0
2025-06-18 11:32:57.643318,1217.8,271655.0,364508.0
2025-06-18 11:32:58.262475,1218.0,271655.0,364508.0
2025-06-18 11:33:00.274039,1218.0,271655.0,364508.0
2025-06-18 11:33:03.141149,1218.0,272534.0,364213.0
2025-06-18 11:33:04.265751,1218.0,272534.0,364213.0
2025-06-18 11:33:07.264287,1218.0,272534.0,364213.0
2025-06-18 11:33:08.543170,1218.0,272523.0,365157.0
2025-06-18 11:33:10.263509,1217.8,272523.0,365157.0
2025-06-18 11:33:13.261810,1218.0,272523.0,365157.0
2025-06-18 11:33:14.046787,1217.8,272253.0,364570.0
2025-06-18 11:33:15.270143,1218.0,272253.0,364570.0
2025-06-18 11:33:18.265901,1218.0,272253.0,364570.0
2025-06-18 11:33:19.249252,1217.8,272584.0,364728.0
2025-06-18 11:33:21.273685,1217.8,272584.0,364728.0
2025-06-18 11:33:24.448316,1217.8,272795.0,364540.0
2025-06-18 11:33:25.259553,1217.8,272795.0,364540.0
2025-06-18 11:33:28.276683,1218.0,272795.0,364540.0
2025-06-18 11:33:29.951735,1218.0,273381.0,364385.0
2025-06-18 11:33:31.267054,1217.8,273381.0,364385.0
2025-06-18 11:33:34.348866,1218.0,273381.0,364385.0
2025-06-18 11:33:35.752750,1218.0,271722.0,365021.0
2025-06-18 11:33:37.274417,1217.8,271722.0,365021.0
2025-06-18 11:33:40.266574,1217.8,271722.0,365021.0
2025-06-18 11:33:41.762129,1217.8,268327.0,369115.0
2025-06-18 11:33:43.266327,1217.9,268327.0,369115.0
2025-06-18 11:33:45.271028,1217.9,268327.0,369115.0
2025-06-18 11:33:47.764303,1217.8,271692.0,365053.0
2025-06-18 11:33:49.268905,1217.8,271692.0,365053.0
2025-06-18 11:33:51.119200,1217.8,271692.0,365053.0
2025-06-18 11:33:52.236276,1217.8,271692.0,365053.0
2025-06-18 11:33:52.272517,1217.8,271692.0,365053.0
2025-06-18 11:33:53.190612,1217.8,271692.0,365053.0
2025-06-18 11:33:53.467817,1217.8,267704.0,367622.0
2025-06-18 11:33:54.107821,1217.8,267704.0,367622.0
2025-06-18 11:33:55.280933,1217.5,267704.0,367622.0
2025-06-18 11:33:55.794843,1217.5,267704.0,367622.0
2025-06-18 11:33:56.899309,1217.5,267704.0,367622.0
2025-06-18 11:33:57.470709,1217.5,267704.0,367622.0
2025-06-18 11:33:58.291060,1217.1,267704.0,367622.0
2025-06-18 11:33:58.371958,1217.1,267704.0,367622.0
2025-06-18 11:33:59.283731,1217.1,266388.0,365275.0
2025-06-18 11:33:59.741910,1217.1,266388.0,365275.0
2025-06-18 11:34:00.889690,1217.1,266388.0,365275.0
2025-06-18 11:34:01.270909,1217.4,266388.0,365275.0
2025-06-18 11:34:01.756676,1217.4,266388.0,365275.0
2025-06-18 11:34:03.141481,1217.4,266388.0,365275.0
2025-06-18 11:34:04.285153,1217.4,266388.0,365275.0
2025-06-18 11:34:05.085630,1217.8,269269.0,368176.0
2025-06-18 11:34:05.521210,1217.8,269269.0,368176.0
2025-06-18 11:34:06.881342,1217.8,269269.0,368176.0
2025-06-18 11:34:07.269689,1217.4,269269.0,368176.0
2025-06-18 11:34:10.279739,1217.7,269269.0,368176.0
2025-06-18 11:34:10.680973,1217.7,269179.0,370628.0
2025-06-18 11:34:13.271196,1217.3,269179.0,370628.0
2025-06-18 11:34:15.283350,1217.8,269179.0,370628.0
2025-06-18 11:34:15.987367,1217.8,269803.0,370723.0
2025-06-18 11:34:18.284076,1217.9,269803.0,370723.0
2025-06-18 11:34:21.087139,1217.5,270550.0,370241.0
2025-06-18 11:34:21.294709,1217.5,270550.0,370241.0
2025-06-18 11:34:24.298317,1217.5,270550.0,370241.0
2025-06-18 11:34:26.493213,1217.5,268610.0,370654.0
2025-06-18 11:34:28.270648,1217.1,268610.0,370654.0
2025-06-18 11:34:31.274176,1217.8,268610.0,370654.0
2025-06-18 11:34:31.797592,1217.8,268297.0,369259.0
2025-06-18 11:34:33.294646,1217.4,268297.0,369259.0
2025-06-18 11:34:35.274996,1217.3,268297.0,369259.0
2025-06-18 11:34:36.897406,1217.7,267142.0,368397.0
2025-06-18 11:34:37.434654,1217.7,267142.0,368397.0
2025-06-18 11:34:39.282686,1217.8,267142.0,368397.0
2025-06-18 11:34:41.283145,1217.8,267142.0,368397.0
2025-06-18 11:34:41.707600,1217.2,267787.0,370699.0
2025-06-18 11:34:43.276089,1217.6,267787.0,370699.0
2025-06-18 11:34:45.289472,1217.2,267787.0,370699.0
2025-06-18 11:34:46.805280,1217.1,266171.0,371212.0
2025-06-18 11:34:47.288580,1217.5,266171.0,371212.0
2025-06-18 11:34:49.285386,1217.2,266171.0,371212.0
2025-06-18 11:34:51.278628,1217.1,266171.0,371212.0
2025-06-18 11:34:52.308421,1217.7,266851.0,371128.0
2025-06-18 11:34:53.292824,1217.5,266851.0,371128.0
2025-06-18 11:34:55.275572,1217.1,266851.0,371128.0
2025-06-18 11:34:57.305689,1217.3,266851.0,371128.0
2025-06-18 11:35:00.440056,1217.3,268824.0,367954.0
2025-06-18 11:35:00.492332,1217.9,268824.0,367954.0
2025-06-18 11:35:01.290829,1217.3,268824.0,367954.0
2025-06-18 11:35:02.012660,1217.3,268440.0,368357.0
2025-06-18 11:35:02.272110,1217.3,268440.0,368357.0
2025-06-18 11:35:03.011578,1217.3,268599.0,370139.0
2025-06-18 11:35:03.276276,1217.8,268599.0,370139.0
2025-06-18 11:35:03.913293,1217.8,268307.0,369599.0
2025-06-18 11:35:04.913316,1217.8,268567.0,369616.0
2025-06-18 11:35:05.913078,1217.9,268371.0,369626.0
2025-06-18 11:35:06.291308,1217.4,268371.0,369626.0
2025-06-18 11:35:07.326553,1217.4,268371.0,369626.0
2025-06-18 11:35:07.614494,1217.4,265851.0,373673.0
2025-06-18 11:35:08.328888,1217.4,265851.0,373673.0
2025-06-18 11:35:08.725712,1217.4,265265.0,371472.0
2025-06-18 11:35:09.280611,1217.4,265265.0,371472.0
2025-06-18 11:35:09.617818,1217.4,267404.0,370704.0
2025-06-18 11:35:10.280602,1217.7,267404.0,370704.0
2025-06-18 11:35:10.617294,1217.4,267499.0,370920.0
2025-06-18 11:35:11.289302,1217.4,267499.0,370920.0
2025-06-18 11:35:11.617610,1217.4,267633.0,370940.0
2025-06-18 11:35:12.496639,1217.4,267633.0,370940.0
2025-06-18 11:35:12.618705,1217.7,267653.0,370842.0
2025-06-18 11:35:13.293179,1217.4,267653.0,370842.0
2025-06-18 11:35:13.616170,1217.4,266493.0,370743.0
2025-06-18 11:35:14.319041,1217.4,266493.0,370743.0
2025-06-18 11:35:14.617927,1217.4,266425.0,370453.0
2025-06-18 11:35:15.292223,1217.6,266425.0,370453.0
2025-06-18 11:35:15.922544,1217.6,267733.0,370666.0
2025-06-18 11:35:16.314470,1217.7,267733.0,370666.0
2025-06-18 11:35:17.020454,1217.7,267697.0,370527.0
2025-06-18 11:35:17.301475,1217.7,267697.0,370527.0
2025-06-18 11:35:18.121062,1217.4,266379.0,370627.0
2025-06-18 11:35:18.288847,1217.4,266379.0,370627.0
2025-06-18 11:35:19.120986,1217.4,266721.0,370154.0
2025-06-18 11:35:19.333053,1217.4,266721.0,370154.0
2025-06-18 11:35:20.120365,1217.2,267066.0,370756.0
2025-06-18 11:35:20.508685,1217.4,267066.0,370756.0
2025-06-18 11:35:21.022499,1217.1,266817.0,370562.0
2025-06-18 11:35:21.289089,1217.4,266817.0,370562.0
2025-06-18 11:35:22.121504,1217.6,266527.0,370390.0
2025-06-18 11:35:22.316420,1217.6,266527.0,370390.0
2025-06-18 11:35:23.121338,1217.6,268634.0,367248.0
2025-06-18 11:35:23.283704,1217.6,268634.0,367248.0
2025-06-18 11:35:24.123431,1217.3,268209.0,367320.0
2025-06-18 11:35:24.320702,1217.6,268209.0,367320.0
2025-06-18 11:35:25.126706,1217.9,269140.0,367203.0
2025-06-18 11:35:25.310448,1217.9,269140.0,367203.0
2025-06-18 11:35:26.235756,1217.9,269379.0,367037.0
2025-06-18 11:35:26.324652,1217.9,269379.0,367037.0
2025-06-18 11:35:27.255330,1217.9,269290.0,368455.0
2025-06-18 11:35:28.236003,1217.9,269147.0,368481.0
2025-06-18 11:35:28.329595,1217.9,269147.0,368481.0
2025-06-18 11:35:29.236180,1217.9,269021.0,368248.0
2025-06-18 11:35:29.322336,1217.9,269021.0,368248.0
2025-06-18 11:35:30.234278,1217.9,268946.0,368127.0
2025-06-18 11:35:30.305402,1217.9,268946.0,368127.0
2025-06-18 11:35:31.233060,1217.9,269060.0,368380.0
2025-06-18 11:35:31.286619,1217.9,269060.0,368380.0
2025-06-18 11:35:32.252258,1217.5,269057.0,368600.0
2025-06-18 11:35:32.293655,1217.5,269057.0,368600.0
2025-06-18 11:35:33.125249,1217.9,269057.0,368598.0
2025-06-18 11:35:33.280574,1217.9,269057.0,368598.0
2025-06-18 11:35:34.132061,1217.5,268996.0,368609.0
2025-06-18 11:35:34.283355,1217.9,268996.0,368609.0
2025-06-18 11:35:35.127016,1217.5,269024.0,368567.0
2025-06-18 11:35:35.284920,1217.9,269024.0,368567.0
2025-06-18 11:35:36.129945,1217.5,269811.0,364604.0
2025-06-18 11:35:36.284389,1217.5,269811.0,364604.0
2025-06-18 11:35:37.129593,1217.9,269695.0,364395.0
2025-06-18 11:35:37.295341,1217.9,269695.0,364395.0
2025-06-18 11:35:38.130588,1217.9,270152.0,363093.0
2025-06-18 11:35:38.277043,1217.9,270152.0,363093.0
2025-06-18 11:35:39.129926,1218.0,273473.0,358915.0
2025-06-18 11:35:39.276214,1218.7,273473.0,358915.0
2025-06-18 11:35:40.131921,1218.2,272766.0,361100.0
2025-06-18 11:35:40.276398,1218.7,272766.0,361100.0
2025-06-18 11:35:41.132886,1218.1,272713.0,362891.0
2025-06-18 11:35:41.302422,1218.1,272713.0,362891.0
2025-06-18 11:35:42.133630,1218.6,273137.0,362236.0
2025-06-18 11:35:42.311609,1218.6,273137.0,362236.0
2025-06-18 11:35:43.135051,1218.5,272985.0,361524.0
2025-06-18 11:35:43.279016,1218.6,272985.0,361524.0
2025-06-18 11:35:44.139270,1218.6,272845.0,361413.0
2025-06-18 11:35:44.281368,1218.1,272845.0,361413.0
2025-06-18 11:35:45.034955,1218.6,272734.0,360768.0
2025-06-18 11:35:45.274891,1218.6,272734.0,360768.0
2025-06-18 11:35:46.138867,1218.6,272332.0,361029.0
2025-06-18 11:35:47.237920,1218.6,272456.0,361100.0
2025-06-18 11:35:47.274656,1218.6,272456.0,361100.0
2025-06-18 11:35:48.276831,1218.6,272456.0,361100.0
2025-06-18 11:35:48.348729,1218.6,272495.0,361129.0
2025-06-18 11:35:49.283942,1217.9,272495.0,361129.0
2025-06-18 11:35:49.438032,1217.9,271160.0,361811.0
2025-06-18 11:35:50.271864,1218.5,271160.0,361811.0
2025-06-18 11:35:50.350096,1218.5,271960.0,361085.0
2025-06-18 11:35:51.271586,1218.4,271960.0,361085.0
2025-06-18 11:35:51.352051,1218.4,271743.0,361696.0
2025-06-18 11:35:52.303822,1218.5,271743.0,361696.0
2025-06-18 11:35:52.349179,1218.0,271476.0,361531.0
2025-06-18 11:35:53.273126,1218.4,271476.0,361531.0
2025-06-18 11:35:53.343524,1218.4,271625.0,363183.0
2025-06-18 11:35:54.272341,1218.4,271625.0,363183.0
2025-06-18 11:35:54.346062,1218.4,272055.0,363619.0
2025-06-18 11:35:55.332225,1218.4,272055.0,363619.0
2025-06-18 11:35:55.342959,1218.4,270639.0,363396.0
2025-06-18 11:35:56.277355,1217.9,270639.0,363396.0
2025-06-18 11:35:56.352676,1217.9,270959.0,365720.0
2025-06-18 11:35:57.443702,1217.9,271976.0,365050.0
2025-06-18 11:35:58.281605,1218.3,271976.0,365050.0
2025-06-18 11:35:58.548712,1218.3,271859.0,364567.0
2025-06-18 11:35:59.649961,1218.3,271523.0,363217.0
2025-06-18 11:36:00.276516,1218.3,271523.0,363217.0
2025-06-18 11:36:00.759582,1217.9,272398.0,363653.0
2025-06-18 11:36:02.277313,1218.3,272398.0,363653.0
2025-06-18 11:36:06.275895,1218.0,272398.0,363653.0
2025-06-18 11:36:06.663229,1218.0,272005.0,361890.0
2025-06-18 11:36:09.598882,1218.3,272005.0,361890.0
2025-06-18 11:36:10.282704,1217.9,272005.0,361890.0
2025-06-18 11:36:12.280016,1218.6,272005.0,361890.0
2025-06-18 11:36:12.453005,1218.6,273962.0,362099.0
2025-06-18 11:36:14.285634,1218.7,273962.0,362099.0
2025-06-18 11:36:16.279701,1218.3,273962.0,362099.0
2025-06-18 11:36:18.056666,1218.3,270099.0,363749.0
2025-06-18 11:36:18.277541,1218.3,270099.0,363749.0
2025-06-18 11:36:20.286337,1217.9,270099.0,363749.0
2025-06-18 11:36:22.287407,1218.5,270099.0,363749.0
2025-06-18 11:36:23.735879,1218.5,273429.0,363679.0
2025-06-18 11:36:24.281930,1218.7,273429.0,363679.0
2025-06-18 11:36:26.280792,1218.7,273429.0,363679.0
2025-06-18 11:36:28.277011,1218.7,273429.0,363679.0
2025-06-18 11:36:29.175630,1218.7,272785.0,362006.0
2025-06-18 11:36:30.277466,1218.1,272785.0,362006.0
2025-06-18 11:36:32.285398,1218.1,272785.0,362006.0
2025-06-18 11:36:34.281842,1218.7,272785.0,362006.0
2025-06-18 11:36:34.564230,1218.7,273843.0,360726.0
2025-06-18 11:36:36.281016,1218.7,273843.0,360726.0
2025-06-18 11:36:38.279249,1218.7,273843.0,360726.0
2025-06-18 11:36:39.866351,1218.2,273744.0,362114.0
2025-06-18 11:36:40.281322,1218.2,273744.0,362114.0
2025-06-18 11:36:42.283029,1218.2,273744.0,362114.0
2025-06-18 11:36:44.281026,1218.7,273744.0,362114.0
2025-06-18 11:36:45.070936,1218.1,273389.0,361459.0
2025-06-18 11:36:46.281124,1218.6,273389.0,361459.0
2025-06-18 11:36:48.288305,1218.7,273389.0,361459.0
2025-06-18 11:36:50.286245,1218.7,273389.0,361459.0
2025-06-18 11:36:50.468795,1218.7,273635.0,362923.0
2025-06-18 11:36:51.359199,1218.7,273635.0,362923.0
2025-06-18 11:36:52.278183,1218.7,273635.0,362923.0
2025-06-18 11:36:52.464415,1218.7,273635.0,362923.0
2025-06-18 11:36:53.405107,1218.7,273635.0,362923.0
2025-06-18 11:36:54.279577,1218.2,273635.0,362923.0
2025-06-18 11:36:54.358479,1218.2,273635.0,362923.0
2025-06-18 11:36:55.245863,1218.2,273635.0,362923.0
2025-06-18 11:36:55.872079,1218.2,273438.0,364339.0
2025-06-18 11:36:56.044004,1218.2,273438.0,364339.0
2025-06-18 11:36:56.283078,1218.7,273438.0,364339.0
2025-06-18 11:36:57.101866,1218.7,273438.0,364339.0
2025-06-18 11:36:58.084818,1218.7,273438.0,364339.0
2025-06-18 11:36:58.285782,1218.7,273438.0,364339.0
2025-06-18 11:36:58.566765,1218.7,273438.0,364339.0
2025-06-18 11:36:59.823040,1218.7,273438.0,364339.0
2025-06-18 11:37:00.295843,1218.8,273438.0,364339.0
2025-06-18 11:37:01.083706,1218.8,273438.0,364339.0
2025-06-18 11:37:01.286711,1218.8,273206.0,365240.0
2025-06-18 11:37:01.953239,1218.8,273206.0,365240.0
2025-06-18 11:37:02.280742,1218.8,273206.0,365240.0
2025-06-18 11:37:03.366727,1218.8,273206.0,365240.0
2025-06-18 11:37:04.304411,1218.3,273206.0,365240.0
2025-06-18 11:37:04.501079,1218.3,273206.0,365240.0
2025-06-18 11:37:05.701129,1218.3,273206.0,365240.0
2025-06-18 11:37:06.482040,1218.3,275104.0,364257.0
2025-06-18 11:37:07.101959,1218.3,275104.0,364257.0
2025-06-18 11:37:08.285759,1218.8,275104.0,364257.0
2025-06-18 11:37:10.287320,1218.8,275104.0,364257.0
2025-06-18 11:37:11.683707,1218.5,275524.0,365447.0
2025-06-18 11:37:12.284160,1218.5,275524.0,365447.0
2025-06-18 11:37:14.291791,1218.3,275524.0,365447.0
2025-06-18 11:37:16.288607,1218.9,275524.0,365447.0
2025-06-18 11:37:16.785671,1218.8,274976.0,367013.0
2025-06-18 11:37:18.282997,1218.8,274976.0,367013.0
2025-06-18 11:37:20.285120,1218.8,274976.0,367013.0
2025-06-18 11:37:21.692129,1218.8,275189.0,367683.0
2025-06-18 11:37:22.287604,1218.8,275189.0,367683.0
2025-06-18 11:37:24.291426,1218.8,275189.0,367683.0
2025-06-18 11:37:26.284896,1218.8,275189.0,367683.0
2025-06-18 11:37:26.492937,1218.8,274458.0,368085.0
2025-06-18 11:37:28.287033,1218.8,274458.0,368085.0
2025-06-18 11:37:30.284016,1218.8,274458.0,368085.0
2025-06-18 11:37:31.694099,1218.3,275190.0,369550.0
2025-06-18 11:37:32.283284,1218.3,275190.0,369550.0
2025-06-18 11:37:34.293287,1218.8,275190.0,369550.0
2025-06-18 11:37:37.492625,1218.4,275190.0,369550.0
2025-06-18 11:37:37.499120,1219.0,274985.0,371457.0
2025-06-18 11:37:38.287151,1218.9,274985.0,371457.0
2025-06-18 11:37:40.289843,1219.0,274985.0,371457.0
2025-06-18 11:37:42.283545,1218.5,274985.0,371457.0
2025-06-18 11:37:42.706432,1218.5,276887.0,370459.0
2025-06-18 11:37:45.183496,1219.0,276887.0,370459.0
2025-06-18 11:37:46.282833,1218.5,276887.0,370459.0
2025-06-18 11:37:48.009604,1218.5,276931.0,371042.0
2025-06-18 11:37:48.288013,1218.5,276931.0,371042.0
2025-06-18 11:37:50.283293,1219.1,276931.0,371042.0
2025-06-18 11:37:52.286283,1219.1,276931.0,371042.0
2025-06-18 11:37:53.410248,1218.8,278496.0,371795.0
2025-06-18 11:37:54.288211,1219.1,278496.0,371795.0
2025-06-18 11:37:56.287104,1218.8,278496.0,371795.0
2025-06-18 11:37:58.814903,1219.1,279367.0,371082.0
2025-06-18 11:37:59.295423,1219.1,279367.0,371082.0
2025-06-18 11:38:02.284233,1219.1,279367.0,371082.0
2025-06-18 11:38:04.326130,1219.0,277636.0,374938.0
2025-06-18 11:38:05.286117,1219.1,277636.0,374938.0
2025-06-18 11:38:07.287389,1218.8,277636.0,374938.0
2025-06-18 11:38:09.293231,1219.0,277636.0,374938.0
2025-06-18 11:38:09.917642,1219.0,279037.0,374467.0
2025-06-18 11:38:13.290666,1218.9,279037.0,374467.0
2025-06-18 11:38:15.283761,1218.8,279037.0,374467.0
2025-06-18 11:38:15.733892,1218.8,277777.0,372505.0
2025-06-18 11:38:17.290090,1219.2,277777.0,372505.0
2025-06-18 11:38:19.325829,1219.2,277777.0,372505.0
2025-06-18 11:38:21.029703,1218.8,277164.0,375570.0
2025-06-18 11:38:21.293005,1218.8,277164.0,375570.0
2025-06-18 11:38:23.283851,1219.1,277164.0,375570.0
2025-06-18 11:38:25.302305,1219.3,277164.0,375570.0
2025-06-18 11:38:26.136611,1219.3,277132.0,374480.0
2025-06-18 11:38:27.286494,1218.8,277132.0,374480.0
2025-06-18 11:38:29.301841,1218.9,277132.0,374480.0
2025-06-18 11:38:31.321665,1219.4,277132.0,374480.0
2025-06-18 11:38:31.435506,1219.4,277796.0,375808.0
2025-06-18 11:38:33.287911,1218.9,277796.0,375808.0
2025-06-18 11:38:35.290252,1218.4,277796.0,375808.0
2025-06-18 11:38:36.838951,1218.4,274951.0,375229.0
2025-06-18 11:38:37.290249,1218.8,274951.0,375229.0
2025-06-18 11:38:39.294190,1218.4,274951.0,375229.0
2025-06-18 11:38:42.042790,1218.8,275484.0,375483.0
2025-06-18 11:38:43.292851,1218.8,275484.0,375483.0
2025-06-18 11:38:47.150340,1218.8,274733.0,377533.0
2025-06-18 11:38:47.289686,1218.8,274733.0,377533.0
2025-06-18 11:38:49.302554,1218.5,274733.0,377533.0
2025-06-18 11:38:51.330651,1218.8,274733.0,377533.0
2025-06-18 11:38:52.263845,1218.8,275623.0,379067.0
2025-06-18 11:38:53.289864,1218.8,275623.0,379067.0
2025-06-18 11:38:55.295083,1218.9,275623.0,379067.0
2025-06-18 11:38:57.518915,1218.9,274768.0,379410.0
2025-06-18 11:38:57.523407,1218.9,274768.0,379410.0
2025-06-18 11:38:59.287565,1218.9,274768.0,379410.0
2025-06-18 11:39:01.305842,1218.5,274768.0,379410.0
2025-06-18 11:39:02.168040,1218.5,275389.0,381018.0
2025-06-18 11:39:03.291795,1218.5,275389.0,381018.0
2025-06-18 11:39:07.261674,1218.6,276202.0,382079.0
2025-06-18 11:39:07.288693,1218.6,276202.0,382079.0
2025-06-18 11:39:09.310599,1219.1,276202.0,382079.0
2025-06-18 11:39:11.294737,1219.0,276202.0,382079.0
2025-06-18 11:39:12.973176,1219.2,277188.0,383154.0
2025-06-18 11:39:13.297669,1219.2,277188.0,383154.0
2025-06-18 11:39:15.299522,1219.1,277188.0,383154.0
2025-06-18 11:39:17.532329,1218.4,277188.0,383154.0
2025-06-18 11:39:18.577520,1218.4,275749.0,382724.0
2025-06-18 11:39:19.294238,1218.4,275749.0,382724.0
2025-06-18 11:39:21.296119,1219.0,275749.0,382724.0
2025-06-18 11:39:23.295437,1219.0,275749.0,382724.0
2025-06-18 11:39:24.070102,1218.4,276569.0,383077.0
2025-06-18 11:39:25.294636,1218.4,276569.0,383077.0
2025-06-18 11:39:27.298439,1219.0,276569.0,383077.0
2025-06-18 11:39:29.175705,1218.4,276602.0,382896.0
2025-06-18 11:39:29.302738,1218.4,276602.0,382896.0
2025-06-18 11:39:31.293976,1219.0,276602.0,382896.0
2025-06-18 11:39:33.291155,1219.0,276602.0,382896.0
2025-06-18 11:39:34.284438,1219.0,275783.0,382825.0
2025-06-18 11:39:35.298671,1218.4,275783.0,382825.0
2025-06-18 11:39:37.294044,1219.0,275783.0,382825.0
2025-06-18 11:39:39.296753,1219.0,275783.0,382825.0
2025-06-18 11:39:39.784779,1219.0,276973.0,383312.0
2025-06-18 11:39:41.308607,1218.5,276973.0,383312.0
2025-06-18 11:39:43.296069,1219.0,276973.0,383312.0
2025-06-18 11:39:44.884048,1219.0,276366.0,385370.0
2025-06-18 11:39:45.291851,1219.0,276366.0,385370.0
2025-06-18 11:39:47.294439,1218.6,276366.0,385370.0
2025-06-18 11:39:49.300110,1219.0,276366.0,385370.0
2025-06-18 11:39:50.085549,1218.6,277301.0,384102.0
2025-06-18 11:39:51.330140,1218.6,277301.0,384102.0
2025-06-18 11:39:51.775221,1218.6,277301.0,384102.0
2025-06-18 11:39:53.294521,1218.6,277301.0,384102.0
2025-06-18 11:39:53.327211,1219.0,277301.0,384102.0
2025-06-18 11:39:54.230199,1219.0,277301.0,384102.0
2025-06-18 11:39:55.189906,1219.0,277301.0,384102.0
2025-06-18 11:39:55.294361,1218.9,277301.0,384102.0
2025-06-18 11:39:55.690256,1218.9,276035.0,386677.0
2025-06-18 11:39:56.058005,1218.9,276035.0,386677.0
2025-06-18 11:39:57.295892,1218.9,276035.0,386677.0
2025-06-18 11:39:57.938876,1218.9,276035.0,386677.0
2025-06-18 11:39:58.508073,1218.9,276035.0,386677.0
2025-06-18 11:39:59.295110,1218.9,276035.0,386677.0
2025-06-18 11:39:59.410270,1218.9,276035.0,386677.0
2025-06-18 11:40:00.679504,1218.9,276035.0,386677.0
2025-06-18 11:40:00.895024,1218.9,278203.0,388693.0
2025-06-18 11:40:01.303105,1219.0,278203.0,388693.0
2025-06-18 11:40:01.939861,1219.0,278203.0,388693.0
2025-06-18 11:40:02.801877,1219.0,278203.0,388693.0
2025-06-18 11:40:03.295121,1218.9,278203.0,388693.0
2025-06-18 11:40:04.203646,1218.9,278203.0,388693.0
2025-06-18 11:40:05.313026,1219.0,278203.0,388693.0
2025-06-18 11:40:05.351922,1219.0,278203.0,388693.0
2025-06-18 11:40:05.896659,1219.0,277778.0,388655.0
2025-06-18 11:40:06.486423,1219.0,277778.0,388655.0
2025-06-18 11:40:07.297739,1218.9,277778.0,388655.0
2025-06-18 11:40:07.989103,1218.9,277778.0,388655.0
2025-06-18 11:40:09.298790,1218.5,277778.0,388655.0
2025-06-18 11:40:11.100121,1218.5,275204.0,390297.0
2025-06-18 11:40:11.295835,1218.9,275204.0,390297.0
2025-06-18 11:40:13.298546,1218.2,275204.0,390297.0
2025-06-18 11:40:15.298280,1218.0,275204.0,390297.0
2025-06-18 11:40:16.105964,1217.9,272304.0,389722.0
2025-06-18 11:40:17.299487,1218.5,272304.0,389722.0
2025-06-18 11:40:19.296876,1217.8,272304.0,389722.0
2025-06-18 11:40:21.295253,1217.9,272304.0,389722.0
2025-06-18 11:40:21.608119,1217.9,273291.0,389253.0
2025-06-18 11:40:23.317859,1217.9,273291.0,389253.0
2025-06-18 11:40:25.294033,1217.8,273291.0,389253.0
2025-06-18 11:40:27.010277,1218.6,275558.0,388632.0
2025-06-18 11:40:27.299039,1218.6,275558.0,388632.0
2025-06-18 11:40:29.296015,1218.6,275558.0,388632.0
2025-06-18 11:40:31.300186,1218.6,275558.0,388632.0
2025-06-18 11:40:32.819105,1218.7,276447.0,391754.0
2025-06-18 11:40:33.295987,1218.7,276447.0,391754.0
2025-06-18 11:40:35.298531,1218.7,276447.0,391754.0
2025-06-18 11:40:38.115533,1218.7,277143.0,392241.0
2025-06-18 11:40:39.299705,1218.9,277143.0,392241.0
2025-06-18 11:40:41.335404,1218.8,277143.0,392241.0
2025-06-18 11:40:43.295702,1218.9,277143.0,392241.0
2025-06-18 11:40:43.521112,1218.9,275822.0,393309.0
2025-06-18 11:40:45.300399,1218.9,275822.0,393309.0
2025-06-18 11:40:47.302941,1218.9,275822.0,393309.0
2025-06-18 11:40:48.828026,1218.8,275426.0,393796.0
2025-06-18 11:40:49.300710,1218.5,275426.0,393796.0
2025-06-18 11:40:51.303884,1218.9,275426.0,393796.0
2025-06-18 11:40:53.299924,1218.9,275426.0,393796.0
2025-06-18 11:40:53.927996,1219.0,275647.0,389260.0
2025-06-18 11:40:55.299115,1219.3,275647.0,389260.0
2025-06-18 11:40:57.303354,1219.3,275647.0,389260.0
2025-06-18 11:40:59.296472,1219.3,275647.0,389260.0
2025-06-18 11:40:59.531738,1219.3,276635.0,388850.0
2025-06-18 11:41:01.303567,1219.5,276635.0,388850.0
2025-06-18 11:41:01.537753,1219.5,280645.0,390370.0
2025-06-18 11:41:02.295732,1219.7,280645.0,390370.0
2025-06-18 11:41:02.633651,1219.7,281623.0,388244.0
2025-06-18 11:41:03.299269,1219.6,281623.0,388244.0
2025-06-18 11:41:03.633454,1219.6,281577.0,388972.0
2025-06-18 11:41:04.299064,1219.8,281577.0,388972.0
2025-06-18 11:41:04.634021,1219.8,282169.0,388106.0
2025-06-18 11:41:05.301905,1219.8,282169.0,388106.0
2025-06-18 11:41:05.738272,1219.8,282984.0,387417.0
2025-06-18 11:41:06.304385,1219.8,282984.0,387417.0
2025-06-18 11:41:06.834740,1219.8,282904.0,387352.0
2025-06-18 11:41:07.934944,1219.9,282666.0,387398.0
2025-06-18 11:41:08.301326,1219.8,282666.0,387398.0
2025-06-18 11:41:09.038288,1219.3,281556.0,386543.0
2025-06-18 11:41:09.298400,1219.3,281556.0,386543.0
2025-06-18 11:41:10.136292,1219.7,280633.0,385682.0
2025-06-18 11:41:10.303360,1219.7,280633.0,385682.0
2025-06-18 11:41:11.138846,1219.7,280063.0,388311.0
2025-06-18 11:41:11.306122,1219.7,280063.0,388311.0
2025-06-18 11:41:12.168382,1219.7,280073.0,388327.0
2025-06-18 11:41:13.136974,1219.7,280492.0,388198.0
2025-06-18 11:41:13.300020,1219.7,280492.0,388198.0
2025-06-18 11:41:14.542192,1219.5,281227.0,388195.0
2025-06-18 11:41:15.295720,1219.5,281227.0,388195.0
2025-06-18 11:41:16.250033,1219.5,281144.0,388195.0
2025-06-18 11:41:17.250278,1219.5,281599.0,387380.0
2025-06-18 11:41:18.305468,1219.8,281599.0,387380.0
2025-06-18 11:41:18.439910,1219.8,281058.0,387956.0
2025-06-18 11:41:19.313042,1219.8,281058.0,387956.0
2025-06-18 11:41:19.344080,1219.8,282566.0,388551.0
2025-06-18 11:41:20.542924,1219.8,282592.0,388574.0
2025-06-18 11:41:21.442560,1219.5,283145.0,387205.0
2025-06-18 11:41:22.308960,1220.0,283145.0,387205.0
2025-06-18 11:41:22.545748,1219.2,279922.0,388519.0
2025-06-18 11:41:23.297484,1219.2,279922.0,388519.0
2025-06-18 11:41:23.651425,1219.2,279935.0,388539.0
2025-06-18 11:41:24.300397,1219.8,279935.0,388539.0
2025-06-18 11:41:24.651901,1219.8,279759.0,387551.0
