timestamp,ltp,bid_qty,ask_qty
2025-06-18 11:01:36.647930,1994.7,139494.0,210318.0
2025-06-18 11:01:39.133960,1994.7,139494.0,210318.0
2025-06-18 11:01:41.148325,1994.7,140162.0,210256.0
2025-06-18 11:01:43.133429,1994.5,140162.0,210256.0
2025-06-18 11:01:46.159734,1995.8,145493.0,203370.0
2025-06-18 11:01:47.142233,1995.8,145493.0,203370.0
2025-06-18 11:01:49.174932,1996.0,145493.0,203370.0
2025-06-18 11:01:51.749579,1995.7,140285.0,206065.0
2025-06-18 11:01:53.136840,1994.9,140285.0,206065.0
2025-06-18 11:01:55.146224,1994.9,140285.0,206065.0
2025-06-18 11:01:57.146071,1996.1,140285.0,206065.0
2025-06-18 11:01:57.251778,1996.1,142977.0,205403.0
2025-06-18 11:01:59.140113,1996.5,142977.0,205403.0
2025-06-18 11:02:01.659391,1996.5,141690.0,205315.0
2025-06-18 11:02:03.139877,1995.0,141690.0,205315.0
2025-06-18 11:02:03.179573,1995.0,137633.0,207014.0
2025-06-18 11:02:05.166862,1995.0,138565.0,206943.0
2025-06-18 11:02:05.204767,1995.0,138565.0,206943.0
2025-06-18 11:02:05.255870,1995.0,138857.0,206784.0
2025-06-18 11:02:06.357880,1995.0,139497.0,206658.0
2025-06-18 11:02:07.139987,1995.0,139497.0,206658.0
2025-06-18 11:02:07.464046,1995.0,139699.0,206800.0
2025-06-18 11:02:08.138362,1995.0,139699.0,206800.0
2025-06-18 11:02:08.472444,1995.0,139279.0,206803.0
2025-06-18 11:02:09.135699,1995.0,139279.0,206803.0
2025-06-18 11:02:09.559234,1995.0,139250.0,207016.0
2025-06-18 11:02:10.145264,1994.7,139250.0,207016.0
2025-06-18 11:02:10.665395,1994.7,139310.0,207047.0
2025-06-18 11:02:11.761938,1994.7,139926.0,206497.0
2025-06-18 11:02:12.763621,1994.7,140553.0,206533.0
2025-06-18 11:02:13.664603,1994.7,140554.0,206643.0
2025-06-18 11:02:15.163607,1994.7,140453.0,206550.0
2025-06-18 11:02:15.865764,1994.7,139630.0,206755.0
2025-06-18 11:02:16.980719,1994.7,140166.0,206791.0
2025-06-18 11:02:18.067548,1994.7,140186.0,206914.0
2025-06-18 11:02:19.067095,1994.7,140235.0,207032.0
2025-06-18 11:02:20.173225,1994.7,140216.0,206840.0
2025-06-18 11:02:21.267738,1994.7,140198.0,206683.0
2025-06-18 11:02:22.368194,1994.7,140179.0,206793.0
2025-06-18 11:02:23.139985,1995.0,140179.0,206793.0
2025-06-18 11:02:23.477973,1995.0,140202.0,206827.0
2025-06-18 11:02:24.151302,1995.0,140202.0,206827.0
2025-06-18 11:02:24.483563,1995.0,139742.0,206756.0
2025-06-18 11:02:25.483063,1995.0,139990.0,206780.0
2025-06-18 11:02:26.573493,1995.0,140156.0,206836.0
2025-06-18 11:02:27.143828,1995.0,140156.0,206836.0
2025-06-18 11:02:27.673584,1995.0,139951.0,206821.0
2025-06-18 11:02:28.675032,1995.0,140005.0,206841.0
2025-06-18 11:02:29.778326,1995.0,140128.0,206675.0
2025-06-18 11:02:30.876328,1995.0,140628.0,206747.0
2025-06-18 11:02:32.001294,1995.0,140967.0,206492.0
2025-06-18 11:02:33.077491,1995.0,141058.0,206627.0
2025-06-18 11:02:34.141819,1995.0,141058.0,206627.0
2025-06-18 11:02:34.182541,1995.0,141261.0,206665.0
2025-06-18 11:02:35.275896,1995.0,141224.0,206888.0
2025-06-18 11:02:36.280788,1995.0,141227.0,206854.0
2025-06-18 11:02:37.277830,1995.0,141092.0,207101.0
2025-06-18 11:02:38.140401,1995.0,141092.0,207101.0
2025-06-18 11:02:38.378829,1995.0,141087.0,207075.0
2025-06-18 11:02:39.383206,1994.5,140614.0,206952.0
2025-06-18 11:02:40.140833,1994.5,140614.0,206952.0
2025-06-18 11:02:40.582164,1994.5,140641.0,207006.0
2025-06-18 11:02:41.683597,1995.0,140715.0,207010.0
2025-06-18 11:02:42.141531,1995.0,140715.0,207010.0
2025-06-18 11:02:42.694191,1995.0,140766.0,207149.0
2025-06-18 11:02:43.783555,1995.0,140831.0,207214.0
2025-06-18 11:02:44.146294,1995.0,140831.0,207214.0
2025-06-18 11:02:44.785215,1995.0,140774.0,209201.0
2025-06-18 11:02:45.787604,1995.0,140704.0,209226.0
2025-06-18 11:02:46.144511,1995.0,140704.0,209226.0
2025-06-18 11:02:46.792993,1995.0,140704.0,209220.0
2025-06-18 11:02:47.787302,1995.0,140798.0,209167.0
2025-06-18 11:02:48.786807,1995.0,140798.0,209168.0
2025-06-18 11:02:49.689052,1995.0,140794.0,209161.0
2025-06-18 11:02:50.140960,1995.0,140794.0,209161.0
2025-06-18 11:02:50.786241,1995.0,140679.0,209183.0
2025-06-18 11:02:51.227511,1995.0,140679.0,209183.0
2025-06-18 11:02:51.788312,1995.0,140254.0,209056.0
2025-06-18 11:02:52.789493,1995.0,140321.0,209163.0
2025-06-18 11:02:53.790496,1995.0,140338.0,209171.0
2025-06-18 11:02:54.145137,1995.0,140338.0,209171.0
2025-06-18 11:02:54.789914,1995.0,140268.0,209171.0
2025-06-18 11:02:55.690721,1994.6,140266.0,209168.0
2025-06-18 11:02:56.143091,1994.6,140266.0,209168.0
2025-06-18 11:02:56.692970,1994.6,140266.0,209045.0
2025-06-18 11:02:57.693709,1994.6,140266.0,209033.0
2025-06-18 11:02:58.696836,1994.6,140269.0,209033.0
2025-06-18 11:02:59.799420,1994.6,140229.0,209120.0
2025-06-18 11:03:00.703256,1994.6,138357.0,209329.0
2025-06-18 11:03:01.136654,1994.6,138357.0,209329.0
2025-06-18 11:03:03.145069,1995.0,138357.0,209329.0
2025-06-18 11:03:05.602523,1995.0,138711.0,209234.0
2025-06-18 11:03:09.148925,1994.6,138711.0,209234.0
2025-06-18 11:03:10.904793,1994.6,139653.0,209357.0
2025-06-18 11:03:13.144510,1995.0,139653.0,209357.0
2025-06-18 11:03:16.105006,1995.0,139037.0,209233.0
2025-06-18 11:03:17.148034,1995.0,139037.0,209233.0
2025-06-18 11:03:19.149063,1994.6,139037.0,209233.0
2025-06-18 11:03:21.205991,1994.6,139037.0,209233.0
2025-06-18 11:03:21.306487,1994.6,139566.0,209386.0
2025-06-18 11:03:23.151491,1994.9,139566.0,209386.0
2025-06-18 11:03:25.146687,1994.9,139566.0,209386.0
2025-06-18 11:03:26.511584,1994.6,138450.0,209429.0
2025-06-18 11:03:27.148028,1994.6,138450.0,209429.0
2025-06-18 11:03:31.815427,1994.6,137158.0,210053.0
2025-06-18 11:03:37.151746,1994.9,137158.0,210053.0
2025-06-18 11:03:37.516660,1994.9,137675.0,209710.0
2025-06-18 11:03:39.148677,1994.9,137675.0,209710.0
2025-06-18 11:03:42.718825,1994.9,138465.0,209558.0
2025-06-18 11:03:43.155756,1994.9,138465.0,209558.0
2025-06-18 11:03:45.167714,1994.9,138465.0,209558.0
2025-06-18 11:03:46.056765,1994.9,138465.0,209558.0
2025-06-18 11:03:47.078738,1994.9,138465.0,209558.0
2025-06-18 11:03:47.521544,1994.9,138188.0,209700.0
2025-06-18 11:03:47.995753,1994.9,138188.0,209700.0
2025-06-18 11:03:48.925881,1994.9,138188.0,209700.0
2025-06-18 11:03:49.160071,1994.8,138188.0,209700.0
2025-06-18 11:03:49.770512,1994.8,138188.0,209700.0
2025-06-18 11:03:50.563578,1994.8,138188.0,209700.0
2025-06-18 11:03:51.621947,1994.8,138188.0,209700.0
2025-06-18 11:03:52.205001,1994.8,138188.0,209700.0
2025-06-18 11:03:52.324658,1994.8,138390.0,209628.0
2025-06-18 11:03:52.570824,1994.8,138390.0,209628.0
2025-06-18 11:03:53.081510,1994.8,138390.0,209628.0
2025-06-18 11:03:53.199293,1994.8,138390.0,209628.0
2025-06-18 11:03:53.447423,1994.8,138390.0,209628.0
2025-06-18 11:03:54.456717,1994.8,138390.0,209628.0
2025-06-18 11:03:55.168476,1994.8,138390.0,209628.0
2025-06-18 11:03:55.729695,1994.8,138390.0,209628.0
2025-06-18 11:03:56.592979,1994.8,138390.0,209628.0
2025-06-18 11:04:00.506494,1994.8,138390.0,209628.0
2025-06-18 11:04:00.546526,1994.8,138390.0,209628.0
2025-06-18 11:04:00.582585,1994.8,138390.0,209628.0
2025-06-18 11:04:01.925886,1994.8,138390.0,209628.0
2025-06-18 11:04:02.532373,1994.8,137831.0,209403.0
2025-06-18 11:04:07.734032,1994.8,138714.0,209276.0
2025-06-18 11:04:18.045713,1994.8,137939.0,209949.0
2025-06-18 11:04:19.187191,1994.8,137939.0,209949.0
2025-06-18 11:04:23.157703,1994.9,137939.0,209949.0
2025-06-18 11:04:23.256768,1994.9,137806.0,209913.0
2025-06-18 11:04:25.158297,1994.9,137806.0,209913.0
2025-06-18 11:04:27.158100,1994.9,137806.0,209913.0
2025-06-18 11:04:28.469628,1994.9,138081.0,209766.0
2025-06-18 11:04:31.155505,1994.9,138081.0,209766.0
2025-06-18 11:04:33.160798,1994.9,138081.0,209766.0
2025-06-18 11:04:33.475783,1994.9,138096.0,209769.0
2025-06-18 11:04:37.166743,1994.8,138096.0,209769.0
2025-06-18 11:04:38.363425,1994.8,138068.0,209574.0
2025-06-18 11:04:43.167010,1994.8,138068.0,209574.0
2025-06-18 11:04:43.368353,1994.8,138173.0,209707.0
2025-06-18 11:04:47.165406,1994.8,138173.0,209707.0
2025-06-18 11:04:48.368967,1994.9,137931.0,209704.0
2025-06-18 11:04:49.158065,1994.9,137931.0,209704.0
2025-06-18 11:04:53.170314,1994.9,137812.0,209348.0
2025-06-18 11:04:55.161845,1994.9,137812.0,209348.0
2025-06-18 11:04:57.209493,1994.9,137812.0,209348.0
2025-06-18 11:04:57.777453,1994.9,136648.0,209565.0
2025-06-18 11:04:59.156661,1994.9,136648.0,209565.0
2025-06-18 11:05:01.156739,1994.9,136648.0,209565.0
2025-06-18 11:05:05.120400,1994.9,137080.0,210168.0
2025-06-18 11:05:05.206621,1994.7,137080.0,210168.0
2025-06-18 11:05:07.394573,1994.7,136952.0,210278.0
2025-06-18 11:05:09.187370,1994.9,136952.0,210278.0
2025-06-18 11:05:11.156950,1994.9,136952.0,210278.0
2025-06-18 11:05:12.489893,1994.9,136213.0,209978.0
2025-06-18 11:05:17.164722,1994.6,136213.0,209978.0
2025-06-18 11:05:18.085809,1994.6,135247.0,211142.0
2025-06-18 11:05:21.167550,1994.6,135247.0,211142.0
2025-06-18 11:05:23.195546,1994.1,135247.0,211142.0
2025-06-18 11:05:23.206847,1994.1,135328.0,210972.0
2025-06-18 11:05:25.151823,1994.6,135328.0,210972.0
2025-06-18 11:05:27.170637,1994.6,135328.0,210972.0
2025-06-18 11:05:28.002889,1994.6,135025.0,210501.0
2025-06-18 11:05:33.003196,1994.6,134810.0,210705.0
2025-06-18 11:05:37.162546,1994.3,134810.0,210705.0
2025-06-18 11:05:38.531901,1994.3,135893.0,210083.0
2025-06-18 11:05:39.276803,1994.6,135893.0,210083.0
2025-06-18 11:05:43.162255,1994.6,135893.0,210083.0
2025-06-18 11:05:43.600501,1994.6,135037.0,210999.0
2025-06-18 11:05:48.510822,1993.1,131424.0,213425.0
2025-06-18 11:05:49.167697,1993.1,131424.0,213425.0
2025-06-18 11:05:53.707954,1993.1,133801.0,212634.0
2025-06-18 11:05:55.156939,1993.3,133801.0,212634.0
2025-06-18 11:05:57.178408,1993.0,133801.0,212634.0
2025-06-18 11:05:58.816488,1993.0,132948.0,212675.0
2025-06-18 11:05:59.161128,1993.0,132948.0,212675.0
2025-06-18 11:06:03.161268,1993.0,132948.0,212675.0
2025-06-18 11:06:03.524211,1993.0,133474.0,212513.0
2025-06-18 11:06:05.156469,1992.6,133474.0,212513.0
2025-06-18 11:06:07.167120,1992.0,133474.0,212513.0
2025-06-18 11:06:08.230251,1992.0,132041.0,213529.0
2025-06-18 11:06:11.203060,1992.3,132041.0,213529.0
2025-06-18 11:06:13.171028,1991.7,132041.0,213529.0
2025-06-18 11:06:13.225106,1991.7,131268.0,213617.0
2025-06-18 11:06:15.167300,1992.2,131268.0,213617.0
2025-06-18 11:06:18.420606,1992.2,131673.0,212520.0
2025-06-18 11:06:21.159397,1991.7,131673.0,212520.0
2025-06-18 11:06:23.167449,1992.1,131673.0,212520.0
2025-06-18 11:06:23.326808,1992.1,132021.0,212826.0
2025-06-18 11:06:25.160650,1992.2,132021.0,212826.0
2025-06-18 11:06:27.163401,1992.0,132021.0,212826.0
2025-06-18 11:06:31.167864,1992.9,132021.0,212826.0
2025-06-18 11:06:32.832078,1992.9,132970.0,211619.0
2025-06-18 11:06:35.164241,1993.5,132970.0,211619.0
2025-06-18 11:06:37.640523,1993.5,133216.0,211094.0
2025-06-18 11:06:41.162998,1992.5,133216.0,211094.0
2025-06-18 11:06:42.841110,1993.5,132559.0,210809.0
2025-06-18 11:06:43.160610,1993.5,132559.0,210809.0
2025-06-18 11:06:45.159068,1992.4,132559.0,210809.0
2025-06-18 11:06:46.762360,1992.4,132559.0,210809.0
2025-06-18 11:06:47.625105,1992.4,132559.0,210809.0
2025-06-18 11:06:47.646129,1992.4,132984.0,210552.0
2025-06-18 11:06:48.559007,1992.4,132984.0,210552.0
2025-06-18 11:06:49.804862,1992.4,132984.0,210552.0
2025-06-18 11:06:50.316168,1992.4,132984.0,210552.0
2025-06-18 11:06:51.059100,1992.4,132984.0,210552.0
2025-06-18 11:06:51.157850,1992.3,132984.0,210552.0
2025-06-18 11:06:52.049702,1992.3,132984.0,210552.0
2025-06-18 11:06:52.651540,1992.3,132846.0,210283.0
2025-06-18 11:06:53.011890,1992.3,132846.0,210283.0
2025-06-18 11:06:53.162745,1993.5,132846.0,210283.0
2025-06-18 11:06:53.555795,1993.5,132846.0,210283.0
2025-06-18 11:06:54.760436,1993.5,132846.0,210283.0
2025-06-18 11:06:55.163116,1993.0,132846.0,210283.0
2025-06-18 11:06:56.271222,1993.0,132846.0,210283.0
2025-06-18 11:06:57.116187,1993.0,132846.0,210283.0
2025-06-18 11:06:57.658719,1993.0,133587.0,210629.0
2025-06-18 11:06:58.548910,1993.0,133587.0,210629.0
2025-06-18 11:06:59.670803,1993.0,133587.0,210629.0
2025-06-18 11:07:00.833605,1993.0,133587.0,210629.0
2025-06-18 11:07:01.448952,1993.0,133797.0,210704.0
2025-06-18 11:07:02.160139,1993.0,133797.0,210704.0
2025-06-18 11:07:02.293128,1993.0,133797.0,210704.0
2025-06-18 11:07:02.559699,1993.0,133764.0,210719.0
2025-06-18 11:07:03.157910,1993.0,133764.0,210719.0
2025-06-18 11:07:05.035468,1993.0,133790.0,210704.0
2025-06-18 11:07:05.114080,1993.0,133463.0,210664.0
2025-06-18 11:07:05.169332,1993.4,133463.0,210664.0
2025-06-18 11:07:05.752892,1993.4,133699.0,211123.0
2025-06-18 11:07:06.753278,1993.4,133561.0,211625.0
2025-06-18 11:07:10.435927,1993.4,133608.0,211565.0
2025-06-18 11:07:10.523791,1992.9,134003.0,210538.0
2025-06-18 11:07:10.530503,1992.9,134003.0,210538.0
2025-06-18 11:07:10.536287,1992.9,134435.0,210461.0
2025-06-18 11:07:10.759128,1992.9,134706.0,210622.0
2025-06-18 11:07:11.759041,1992.9,134471.0,210739.0
2025-06-18 11:07:12.758390,1992.9,134510.0,210650.0
2025-06-18 11:07:13.760355,1992.9,134593.0,210563.0
2025-06-18 11:07:14.859930,1992.9,134632.0,210576.0
2025-06-18 11:07:15.863017,1992.9,134634.0,210561.0
2025-06-18 11:07:16.860008,1992.9,133919.0,210752.0
2025-06-18 11:07:17.162657,1992.9,133919.0,210752.0
2025-06-18 11:07:17.964052,1992.9,133849.0,210714.0
2025-06-18 11:07:18.962630,1992.9,133881.0,210966.0
2025-06-18 11:07:19.963564,1992.9,133881.0,209907.0
2025-06-18 11:07:20.960240,1992.7,133831.0,209958.0
2025-06-18 11:07:21.166496,1992.5,133831.0,209958.0
2025-06-18 11:07:22.193993,1992.8,133495.0,209869.0
2025-06-18 11:07:22.199456,1992.8,133495.0,209869.0
2025-06-18 11:07:22.960068,1992.8,134032.0,209739.0
2025-06-18 11:07:23.162790,1992.8,134032.0,209739.0
2025-06-18 11:07:23.859961,1992.9,134046.0,209751.0
2025-06-18 11:07:24.162869,1992.9,134046.0,209751.0
2025-06-18 11:07:25.068060,1992.9,133933.0,209867.0
2025-06-18 11:07:25.165746,1992.9,133933.0,209867.0
2025-06-18 11:07:26.257699,1992.9,133960.0,210214.0
2025-06-18 11:07:27.260869,1992.9,133960.0,210214.0
2025-06-18 11:07:28.762719,1992.4,133741.0,210187.0
2025-06-18 11:07:29.171287,1992.4,133741.0,210187.0
2025-06-18 11:07:29.897071,1992.4,133746.0,210372.0
2025-06-18 11:07:30.192472,1992.4,133746.0,210372.0
2025-06-18 11:07:30.961956,1992.4,133721.0,210386.0
2025-06-18 11:07:31.168888,1992.4,133721.0,210386.0
2025-06-18 11:07:31.964689,1992.4,133734.0,210436.0
2025-06-18 11:07:32.963390,1992.4,133741.0,210401.0
2025-06-18 11:07:33.862993,1992.4,133791.0,210294.0
2025-06-18 11:07:34.169191,1992.4,133791.0,210294.0
2025-06-18 11:07:34.765252,1993.0,133991.0,210451.0
2025-06-18 11:07:35.163060,1993.0,133991.0,210451.0
2025-06-18 11:07:35.864327,1993.0,133487.0,209894.0
2025-06-18 11:07:36.162840,1993.5,133487.0,209894.0
2025-06-18 11:07:36.767859,1993.5,132435.0,210128.0
2025-06-18 11:07:37.165366,1993.5,132435.0,210128.0
2025-06-18 11:07:37.768281,1993.5,133000.0,210298.0
2025-06-18 11:07:38.166365,1993.0,133000.0,210298.0
2025-06-18 11:07:38.769107,1993.0,133171.0,210662.0
2025-06-18 11:07:39.205913,1993.4,133171.0,210662.0
2025-06-18 11:07:39.770501,1993.4,133350.0,210722.0
2025-06-18 11:07:40.871485,1993.4,133194.0,210490.0
2025-06-18 11:07:41.977509,1993.4,132072.0,210792.0
2025-06-18 11:07:42.974006,1993.4,132557.0,210570.0
2025-06-18 11:07:44.790070,1992.3,132226.0,211642.0
2025-06-18 11:07:44.792434,1992.3,132226.0,211642.0
2025-06-18 11:07:45.184121,1992.3,132968.0,211564.0
2025-06-18 11:07:46.172080,1992.9,132968.0,211564.0
2025-06-18 11:07:46.371862,1992.9,132953.0,211559.0
2025-06-18 11:07:47.275141,1992.9,132509.0,211548.0
2025-06-18 11:07:48.275864,1992.9,132579.0,211545.0
2025-06-18 11:07:49.372564,1992.9,132657.0,211178.0
2025-06-18 11:07:50.377941,1992.9,132658.0,211208.0
2025-06-18 11:07:51.375207,1992.9,132861.0,211069.0
2025-06-18 11:07:52.173533,1992.9,132861.0,211069.0
2025-06-18 11:07:52.481540,1992.9,132797.0,211146.0
2025-06-18 11:07:53.479598,1992.9,132770.0,211164.0
2025-06-18 11:07:54.166219,1992.9,132770.0,211164.0
2025-06-18 11:07:55.124011,1992.9,132702.0,211240.0
2025-06-18 11:07:55.162780,1992.4,132702.0,211240.0
2025-06-18 11:07:55.575416,1992.4,132771.0,211613.0
2025-06-18 11:07:56.175528,1992.9,132771.0,211613.0
2025-06-18 11:07:56.685398,1992.9,133027.0,211947.0
2025-06-18 11:07:57.748104,1992.9,132441.0,211960.0
2025-06-18 11:07:58.686588,1992.9,133633.0,211661.0
2025-06-18 11:07:59.706126,1992.9,133133.0,211637.0
2025-06-18 11:08:00.435636,1992.4,133133.0,211637.0
2025-06-18 11:08:00.685587,1992.4,130924.0,212609.0
2025-06-18 11:08:02.196040,1992.6,130924.0,212609.0
2025-06-18 11:08:04.181591,1992.6,130924.0,212609.0
2025-06-18 11:08:04.193776,1992.6,131753.0,212671.0
2025-06-18 11:08:09.584754,1992.6,132076.0,211292.0
2025-06-18 11:08:10.188780,1992.8,132076.0,211292.0
2025-06-18 11:08:14.192980,1992.2,132076.0,211292.0
2025-06-18 11:08:15.207306,1992.2,132273.0,212520.0
2025-06-18 11:08:20.494798,1992.6,132273.0,212520.0
2025-06-18 11:08:20.535746,1992.6,132490.0,212058.0
2025-06-18 11:08:25.170861,1993.2,132490.0,212058.0
2025-06-18 11:08:25.507979,1993.0,132756.0,211696.0
2025-06-18 11:08:28.171417,1993.0,132756.0,211696.0
2025-06-18 11:08:31.210565,1992.6,133500.0,210655.0
2025-06-18 11:08:32.170983,1993.0,133500.0,210655.0
2025-06-18 11:08:36.518269,1993.0,134155.0,210573.0
2025-06-18 11:08:40.176949,1993.0,134155.0,210573.0
2025-06-18 11:08:41.719000,1992.5,134047.0,210774.0
2025-06-18 11:08:42.182835,1992.5,134047.0,210774.0
2025-06-18 11:08:44.183372,1993.0,134047.0,210774.0
2025-06-18 11:08:47.024577,1993.0,134179.0,211803.0
2025-06-18 11:08:50.171088,1992.3,134179.0,211803.0
2025-06-18 11:08:52.212543,1992.3,135313.0,210882.0
2025-06-18 11:08:54.176320,1993.0,135313.0,210882.0
2025-06-18 11:08:56.176779,1992.6,135313.0,210882.0
2025-06-18 11:08:57.415701,1992.6,135466.0,211642.0
2025-06-18 11:09:02.315114,1992.6,135456.0,211817.0
2025-06-18 11:09:06.173127,1992.6,135456.0,211817.0
2025-06-18 11:09:07.219417,1992.6,135787.0,211624.0
2025-06-18 11:09:10.171719,1992.9,135787.0,211624.0
2025-06-18 11:09:14.263563,1992.9,136200.0,210063.0
2025-06-18 11:09:14.346353,1992.9,136200.0,210063.0
2025-06-18 11:09:18.877840,1992.9,136144.0,210637.0
2025-06-18 11:09:20.197251,1993.0,136144.0,210637.0
2025-06-18 11:09:22.166367,1993.0,136144.0,210637.0
2025-06-18 11:09:23.932373,1993.0,135671.0,210549.0
2025-06-18 11:09:24.174025,1993.0,135671.0,210549.0
2025-06-18 11:09:28.177680,1993.0,135671.0,210549.0
2025-06-18 11:09:29.136710,1993.0,135622.0,210599.0
2025-06-18 11:09:30.179769,1993.0,135622.0,210599.0
2025-06-18 11:09:34.175649,1994.4,135622.0,210599.0
2025-06-18 11:09:34.639271,1994.4,137761.0,209887.0
2025-06-18 11:09:38.202752,1993.8,137761.0,209887.0
2025-06-18 11:09:39.903352,1993.8,138681.0,209366.0
2025-06-18 11:09:40.170114,1993.6,138681.0,209366.0
2025-06-18 11:09:44.190211,1994.0,138681.0,209366.0
2025-06-18 11:09:45.146707,1994.0,138813.0,208599.0
2025-06-18 11:09:46.253892,1994.0,138813.0,208599.0
2025-06-18 11:09:47.185338,1994.0,138813.0,208599.0
2025-06-18 11:09:48.171434,1993.9,138813.0,208599.0
2025-06-18 11:09:48.249444,1993.9,138813.0,208599.0
2025-06-18 11:09:49.142581,1993.9,138813.0,208599.0
2025-06-18 11:09:50.064700,1993.9,138813.0,208599.0
2025-06-18 11:09:50.171325,1993.9,138813.0,208599.0
2025-06-18 11:09:50.343425,1993.9,138726.0,209375.0
2025-06-18 11:09:50.871208,1993.9,138726.0,209375.0
2025-06-18 11:09:51.642485,1993.9,138726.0,209375.0
2025-06-18 11:09:52.639865,1993.9,138726.0,209375.0
2025-06-18 11:09:53.232005,1993.9,138726.0,209375.0
2025-06-18 11:09:54.131057,1993.9,138726.0,209375.0
2025-06-18 11:09:54.186520,1993.9,138726.0,209375.0
2025-06-18 11:09:54.469845,1993.9,138726.0,209375.0
2025-06-18 11:09:55.343418,1993.9,138726.0,209375.0
2025-06-18 11:09:55.951853,1994.0,138819.0,209260.0
2025-06-18 11:09:56.173341,1994.0,138819.0,209260.0
2025-06-18 11:09:56.592654,1994.0,138819.0,209260.0
2025-06-18 11:09:57.592876,1994.0,138819.0,209260.0
2025-06-18 11:09:58.178505,1994.0,138819.0,209260.0
2025-06-18 11:09:58.985583,1994.0,138819.0,209260.0
2025-06-18 11:10:00.128728,1994.0,138819.0,209260.0
2025-06-18 11:10:00.844501,1994.0,138656.0,208829.0
2025-06-18 11:10:01.256958,1994.0,138656.0,208829.0
2025-06-18 11:10:02.175351,1993.7,138656.0,208829.0
2025-06-18 11:10:02.725063,1993.7,138656.0,208829.0
2025-06-18 11:10:04.171623,1994.0,138656.0,208829.0
2025-06-18 11:10:11.165880,1993.7,139195.0,209026.0
2025-06-18 11:10:12.175078,1993.7,139195.0,209026.0
2025-06-18 11:10:14.181791,1994.0,139195.0,209026.0
2025-06-18 11:10:16.754909,1994.0,139153.0,209120.0
2025-06-18 11:10:20.174935,1994.0,139153.0,209120.0
2025-06-18 11:10:24.185322,1995.1,139153.0,209120.0
2025-06-18 11:10:27.184801,1995.1,139153.0,209120.0
2025-06-18 11:10:27.258965,1995.1,140862.0,205778.0
2025-06-18 11:10:32.764934,1995.1,141330.0,205873.0
2025-06-18 11:10:36.173564,1995.1,141330.0,205873.0
2025-06-18 11:10:38.177706,1994.5,141330.0,205873.0
2025-06-18 11:10:38.367386,1994.5,140444.0,208068.0
2025-06-18 11:10:40.174260,1994.9,140444.0,208068.0
2025-06-18 11:10:42.179790,1995.0,140444.0,208068.0
2025-06-18 11:10:43.770729,1995.0,141261.0,207912.0
2025-06-18 11:10:48.874395,1995.0,140188.0,208016.0
2025-06-18 11:10:54.090323,1994.7,140985.0,208126.0
2025-06-18 11:10:54.184038,1994.7,140985.0,208126.0
2025-06-18 11:10:59.386631,1994.0,136732.0,210778.0
2025-06-18 11:11:00.174091,1993.8,136732.0,210778.0
2025-06-18 11:11:02.202658,1993.9,136732.0,210778.0
2025-06-18 11:11:04.171891,1993.9,136732.0,210778.0
2025-06-18 11:11:04.689590,1993.9,137160.0,210029.0
2025-06-18 11:11:10.197800,1993.9,137301.0,210546.0
2025-06-18 11:11:12.180436,1993.8,137301.0,210546.0
2025-06-18 11:11:14.191452,1993.5,137301.0,210546.0
2025-06-18 11:11:15.505832,1993.4,135584.0,212046.0
2025-06-18 11:11:16.173586,1993.6,135584.0,212046.0
2025-06-18 11:11:18.187442,1993.2,135584.0,212046.0
2025-06-18 11:11:20.179367,1993.2,135584.0,212046.0
2025-06-18 11:11:20.797666,1993.2,135728.0,212234.0
2025-06-18 11:11:22.183447,1993.5,135728.0,212234.0
2025-06-18 11:11:24.178462,1993.4,135728.0,212234.0
2025-06-18 11:11:25.801111,1993.4,136306.0,212550.0
2025-06-18 11:11:26.179672,1993.5,136306.0,212550.0
2025-06-18 11:11:30.176859,1992.9,136306.0,212550.0
2025-06-18 11:11:31.009942,1992.9,136768.0,211923.0
2025-06-18 11:11:36.178877,1993.2,136768.0,211923.0
2025-06-18 11:11:38.185920,1993.2,136768.0,211923.0
2025-06-18 11:11:40.912045,1992.9,136946.0,211959.0
2025-06-18 11:11:42.187759,1992.9,136946.0,211959.0
2025-06-18 11:11:44.192756,1993.5,136946.0,211959.0
2025-06-18 11:11:45.914558,1993.5,138140.0,210873.0
2025-06-18 11:11:50.191300,1993.6,138140.0,210873.0
2025-06-18 11:11:51.028652,1993.6,138607.0,209304.0
2025-06-18 11:11:52.216790,1993.6,138607.0,209304.0
2025-06-18 11:11:54.194508,1993.9,138607.0,209304.0
2025-06-18 11:11:56.187110,1993.7,138607.0,209304.0
2025-06-18 11:11:56.228881,1993.7,137452.0,209845.0
2025-06-18 11:11:58.408293,1993.7,137452.0,209845.0
2025-06-18 11:12:01.032084,1993.7,139080.0,209750.0
2025-06-18 11:12:04.181875,1993.9,139080.0,209750.0
2025-06-18 11:12:05.726949,1993.9,140117.0,209922.0
2025-06-18 11:12:10.180726,1993.9,140117.0,209922.0
2025-06-18 11:12:10.730852,1994.0,140661.0,209530.0
2025-06-18 11:12:12.186422,1994.0,140661.0,209530.0
2025-06-18 11:12:14.181164,1993.9,140661.0,209530.0
2025-06-18 11:12:15.837123,1993.9,140780.0,209600.0
2025-06-18 11:12:16.180892,1993.9,140780.0,209600.0
2025-06-18 11:12:18.212120,1993.9,140780.0,209600.0
2025-06-18 11:12:20.177495,1993.9,140780.0,209600.0
2025-06-18 11:12:21.254982,1993.9,140667.0,209575.0
2025-06-18 11:12:24.183437,1994.0,140667.0,209575.0
2025-06-18 11:12:26.050595,1994.0,139978.0,209532.0
2025-06-18 11:12:26.180946,1994.0,139978.0,209532.0
2025-06-18 11:12:28.180019,1994.0,139978.0,209532.0
2025-06-18 11:12:36.203021,1994.0,139978.0,209532.0
2025-06-18 11:12:36.453943,1994.0,138803.0,210603.0
2025-06-18 11:12:41.759267,1994.0,138734.0,210541.0
2025-06-18 11:12:42.179979,1993.5,138734.0,210541.0
2025-06-18 11:12:44.181079,1994.0,138734.0,210541.0
2025-06-18 11:12:46.180557,1993.5,138734.0,210541.0
2025-06-18 11:12:46.857547,1993.5,140151.0,210180.0
2025-06-18 11:12:47.597039,1993.5,140151.0,210180.0
2025-06-18 11:12:48.631844,1993.5,140151.0,210180.0
2025-06-18 11:12:49.544845,1993.5,140151.0,210180.0
2025-06-18 11:12:50.456534,1993.5,140151.0,210180.0
2025-06-18 11:12:51.342729,1993.5,140151.0,210180.0
2025-06-18 11:12:51.966851,1994.0,142023.0,208944.0
2025-06-18 11:12:52.088315,1994.0,142023.0,208944.0
2025-06-18 11:12:52.179532,1994.0,142023.0,208944.0
2025-06-18 11:12:53.109306,1994.0,142023.0,208944.0
2025-06-18 11:12:54.050447,1994.0,142023.0,208944.0
2025-06-18 11:12:54.183697,1994.3,142023.0,208944.0
2025-06-18 11:12:54.528256,1994.3,142023.0,208944.0
2025-06-18 11:12:55.765513,1994.3,142023.0,208944.0
2025-06-18 11:12:57.054672,1994.3,142023.0,208944.0
2025-06-18 11:12:57.570568,1994.1,140254.0,209601.0
2025-06-18 11:12:57.886556,1994.1,140254.0,209601.0
2025-06-18 11:12:58.188559,1994.1,140254.0,209601.0
2025-06-18 11:12:59.295348,1994.1,140254.0,209601.0
2025-06-18 11:13:00.191167,1994.3,140254.0,209601.0
2025-06-18 11:13:00.403929,1994.3,140254.0,209601.0
2025-06-18 11:13:01.582390,1994.3,140254.0,209601.0
2025-06-18 11:13:02.772632,1994.3,140839.0,209508.0
2025-06-18 11:13:03.043903,1994.3,140839.0,209508.0
2025-06-18 11:13:06.183819,1994.1,140839.0,209508.0
2025-06-18 11:13:07.676583,1994.3,140692.0,209781.0
2025-06-18 11:13:08.182592,1994.3,140692.0,209781.0
2025-06-18 11:13:12.478447,1994.3,140742.0,209557.0
2025-06-18 11:13:17.282093,1994.2,140782.0,209763.0
2025-06-18 11:13:18.190145,1994.2,140782.0,209763.0
2025-06-18 11:13:22.186786,1994.2,140782.0,209763.0
2025-06-18 11:13:22.284162,1994.2,140808.0,209821.0
2025-06-18 11:13:24.188219,1994.2,140808.0,209821.0
2025-06-18 11:13:26.187603,1994.2,140808.0,209821.0
2025-06-18 11:13:27.191757,1994.2,140797.0,209665.0
2025-06-18 11:13:32.192650,1994.2,140810.0,209665.0
2025-06-18 11:13:34.189761,1994.3,140810.0,209665.0
2025-06-18 11:13:36.187030,1995.0,140810.0,209665.0
2025-06-18 11:13:37.098220,1995.0,141033.0,208247.0
2025-06-18 11:13:40.186850,1994.6,141033.0,208247.0
2025-06-18 11:13:42.396404,1994.6,141541.0,208092.0
2025-06-18 11:13:46.191779,1995.0,141541.0,208092.0
2025-06-18 11:13:47.398101,1995.0,141567.0,208039.0
2025-06-18 11:13:48.187472,1995.0,141567.0,208039.0
2025-06-18 11:13:52.098940,1995.0,141728.0,208184.0
2025-06-18 11:13:54.190469,1995.0,141728.0,208184.0
2025-06-18 11:13:57.505468,1995.0,142479.0,208020.0
2025-06-18 11:13:58.188462,1995.0,142479.0,208020.0
2025-06-18 11:14:00.188001,1995.0,142479.0,208020.0
2025-06-18 11:14:02.188629,1994.9,142479.0,208020.0
2025-06-18 11:14:02.508842,1994.9,143167.0,207585.0
2025-06-18 11:14:04.193043,1994.8,143167.0,207585.0
2025-06-18 11:14:07.606833,1994.8,144002.0,207506.0
2025-06-18 11:14:12.611799,1994.8,143865.0,207527.0
2025-06-18 11:14:17.716801,1994.8,143006.0,207950.0
2025-06-18 11:14:20.189373,1994.9,143006.0,207950.0
2025-06-18 11:14:22.237901,1994.6,143006.0,207950.0
2025-06-18 11:14:22.322232,1994.6,143151.0,208179.0
2025-06-18 11:14:24.195282,1994.9,143151.0,208179.0
2025-06-18 11:14:27.721984,1994.9,142946.0,207910.0
2025-06-18 11:14:28.190945,1994.9,142946.0,207910.0
2025-06-18 11:14:30.191242,1994.9,142946.0,207910.0
2025-06-18 11:14:32.829803,1994.9,143726.0,207697.0
2025-06-18 11:14:34.199679,1994.9,143726.0,207697.0
2025-06-18 11:14:38.130654,1995.0,143282.0,208052.0
2025-06-18 11:14:38.190526,1995.0,143282.0,208052.0
2025-06-18 11:14:40.189411,1995.0,143282.0,208052.0
2025-06-18 11:14:48.550565,1995.0,142554.0,208170.0
2025-06-18 11:14:50.191260,1995.0,142554.0,208170.0
2025-06-18 11:14:54.048243,1995.0,143282.0,208159.0
2025-06-18 11:14:54.190712,1995.0,143282.0,208159.0
2025-06-18 11:14:59.554983,1995.0,143065.0,208247.0
2025-06-18 11:15:00.191125,1995.0,143065.0,208247.0
2025-06-18 11:15:02.196080,1994.7,143065.0,208247.0
2025-06-18 11:15:04.757161,1994.7,143009.0,208430.0
2025-06-18 11:15:06.955651,1994.6,143009.0,208430.0
2025-06-18 11:15:10.477807,1995.0,143204.0,208388.0
2025-06-18 11:15:10.512713,1995.0,143204.0,208388.0
2025-06-18 11:15:14.204950,1994.6,143204.0,208388.0
2025-06-18 11:15:15.060314,1994.6,143258.0,208286.0
2025-06-18 11:15:19.961655,1994.9,143238.0,208293.0
2025-06-18 11:15:20.196679,1994.9,143238.0,208293.0
2025-06-18 11:15:24.193230,1995.0,143238.0,208293.0
2025-06-18 11:15:24.864159,1995.0,143663.0,208351.0
2025-06-18 11:15:32.194452,1994.9,143663.0,208351.0
2025-06-18 11:15:36.173165,1994.9,142590.0,209887.0
2025-06-18 11:15:38.202647,1995.0,142590.0,209887.0
2025-06-18 11:15:40.195875,1995.0,142590.0,209887.0
2025-06-18 11:15:41.379185,1995.0,142856.0,209514.0
2025-06-18 11:15:42.197180,1995.0,142856.0,209514.0
2025-06-18 11:15:44.201330,1994.9,142856.0,209514.0
2025-06-18 11:15:46.212441,1994.9,142856.0,209514.0
2025-06-18 11:15:46.379633,1994.9,142737.0,209346.0
2025-06-18 11:15:48.078872,1994.9,142737.0,209346.0
2025-06-18 11:15:49.102992,1994.9,142737.0,209346.0
2025-06-18 11:15:50.198485,1994.9,142737.0,209346.0
2025-06-18 11:15:50.946877,1994.9,142737.0,209346.0
2025-06-18 11:15:51.786975,1994.9,142737.0,209346.0
2025-06-18 11:15:51.983241,1994.9,143546.0,208838.0
2025-06-18 11:15:52.196192,1994.9,143546.0,208838.0
2025-06-18 11:15:52.572842,1994.9,143546.0,208838.0
2025-06-18 11:15:53.579306,1994.9,143546.0,208838.0
2025-06-18 11:15:54.138098,1994.9,143546.0,208838.0
2025-06-18 11:15:54.197541,1995.0,143546.0,208838.0
2025-06-18 11:15:54.542055,1995.0,143546.0,208838.0
2025-06-18 11:15:55.042986,1995.0,143546.0,208838.0
2025-06-18 11:15:56.305012,1995.0,143546.0,208838.0
2025-06-18 11:15:57.185832,1994.6,143215.0,209213.0
2025-06-18 11:15:57.585517,1994.6,143215.0,209213.0
2025-06-18 11:15:58.242285,1994.6,143215.0,209213.0
2025-06-18 11:15:58.428006,1994.6,143215.0,209213.0
2025-06-18 11:16:00.127981,1994.6,143215.0,209213.0
2025-06-18 11:16:01.254134,1994.6,143215.0,209213.0
2025-06-18 11:16:02.201041,1995.0,143215.0,209213.0
2025-06-18 11:16:02.406102,1995.0,143215.0,209213.0
2025-06-18 11:16:02.406902,1995.0,143153.0,209186.0
2025-06-18 11:16:03.885176,1995.0,143153.0,209186.0
2025-06-18 11:16:06.197783,1994.6,143153.0,209186.0
2025-06-18 11:16:07.893713,1994.6,143230.0,209328.0
2025-06-18 11:16:08.728366,1994.7,143230.0,209328.0
2025-06-18 11:16:10.443136,1994.3,143230.0,209328.0
2025-06-18 11:16:12.202326,1993.6,143230.0,209328.0
2025-06-18 11:16:13.203851,1993.6,139112.0,212675.0
2025-06-18 11:16:18.198439,1993.5,139112.0,212675.0
2025-06-18 11:16:18.597198,1993.5,138840.0,212980.0
2025-06-18 11:16:23.702960,1993.5,138334.0,213532.0
2025-06-18 11:16:24.200296,1993.6,138334.0,213532.0
2025-06-18 11:16:26.200929,1993.2,138334.0,213532.0
2025-06-18 11:16:28.607484,1993.3,138139.0,213298.0
2025-06-18 11:16:30.229734,1993.3,138139.0,213298.0
2025-06-18 11:16:32.204535,1993.0,138139.0,213298.0
2025-06-18 11:16:33.609155,1993.0,138053.0,213494.0
2025-06-18 11:16:40.288345,1993.0,138116.0,213864.0
2025-06-18 11:16:40.329459,1993.0,138116.0,213864.0
2025-06-18 11:16:42.210498,1993.0,138116.0,213864.0
2025-06-18 11:16:44.218206,1993.0,137882.0,213263.0
2025-06-18 11:16:46.204780,1993.0,137882.0,213263.0
2025-06-18 11:16:49.321823,1993.0,137687.0,213464.0
2025-06-18 11:16:52.216151,1993.1,137687.0,213464.0
2025-06-18 11:16:54.204096,1993.0,137687.0,213464.0
2025-06-18 11:16:54.424239,1993.0,131470.0,214457.0
2025-06-18 11:16:56.207018,1992.5,131470.0,214457.0
2025-06-18 11:16:58.207871,1992.8,131470.0,214457.0
2025-06-18 11:17:00.446264,1992.8,135635.0,214345.0
2025-06-18 11:17:02.209711,1992.8,135635.0,214345.0
2025-06-18 11:17:04.211744,1992.8,135635.0,214345.0
2025-06-18 11:17:06.209956,1992.8,135635.0,214345.0
2025-06-18 11:17:14.209002,1992.7,135635.0,214345.0
2025-06-18 11:17:14.949890,1992.7,135877.0,214552.0
2025-06-18 11:17:16.207514,1992.4,135877.0,214552.0
2025-06-18 11:17:19.936488,1992.1,136667.0,214998.0
2025-06-18 11:17:20.210537,1992.1,136667.0,214998.0
2025-06-18 11:17:22.208858,1992.0,136667.0,214998.0
2025-06-18 11:17:24.207526,1992.4,136667.0,214998.0
2025-06-18 11:17:25.242152,1992.4,136595.0,214949.0
2025-06-18 11:17:28.208909,1992.4,136595.0,214949.0
2025-06-18 11:17:30.209754,1992.0,136595.0,214949.0
2025-06-18 11:17:30.243058,1992.0,136652.0,215004.0
2025-06-18 11:17:32.210317,1992.4,136652.0,215004.0
2025-06-18 11:17:34.209155,1992.4,136652.0,215004.0
2025-06-18 11:17:35.249075,1992.4,137074.0,214938.0
2025-06-18 11:17:40.211208,1992.0,137074.0,214938.0
2025-06-18 11:17:40.451841,1992.4,136971.0,214938.0
2025-06-18 11:17:42.210367,1992.4,136971.0,214938.0
2025-06-18 11:17:45.357560,1992.0,136982.0,214891.0
2025-06-18 11:17:46.211429,1992.4,136982.0,214891.0
2025-06-18 11:17:48.209598,1992.0,136982.0,214891.0
2025-06-18 11:17:50.162346,1992.4,136888.0,214904.0
2025-06-18 11:17:50.214747,1992.4,136888.0,214904.0
2025-06-18 11:17:54.209869,1992.4,136888.0,214904.0
2025-06-18 11:17:59.365452,1992.4,136780.0,214948.0
2025-06-18 11:18:00.237926,1992.4,136780.0,214948.0
2025-06-18 11:18:04.208576,1992.3,136780.0,214948.0
2025-06-18 11:18:04.266699,1992.3,136900.0,214651.0
2025-06-18 11:18:06.214923,1992.1,136900.0,214651.0
2025-06-18 11:18:08.233835,1992.1,136900.0,214651.0
2025-06-18 11:18:10.489909,1992.1,136900.0,214651.0
2025-06-18 11:18:12.212732,1991.0,136900.0,214651.0
2025-06-18 11:18:14.272471,1991.1,131116.0,215472.0
2025-06-18 11:18:16.208925,1990.6,131116.0,215472.0
2025-06-18 11:18:19.212562,1990.5,131116.0,215472.0
2025-06-18 11:18:20.178535,1990.5,131041.0,214512.0
2025-06-18 11:18:21.264309,1991.0,131041.0,214512.0
2025-06-18 11:18:23.207171,1991.2,131041.0,214512.0
2025-06-18 11:18:25.210657,1991.2,131041.0,214512.0
2025-06-18 11:18:25.780771,1991.0,131973.0,215024.0
2025-06-18 11:18:27.209053,1991.0,131973.0,215024.0
2025-06-18 11:18:30.687446,1991.1,131799.0,215244.0
2025-06-18 11:18:31.209131,1990.6,131799.0,215244.0
2025-06-18 11:18:33.240430,1991.3,131799.0,215244.0
2025-06-18 11:18:35.889952,1991.3,133796.0,213879.0
2025-06-18 11:18:40.989759,1991.6,133763.0,213189.0
2025-06-18 11:18:41.208844,1991.6,133763.0,213189.0
2025-06-18 11:18:43.213147,1991.1,133763.0,213189.0
2025-06-18 11:18:45.688760,1991.1,133254.0,214280.0
2025-06-18 11:18:48.505610,1991.1,133254.0,214280.0
2025-06-18 11:18:49.596907,1991.1,133254.0,214280.0
2025-06-18 11:18:50.290926,1991.1,133768.0,213450.0
2025-06-18 11:18:50.474945,1991.1,133768.0,213450.0
2025-06-18 11:18:51.410440,1991.1,133768.0,213450.0
2025-06-18 11:18:52.262069,1991.1,133768.0,213450.0
2025-06-18 11:18:53.046957,1991.1,133768.0,213450.0
2025-06-18 11:18:53.207751,1991.6,133768.0,213450.0
2025-06-18 11:18:54.062247,1991.6,133768.0,213450.0
2025-06-18 11:18:55.042712,1991.6,133768.0,213450.0
2025-06-18 11:18:55.193440,1991.6,133375.0,213625.0
2025-06-18 11:18:55.208589,1991.6,133375.0,213625.0
2025-06-18 11:18:55.521818,1991.6,133375.0,213625.0
2025-06-18 11:18:56.792566,1991.6,133375.0,213625.0
2025-06-18 11:18:57.211766,1991.3,133375.0,213625.0
2025-06-18 11:18:58.067935,1991.3,133375.0,213625.0
2025-06-18 11:18:59.896270,1991.6,133542.0,213678.0
2025-06-18 11:19:00.319787,1991.6,133542.0,213678.0
2025-06-18 11:19:01.209114,1991.6,133542.0,213678.0
2025-06-18 11:19:01.572587,1991.6,133542.0,213678.0
2025-06-18 11:19:02.716814,1991.6,133542.0,213678.0
2025-06-18 11:19:04.189733,1991.6,133542.0,213678.0
2025-06-18 11:19:05.106733,1991.6,133561.0,213318.0
2025-06-18 11:19:09.212557,1991.1,133561.0,213318.0
2025-06-18 11:19:11.211997,1991.5,133561.0,213318.0
2025-06-18 11:19:15.612385,1991.5,134788.0,213674.0
2025-06-18 11:19:17.215263,1991.5,134788.0,213674.0
2025-06-18 11:19:19.213081,1991.0,134788.0,213674.0
2025-06-18 11:19:20.711279,1991.0,134619.0,213701.0
2025-06-18 11:19:23.214684,1991.0,134619.0,213701.0
2025-06-18 11:19:25.214861,1991.0,134619.0,213701.0
2025-06-18 11:19:26.016300,1991.0,134804.0,214053.0
2025-06-18 11:19:29.214729,1991.0,134804.0,214053.0
2025-06-18 11:19:30.914448,1991.0,134667.0,214083.0
2025-06-18 11:19:31.217732,1991.0,134667.0,214083.0
2025-06-18 11:19:35.913900,1991.0,134697.0,213832.0
2025-06-18 11:19:37.218095,1990.8,134697.0,213832.0
2025-06-18 11:19:39.225389,1991.0,134697.0,213832.0
2025-06-18 11:19:40.719894,1991.0,134463.0,214541.0
2025-06-18 11:19:43.235081,1991.0,134463.0,214541.0
2025-06-18 11:19:45.621290,1991.0,134594.0,214556.0
2025-06-18 11:19:49.269114,1991.0,134594.0,214556.0
2025-06-18 11:19:50.825827,1991.0,134719.0,214531.0
2025-06-18 11:19:53.222969,1991.0,134719.0,214531.0
2025-06-18 11:19:55.218854,1990.9,134719.0,214531.0
2025-06-18 11:19:57.216366,1990.9,134719.0,214531.0
2025-06-18 11:20:00.483263,1990.9,134719.0,214531.0
2025-06-18 11:20:01.219046,1991.0,134719.0,214531.0
2025-06-18 11:20:01.334216,1991.0,135080.0,214689.0
2025-06-18 11:20:03.216312,1990.9,135080.0,214689.0
2025-06-18 11:20:05.223168,1991.0,135080.0,214689.0
2025-06-18 11:20:06.214602,1990.6,135080.0,214689.0
2025-06-18 11:20:06.252612,1990.6,135239.0,214783.0
2025-06-18 11:20:08.214317,1991.0,135239.0,214783.0
2025-06-18 11:20:10.943437,1991.0,135378.0,214642.0
2025-06-18 11:20:15.548431,1991.0,135456.0,214706.0
2025-06-18 11:20:18.220750,1990.9,135456.0,214706.0
2025-06-18 11:20:19.242621,1991.0,135456.0,214706.0
2025-06-18 11:20:20.251743,1991.0,135737.0,213963.0
2025-06-18 11:20:24.211550,1991.0,135737.0,213963.0
2025-06-18 11:20:25.457637,1991.0,134705.0,215110.0
2025-06-18 11:20:28.213522,1991.0,134705.0,215110.0
2025-06-18 11:20:30.459699,1991.0,135561.0,215031.0
2025-06-18 11:20:31.217323,1991.0,135561.0,215031.0
2025-06-18 11:20:35.212551,1991.0,135561.0,215031.0
2025-06-18 11:20:35.563834,1991.0,135620.0,214200.0
2025-06-18 11:20:36.218829,1991.0,135620.0,214200.0
2025-06-18 11:20:37.214880,1991.0,135620.0,214200.0
2025-06-18 11:20:38.215465,1991.0,135620.0,214200.0
2025-06-18 11:20:40.264892,1991.0,135568.0,214291.0
2025-06-18 11:20:42.217883,1991.0,135568.0,214291.0
2025-06-18 11:20:43.235175,1991.0,135568.0,214291.0
2025-06-18 11:20:45.069711,1991.0,135574.0,214792.0
2025-06-18 11:20:49.214161,1991.0,135574.0,214792.0
2025-06-18 11:20:50.173495,1991.0,135691.0,214763.0
2025-06-18 11:20:53.218330,1990.9,135691.0,214763.0
2025-06-18 11:20:54.221317,1991.0,135691.0,214763.0
2025-06-18 11:20:55.275846,1991.0,135746.0,214543.0
2025-06-18 11:20:56.253740,1991.1,135746.0,214543.0
2025-06-18 11:20:57.220218,1992.4,135746.0,214543.0
2025-06-18 11:20:58.218968,1992.5,135746.0,214543.0
2025-06-18 11:20:59.218443,1992.0,135746.0,214543.0
2025-06-18 11:21:00.175518,1992.0,138638.0,212100.0
2025-06-18 11:21:01.209715,1991.9,138638.0,212100.0
2025-06-18 11:21:03.237250,1992.3,138638.0,212100.0
2025-06-18 11:21:05.216949,1991.4,138638.0,212100.0
2025-06-18 11:21:06.214159,1991.9,138638.0,212100.0
2025-06-18 11:21:10.214796,1992.1,138638.0,212100.0
2025-06-18 11:21:13.249678,1991.1,138638.0,212100.0
2025-06-18 11:21:14.489514,1991.1,136424.0,213903.0
2025-06-18 11:21:17.260240,1991.9,136424.0,213903.0
2025-06-18 11:21:19.190365,1991.9,137336.0,213611.0
2025-06-18 11:21:21.225483,1992.0,137336.0,213611.0
2025-06-18 11:21:23.214815,1991.0,137336.0,213611.0
2025-06-18 11:21:24.232774,1991.4,137336.0,213611.0
2025-06-18 11:21:27.227321,1991.0,137336.0,213611.0
2025-06-18 11:21:29.218214,1991.0,137336.0,213611.0
2025-06-18 11:21:29.293614,1991.0,135654.0,214542.0
2025-06-18 11:21:31.217873,1991.4,135654.0,214542.0
2025-06-18 11:21:32.214386,1990.8,135654.0,214542.0
2025-06-18 11:21:33.218626,1991.0,135654.0,214542.0
2025-06-18 11:21:34.297910,1991.0,136204.0,214492.0
2025-06-18 11:21:36.215472,1991.4,136204.0,214492.0
2025-06-18 11:21:38.998348,1991.4,136459.0,215145.0
2025-06-18 11:21:40.217060,1990.7,136459.0,215145.0
2025-06-18 11:21:42.217430,1991.0,136459.0,215145.0
2025-06-18 11:21:43.218603,1990.7,136459.0,215145.0
2025-06-18 11:21:48.205249,1990.9,135594.0,215695.0
2025-06-18 11:21:48.219999,1990.9,135594.0,215695.0
2025-06-18 11:21:49.087945,1990.9,135594.0,215695.0
2025-06-18 11:21:49.223590,1990.9,135594.0,215695.0
2025-06-18 11:21:50.222240,1990.9,135594.0,215695.0
2025-06-18 11:21:51.092122,1990.9,135594.0,215695.0
2025-06-18 11:21:52.856792,1990.9,135594.0,215695.0
2025-06-18 11:21:53.306039,1990.9,135659.0,215331.0
2025-06-18 11:21:53.665349,1990.9,135659.0,215331.0
2025-06-18 11:21:54.219061,1990.9,135659.0,215331.0
2025-06-18 11:21:54.671764,1990.9,135659.0,215331.0
2025-06-18 11:21:55.223110,1990.9,135659.0,215331.0
2025-06-18 11:21:56.134426,1990.9,135659.0,215331.0
2025-06-18 11:21:56.216704,1990.8,135659.0,215331.0
2025-06-18 11:21:56.487282,1990.8,135659.0,215331.0
2025-06-18 11:21:57.222892,1990.8,135659.0,215331.0
2025-06-18 11:21:57.370585,1990.8,135659.0,215331.0
2025-06-18 11:21:58.512958,1990.8,135891.0,215262.0
2025-06-18 11:21:58.706613,1990.8,135891.0,215262.0
2025-06-18 11:21:59.514393,1990.8,135891.0,215262.0
2025-06-18 11:22:00.224104,1990.8,135891.0,215262.0
2025-06-18 11:22:00.914435,1990.8,135891.0,215262.0
2025-06-18 11:22:01.517121,1990.8,135893.0,215256.0
2025-06-18 11:22:02.024616,1990.8,135893.0,215256.0
2025-06-18 11:22:02.626288,1990.8,135435.0,214904.0
2025-06-18 11:22:03.398790,1990.8,135435.0,214904.0
2025-06-18 11:22:05.124463,1990.8,135430.0,214698.0
2025-06-18 11:22:05.181592,1990.7,135430.0,214698.0
2025-06-18 11:22:05.193669,1990.7,134710.0,215236.0
2025-06-18 11:22:05.229850,1990.7,134710.0,215236.0
2025-06-18 11:22:05.815025,1990.7,134719.0,215329.0
2025-06-18 11:22:06.915576,1990.7,135596.0,215052.0
2025-06-18 11:22:08.015304,1990.7,135496.0,214859.0
2025-06-18 11:22:09.016853,1990.8,135377.0,215071.0
2025-06-18 11:22:09.214687,1990.8,135377.0,215071.0
2025-06-18 11:22:10.016050,1990.8,135471.0,215011.0
2025-06-18 11:22:11.019305,1990.8,135471.0,215409.0
2025-06-18 11:22:12.521049,1990.8,135471.0,215357.0
2025-06-18 11:22:13.659516,1990.7,135446.0,215269.0
2025-06-18 11:22:14.217488,1990.7,135446.0,215269.0
2025-06-18 11:22:14.655848,1990.7,135446.0,215146.0
2025-06-18 11:22:15.821001,1990.7,131324.0,214980.0
2025-06-18 11:22:16.923326,1990.7,131829.0,215066.0
2025-06-18 11:22:17.829515,1990.8,131899.0,215226.0
2025-06-18 11:22:18.217932,1990.8,131899.0,215226.0
2025-06-18 11:22:18.831111,1990.8,131899.0,215357.0
2025-06-18 11:22:19.928670,1991.0,131822.0,215206.0
2025-06-18 11:22:20.216813,1991.0,131822.0,215206.0
2025-06-18 11:22:20.830873,1991.0,131822.0,215278.0
2025-06-18 11:22:21.830458,1991.0,131824.0,215213.0
2025-06-18 11:22:22.831019,1991.0,131954.0,215230.0
2025-06-18 11:22:23.731700,1990.7,135928.0,215031.0
2025-06-18 11:22:24.219182,1990.9,135928.0,215031.0
2025-06-18 11:22:24.732394,1990.9,136035.0,215003.0
2025-06-18 11:22:25.833629,1990.9,136035.0,215052.0
2025-06-18 11:22:27.429490,1990.9,136035.0,215037.0
2025-06-18 11:22:28.430201,1990.9,136035.0,215048.0
2025-06-18 11:22:29.428469,1990.9,136040.0,215064.0
2025-06-18 11:22:30.218067,1990.9,136040.0,215064.0
2025-06-18 11:22:30.531261,1990.9,136040.0,215057.0
2025-06-18 11:22:31.730412,1990.7,136032.0,215351.0
2025-06-18 11:22:32.235627,1990.7,136032.0,215351.0
2025-06-18 11:22:32.732904,1990.7,136001.0,215132.0
2025-06-18 11:22:33.731840,1990.7,135779.0,215142.0
2025-06-18 11:22:34.242474,1990.9,135779.0,215142.0
2025-06-18 11:22:34.830284,1990.9,135974.0,215113.0
2025-06-18 11:22:35.215995,1990.9,135974.0,215113.0
2025-06-18 11:22:35.833083,1990.9,135911.0,215009.0
2025-06-18 11:22:36.832941,1990.9,135906.0,214874.0
2025-06-18 11:22:38.335571,1990.9,136582.0,214796.0
2025-06-18 11:22:39.223827,1990.9,136582.0,214796.0
2025-06-18 11:22:39.336881,1990.9,135317.0,215519.0
2025-06-18 11:22:40.219866,1990.7,135317.0,215519.0
2025-06-18 11:22:40.391747,1990.7,135410.0,215700.0
2025-06-18 11:22:41.217709,1990.9,135410.0,215700.0
2025-06-18 11:22:41.337629,1990.9,136626.0,215697.0
2025-06-18 11:22:42.338810,1990.9,136650.0,215175.0
2025-06-18 11:22:43.339894,1990.9,136813.0,215178.0
2025-06-18 11:22:45.185182,1990.9,136911.0,214299.0
2025-06-18 11:22:45.342407,1990.9,137049.0,214318.0
2025-06-18 11:22:46.226354,1990.9,137049.0,214318.0
2025-06-18 11:22:46.340789,1990.9,136568.0,215249.0
2025-06-18 11:22:47.219743,1990.9,136568.0,215249.0
2025-06-18 11:22:47.343747,1990.9,136318.0,215331.0
2025-06-18 11:22:48.443212,1990.9,136389.0,215331.0
2025-06-18 11:22:49.218330,1990.9,136389.0,215331.0
2025-06-18 11:22:49.345205,1990.9,137112.0,215024.0
2025-06-18 11:22:50.345501,1990.9,137088.0,215130.0
2025-06-18 11:22:51.347067,1990.9,137088.0,215142.0
2025-06-18 11:22:52.253415,1990.5,137088.0,215142.0
2025-06-18 11:22:52.348791,1990.5,136381.0,216110.0
2025-06-18 11:22:53.349281,1990.5,136355.0,215968.0
2025-06-18 11:22:54.225576,1990.9,136355.0,215968.0
2025-06-18 11:22:54.453152,1990.9,136560.0,216006.0
2025-06-18 11:22:55.552617,1990.9,136657.0,216271.0
2025-06-18 11:22:56.553618,1990.9,136669.0,216199.0
2025-06-18 11:22:57.666736,1990.9,136479.0,215620.0
2025-06-18 11:22:58.221535,1990.9,136479.0,215620.0
2025-06-18 11:22:58.693614,1990.9,136493.0,215618.0
2025-06-18 11:22:59.693229,1990.5,136571.0,215580.0
2025-06-18 11:23:00.229177,1990.5,136571.0,215580.0
2025-06-18 11:23:00.684064,1990.5,137119.0,215620.0
2025-06-18 11:23:03.168264,1990.5,136798.0,215324.0
2025-06-18 11:23:08.222288,1990.5,136798.0,215324.0
2025-06-18 11:23:09.221155,1990.5,136798.0,215324.0
2025-06-18 11:23:14.226886,1990.5,136798.0,215324.0
2025-06-18 11:23:17.231940,1990.9,136798.0,215324.0
2025-06-18 11:23:18.169980,1990.9,136347.0,215868.0
2025-06-18 11:23:20.224546,1989.6,136347.0,215868.0
2025-06-18 11:23:23.229705,1988.9,136347.0,215868.0
2025-06-18 11:23:23.764711,1989.1,131032.0,216469.0
2025-06-18 11:23:25.226927,1988.4,131032.0,216469.0
2025-06-18 11:23:27.228122,1988.3,131032.0,216469.0
2025-06-18 11:23:29.237514,1989.0,131595.0,216052.0
2025-06-18 11:23:29.239298,1989.2,131595.0,216052.0
2025-06-18 11:23:31.247464,1989.0,131595.0,216052.0
2025-06-18 11:23:34.474309,1989.2,133363.0,214359.0
2025-06-18 11:23:35.228551,1989.2,133363.0,214359.0
2025-06-18 11:23:37.232224,1989.7,133363.0,214359.0
2025-06-18 11:23:39.228885,1990.1,133363.0,214359.0
2025-06-18 11:23:39.382553,1989.8,135690.0,213000.0
2025-06-18 11:23:41.235862,1989.8,135690.0,213000.0
2025-06-18 11:23:44.280364,1989.8,134765.0,213913.0
2025-06-18 11:23:45.230816,1990.4,134765.0,213913.0
2025-06-18 11:23:49.346659,1990.4,135514.0,213203.0
2025-06-18 11:23:53.987295,1989.9,135549.0,213257.0
2025-06-18 11:23:55.234652,1989.7,135549.0,213257.0
2025-06-18 11:23:58.886090,1989.7,135809.0,214335.0
2025-06-18 11:24:01.487900,1989.7,135241.0,213791.0
2025-06-18 11:24:02.589535,1989.7,135185.0,213845.0
2025-06-18 11:24:03.691736,1989.7,135185.0,213919.0
2025-06-18 11:24:04.591916,1989.7,135113.0,214212.0
2025-06-18 11:24:05.227876,1989.8,135113.0,214212.0
2025-06-18 11:24:05.698824,1989.8,135790.0,213998.0
2025-06-18 11:24:06.801943,1989.8,135824.0,213983.0
2025-06-18 11:24:07.231252,1989.8,135824.0,213983.0
2025-06-18 11:24:07.893493,1989.8,135819.0,214002.0
2025-06-18 11:24:08.998746,1989.8,135846.0,213974.0
2025-06-18 11:24:10.096625,1989.8,135865.0,213994.0
2025-06-18 11:24:11.209416,1989.8,135904.0,213859.0
2025-06-18 11:24:12.296617,1989.8,135990.0,213713.0
2025-06-18 11:24:13.298406,1989.8,135995.0,213721.0
2025-06-18 11:24:14.235557,1990.7,135995.0,213721.0
2025-06-18 11:24:14.301186,1990.7,135855.0,213874.0
2025-06-18 11:24:17.074607,1990.7,135515.0,213837.0
2025-06-18 11:24:17.283463,1990.7,135515.0,213837.0
2025-06-18 11:24:17.286258,1990.7,135449.0,213758.0
2025-06-18 11:24:17.362430,1990.7,135447.0,213192.0
2025-06-18 11:24:18.383008,1990.7,135479.0,213203.0
2025-06-18 11:24:19.300548,1990.7,135365.0,213192.0
2025-06-18 11:24:20.237920,1989.8,135365.0,213192.0
2025-06-18 11:24:20.401591,1989.8,134412.0,215321.0
2025-06-18 11:24:21.400164,1989.8,133598.0,215414.0
2025-06-18 11:24:22.229515,1988.8,133598.0,215414.0
2025-06-18 11:24:22.409614,1988.8,131959.0,216603.0
2025-06-18 11:24:24.000202,1989.3,133243.0,214868.0
2025-06-18 11:24:24.235643,1989.3,133243.0,214868.0
2025-06-18 11:24:24.999229,1989.3,133007.0,215646.0
2025-06-18 11:24:25.229275,1989.9,133007.0,215646.0
2025-06-18 11:24:26.000869,1989.7,133369.0,215526.0
2025-06-18 11:24:26.232127,1989.7,133369.0,215526.0
2025-06-18 11:24:26.999846,1989.7,133750.0,215260.0
2025-06-18 11:24:27.227985,1989.7,133750.0,215260.0
2025-06-18 11:24:28.004388,1989.7,133490.0,215539.0
2025-06-18 11:24:28.224100,1989.1,133490.0,215539.0
2025-06-18 11:24:29.004427,1989.7,133625.0,215427.0
2025-06-18 11:24:29.240301,1989.7,133625.0,215427.0
2025-06-18 11:24:30.101419,1989.7,133764.0,215371.0
2025-06-18 11:24:30.233080,1989.7,133764.0,215371.0
2025-06-18 11:24:31.104598,1989.7,133673.0,215553.0
2025-06-18 11:24:32.209688,1989.1,133518.0,215545.0
2025-06-18 11:24:32.231863,1989.1,133518.0,215545.0
2025-06-18 11:24:33.305063,1989.1,133575.0,215371.0
2025-06-18 11:24:34.218188,1989.1,133675.0,215484.0
2025-06-18 11:24:35.305055,1989.1,133874.0,215668.0
2025-06-18 11:24:36.227736,1988.8,133874.0,215668.0
2025-06-18 11:24:36.405032,1988.8,132961.0,215945.0
2025-06-18 11:24:37.505339,1988.8,133989.0,215649.0
2025-06-18 11:24:38.507975,1988.8,134036.0,215654.0
2025-06-18 11:24:39.234612,1989.7,134036.0,215654.0
2025-06-18 11:24:39.605603,1989.7,134093.0,215202.0
2025-06-18 11:24:40.706716,1989.7,134148.0,215436.0
2025-06-18 11:24:41.230642,1989.1,134148.0,215436.0
2025-06-18 11:24:41.808445,1989.1,133998.0,215225.0
2025-06-18 11:24:42.911247,1989.1,133575.0,215234.0
2025-06-18 11:24:43.808232,1989.1,133617.0,215033.0
2025-06-18 11:24:44.909921,1989.1,133578.0,214833.0
2025-06-18 11:24:46.012941,1989.1,134137.0,214141.0
2025-06-18 11:24:47.109878,1990.0,134115.0,213341.0
2025-06-18 11:24:47.234779,1990.0,134115.0,213341.0
2025-06-18 11:24:48.211037,1990.0,134487.0,215265.0
2025-06-18 11:24:49.453349,1990.0,134661.0,214837.0
2025-06-18 11:24:49.531448,1990.0,134661.0,214837.0
2025-06-18 11:24:50.413162,1990.0,135200.0,214574.0
2025-06-18 11:24:50.604545,1990.0,135200.0,214574.0
2025-06-18 11:24:51.518382,1990.0,135200.0,214574.0
2025-06-18 11:24:51.518705,1990.0,135278.0,214321.0
2025-06-18 11:24:52.447795,1990.0,135278.0,214321.0
2025-06-18 11:24:52.620654,1990.0,135149.0,214365.0
2025-06-18 11:24:53.273782,1990.0,135149.0,214365.0
2025-06-18 11:24:53.518866,1990.0,135845.0,214072.0
2025-06-18 11:24:54.051825,1990.0,135845.0,214072.0
2025-06-18 11:24:54.230670,1989.7,135845.0,214072.0
2025-06-18 11:24:54.620551,1989.7,135613.0,213467.0
2025-06-18 11:24:55.096228,1989.7,135613.0,213467.0
2025-06-18 11:24:55.309565,1989.7,135613.0,213467.0
2025-06-18 11:24:55.665055,1989.7,135613.0,213467.0
2025-06-18 11:24:55.747126,1989.7,135159.0,213488.0
2025-06-18 11:24:56.062334,1989.7,135159.0,213488.0
2025-06-18 11:24:56.726681,1989.7,135183.0,213524.0
2025-06-18 11:24:56.907348,1989.7,135183.0,213524.0
2025-06-18 11:24:57.792225,1989.7,135183.0,213524.0
2025-06-18 11:24:57.818117,1989.7,135201.0,213672.0
2025-06-18 11:24:58.819308,1989.7,134716.0,213857.0
2025-06-18 11:24:59.040165,1989.7,134716.0,213857.0
2025-06-18 11:25:00.035621,1989.7,135043.0,213918.0
2025-06-18 11:25:01.294773,1989.7,135043.0,213918.0
2025-06-18 11:25:01.824357,1989.7,134968.0,213678.0
2025-06-18 11:25:02.423741,1989.7,134968.0,213678.0
2025-06-18 11:25:02.727085,1989.7,135804.0,213535.0
2025-06-18 11:25:03.228086,1990.0,135804.0,213535.0
2025-06-18 11:25:03.558977,1990.0,135804.0,213535.0
2025-06-18 11:25:03.729064,1990.0,134870.0,213650.0
2025-06-18 11:25:04.631559,1990.0,134961.0,213902.0
2025-06-18 11:25:05.024279,1990.0,134961.0,213902.0
2025-06-18 11:25:05.526254,1990.0,134770.0,213902.0
2025-06-18 11:25:07.329640,1990.0,133859.0,214596.0
2025-06-18 11:25:08.227543,1989.9,133859.0,214596.0
2025-06-18 11:25:08.326773,1989.9,135139.0,214673.0
2025-06-18 11:25:09.328503,1989.9,136947.0,214555.0
2025-06-18 11:25:11.269376,1989.9,135657.0,214918.0
2025-06-18 11:25:12.128840,1989.9,135662.0,215210.0
2025-06-18 11:25:13.030246,1989.9,135748.0,215025.0
2025-06-18 11:25:14.132896,1989.9,135147.0,215253.0
2025-06-18 11:25:14.232787,1989.1,135147.0,215253.0
2025-06-18 11:25:15.831914,1989.1,136228.0,214848.0
2025-06-18 11:25:19.229578,1989.3,136228.0,214848.0
2025-06-18 11:25:19.435925,1989.3,135388.0,214942.0
2025-06-18 11:25:20.433366,1989.3,135392.0,214935.0
2025-06-18 11:25:21.435167,1989.3,135636.0,215097.0
2025-06-18 11:25:22.434493,1989.3,135220.0,215241.0
2025-06-18 11:25:23.435820,1989.1,135040.0,215284.0
2025-06-18 11:25:24.231784,1989.8,135040.0,215284.0
2025-06-18 11:25:24.437258,1989.8,135693.0,215650.0
2025-06-18 11:25:25.439084,1989.8,135759.0,215524.0
2025-06-18 11:25:26.437059,1989.8,136348.0,215445.0
2025-06-18 11:25:27.228443,1989.3,136348.0,215445.0
2025-06-18 11:25:27.513197,1989.3,136247.0,215478.0
2025-06-18 11:25:28.446399,1989.3,136230.0,215503.0
2025-06-18 11:25:29.224925,1989.3,136230.0,215503.0
2025-06-18 11:25:29.441104,1989.3,136219.0,215503.0
2025-06-18 11:25:30.439460,1989.3,136270.0,215503.0
2025-06-18 11:25:32.538234,1989.3,136253.0,215489.0
2025-06-18 11:25:33.539415,1989.3,136253.0,215469.0
2025-06-18 11:25:34.539758,1989.8,136312.0,215506.0
2025-06-18 11:25:35.238156,1989.8,136312.0,215506.0
2025-06-18 11:25:35.448285,1989.8,136353.0,215506.0
2025-06-18 11:25:36.551846,1989.8,136257.0,215409.0
2025-06-18 11:25:37.545560,1989.8,136122.0,215458.0
2025-06-18 11:25:39.898982,1989.8,136122.0,215458.0
2025-06-18 11:25:39.902812,1989.8,136166.0,215446.0
2025-06-18 11:25:39.941339,1989.8,136215.0,215017.0
2025-06-18 11:25:40.611309,1989.8,136508.0,215007.0
2025-06-18 11:25:41.543998,1989.8,136526.0,215000.0
2025-06-18 11:25:42.228318,1989.8,136526.0,215000.0
2025-06-18 11:25:42.658151,1989.8,136515.0,214942.0
2025-06-18 11:25:43.748464,1989.8,136450.0,215044.0
2025-06-18 11:25:44.229035,1989.3,136450.0,215044.0
2025-06-18 11:25:44.848316,1989.3,136448.0,215044.0
2025-06-18 11:25:45.946337,1989.3,134949.0,215396.0
2025-06-18 11:25:47.051964,1989.7,134915.0,215238.0
2025-06-18 11:25:47.231655,1989.7,134915.0,215238.0
2025-06-18 11:25:48.163259,1989.7,135991.0,215072.0
2025-06-18 11:25:49.260465,1989.7,136060.0,214998.0
2025-06-18 11:25:50.225010,1989.3,136060.0,214998.0
2025-06-18 11:25:50.248452,1989.3,135340.0,215292.0
2025-06-18 11:25:51.952106,1989.3,135340.0,215308.0
2025-06-18 11:25:52.949851,1989.3,136175.0,215294.0
2025-06-18 11:25:54.052265,1989.7,136190.0,215326.0
2025-06-18 11:25:54.229482,1989.7,136190.0,215326.0
2025-06-18 11:25:55.050604,1989.7,136112.0,215218.0
2025-06-18 11:25:55.233128,1989.3,136112.0,215218.0
2025-06-18 11:25:56.185576,1989.3,135415.0,215210.0
2025-06-18 11:25:57.144851,1989.7,135497.0,215106.0
2025-06-18 11:25:57.243326,1989.7,135497.0,215106.0
2025-06-18 11:25:58.056310,1989.3,135940.0,215018.0
2025-06-18 11:25:58.231864,1989.3,135940.0,215018.0
2025-06-18 11:25:59.188982,1989.3,135608.0,214948.0
2025-06-18 11:26:00.160694,1989.3,135608.0,214949.0
2025-06-18 11:26:01.228934,1989.3,135608.0,214949.0
2025-06-18 11:26:03.242808,1989.3,135608.0,214949.0
2025-06-18 11:26:05.184238,1989.3,135333.0,216139.0
2025-06-18 11:26:07.234018,1989.6,135333.0,216139.0
2025-06-18 11:26:10.247800,1989.6,136269.0,215418.0
2025-06-18 11:26:11.400093,1989.6,136269.0,215418.0
2025-06-18 11:26:14.869878,1989.6,136039.0,215088.0
2025-06-18 11:26:19.867623,1989.6,136466.0,214941.0
2025-06-18 11:26:21.290432,1989.6,136466.0,214941.0
2025-06-18 11:26:25.274686,1989.1,136466.0,214941.0
2025-06-18 11:26:27.236962,1989.6,136466.0,214941.0
2025-06-18 11:26:29.257293,1989.6,136466.0,214941.0
2025-06-18 11:26:34.877917,1989.3,136802.0,214772.0
2025-06-18 11:26:35.229946,1989.3,136802.0,214772.0
2025-06-18 11:26:39.243226,1989.7,136802.0,214772.0
2025-06-18 11:26:39.378409,1989.8,138236.0,213220.0
2025-06-18 11:26:41.244676,1989.8,138236.0,213220.0
2025-06-18 11:26:43.252898,1989.6,138236.0,213220.0
2025-06-18 11:26:44.881992,1989.6,137836.0,213445.0
2025-06-18 11:26:45.230598,1989.7,137836.0,213445.0
2025-06-18 11:26:49.237090,1990.0,137836.0,213445.0
2025-06-18 11:26:49.784045,1990.0,137580.0,212922.0
2025-06-18 11:26:51.234479,1990.3,137580.0,212922.0
2025-06-18 11:26:54.788725,1990.0,137217.0,213961.0
2025-06-18 11:26:55.237980,1990.3,137217.0,213961.0
2025-06-18 11:26:59.242273,1990.3,137217.0,213961.0
2025-06-18 11:26:59.894932,1990.3,138407.0,211312.0
2025-06-18 11:27:01.239236,1990.3,138407.0,211312.0
2025-06-18 11:27:04.996878,1990.7,137868.0,211726.0
2025-06-18 11:27:05.247087,1990.7,137868.0,211726.0
2025-06-18 11:27:09.246500,1990.2,137868.0,211726.0
2025-06-18 11:27:09.904757,1990.2,138542.0,211743.0
2025-06-18 11:27:11.253862,1990.9,138542.0,211743.0
2025-06-18 11:27:14.902257,1991.0,138563.0,211331.0
2025-06-18 11:27:15.249141,1990.3,138563.0,211331.0
2025-06-18 11:27:20.441140,1990.9,138563.0,211331.0
2025-06-18 11:27:20.485666,1990.9,138838.0,212700.0
2025-06-18 11:27:24.810241,1990.9,138896.0,212626.0
2025-06-18 11:27:25.287056,1990.9,138896.0,212626.0
2025-06-18 11:27:27.291373,1990.9,138896.0,212626.0
2025-06-18 11:27:29.609768,1990.9,139631.0,212031.0
2025-06-18 11:27:33.246730,1990.9,139631.0,212031.0
2025-06-18 11:27:34.813978,1990.9,139497.0,211597.0
2025-06-18 11:27:39.919565,1990.0,136107.0,211406.0
2025-06-18 11:27:41.248190,1990.1,136107.0,211406.0
2025-06-18 11:27:45.238890,1989.8,136107.0,211406.0
2025-06-18 11:27:45.419091,1989.8,135241.0,213923.0
2025-06-18 11:27:47.240997,1989.6,135241.0,213923.0
2025-06-18 11:27:49.241289,1989.6,135241.0,213923.0
2025-06-18 11:27:49.916204,1989.6,135241.0,213923.0
2025-06-18 11:27:51.006853,1989.6,135241.0,213923.0
2025-06-18 11:27:51.237297,1989.6,135241.0,213923.0
2025-06-18 11:27:51.620320,1989.6,137482.0,214453.0
2025-06-18 11:27:51.925888,1989.6,137482.0,214453.0
2025-06-18 11:27:52.855361,1989.6,137482.0,214453.0
2025-06-18 11:27:53.766619,1989.6,137482.0,214453.0
2025-06-18 11:27:54.496031,1989.6,137482.0,214453.0
2025-06-18 11:27:55.515309,1989.6,137482.0,214453.0
2025-06-18 11:27:56.069503,1989.6,137482.0,214453.0
2025-06-18 11:27:56.922912,1990.5,137914.0,213468.0
2025-06-18 11:27:56.953687,1990.5,137914.0,213468.0
2025-06-18 11:27:57.242683,1990.5,137914.0,213468.0
2025-06-18 11:27:57.348973,1990.5,137914.0,213468.0
2025-06-18 11:27:58.259371,1990.5,137914.0,213468.0
2025-06-18 11:27:59.463329,1990.5,137914.0,213468.0
2025-06-18 11:28:00.323360,1990.5,137914.0,213468.0
2025-06-18 11:28:01.232690,1990.5,137914.0,213468.0
2025-06-18 11:28:01.731723,1990.5,137914.0,213468.0
2025-06-18 11:28:02.130226,1990.0,138883.0,212384.0
2025-06-18 11:28:02.237807,1990.0,138883.0,212384.0
2025-06-18 11:28:02.856943,1990.0,138883.0,212384.0
2025-06-18 11:28:03.235275,1989.7,138883.0,212384.0
2025-06-18 11:28:03.336668,1989.7,139427.0,212777.0
2025-06-18 11:28:03.980813,1989.7,139427.0,212777.0
2025-06-18 11:28:04.327652,1989.7,138825.0,212815.0
2025-06-18 11:28:05.236395,1990.0,138825.0,212815.0
2025-06-18 11:28:05.337395,1990.0,138952.0,211413.0
2025-06-18 11:28:05.606809,1990.0,138952.0,211413.0
2025-06-18 11:28:06.329852,1990.0,139874.0,211428.0
2025-06-18 11:28:07.339333,1990.0,139879.0,211840.0
2025-06-18 11:28:10.442380,1990.8,139879.0,211840.0
2025-06-18 11:28:10.446856,1990.8,138730.0,212334.0
2025-06-18 11:28:10.492808,1990.8,138763.0,212390.0
2025-06-18 11:28:10.522826,1990.0,138763.0,212390.0
2025-06-18 11:28:10.532033,1990.0,139395.0,211654.0
2025-06-18 11:28:11.240640,1990.1,139395.0,211654.0
2025-06-18 11:28:11.531358,1990.1,138923.0,212163.0
2025-06-18 11:28:12.634099,1990.1,138890.0,212312.0
2025-06-18 11:28:13.734626,1990.1,138869.0,212181.0
2025-06-18 11:28:14.739632,1991.5,139692.0,208755.0
2025-06-18 11:28:15.238666,1991.5,139692.0,208755.0
2025-06-18 11:28:15.733759,1991.5,140850.0,209847.0
2025-06-18 11:28:16.639429,1991.5,139639.0,209588.0
2025-06-18 11:28:17.740472,1991.5,140280.0,209506.0
2025-06-18 11:28:18.836054,1991.5,139972.0,209540.0
2025-06-18 11:28:19.837195,1991.0,139897.0,208985.0
2025-06-18 11:28:20.244443,1991.0,139897.0,208985.0
2025-06-18 11:28:20.838069,1991.0,139660.0,209032.0
2025-06-18 11:28:21.740861,1991.0,139679.0,209001.0
2025-06-18 11:28:22.742777,1991.0,139350.0,208884.0
2025-06-18 11:28:23.741057,1991.0,140570.0,208880.0
2025-06-18 11:28:24.239752,1991.0,140570.0,208880.0
2025-06-18 11:28:24.740688,1991.0,140485.0,209475.0
2025-06-18 11:28:25.841382,1991.0,140592.0,209898.0
2025-06-18 11:28:26.939800,1991.0,140601.0,209829.0
2025-06-18 11:28:27.941196,1991.0,140689.0,209763.0
2025-06-18 11:28:29.041612,1991.0,140671.0,209828.0
2025-06-18 11:28:30.042627,1990.7,140064.0,210504.0
2025-06-18 11:28:30.241322,1990.7,140064.0,210504.0
2025-06-18 11:28:31.040749,1990.7,140020.0,210508.0
2025-06-18 11:28:31.241451,1990.7,140020.0,210508.0
2025-06-18 11:28:32.042125,1990.7,140383.0,210688.0
2025-06-18 11:28:33.047506,1990.7,140543.0,210427.0
2025-06-18 11:28:33.238211,1990.7,140543.0,210427.0
2025-06-18 11:28:34.148755,1990.7,140744.0,210427.0
2025-06-18 11:28:35.239412,1990.6,140744.0,210427.0
2025-06-18 11:28:35.272309,1990.6,140562.0,210520.0
2025-06-18 11:28:36.250562,1990.6,140586.0,210535.0
2025-06-18 11:28:37.242274,1991.0,140586.0,210535.0
2025-06-18 11:28:37.250879,1991.0,140520.0,210346.0
2025-06-18 11:28:38.245084,1990.8,140520.0,210346.0
2025-06-18 11:28:38.657306,1990.8,140599.0,210210.0
2025-06-18 11:28:39.748303,1990.8,140619.0,210108.0
2025-06-18 11:28:40.752424,1990.8,140645.0,210076.0
2025-06-18 11:28:41.661555,1990.8,140640.0,210141.0
2025-06-18 11:28:42.659922,1990.8,140657.0,210227.0
2025-06-18 11:28:43.660928,1990.8,140710.0,210290.0
2025-06-18 11:28:44.653509,1990.8,140808.0,210284.0
2025-06-18 11:28:45.661622,1991.0,139925.0,210442.0
2025-06-18 11:28:46.241524,1991.0,139925.0,210442.0
2025-06-18 11:28:46.559097,1991.0,139571.0,211279.0
2025-06-18 11:28:47.339478,1990.9,139571.0,211279.0
2025-06-18 11:28:47.556074,1990.9,139369.0,211339.0
2025-06-18 11:28:48.557280,1991.0,139468.0,211110.0
2025-06-18 11:28:49.240706,1991.0,139468.0,211110.0
2025-06-18 11:28:49.556467,1991.0,139409.0,211396.0
2025-06-18 11:28:50.558636,1991.0,139495.0,211148.0
2025-06-18 11:28:51.244015,1990.9,139495.0,211148.0
2025-06-18 11:28:51.563077,1990.9,138157.0,211876.0
2025-06-18 11:28:52.561312,1990.9,138867.0,212214.0
2025-06-18 11:28:53.462290,1990.9,139033.0,211843.0
2025-06-18 11:28:54.239268,1990.5,139033.0,211843.0
2025-06-18 11:28:54.462992,1990.5,139434.0,211616.0
2025-06-18 11:28:55.245545,1990.6,139434.0,211616.0
2025-06-18 11:28:55.563631,1990.6,138861.0,212984.0
2025-06-18 11:28:57.177460,1990.0,138608.0,212933.0
2025-06-18 11:28:57.260939,1990.0,138608.0,212933.0
2025-06-18 11:28:58.063713,1990.0,138682.0,212532.0
2025-06-18 11:28:58.405621,1990.0,138682.0,212532.0
2025-06-18 11:28:59.178042,1990.0,138663.0,212361.0
2025-06-18 11:29:00.404369,1990.0,138868.0,212643.0
2025-06-18 11:29:01.239628,1990.0,138875.0,212631.0
2025-06-18 11:29:02.063106,1990.0,138902.0,212579.0
2025-06-18 11:29:02.269465,1990.0,138902.0,212579.0
2025-06-18 11:29:03.242425,1990.0,138940.0,212578.0
2025-06-18 11:29:04.250744,1990.0,138940.0,212578.0
2025-06-18 11:29:04.265440,1990.0,138939.0,212447.0
2025-06-18 11:29:05.273266,1990.0,138939.0,212447.0
2025-06-18 11:29:05.365427,1990.0,138940.0,212446.0
2025-06-18 11:29:06.364959,1990.0,138941.0,212475.0
2025-06-18 11:29:07.242044,1989.9,138941.0,212475.0
2025-06-18 11:29:07.465562,1989.9,139600.0,212252.0
2025-06-18 11:29:08.567520,1989.9,140004.0,212364.0
2025-06-18 11:29:09.266912,1990.0,140004.0,212364.0
2025-06-18 11:29:09.675873,1990.0,139978.0,212493.0
2025-06-18 11:29:10.243441,1990.0,139978.0,212493.0
2025-06-18 11:29:10.679010,1990.0,140785.0,210752.0
2025-06-18 11:29:11.700274,1990.0,140516.0,210912.0
2025-06-18 11:29:12.679875,1990.0,140598.0,211100.0
2025-06-18 11:29:13.768045,1990.6,140453.0,211294.0
2025-06-18 11:29:14.248818,1990.6,140453.0,211294.0
2025-06-18 11:29:14.768585,1990.6,140686.0,211371.0
2025-06-18 11:29:15.870039,1990.6,140357.0,210952.0
2025-06-18 11:29:16.975241,1990.6,140358.0,210879.0
2025-06-18 11:29:18.073193,1990.5,140661.0,210148.0
2025-06-18 11:29:18.247042,1990.5,140661.0,210148.0
2025-06-18 11:29:19.185584,1990.5,140513.0,210366.0
2025-06-18 11:29:19.246729,1990.5,140513.0,210366.0
2025-06-18 11:29:20.186194,1990.5,140446.0,210488.0
2025-06-18 11:29:21.243792,1990.5,140490.0,210510.0
2025-06-18 11:29:22.242426,1990.5,140490.0,210530.0
2025-06-18 11:29:24.249119,1990.6,140490.0,210530.0
2025-06-18 11:29:24.278292,1990.6,140495.0,210516.0
2025-06-18 11:29:25.283992,1990.6,140460.0,210527.0
2025-06-18 11:29:26.278728,1990.6,140961.0,210527.0
2025-06-18 11:29:28.761033,1990.6,140758.0,210472.0
2025-06-18 11:29:29.240796,1990.9,140758.0,210472.0
2025-06-18 11:29:29.282726,1990.9,140164.0,211152.0
2025-06-18 11:29:30.281516,1990.9,138569.0,211310.0
2025-06-18 11:29:31.240882,1991.2,138569.0,211310.0
2025-06-18 11:29:31.288271,1991.2,139472.0,211211.0
2025-06-18 11:29:32.422264,1991.2,139122.0,211164.0
2025-06-18 11:29:33.285143,1991.2,139101.0,211154.0
2025-06-18 11:29:34.284650,1991.2,139107.0,211325.0
2025-06-18 11:29:35.286481,1991.2,139166.0,211337.0
2025-06-18 11:29:36.385463,1991.2,139083.0,211480.0
2025-06-18 11:29:37.386014,1991.2,139019.0,211326.0
2025-06-18 11:29:38.243746,1990.9,139019.0,211326.0
2025-06-18 11:29:38.388918,1990.9,139035.0,211270.0
2025-06-18 11:29:39.488621,1990.9,139218.0,211278.0
2025-06-18 11:29:40.588241,1990.9,139789.0,211196.0
2025-06-18 11:29:41.251919,1990.9,139789.0,211196.0
2025-06-18 11:29:41.702317,1990.9,139604.0,211198.0
2025-06-18 11:29:42.720760,1990.6,139648.0,211255.0
2025-06-18 11:29:43.242263,1990.6,139648.0,211255.0
2025-06-18 11:29:43.796163,1990.6,139648.0,211271.0
2025-06-18 11:29:44.794257,1990.6,140048.0,211277.0
2025-06-18 11:29:45.894609,1990.6,140222.0,211310.0
2025-06-18 11:29:46.991546,1990.6,139537.0,211505.0
2025-06-18 11:29:47.995949,1990.9,139518.0,211198.0
2025-06-18 11:29:48.256409,1990.9,139518.0,211198.0
2025-06-18 11:29:49.094380,1990.9,139548.0,211343.0
2025-06-18 11:29:50.217850,1990.9,139559.0,211282.0
2025-06-18 11:29:51.296885,1990.9,139615.0,211283.0
2025-06-18 11:29:52.298947,1990.9,139704.0,211283.0
2025-06-18 11:29:53.240923,1990.6,139704.0,211283.0
2025-06-18 11:29:53.298569,1990.6,139088.0,212535.0
2025-06-18 11:29:54.247964,1990.8,139088.0,212535.0
2025-06-18 11:29:54.398361,1990.8,139266.0,212754.0
2025-06-18 11:29:55.503249,1990.8,139286.0,212602.0
2025-06-18 11:29:56.244293,1990.8,139286.0,212602.0
2025-06-18 11:29:56.602417,1990.8,139232.0,212620.0
2025-06-18 11:29:57.601160,1990.8,139570.0,212602.0
2025-06-18 11:29:58.605402,1990.8,138965.0,212520.0
2025-06-18 11:29:59.714547,1990.8,138878.0,212553.0
2025-06-18 11:30:00.818433,1990.8,139130.0,212269.0
2025-06-18 11:30:02.816668,1990.0,137689.0,213296.0
2025-06-18 11:30:03.252614,1990.0,137689.0,213296.0
2025-06-18 11:30:06.247292,1990.5,137689.0,213296.0
2025-06-18 11:30:08.110726,1990.5,137473.0,212740.0
2025-06-18 11:30:12.257106,1989.8,137473.0,212740.0
2025-06-18 11:30:13.611346,1989.8,134503.0,213316.0
2025-06-18 11:30:19.117355,1989.8,137598.0,212994.0
2025-06-18 11:30:24.247898,1990.1,137598.0,212994.0
2025-06-18 11:30:24.621941,1990.1,138046.0,212855.0
2025-06-18 11:30:27.249488,1989.8,138046.0,212855.0
2025-06-18 11:30:29.250254,1990.0,138046.0,212855.0
2025-06-18 11:30:30.020577,1990.0,137924.0,212490.0
2025-06-18 11:30:35.124693,1989.8,137900.0,212772.0
2025-06-18 11:30:35.265204,1989.8,137900.0,212772.0
2025-06-18 11:30:37.311097,1990.0,137900.0,212772.0
2025-06-18 11:30:39.260804,1990.0,137900.0,212772.0
2025-06-18 11:30:40.327317,1989.8,137988.0,213198.0
2025-06-18 11:30:41.256123,1989.8,137988.0,213198.0
2025-06-18 11:30:45.732075,1989.8,137347.0,213056.0
2025-06-18 11:30:50.349483,1989.8,137347.0,213056.0
2025-06-18 11:30:51.037148,1990.0,138067.0,213265.0
2025-06-18 11:30:51.266190,1990.0,138067.0,213265.0
2025-06-18 11:30:51.437367,1990.0,138067.0,213265.0
2025-06-18 11:30:52.374432,1990.0,138067.0,213265.0
2025-06-18 11:30:53.256754,1990.0,138067.0,213265.0
2025-06-18 11:30:53.302719,1990.0,138067.0,213265.0
2025-06-18 11:30:54.170041,1990.0,138067.0,213265.0
2025-06-18 11:30:55.257724,1990.0,138067.0,213265.0
2025-06-18 11:30:55.989323,1990.0,138067.0,213265.0
2025-06-18 11:30:56.142105,1990.0,138136.0,213163.0
2025-06-18 11:30:56.553600,1990.0,138136.0,213163.0
2025-06-18 11:30:57.458388,1990.0,138136.0,213163.0
2025-06-18 11:30:58.757650,1990.0,138136.0,213163.0
2025-06-18 11:30:59.964794,1990.0,138136.0,213163.0
2025-06-18 11:31:00.837299,1990.0,138136.0,213163.0
2025-06-18 11:31:01.044306,1989.8,138244.0,213410.0
2025-06-18 11:31:01.258625,1989.8,138244.0,213410.0
2025-06-18 11:31:02.291558,1989.8,138244.0,213410.0
2025-06-18 11:31:03.361514,1989.8,138244.0,213410.0
2025-06-18 11:31:04.498794,1989.8,138244.0,213410.0
2025-06-18 11:31:05.853359,1989.8,138365.0,213573.0
2025-06-18 11:31:05.979006,1989.8,138365.0,213573.0
2025-06-18 11:31:11.051820,1989.5,138204.0,213663.0
2025-06-18 11:31:11.263640,1989.5,138204.0,213663.0
2025-06-18 11:31:16.167495,1989.8,138312.0,213674.0
2025-06-18 11:31:17.264598,1989.8,138312.0,213674.0
2025-06-18 11:31:21.260127,1989.6,138312.0,213674.0
2025-06-18 11:31:21.363462,1989.6,137699.0,213820.0
2025-06-18 11:31:25.265626,1989.5,137699.0,213820.0
2025-06-18 11:31:26.967777,1989.5,137692.0,214429.0
2025-06-18 11:31:29.484427,1989.4,137692.0,214429.0
2025-06-18 11:31:31.261250,1989.5,137692.0,214429.0
2025-06-18 11:31:32.370637,1989.5,137334.0,214289.0
2025-06-18 11:31:42.481807,1989.5,137339.0,215091.0
2025-06-18 11:31:43.271619,1989.6,137339.0,215091.0
2025-06-18 11:31:47.299156,1989.1,137339.0,215091.0
2025-06-18 11:31:47.784988,1989.1,134936.0,216350.0
2025-06-18 11:31:49.276558,1989.0,134936.0,216350.0
2025-06-18 11:31:51.273539,1988.8,134936.0,216350.0
2025-06-18 11:31:52.797965,1988.8,135377.0,216780.0
2025-06-18 11:31:55.259681,1989.0,135377.0,216780.0
2025-06-18 11:31:57.700545,1989.0,135659.0,216745.0
2025-06-18 11:32:01.275260,1988.5,135659.0,216745.0
2025-06-18 11:32:01.799238,1988.5,135382.0,217784.0
2025-06-18 11:32:02.263048,1988.5,135382.0,217784.0
2025-06-18 11:32:02.708055,1988.5,135686.0,217270.0
2025-06-18 11:32:04.498996,1988.5,135960.0,217136.0
2025-06-18 11:32:05.254284,1988.0,135960.0,217136.0
2025-06-18 11:32:05.500502,1988.0,135390.0,217157.0
2025-06-18 11:32:06.599149,1988.0,135275.0,217510.0
2025-06-18 11:32:07.599223,1988.0,135193.0,218570.0
2025-06-18 11:32:08.602260,1988.0,135193.0,218570.0
2025-06-18 11:32:09.600906,1988.0,134203.0,219393.0
2025-06-18 11:32:10.715570,1988.0,132319.0,219515.0
2025-06-18 11:32:11.257341,1988.0,132319.0,219515.0
2025-06-18 11:32:11.808083,1988.0,134404.0,219718.0
2025-06-18 11:32:12.262179,1987.8,134404.0,219718.0
2025-06-18 11:32:12.805497,1988.0,131917.0,221258.0
2025-06-18 11:32:13.257619,1987.9,131917.0,221258.0
2025-06-18 11:32:13.904892,1987.2,132823.0,220444.0
2025-06-18 11:32:14.257003,1987.2,132823.0,220444.0
2025-06-18 11:32:14.807203,1987.2,132784.0,219845.0
2025-06-18 11:32:15.266490,1987.3,132784.0,219845.0
2025-06-18 11:32:15.905739,1987.3,131781.0,219848.0
2025-06-18 11:32:16.264170,1987.1,131781.0,219848.0
2025-06-18 11:32:17.006625,1987.0,130278.0,220909.0
2025-06-18 11:32:17.262154,1987.0,130278.0,220909.0
2025-06-18 11:32:18.011854,1986.9,131257.0,220629.0
2025-06-18 11:32:18.259420,1986.8,131257.0,220629.0
2025-06-18 11:32:19.110581,1986.8,129992.0,219216.0
2025-06-18 11:32:19.279000,1986.8,129992.0,219216.0
2025-06-18 11:32:20.223768,1986.6,130393.0,218953.0
2025-06-18 11:32:20.262398,1986.5,130393.0,218953.0
2025-06-18 11:32:21.224122,1987.3,130869.0,218570.0
2025-06-18 11:32:21.258270,1987.3,130869.0,218570.0
2025-06-18 11:32:22.226045,1986.5,130567.0,218901.0
2025-06-18 11:32:22.254890,1986.5,130567.0,218901.0
2025-06-18 11:32:23.225166,1986.5,130518.0,219062.0
2025-06-18 11:32:24.267718,1986.6,130518.0,219062.0
2025-06-18 11:32:24.316028,1986.6,130502.0,218850.0
2025-06-18 11:32:25.224581,1986.6,130512.0,218867.0
2025-06-18 11:32:26.318773,1986.6,129616.0,219408.0
2025-06-18 11:32:27.423365,1986.6,130000.0,219557.0
2025-06-18 11:32:28.517231,1986.6,130301.0,219584.0
2025-06-18 11:32:29.260881,1986.5,130301.0,219584.0
2025-06-18 11:32:29.619991,1986.5,130456.0,219549.0
2025-06-18 11:32:30.728510,1986.5,130498.0,219577.0
2025-06-18 11:32:31.255429,1986.5,130498.0,219577.0
2025-06-18 11:32:31.732740,1986.5,130438.0,219380.0
2025-06-18 11:32:32.826105,1986.9,130567.0,219162.0
2025-06-18 11:32:33.257485,1986.9,130567.0,219162.0
2025-06-18 11:32:33.831023,1986.9,130513.0,219161.0
2025-06-18 11:32:34.926365,1986.5,130436.0,219186.0
2025-06-18 11:32:35.260370,1986.5,130436.0,219186.0
2025-06-18 11:32:35.935445,1986.5,130186.0,219439.0
2025-06-18 11:32:36.923716,1986.5,130351.0,219262.0
2025-06-18 11:32:37.299438,1986.5,130351.0,219262.0
2025-06-18 11:32:37.828521,1986.5,130531.0,218197.0
2025-06-18 11:32:38.930767,1986.5,130563.0,218231.0
2025-06-18 11:32:40.027511,1986.5,130605.0,218757.0
2025-06-18 11:32:40.940445,1986.5,130324.0,219285.0
2025-06-18 11:32:41.259958,1986.5,130324.0,219285.0
2025-06-18 11:32:42.030045,1986.5,130783.0,219731.0
2025-06-18 11:32:43.148778,1986.5,131004.0,219808.0
2025-06-18 11:32:44.243011,1986.5,131113.0,219380.0
2025-06-18 11:32:45.331045,1986.5,130900.0,220063.0
2025-06-18 11:32:46.520217,1986.5,131727.0,219081.0
2025-06-18 11:32:47.265141,1986.4,131727.0,219081.0
2025-06-18 11:32:47.533059,1986.4,132247.0,218600.0
2025-06-18 11:32:48.534945,1986.4,131670.0,218567.0
2025-06-18 11:32:49.634599,1986.4,131959.0,218539.0
2025-06-18 11:32:50.738235,1986.8,131917.0,218544.0
2025-06-18 11:32:51.259099,1986.8,131917.0,218544.0
2025-06-18 11:32:51.842677,1986.6,132407.0,218553.0
2025-06-18 11:32:52.258883,1986.6,132407.0,218553.0
2025-06-18 11:32:52.951381,1986.6,131950.0,218562.0
2025-06-18 11:32:53.942193,1986.8,131969.0,218582.0
2025-06-18 11:32:54.259293,1986.8,131969.0,218582.0
2025-06-18 11:32:55.052717,1986.8,131940.0,218385.0
2025-06-18 11:32:55.258821,1986.8,131940.0,218385.0
2025-06-18 11:32:56.138206,1986.8,131970.0,218345.0
2025-06-18 11:32:57.247431,1986.8,131422.0,218459.0
2025-06-18 11:32:57.268237,1986.8,131422.0,218459.0
2025-06-18 11:32:58.338226,1986.8,131986.0,218467.0
2025-06-18 11:32:59.828290,1986.8,131986.0,218467.0
2025-06-18 11:32:59.833777,1986.8,131889.0,218488.0
2025-06-18 11:33:00.437705,1986.8,132388.0,218550.0
2025-06-18 11:33:02.261689,1986.8,132388.0,218550.0
2025-06-18 11:33:03.940168,1986.8,132506.0,219776.0
2025-06-18 11:33:05.277577,1986.8,132506.0,219776.0
2025-06-18 11:33:08.259190,1986.9,132506.0,219776.0
2025-06-18 11:33:09.441636,1986.8,132425.0,219803.0
2025-06-18 11:33:11.260951,1986.8,132425.0,219803.0
2025-06-18 11:33:14.260556,1986.8,132425.0,219803.0
2025-06-18 11:33:14.850351,1986.8,132583.0,219609.0
2025-06-18 11:33:17.271339,1986.8,132583.0,219609.0
2025-06-18 11:33:20.048994,1986.8,133087.0,219693.0
2025-06-18 11:33:20.266908,1986.8,133087.0,219693.0
2025-06-18 11:33:23.273989,1986.9,133087.0,219693.0
2025-06-18 11:33:25.048530,1986.9,133048.0,219769.0
2025-06-18 11:33:26.271356,1986.5,133048.0,219769.0
2025-06-18 11:33:29.267102,1986.4,133048.0,219769.0
2025-06-18 11:33:30.851893,1986.2,131311.0,221808.0
2025-06-18 11:33:32.276419,1986.2,131311.0,221808.0
2025-06-18 11:33:35.273181,1986.1,131311.0,221808.0
2025-06-18 11:33:36.663357,1985.9,129721.0,222336.0
2025-06-18 11:33:38.266780,1986.1,129721.0,222336.0
2025-06-18 11:33:41.269775,1985.7,129721.0,222336.0
2025-06-18 11:33:42.666905,1985.5,127193.0,222887.0
2025-06-18 11:33:44.275492,1985.6,127193.0,222887.0
2025-06-18 11:33:47.281945,1985.5,127193.0,222887.0
2025-06-18 11:33:48.465116,1985.6,128905.0,222669.0
2025-06-18 11:33:50.277074,1985.6,128905.0,222669.0
2025-06-18 11:33:51.121866,1985.6,128905.0,222669.0
2025-06-18 11:33:52.241218,1985.6,128905.0,222669.0
2025-06-18 11:33:53.192175,1985.6,128905.0,222669.0
2025-06-18 11:33:53.265987,1985.6,128905.0,222669.0
2025-06-18 11:33:54.109625,1985.6,128905.0,222669.0
2025-06-18 11:33:54.304139,1985.6,129207.0,222864.0
2025-06-18 11:33:54.983059,1985.6,129207.0,222864.0
2025-06-18 11:33:55.797191,1985.6,129207.0,222864.0
2025-06-18 11:33:56.274782,1985.5,129207.0,222864.0
2025-06-18 11:33:56.901083,1985.5,129207.0,222864.0
2025-06-18 11:33:57.475643,1985.5,129207.0,222864.0
2025-06-18 11:33:58.374828,1985.5,129207.0,222864.0
2025-06-18 11:33:59.274545,1985.6,129207.0,222864.0
2025-06-18 11:33:59.741165,1985.6,129207.0,222864.0
2025-06-18 11:34:00.174958,1985.6,129715.0,221619.0
2025-06-18 11:34:00.888124,1985.6,129715.0,221619.0
2025-06-18 11:34:01.759834,1985.6,129715.0,221619.0
2025-06-18 11:34:02.273420,1985.5,129715.0,221619.0
2025-06-18 11:34:03.147065,1985.5,129715.0,221619.0
2025-06-18 11:34:04.284072,1985.5,129715.0,221619.0
2025-06-18 11:34:05.511550,1985.5,129715.0,221619.0
2025-06-18 11:34:05.549947,1985.5,129715.0,221619.0
2025-06-18 11:34:05.876692,1985.5,129408.0,223079.0
2025-06-18 11:34:06.893008,1985.5,129408.0,223079.0
2025-06-18 11:34:08.270850,1985.5,129408.0,223079.0
2025-06-18 11:34:11.279740,1985.5,129408.0,223079.0
2025-06-18 11:34:11.384653,1985.5,129796.0,223578.0
2025-06-18 11:34:14.279846,1985.5,129796.0,223578.0
2025-06-18 11:34:16.684244,1985.5,129550.0,223647.0
2025-06-18 11:34:17.283174,1985.5,129550.0,223647.0
2025-06-18 11:34:20.297028,1984.6,129550.0,223647.0
2025-06-18 11:34:21.887760,1984.5,127521.0,224811.0
2025-06-18 11:34:23.309230,1984.5,127521.0,224811.0
2025-06-18 11:34:26.271535,1984.5,127521.0,224811.0
2025-06-18 11:34:27.297997,1983.9,127607.0,224662.0
2025-06-18 11:34:29.280147,1984.5,127607.0,224662.0
2025-06-18 11:34:32.277365,1983.9,127607.0,224662.0
2025-06-18 11:34:32.602493,1983.9,128163.0,223987.0
2025-06-18 11:34:34.269124,1984.5,128163.0,223987.0
2025-06-18 11:34:36.279566,1984.5,128163.0,223987.0
2025-06-18 11:34:37.704261,1984.5,130290.0,221518.0
2025-06-18 11:34:40.274471,1984.6,130290.0,221518.0
2025-06-18 11:34:42.403223,1984.6,130644.0,220726.0
2025-06-18 11:34:44.274281,1984.8,130644.0,220726.0
2025-06-18 11:34:47.605720,1985.0,132371.0,219321.0
2025-06-18 11:34:48.272066,1985.6,132371.0,219321.0
2025-06-18 11:34:53.110378,1985.6,131470.0,220058.0
2025-06-18 11:34:54.286216,1985.6,131470.0,220058.0
2025-06-18 11:35:00.483371,1985.6,132750.0,219983.0
2025-06-18 11:35:00.520013,1985.1,132750.0,219983.0
2025-06-18 11:35:02.013763,1984.9,132573.0,220035.0
2025-06-18 11:35:02.273470,1984.9,132573.0,220035.0
2025-06-18 11:35:03.012637,1984.9,132973.0,220012.0
2025-06-18 11:35:03.914849,1985.1,133187.0,219869.0
2025-06-18 11:35:04.285450,1985.1,133187.0,219869.0
2025-06-18 11:35:04.914575,1985.1,133230.0,219505.0
2025-06-18 11:35:05.914708,1985.1,133594.0,219347.0
2025-06-18 11:35:06.914871,1985.1,133969.0,219683.0
2025-06-18 11:35:08.727433,1985.4,134001.0,219553.0
2025-06-18 11:35:09.280923,1985.4,134001.0,219553.0
2025-06-18 11:35:09.618428,1985.4,134124.0,219524.0
2025-06-18 11:35:10.617622,1985.4,134225.0,219540.0
2025-06-18 11:35:11.617882,1985.5,134314.0,219509.0
2025-06-18 11:35:12.497284,1985.5,134314.0,219509.0
2025-06-18 11:35:12.619109,1985.5,134315.0,219520.0
2025-06-18 11:35:13.616864,1985.5,134315.0,219536.0
2025-06-18 11:35:14.618181,1985.5,134365.0,219538.0
2025-06-18 11:35:15.923904,1985.5,134341.0,219560.0
2025-06-18 11:35:17.021407,1985.5,134031.0,219669.0
2025-06-18 11:35:17.317435,1985.5,134031.0,219669.0
2025-06-18 11:35:18.122252,1985.1,133995.0,219584.0
2025-06-18 11:35:18.289332,1985.1,133995.0,219584.0
2025-06-18 11:35:19.122252,1985.5,134186.0,219578.0
2025-06-18 11:35:19.333381,1985.5,134186.0,219578.0
2025-06-18 11:35:20.121441,1985.5,134184.0,219579.0
2025-06-18 11:35:21.120229,1985.5,133922.0,219485.0
2025-06-18 11:35:22.123030,1985.1,133489.0,218781.0
2025-06-18 11:35:22.317668,1985.1,133489.0,218781.0
2025-06-18 11:35:23.122512,1985.1,133580.0,218669.0
2025-06-18 11:35:24.124345,1985.5,134247.0,218672.0
2025-06-18 11:35:24.321352,1985.5,134247.0,218672.0
2025-06-18 11:35:25.127182,1985.5,134256.0,219094.0
2025-06-18 11:35:25.310966,1985.5,134256.0,219094.0
2025-06-18 11:35:26.277330,1985.9,135786.0,217197.0
2025-06-18 11:35:26.324909,1985.9,135786.0,217197.0
2025-06-18 11:35:27.256544,1985.9,135020.0,217268.0
2025-06-18 11:35:28.237397,1985.9,134869.0,217268.0
2025-06-18 11:35:29.237655,1985.9,134053.0,218325.0
2025-06-18 11:35:30.235083,1986.7,134340.0,217177.0
2025-06-18 11:35:30.306073,1986.7,134340.0,217177.0
2025-06-18 11:35:31.233737,1986.7,134321.0,217297.0
2025-06-18 11:35:32.253061,1985.5,133948.0,217811.0
2025-06-18 11:35:32.294334,1985.5,133948.0,217811.0
2025-06-18 11:35:33.126230,1985.5,134334.0,218240.0
2025-06-18 11:35:34.133417,1985.5,134179.0,218120.0
2025-06-18 11:35:35.127929,1985.5,134109.0,218072.0
2025-06-18 11:35:36.131264,1985.5,134665.0,218170.0
2025-06-18 11:35:37.130979,1985.5,134915.0,218160.0
2025-06-18 11:35:38.132082,1985.5,134665.0,218118.0
2025-06-18 11:35:39.131429,1986.4,134389.0,217855.0
2025-06-18 11:35:39.276576,1986.4,134389.0,217855.0
2025-06-18 11:35:40.133029,1986.4,134389.0,218082.0
2025-06-18 11:35:41.133998,1986.4,133776.0,218293.0
2025-06-18 11:35:42.134523,1986.4,133822.0,218471.0
2025-06-18 11:35:43.136074,1985.9,134289.0,218551.0
2025-06-18 11:35:43.279999,1985.9,134289.0,218551.0
2025-06-18 11:35:44.140688,1985.9,134319.0,218548.0
2025-06-18 11:35:45.035584,1985.9,134066.0,218519.0
2025-06-18 11:35:46.141885,1985.9,134130.0,218513.0
2025-06-18 11:35:47.239196,1986.4,134105.0,218366.0
2025-06-18 11:35:47.275239,1986.4,134105.0,218366.0
2025-06-18 11:35:48.349640,1986.4,134099.0,218425.0
2025-06-18 11:35:49.439138,1986.4,134166.0,218378.0
2025-06-18 11:35:50.351295,1986.4,134162.0,218378.0
2025-06-18 11:35:51.352537,1986.4,134190.0,218421.0
2025-06-18 11:35:52.304605,1986.7,134190.0,218421.0
2025-06-18 11:35:52.350141,1986.7,134388.0,218114.0
2025-06-18 11:35:53.274001,1985.9,134388.0,218114.0
2025-06-18 11:35:53.344779,1985.9,133880.0,219739.0
2025-06-18 11:35:54.272655,1986.1,133880.0,219739.0
2025-06-18 11:35:54.347139,1986.1,133906.0,219469.0
2025-06-18 11:35:55.344027,1986.0,133130.0,219747.0
2025-06-18 11:35:56.277593,1986.1,133130.0,219747.0
2025-06-18 11:35:56.353730,1986.1,132857.0,219683.0
2025-06-18 11:35:57.444813,1986.1,132850.0,219827.0
2025-06-18 11:35:58.549381,1986.1,132987.0,219796.0
2025-06-18 11:35:59.650578,1986.1,133493.0,219556.0
2025-06-18 11:36:00.277046,1986.1,133493.0,219556.0
2025-06-18 11:36:00.760963,1986.1,133538.0,219605.0
2025-06-18 11:36:01.651538,1986.1,133538.0,219713.0
2025-06-18 11:36:05.275466,1986.1,133538.0,219713.0
2025-06-18 11:36:07.276523,1985.3,133538.0,219713.0
2025-06-18 11:36:07.552176,1985.3,133872.0,220056.0
2025-06-18 11:36:09.627253,1986.2,133872.0,220056.0
2025-06-18 11:36:11.274876,1986.4,133872.0,220056.0
2025-06-18 11:36:13.257913,1986.4,135322.0,218731.0
2025-06-18 11:36:18.955030,1986.4,136042.0,218898.0
2025-06-18 11:36:21.280630,1986.1,136042.0,218898.0
2025-06-18 11:36:23.277903,1986.1,136042.0,218898.0
2025-06-18 11:36:24.459980,1986.3,136300.0,218281.0
2025-06-18 11:36:25.281554,1986.3,136300.0,218281.0
2025-06-18 11:36:29.959836,1986.3,136056.0,218368.0
2025-06-18 11:36:33.283651,1986.3,136056.0,218368.0
2025-06-18 11:36:37.277770,1986.8,136056.0,218368.0
2025-06-18 11:36:40.668520,1986.3,135833.0,218132.0
2025-06-18 11:36:41.284336,1986.3,135833.0,218132.0
2025-06-18 11:36:43.284771,1986.3,135833.0,218132.0
2025-06-18 11:36:45.867895,1986.3,136223.0,218255.0
2025-06-18 11:36:47.279978,1986.9,136223.0,218255.0
2025-06-18 11:36:49.277567,1986.3,136223.0,218255.0
2025-06-18 11:36:51.281517,1986.1,135738.0,217373.0
2025-06-18 11:36:51.325895,1986.1,135738.0,217373.0
2025-06-18 11:36:51.358810,1986.1,135738.0,217373.0
2025-06-18 11:36:52.469202,1986.1,135738.0,217373.0
2025-06-18 11:36:53.403534,1986.1,135738.0,217373.0
2025-06-18 11:36:54.357300,1986.1,135738.0,217373.0
2025-06-18 11:36:55.251641,1986.1,135738.0,217373.0
2025-06-18 11:36:55.278447,1986.5,135738.0,217373.0
2025-06-18 11:36:56.045301,1986.5,135738.0,217373.0
2025-06-18 11:36:56.572734,1986.5,136123.0,218038.0
2025-06-18 11:36:57.105860,1986.5,136123.0,218038.0
2025-06-18 11:36:58.088824,1986.5,136123.0,218038.0
2025-06-18 11:36:59.277864,1986.5,136123.0,218038.0
2025-06-18 11:36:59.825273,1986.5,136123.0,218038.0
2025-06-18 11:37:01.085566,1986.5,136123.0,218038.0
2025-06-18 11:37:02.076004,1986.5,136418.0,217429.0
2025-06-18 11:37:03.365117,1986.5,136418.0,217429.0
2025-06-18 11:37:04.499622,1986.5,136418.0,217429.0
2025-06-18 11:37:05.286574,1986.6,136418.0,217429.0
2025-06-18 11:37:05.704694,1986.6,136418.0,217429.0
2025-06-18 11:37:07.104285,1986.6,136418.0,217429.0
2025-06-18 11:37:07.281065,1986.5,136418.0,217429.0
2025-06-18 11:37:07.287256,1987.5,137529.0,215421.0
2025-06-18 11:37:09.279755,1986.9,137529.0,215421.0
2025-06-18 11:37:11.310672,1987.8,137529.0,215421.0
2025-06-18 11:37:12.381713,1987.8,138839.0,216012.0
2025-06-18 11:37:17.485669,1987.8,138973.0,216320.0
2025-06-18 11:37:22.496244,1987.6,138585.0,216539.0
2025-06-18 11:37:23.321982,1986.9,138585.0,216539.0
2025-06-18 11:37:25.284617,1987.6,138585.0,216539.0
2025-06-18 11:37:27.284662,1986.9,138585.0,216539.0
2025-06-18 11:37:27.297515,1986.9,138317.0,217088.0
2025-06-18 11:37:29.279633,1986.9,138317.0,217088.0
2025-06-18 11:37:32.495774,1986.9,138686.0,216986.0
2025-06-18 11:37:37.525605,1987.5,138686.0,216986.0
2025-06-18 11:37:37.900667,1987.5,138601.0,216528.0
2025-06-18 11:37:43.301721,1987.0,138601.0,216528.0
2025-06-18 11:37:43.508207,1987.0,139852.0,215789.0
2025-06-18 11:37:47.286298,1987.0,139852.0,215789.0
2025-06-18 11:37:48.809983,1987.6,139616.0,215835.0
2025-06-18 11:37:49.295077,1987.6,139616.0,215835.0
2025-06-18 11:37:53.286503,1987.0,139616.0,215835.0
2025-06-18 11:37:54.212199,1987.6,140705.0,215262.0
2025-06-18 11:37:55.287586,1987.6,140705.0,215262.0
2025-06-18 11:37:57.285701,1987.9,140705.0,215262.0
2025-06-18 11:37:59.612666,1987.9,141279.0,214925.0
2025-06-18 11:38:00.286971,1987.9,141279.0,214925.0
2025-06-18 11:38:05.218525,1988.7,141033.0,214802.0
2025-06-18 11:38:06.286379,1988.7,141033.0,214802.0
2025-06-18 11:38:10.288233,1987.8,141033.0,214802.0
2025-06-18 11:38:10.818476,1987.9,139791.0,215827.0
2025-06-18 11:38:12.282845,1987.9,139791.0,215827.0
2025-06-18 11:38:16.423297,1987.9,140378.0,215150.0
2025-06-18 11:38:18.286125,1987.9,140378.0,215150.0
2025-06-18 11:38:20.283400,1987.9,140378.0,215150.0
2025-06-18 11:38:21.735660,1987.9,140981.0,215080.0
2025-06-18 11:38:22.281526,1988.1,140981.0,215080.0
2025-06-18 11:38:24.306376,1988.1,140981.0,215080.0
2025-06-18 11:38:26.296772,1988.1,140981.0,215080.0
2025-06-18 11:38:26.830186,1988.1,140615.0,214922.0
2025-06-18 11:38:28.288168,1988.2,140615.0,214922.0
2025-06-18 11:38:30.288285,1988.5,140615.0,214922.0
2025-06-18 11:38:32.288238,1988.5,140615.0,214922.0
2025-06-18 11:38:34.286907,1988.5,140615.0,214922.0
2025-06-18 11:38:36.286638,1988.5,140615.0,214922.0
2025-06-18 11:38:37.540798,1988.6,142484.0,214520.0
2025-06-18 11:38:38.288956,1988.6,142484.0,214520.0
2025-06-18 11:38:40.332413,1988.0,142484.0,214520.0
2025-06-18 11:38:42.290290,1988.3,142484.0,214520.0
2025-06-18 11:38:42.845782,1988.3,139849.0,215125.0
2025-06-18 11:38:47.944063,1988.3,139775.0,215364.0
2025-06-18 11:38:52.293101,1988.0,139775.0,215364.0
2025-06-18 11:38:52.846627,1988.0,139806.0,215453.0
2025-06-18 11:38:54.292868,1988.0,139806.0,215453.0
2025-06-18 11:38:57.954017,1988.0,139997.0,215253.0
2025-06-18 11:38:58.293171,1988.0,139997.0,215253.0
2025-06-18 11:39:02.299510,1988.0,139997.0,215253.0
2025-06-18 11:39:02.854059,1988.0,140113.0,215139.0
2025-06-18 11:39:04.540707,1988.2,140113.0,215139.0
2025-06-18 11:39:06.399570,1988.3,140113.0,215139.0
2025-06-18 11:39:08.267221,1988.6,141639.0,212768.0
2025-06-18 11:39:08.290302,1988.6,141639.0,212768.0
2025-06-18 11:39:10.293689,1988.5,141639.0,212768.0
2025-06-18 11:39:12.293117,1988.3,141639.0,212768.0
2025-06-18 11:39:13.672134,1988.7,142056.0,211920.0
2025-06-18 11:39:14.293548,1988.0,142056.0,211920.0
2025-06-18 11:39:16.294148,1988.0,142056.0,211920.0
2025-06-18 11:39:18.294198,1989.0,142056.0,211920.0
2025-06-18 11:39:20.293686,1988.5,142056.0,211920.0
2025-06-18 11:39:24.297497,1988.9,142056.0,211920.0
2025-06-18 11:39:24.798958,1988.9,141737.0,212808.0
2025-06-18 11:39:26.778130,1988.6,141737.0,212808.0
2025-06-18 11:39:29.974622,1988.9,141966.0,212739.0
2025-06-18 11:39:30.292504,1988.9,141966.0,212739.0
2025-06-18 11:39:32.289259,1988.9,141966.0,212739.0
2025-06-18 11:39:35.078866,1988.9,143078.0,212543.0
2025-06-18 11:39:36.292823,1988.7,143078.0,212543.0
2025-06-18 11:39:38.288376,1988.9,143078.0,212543.0
2025-06-18 11:39:40.579767,1988.9,142987.0,212488.0
2025-06-18 11:39:42.290547,1988.9,142987.0,212488.0
2025-06-18 11:39:45.481964,1988.9,143842.0,210663.0
2025-06-18 11:39:46.292265,1989.9,143842.0,210663.0
2025-06-18 11:39:48.290375,1989.3,143842.0,210663.0
2025-06-18 11:39:50.985545,1989.3,142701.0,211372.0
2025-06-18 11:39:51.778135,1989.3,142701.0,211372.0
2025-06-18 11:39:52.299354,1989.8,142701.0,211372.0
2025-06-18 11:39:53.302919,1989.8,142701.0,211372.0
2025-06-18 11:39:54.234128,1989.8,142701.0,211372.0
2025-06-18 11:39:54.295932,1989.9,142701.0,211372.0
2025-06-18 11:39:55.196081,1989.9,142701.0,211372.0
2025-06-18 11:39:56.057584,1989.9,142701.0,211372.0
2025-06-18 11:39:56.490863,1989.9,142745.0,211706.0
2025-06-18 11:39:56.872214,1989.9,142745.0,211706.0
2025-06-18 11:39:57.941959,1989.9,142745.0,211706.0
2025-06-18 11:39:58.513916,1989.9,142745.0,211706.0
2025-06-18 11:39:59.413756,1989.9,142745.0,211706.0
2025-06-18 11:40:00.292656,1989.9,142745.0,211706.0
2025-06-18 11:40:00.678644,1989.9,142745.0,211706.0
2025-06-18 11:40:01.601593,1989.9,144423.0,210975.0
2025-06-18 11:40:01.937562,1989.9,144423.0,210975.0
2025-06-18 11:40:02.296564,1989.6,144423.0,210975.0
2025-06-18 11:40:02.806014,1989.6,144423.0,210975.0
2025-06-18 11:40:04.209217,1989.6,144423.0,210975.0
2025-06-18 11:40:05.354632,1989.6,144423.0,210975.0
2025-06-18 11:40:06.294732,1989.9,144423.0,210975.0
2025-06-18 11:40:06.488080,1989.9,144423.0,210975.0
2025-06-18 11:40:06.705256,1989.9,143353.0,211022.0
2025-06-18 11:40:07.994652,1989.9,143353.0,211022.0
2025-06-18 11:40:08.294205,1989.8,143353.0,211022.0
2025-06-18 11:40:10.295925,1989.9,143353.0,211022.0
2025-06-18 11:40:11.799897,1989.9,143563.0,211010.0
2025-06-18 11:40:12.303627,1989.9,143563.0,211010.0
2025-06-18 11:40:14.297126,1989.9,143563.0,211010.0
2025-06-18 11:40:16.299811,1989.9,143563.0,211010.0
2025-06-18 11:40:18.297717,1989.6,143563.0,211010.0
2025-06-18 11:40:22.295828,1989.3,143563.0,211010.0
2025-06-18 11:40:22.404556,1989.3,142610.0,211962.0
2025-06-18 11:40:24.299785,1989.6,142610.0,211962.0
2025-06-18 11:40:26.303343,1989.3,142610.0,211962.0
2025-06-18 11:40:27.915985,1989.3,142841.0,212380.0
2025-06-18 11:40:32.303624,1989.6,142841.0,212380.0
2025-06-18 11:40:33.618763,1989.7,142986.0,212100.0
2025-06-18 11:40:34.297169,1989.7,142986.0,212100.0
2025-06-18 11:40:38.297623,1989.7,142986.0,212100.0
2025-06-18 11:40:38.817352,1989.3,142932.0,212140.0
2025-06-18 11:40:40.304981,1989.3,142932.0,212140.0
2025-06-18 11:40:44.222728,1989.7,142606.0,212320.0
2025-06-18 11:40:44.302115,1989.7,142606.0,212320.0
2025-06-18 11:40:48.306133,1989.3,142606.0,212320.0
2025-06-18 11:40:49.524791,1989.7,142684.0,212311.0
2025-06-18 11:40:50.323563,1989.7,142684.0,212311.0
2025-06-18 11:40:54.301730,1989.7,142684.0,212311.0
2025-06-18 11:40:54.827468,1989.7,142095.0,212893.0
2025-06-18 11:41:00.236111,1989.6,142548.0,212695.0
2025-06-18 11:41:00.298256,1989.6,142548.0,212695.0
2025-06-18 11:41:04.303434,1989.3,142548.0,212695.0
2025-06-18 11:41:05.534716,1989.3,142810.0,212902.0
2025-06-18 11:41:06.305812,1989.3,142810.0,212902.0
2025-06-18 11:41:08.304224,1989.3,142810.0,212902.0
2025-06-18 11:41:10.305359,1989.3,142810.0,212902.0
2025-06-18 11:41:10.839648,1989.3,144979.0,212792.0
2025-06-18 11:41:14.298466,1989.3,144979.0,212792.0
2025-06-18 11:41:16.041055,1989.3,145015.0,212876.0
2025-06-18 11:41:18.308651,1989.3,145015.0,212876.0
2025-06-18 11:41:21.051156,1989.6,145105.0,212634.0
2025-06-18 11:41:22.312936,1989.3,145105.0,212634.0
2025-06-18 11:41:24.304356,1989.0,145105.0,212634.0
2025-06-18 11:41:26.049838,1989.0,145143.0,213494.0
2025-06-18 11:41:26.309565,1989.0,145143.0,213494.0
2025-06-18 11:41:28.303977,1988.5,145143.0,213494.0
2025-06-18 11:41:30.303559,1988.5,145143.0,213494.0
2025-06-18 11:41:30.952875,1988.5,145381.0,212498.0
2025-06-18 11:41:32.302239,1989.0,145381.0,212498.0
2025-06-18 11:41:34.304131,1989.0,145381.0,212498.0
2025-06-18 11:41:36.299414,1989.0,145381.0,212498.0
2025-06-18 11:41:36.855111,1989.0,145536.0,212428.0
2025-06-18 11:41:38.299734,1989.0,145536.0,212428.0
2025-06-18 11:41:40.308138,1989.2,145536.0,212428.0
2025-06-18 11:41:42.167108,1989.2,145863.0,212239.0
2025-06-18 11:41:46.305197,1989.0,145863.0,212239.0
2025-06-18 11:41:47.465020,1989.0,145456.0,212619.0
2025-06-18 11:41:50.306666,1989.2,145456.0,212619.0
2025-06-18 11:41:52.303739,1989.2,145456.0,212619.0
2025-06-18 11:41:52.365807,1989.2,145388.0,212709.0
2025-06-18 11:41:54.307699,1989.2,145388.0,212709.0
2025-06-18 11:42:00.307476,1989.2,145388.0,212709.0
2025-06-18 11:42:02.073550,1988.9,145096.0,212990.0
2025-06-18 11:42:02.314272,1988.8,145096.0,212990.0
2025-06-18 11:42:07.074795,1988.8,146624.0,212486.0
2025-06-18 11:42:12.291904,1989.2,146508.0,212668.0
2025-06-18 11:42:12.309034,1989.2,146508.0,212668.0
2025-06-18 11:42:14.305537,1989.2,146508.0,212668.0
2025-06-18 11:42:16.302780,1989.2,146508.0,212668.0
2025-06-18 11:42:17.187460,1989.2,145484.0,212979.0
2025-06-18 11:42:22.303200,1989.2,145484.0,212979.0
2025-06-18 11:42:22.486536,1989.2,145702.0,213130.0
2025-06-18 11:42:24.302665,1989.0,145702.0,213130.0
2025-06-18 11:42:27.795937,1989.0,145698.0,213030.0
2025-06-18 11:42:28.368211,1989.0,145698.0,213030.0
2025-06-18 11:42:30.336254,1989.0,145698.0,213030.0
2025-06-18 11:42:32.800430,1989.0,145648.0,213099.0
2025-06-18 11:42:34.309252,1989.9,145648.0,213099.0
2025-06-18 11:42:36.792884,1989.8,145648.0,213099.0
2025-06-18 11:42:37.900927,1989.4,147603.0,210242.0
2025-06-18 11:42:38.306437,1989.9,147603.0,210242.0
2025-06-18 11:42:43.405659,1989.9,146104.0,210494.0
2025-06-18 11:42:44.306575,1989.9,146104.0,210494.0
2025-06-18 11:42:46.316213,1989.9,146104.0,210494.0
2025-06-18 11:42:48.313582,1989.7,146104.0,210494.0
2025-06-18 11:42:49.209284,1989.9,147490.0,209749.0
2025-06-18 11:42:50.313628,1989.9,147490.0,209749.0
2025-06-18 11:42:52.485982,1989.9,147490.0,209749.0
2025-06-18 11:42:52.491620,1989.9,147490.0,209749.0
2025-06-18 11:42:53.356723,1989.9,147490.0,209749.0
2025-06-18 11:42:54.338853,1989.9,147490.0,209749.0
2025-06-18 11:42:54.572778,1989.9,147490.0,209749.0
2025-06-18 11:42:54.610356,1989.9,148094.0,210444.0
2025-06-18 11:42:55.521628,1989.9,148094.0,210444.0
2025-06-18 11:42:56.351523,1989.8,148094.0,210444.0
2025-06-18 11:42:56.398982,1989.8,148094.0,210444.0
2025-06-18 11:42:57.228040,1989.8,148094.0,210444.0
2025-06-18 11:42:58.311900,1989.8,148094.0,210444.0
2025-06-18 11:42:59.303677,1989.8,148094.0,210444.0
2025-06-18 11:42:59.928771,1989.8,148167.0,210199.0
2025-06-18 11:43:00.164219,1989.8,148167.0,210199.0
2025-06-18 11:43:01.046457,1989.8,148167.0,210199.0
2025-06-18 11:43:02.332687,1989.8,148167.0,210199.0
2025-06-18 11:43:02.333766,1989.9,148167.0,210199.0
2025-06-18 11:43:03.174332,1989.9,148167.0,210199.0
2025-06-18 11:43:04.316106,1989.9,148167.0,210199.0
2025-06-18 11:43:04.584490,1989.9,148167.0,210199.0
2025-06-18 11:43:04.815834,1989.9,148092.0,210782.0
2025-06-18 11:43:05.772046,1989.9,148092.0,210782.0
2025-06-18 11:43:06.317710,1989.9,148092.0,210782.0
2025-06-18 11:43:06.876235,1989.9,148092.0,210782.0
2025-06-18 11:43:08.450286,1989.9,148092.0,210782.0
2025-06-18 11:43:09.919353,1989.9,147889.0,210749.0
2025-06-18 11:43:10.322670,1989.9,147889.0,210749.0
2025-06-18 11:43:14.322655,1989.9,147889.0,210749.0
2025-06-18 11:43:15.520076,1989.9,147381.0,210617.0
2025-06-18 11:43:16.318270,1989.9,147381.0,210617.0
2025-06-18 11:43:18.359883,1990.0,147381.0,210617.0
2025-06-18 11:43:20.313521,1989.9,147381.0,210617.0
2025-06-18 11:43:22.314287,1989.8,147381.0,210617.0
2025-06-18 11:43:24.312250,1990.0,147381.0,210617.0
2025-06-18 11:43:26.029061,1989.9,148006.0,209281.0
2025-06-18 11:43:26.338281,1989.9,148006.0,209281.0
2025-06-18 11:43:28.319065,1989.9,148006.0,209281.0
2025-06-18 11:43:30.315182,1990.0,148006.0,209281.0
2025-06-18 11:43:31.232202,1990.0,147948.0,210463.0
2025-06-18 11:43:33.116817,1990.0,147948.0,210463.0
2025-06-18 11:43:34.317355,1990.0,147948.0,210463.0
2025-06-18 11:43:36.636606,1990.0,147710.0,210489.0
2025-06-18 11:43:40.494893,1990.0,147710.0,210489.0
2025-06-18 11:43:41.849915,1989.9,147818.0,209925.0
2025-06-18 11:43:42.841076,1989.9,147818.0,209925.0
2025-06-18 11:43:44.385828,1989.9,147818.0,209925.0
2025-06-18 11:43:46.314204,1990.0,147818.0,209925.0
2025-06-18 11:43:47.345271,1990.0,148215.0,209424.0
2025-06-18 11:43:49.921968,1990.5,148215.0,209424.0
2025-06-18 11:43:52.319952,1990.4,148215.0,209424.0
2025-06-18 11:43:52.849743,1990.5,149007.0,208983.0
2025-06-18 11:43:54.310899,1990.5,149007.0,208983.0
2025-06-18 11:43:56.307368,1990.5,149007.0,208983.0
2025-06-18 11:43:57.955282,1990.5,148959.0,208674.0
2025-06-18 11:43:58.307956,1990.5,148959.0,208674.0
2025-06-18 11:44:00.307646,1990.5,148959.0,208674.0
2025-06-18 11:44:02.312848,1991.0,148959.0,208674.0
2025-06-18 11:44:03.162079,1990.3,148455.0,207774.0
2025-06-18 11:44:04.314801,1990.3,148455.0,207774.0
2025-06-18 11:44:08.281568,1990.3,149331.0,207712.0
2025-06-18 11:44:08.316665,1990.7,149331.0,207712.0
2025-06-18 11:44:13.063675,1990.7,149203.0,207843.0
2025-06-18 11:44:15.147981,1990.7,149203.0,207843.0
2025-06-18 11:44:18.322409,1990.9,149203.0,207843.0
2025-06-18 11:44:18.368094,1990.9,148751.0,207623.0
2025-06-18 11:44:20.324078,1990.9,148751.0,207623.0
2025-06-18 11:44:23.474927,1990.9,148669.0,207888.0
2025-06-18 11:44:24.315336,1990.9,148669.0,207888.0
2025-06-18 11:44:26.319625,1990.2,148669.0,207888.0
2025-06-18 11:44:28.576038,1990.2,146731.0,209612.0
2025-06-18 11:44:30.313898,1989.9,146731.0,209612.0
2025-06-18 11:44:33.290593,1989.9,146525.0,210842.0
2025-06-18 11:44:36.320956,1989.9,146525.0,210842.0
2025-06-18 11:44:38.288248,1990.0,147910.0,210291.0
