timestamp,ltp,bid_qty,ask_qty
2025-06-18 11:01:36.663378,923.0,350929.0,442575.0
2025-06-18 11:01:38.132053,923.0,350929.0,442575.0
2025-06-18 11:01:39.650132,922.5,351488.0,443734.0
2025-06-18 11:01:40.135504,923.0,351488.0,443734.0
2025-06-18 11:01:42.137005,923.0,351488.0,443734.0
2025-06-18 11:01:44.186190,922.5,351488.0,443734.0
2025-06-18 11:01:44.670452,922.5,350847.0,443467.0
2025-06-18 11:01:46.151058,923.5,350847.0,443467.0
2025-06-18 11:01:50.049503,923.0,355316.0,438946.0
2025-06-18 11:01:50.136657,923.0,355316.0,438946.0
2025-06-18 11:01:52.138430,923.0,355316.0,438946.0
2025-06-18 11:01:54.203763,923.5,355316.0,438946.0
2025-06-18 11:01:55.660107,923.0,354442.0,444331.0
2025-06-18 11:01:56.204488,923.0,354442.0,444331.0
2025-06-18 11:01:58.136869,923.0,354442.0,444331.0
2025-06-18 11:01:59.147432,923.0,354442.0,444331.0
2025-06-18 11:02:00.971127,923.0,355871.0,438761.0
2025-06-18 11:02:01.181911,923.0,355871.0,438761.0
2025-06-18 11:02:05.165597,923.0,355871.0,438761.0
2025-06-18 11:02:05.206196,923.0,355871.0,438761.0
2025-06-18 11:02:06.061781,923.5,355718.0,438438.0
2025-06-18 11:02:08.141863,923.5,355718.0,438438.0
2025-06-18 11:02:10.154665,923.0,355718.0,438438.0
2025-06-18 11:02:11.362676,923.0,356216.0,438583.0
2025-06-18 11:02:14.146128,923.0,356216.0,438583.0
2025-06-18 11:02:16.187722,923.5,356216.0,438583.0
2025-06-18 11:02:16.870477,923.5,356179.0,438277.0
2025-06-18 11:02:18.140084,923.0,356179.0,438277.0
2025-06-18 11:02:20.140043,923.0,356179.0,438277.0
2025-06-18 11:02:21.995216,924.0,356792.0,436983.0
2025-06-18 11:02:22.148687,924.0,356792.0,436983.0
2025-06-18 11:02:24.167266,923.5,356792.0,436983.0
2025-06-18 11:02:25.147244,923.0,356792.0,436983.0
2025-06-18 11:02:27.184577,923.5,354453.0,443392.0
2025-06-18 11:02:28.143593,923.5,354453.0,443392.0
2025-06-18 11:02:30.154687,923.0,354453.0,443392.0
2025-06-18 11:02:32.186423,923.0,354084.0,438268.0
2025-06-18 11:02:36.148899,923.5,354084.0,438268.0
2025-06-18 11:02:37.780526,923.5,353596.0,438605.0
2025-06-18 11:02:38.146163,923.5,353596.0,438605.0
2025-06-18 11:02:39.199840,923.5,353596.0,438605.0
2025-06-18 11:02:42.146183,923.0,353596.0,438605.0
2025-06-18 11:02:42.887709,923.0,354056.0,438547.0
2025-06-18 11:02:44.152618,923.0,354056.0,438547.0
2025-06-18 11:02:45.180155,923.0,354056.0,438547.0
2025-06-18 11:02:48.146195,923.5,354056.0,438547.0
2025-06-18 11:02:48.196523,923.5,353870.0,438631.0
2025-06-18 11:02:50.146218,923.0,353870.0,438631.0
2025-06-18 11:02:52.147581,923.5,353870.0,438631.0
2025-06-18 11:02:53.499066,923.5,352987.0,438718.0
2025-06-18 11:02:54.150447,923.5,352987.0,438718.0
2025-06-18 11:02:55.153673,923.5,352987.0,438718.0
2025-06-18 11:02:58.150157,923.5,352987.0,438718.0
2025-06-18 11:02:58.800069,923.0,352342.0,438656.0
2025-06-18 11:03:00.151612,923.0,352342.0,438656.0
2025-06-18 11:03:03.901894,923.5,351173.0,443336.0
2025-06-18 11:03:04.152007,923.5,351173.0,443336.0
2025-06-18 11:03:06.144956,923.0,351173.0,443336.0
2025-06-18 11:03:09.301579,923.5,353827.0,438558.0
2025-06-18 11:03:10.144355,923.0,353827.0,438558.0
2025-06-18 11:03:12.147644,923.0,353827.0,438558.0
2025-06-18 11:03:14.152507,923.0,353827.0,438558.0
2025-06-18 11:03:14.504348,923.5,352252.0,438325.0
2025-06-18 11:03:16.149613,923.5,352252.0,438325.0
2025-06-18 11:03:18.148451,923.5,352252.0,438325.0
2025-06-18 11:03:19.704757,923.0,353712.0,438631.0
2025-06-18 11:03:20.153682,923.0,353712.0,438631.0
2025-06-18 11:03:22.172073,924.0,353712.0,438631.0
2025-06-18 11:03:24.153876,923.5,353712.0,438631.0
2025-06-18 11:03:24.910095,923.5,353763.0,440409.0
2025-06-18 11:03:25.149913,923.5,353763.0,440409.0
2025-06-18 11:03:28.151328,923.5,353763.0,440409.0
2025-06-18 11:03:30.011733,923.0,351309.0,437571.0
2025-06-18 11:03:30.147749,923.0,351309.0,437571.0
2025-06-18 11:03:32.151909,923.0,351309.0,437571.0
2025-06-18 11:03:34.155202,923.5,351309.0,437571.0
2025-06-18 11:03:35.730157,923.0,350684.0,436700.0
2025-06-18 11:03:36.223094,923.0,350684.0,436700.0
2025-06-18 11:03:38.153891,923.5,350684.0,436700.0
2025-06-18 11:03:39.156024,923.0,350684.0,436700.0
2025-06-18 11:03:41.033392,923.5,350937.0,436388.0
2025-06-18 11:03:42.158615,923.5,350937.0,436388.0
2025-06-18 11:03:46.054700,923.5,350937.0,436388.0
2025-06-18 11:03:46.062260,923.5,351077.0,436420.0
2025-06-18 11:03:46.170407,924.0,351077.0,436420.0
2025-06-18 11:03:47.077096,924.0,351077.0,436420.0
2025-06-18 11:03:48.904723,924.0,351077.0,436420.0
2025-06-18 11:03:49.169842,923.5,351077.0,436420.0
2025-06-18 11:03:49.750679,923.5,351077.0,436420.0
2025-06-18 11:03:50.561689,923.5,351077.0,436420.0
2025-06-18 11:03:50.724220,924.0,351195.0,435988.0
2025-06-18 11:03:51.596155,924.0,351195.0,435988.0
2025-06-18 11:03:52.194222,924.0,351195.0,435988.0
2025-06-18 11:03:52.203661,924.0,351195.0,435988.0
2025-06-18 11:03:53.078374,924.0,351195.0,435988.0
2025-06-18 11:03:54.186080,924.0,351195.0,435988.0
2025-06-18 11:03:54.454716,924.0,351195.0,435988.0
2025-06-18 11:03:55.627152,923.0,350377.0,436168.0
2025-06-18 11:03:55.727696,923.0,350377.0,436168.0
2025-06-18 11:03:56.164067,923.0,350377.0,436168.0
2025-06-18 11:03:56.590201,923.0,350377.0,436168.0
2025-06-18 11:04:00.464428,923.5,350377.0,436168.0
2025-06-18 11:04:00.504807,923.5,350377.0,436168.0
2025-06-18 11:04:00.513564,923.5,350377.0,436168.0
2025-06-18 11:04:00.546065,923.5,350377.0,436168.0
2025-06-18 11:04:00.580995,923.5,350377.0,436168.0
2025-06-18 11:04:00.932168,923.5,349796.0,436744.0
2025-06-18 11:04:01.923936,923.5,349796.0,436744.0
2025-06-18 11:04:02.179279,923.5,349796.0,436744.0
2025-06-18 11:04:04.165658,923.5,349796.0,436744.0
2025-06-18 11:04:05.204407,923.0,349796.0,436744.0
2025-06-18 11:04:06.136045,923.5,350275.0,435978.0
2025-06-18 11:04:08.166450,923.5,350275.0,435978.0
2025-06-18 11:04:10.238923,923.0,350275.0,435978.0
2025-06-18 11:04:11.168834,923.5,350275.0,435978.0
2025-06-18 11:04:11.237802,923.5,351143.0,434380.0
2025-06-18 11:04:14.157507,923.0,351143.0,434380.0
2025-06-18 11:04:16.161723,923.0,351143.0,434380.0
2025-06-18 11:04:16.242381,923.0,351473.0,438063.0
2025-06-18 11:04:18.159467,923.0,351473.0,438063.0
2025-06-18 11:04:20.154425,923.0,351473.0,438063.0
2025-06-18 11:04:21.663440,923.0,350946.0,435201.0
2025-06-18 11:04:22.163947,923.5,350946.0,435201.0
2025-06-18 11:04:24.161912,923.5,350946.0,435201.0
2025-06-18 11:04:26.154724,923.5,350946.0,435201.0
2025-06-18 11:04:26.861788,923.0,350301.0,436719.0
2025-06-18 11:04:28.156457,923.5,350301.0,436719.0
2025-06-18 11:04:30.155510,923.0,350301.0,436719.0
2025-06-18 11:04:31.973439,923.5,350497.0,436467.0
2025-06-18 11:04:32.160421,923.5,350497.0,436467.0
2025-06-18 11:04:36.161123,923.5,350497.0,436467.0
2025-06-18 11:04:36.765807,923.5,351325.0,436975.0
2025-06-18 11:04:38.153398,923.5,351325.0,436975.0
2025-06-18 11:04:39.197734,923.5,351325.0,436975.0
2025-06-18 11:04:41.684330,923.5,352335.0,435611.0
2025-06-18 11:04:42.162430,923.5,352335.0,435611.0
2025-06-18 11:04:44.162448,923.0,352335.0,435611.0
2025-06-18 11:04:45.206675,923.0,352335.0,435611.0
2025-06-18 11:04:46.772873,924.0,351822.0,436045.0
2025-06-18 11:04:47.182114,924.0,351822.0,436045.0
2025-06-18 11:04:51.577377,924.0,353009.0,438573.0
2025-06-18 11:04:52.191101,924.0,353009.0,438573.0
2025-06-18 11:04:54.191248,924.0,353009.0,438573.0
2025-06-18 11:04:56.150672,924.0,353009.0,438573.0
2025-06-18 11:04:56.377207,924.0,353426.0,437520.0
2025-06-18 11:04:58.175606,924.0,353426.0,437520.0
2025-06-18 11:05:00.161926,923.0,353426.0,437520.0
2025-06-18 11:05:01.080839,924.0,351906.0,436020.0
2025-06-18 11:05:01.185544,924.0,351906.0,436020.0
2025-06-18 11:05:05.175204,923.5,351906.0,436020.0
2025-06-18 11:05:05.781602,923.0,351329.0,435748.0
2025-06-18 11:05:06.162564,923.5,351329.0,435748.0
2025-06-18 11:05:08.159553,923.5,351329.0,435748.0
2025-06-18 11:05:10.158576,923.5,351329.0,435748.0
2025-06-18 11:05:10.778878,923.5,349673.0,436722.0
2025-06-18 11:05:12.201847,923.5,349673.0,436722.0
2025-06-18 11:05:15.168183,923.0,349673.0,436722.0
2025-06-18 11:05:16.692795,923.0,351064.0,437226.0
2025-06-18 11:05:18.192417,923.0,351064.0,437226.0
2025-06-18 11:05:20.174475,923.0,351064.0,437226.0
2025-06-18 11:05:21.588801,923.0,350796.0,436554.0
2025-06-18 11:05:24.171273,923.5,350796.0,436554.0
2025-06-18 11:05:26.167447,923.5,350796.0,436554.0
2025-06-18 11:05:26.514240,923.5,351695.0,436291.0
2025-06-18 11:05:27.292393,923.5,351695.0,436291.0
2025-06-18 11:05:30.158108,923.0,351695.0,436291.0
2025-06-18 11:05:31.296701,923.0,350654.0,440484.0
2025-06-18 11:05:36.169559,923.0,350654.0,440484.0
2025-06-18 11:05:36.797796,923.5,351977.0,439501.0
2025-06-18 11:05:37.179809,923.5,351977.0,439501.0
2025-06-18 11:05:40.185894,923.0,351977.0,439501.0
2025-06-18 11:05:42.100063,923.0,351132.0,440078.0
2025-06-18 11:05:44.164562,923.5,351132.0,440078.0
2025-06-18 11:05:46.166191,923.5,351132.0,440078.0
2025-06-18 11:05:47.015715,923.5,351963.0,440130.0
2025-06-18 11:05:47.196363,923.5,351963.0,440130.0
2025-06-18 11:05:50.166903,922.5,351963.0,440130.0
2025-06-18 11:05:52.114867,923.5,349480.0,438502.0
2025-06-18 11:05:52.178555,923.5,349480.0,438502.0
2025-06-18 11:05:54.382469,923.5,349480.0,438502.0
2025-06-18 11:05:55.205585,923.5,349480.0,438502.0
2025-06-18 11:05:57.225041,923.5,350102.0,441814.0
2025-06-18 11:05:58.175446,923.5,350102.0,441814.0
2025-06-18 11:05:59.174034,923.0,350102.0,441814.0
2025-06-18 11:06:01.175834,923.5,350102.0,441814.0
2025-06-18 11:06:01.915652,922.5,348498.0,441603.0
2025-06-18 11:06:04.174054,923.0,348498.0,441603.0
2025-06-18 11:06:05.163984,923.5,348498.0,441603.0
2025-06-18 11:06:06.719315,923.5,350017.0,440850.0
2025-06-18 11:06:08.171273,923.5,350017.0,440850.0
2025-06-18 11:06:10.198454,923.0,350017.0,440850.0
2025-06-18 11:06:11.719306,923.0,347299.0,441140.0
2025-06-18 11:06:12.170370,923.0,347299.0,441140.0
2025-06-18 11:06:16.162677,923.0,347299.0,441140.0
2025-06-18 11:06:16.820478,923.0,347503.0,441186.0
2025-06-18 11:06:20.157231,923.0,347503.0,441186.0
2025-06-18 11:06:21.825249,923.5,348197.0,440374.0
2025-06-18 11:06:22.163441,923.5,348197.0,440374.0
2025-06-18 11:06:24.168781,923.5,348197.0,440374.0
2025-06-18 11:06:25.182948,923.0,348197.0,440374.0
2025-06-18 11:06:26.728808,923.0,347326.0,440832.0
2025-06-18 11:06:29.178084,923.5,347326.0,440832.0
2025-06-18 11:06:31.434831,923.0,348085.0,440948.0
2025-06-18 11:06:32.169673,923.0,348085.0,440948.0
2025-06-18 11:06:34.229593,923.0,348085.0,440948.0
2025-06-18 11:06:36.141083,923.0,338707.0,441640.0
2025-06-18 11:06:36.237274,923.0,338707.0,441640.0
2025-06-18 11:06:37.169790,923.5,338707.0,441640.0
2025-06-18 11:06:40.237300,922.5,338707.0,441640.0
2025-06-18 11:06:41.143311,922.5,346210.0,438409.0
2025-06-18 11:06:44.174020,923.0,346210.0,438409.0
2025-06-18 11:06:46.149604,923.5,347076.0,441680.0
2025-06-18 11:06:46.166035,923.5,347076.0,441680.0
2025-06-18 11:06:46.760651,923.5,347076.0,441680.0
2025-06-18 11:06:47.623345,923.5,347076.0,441680.0
2025-06-18 11:06:48.556335,923.5,347076.0,441680.0
2025-06-18 11:06:49.802862,923.5,347076.0,441680.0
2025-06-18 11:06:50.315334,923.5,347076.0,441680.0
2025-06-18 11:06:51.056761,923.5,347076.0,441680.0
2025-06-18 11:06:51.245424,923.5,346746.0,440861.0
2025-06-18 11:06:52.047125,923.5,346746.0,440861.0
2025-06-18 11:06:52.169321,923.5,346746.0,440861.0
2025-06-18 11:06:52.605743,923.5,346746.0,440861.0
2025-06-18 11:06:53.525048,923.5,346746.0,440861.0
2025-06-18 11:06:54.211885,923.5,346746.0,440861.0
2025-06-18 11:06:54.758077,923.5,346746.0,440861.0
2025-06-18 11:06:56.200227,923.0,348849.0,440487.0
2025-06-18 11:06:56.202501,923.0,348849.0,440487.0
2025-06-18 11:06:56.269253,923.0,348849.0,440487.0
2025-06-18 11:06:57.114321,923.0,348849.0,440487.0
2025-06-18 11:06:58.338120,923.0,348849.0,440487.0
2025-06-18 11:06:58.545454,923.0,348849.0,440487.0
2025-06-18 11:06:59.669077,923.0,348849.0,440487.0
2025-06-18 11:07:00.157913,923.0,348849.0,440487.0
2025-06-18 11:07:00.831139,923.0,348849.0,440487.0
2025-06-18 11:07:00.951382,923.5,348527.0,439906.0
2025-06-18 11:07:02.163738,923.0,348527.0,439906.0
2025-06-18 11:07:02.291430,923.0,348527.0,439906.0
2025-06-18 11:07:05.086413,923.0,348527.0,439906.0
2025-06-18 11:07:05.756129,923.0,346901.0,439845.0
2025-06-18 11:07:06.165758,923.0,346901.0,439845.0
2025-06-18 11:07:10.488875,923.0,346901.0,439845.0
2025-06-18 11:07:11.168755,923.0,346901.0,439845.0
2025-06-18 11:07:11.360275,923.0,347608.0,439261.0
2025-06-18 11:07:14.166350,923.0,347608.0,439261.0
2025-06-18 11:07:16.962844,923.0,347223.0,439260.0
2025-06-18 11:07:17.176591,923.0,347223.0,439260.0
2025-06-18 11:07:20.168879,922.5,347223.0,439260.0
2025-06-18 11:07:22.234660,923.0,347215.0,439458.0
2025-06-18 11:07:23.172590,923.0,347215.0,439458.0
2025-06-18 11:07:26.256824,923.0,347215.0,439458.0
2025-06-18 11:07:27.060545,923.0,347130.0,438329.0
2025-06-18 11:07:28.171774,923.0,347130.0,438329.0
2025-06-18 11:07:31.965725,922.5,346782.0,438895.0
2025-06-18 11:07:32.179256,922.5,346782.0,438895.0
2025-06-18 11:07:34.171606,923.0,346782.0,438895.0
2025-06-18 11:07:36.167706,923.0,346782.0,438895.0
2025-06-18 11:07:36.868600,923.0,347134.0,438417.0
2025-06-18 11:07:38.169989,922.5,347134.0,438417.0
2025-06-18 11:07:40.200650,922.5,347134.0,438417.0
2025-06-18 11:07:42.073778,922.5,347960.0,438663.0
2025-06-18 11:07:42.173904,922.5,347960.0,438663.0
2025-06-18 11:07:44.794349,923.0,347960.0,438663.0
2025-06-18 11:07:46.177755,922.5,347960.0,438663.0
2025-06-18 11:07:47.376004,922.5,348100.0,437607.0
2025-06-18 11:07:48.170884,922.5,348100.0,437607.0
2025-06-18 11:07:50.180550,922.5,348100.0,437607.0
2025-06-18 11:07:52.376185,922.5,348207.0,437975.0
2025-06-18 11:07:53.176524,922.5,348207.0,437975.0
2025-06-18 11:07:56.185689,923.0,348207.0,437975.0
2025-06-18 11:07:57.481575,923.0,346439.0,442458.0
2025-06-18 11:07:59.175182,922.0,346439.0,442458.0
2025-06-18 11:08:01.247400,922.0,346439.0,442458.0
2025-06-18 11:08:02.492635,922.5,345022.0,437797.0
2025-06-18 11:08:03.175623,922.5,345022.0,437797.0
2025-06-18 11:08:05.185369,922.5,345022.0,437797.0
2025-06-18 11:08:07.884879,922.5,344888.0,439794.0
2025-06-18 11:08:09.242929,923.0,344888.0,439794.0
2025-06-18 11:08:11.177096,922.5,344888.0,439794.0
2025-06-18 11:08:13.178506,922.5,344888.0,439794.0
2025-06-18 11:08:13.389818,922.5,344543.0,443498.0
2025-06-18 11:08:15.199319,922.5,344543.0,443498.0
2025-06-18 11:08:20.443375,922.5,344543.0,443498.0
2025-06-18 11:08:20.500287,922.5,345901.0,442255.0
2025-06-18 11:08:20.531792,922.5,345901.0,442255.0
2025-06-18 11:08:21.182946,922.5,345901.0,442255.0
2025-06-18 11:08:23.185000,922.5,345901.0,442255.0
2025-06-18 11:08:24.042298,922.5,344976.0,441246.0
2025-06-18 11:08:26.173372,923.0,344976.0,441246.0
2025-06-18 11:08:29.173182,923.0,344976.0,441246.0
2025-06-18 11:08:29.405481,922.5,345243.0,441318.0
2025-06-18 11:08:31.186964,922.5,345243.0,441318.0
2025-06-18 11:08:32.179271,923.0,345243.0,441318.0
2025-06-18 11:08:34.807688,922.5,345240.0,441544.0
2025-06-18 11:08:35.166954,922.5,345240.0,441544.0
2025-06-18 11:08:37.175963,923.0,345240.0,441544.0
2025-06-18 11:08:38.182365,923.0,345240.0,441544.0
2025-06-18 11:08:40.111519,922.5,345920.0,441120.0
2025-06-18 11:08:41.180522,922.5,345920.0,441120.0
2025-06-18 11:08:42.192346,922.5,345920.0,441120.0
2025-06-18 11:08:44.187177,922.5,345920.0,441120.0
2025-06-18 11:08:45.310381,922.5,344993.0,441805.0
2025-06-18 11:08:47.174950,922.5,344993.0,441805.0
2025-06-18 11:08:49.176591,923.5,344993.0,441805.0
2025-06-18 11:08:50.178934,922.5,344993.0,441805.0
2025-06-18 11:08:50.609533,922.5,348745.0,439531.0
2025-06-18 11:08:53.177489,923.0,348745.0,439531.0
2025-06-18 11:08:55.169241,923.5,348745.0,439531.0
2025-06-18 11:08:55.814974,923.5,350190.0,441059.0
2025-06-18 11:08:57.173040,923.0,350190.0,441059.0
2025-06-18 11:08:58.178248,923.0,350190.0,441059.0
2025-06-18 11:09:00.834537,923.0,350452.0,441447.0
2025-06-18 11:09:01.180682,923.0,350452.0,441447.0
2025-06-18 11:09:03.193774,923.5,350452.0,441447.0
2025-06-18 11:09:05.179642,923.0,350452.0,441447.0
2025-06-18 11:09:05.628424,923.5,349586.0,441395.0
2025-06-18 11:09:07.174006,923.0,349586.0,441395.0
2025-06-18 11:09:09.171673,923.5,349586.0,441395.0
2025-06-18 11:09:10.831624,923.0,349952.0,440119.0
2025-06-18 11:09:11.171301,923.0,349952.0,440119.0
2025-06-18 11:09:14.308503,923.0,349952.0,440119.0
2025-06-18 11:09:15.174688,923.0,349952.0,440119.0
2025-06-18 11:09:16.827317,923.5,350073.0,440496.0
2025-06-18 11:09:17.174227,923.5,350073.0,440496.0
2025-06-18 11:09:18.876543,923.0,350073.0,440496.0
2025-06-18 11:09:21.173213,923.0,350073.0,440496.0
2025-06-18 11:09:22.328533,923.5,350667.0,440041.0
2025-06-18 11:09:23.174220,923.5,350667.0,440041.0
2025-06-18 11:09:25.178632,923.0,350667.0,440041.0
2025-06-18 11:09:27.169284,923.0,350667.0,440041.0
2025-06-18 11:09:27.628806,923.0,350830.0,440091.0
2025-06-18 11:09:29.178549,923.0,350830.0,440091.0
2025-06-18 11:09:31.170745,923.5,350830.0,440091.0
2025-06-18 11:09:32.933275,923.5,350672.0,439893.0
2025-06-18 11:09:35.174623,923.0,350672.0,439893.0
2025-06-18 11:09:37.178339,923.0,350672.0,439893.0
2025-06-18 11:09:38.146476,923.0,351765.0,439308.0
2025-06-18 11:09:39.897938,923.5,351765.0,439308.0
2025-06-18 11:09:41.169358,923.0,351765.0,439308.0
2025-06-18 11:09:43.179016,923.0,351765.0,439308.0
2025-06-18 11:09:43.540360,923.0,354097.0,437641.0
2025-06-18 11:09:44.211850,923.5,354097.0,437641.0
2025-06-18 11:09:47.144633,923.5,354097.0,437641.0
2025-06-18 11:09:47.224082,923.0,354097.0,437641.0
2025-06-18 11:09:48.247385,923.0,354097.0,437641.0
2025-06-18 11:09:48.653391,923.0,353905.0,437296.0
2025-06-18 11:09:49.140142,923.0,353905.0,437296.0
2025-06-18 11:09:49.177893,923.5,353905.0,437296.0
2025-06-18 11:09:50.062107,923.5,353905.0,437296.0
2025-06-18 11:09:50.178416,923.5,353905.0,437296.0
2025-06-18 11:09:50.869850,923.5,353905.0,437296.0
2025-06-18 11:09:51.640589,923.5,353905.0,437296.0
2025-06-18 11:09:52.637746,923.5,353905.0,437296.0
2025-06-18 11:09:53.179802,923.0,353905.0,437296.0
2025-06-18 11:09:53.229489,923.0,353905.0,437296.0
2025-06-18 11:09:54.128370,923.0,353905.0,437296.0
2025-06-18 11:09:54.244731,923.5,354419.0,437065.0
2025-06-18 11:09:54.468006,923.5,354419.0,437065.0
2025-06-18 11:09:55.181470,923.0,354419.0,437065.0
2025-06-18 11:09:55.342695,923.0,354419.0,437065.0
2025-06-18 11:09:56.589749,923.0,354419.0,437065.0
2025-06-18 11:09:57.181168,923.5,354419.0,437065.0
2025-06-18 11:09:57.590337,923.5,354419.0,437065.0
2025-06-18 11:09:58.983011,923.5,354419.0,437065.0
2025-06-18 11:09:59.345056,923.0,354258.0,436883.0
2025-06-18 11:10:00.126953,923.0,354258.0,436883.0
2025-06-18 11:10:01.170924,923.0,354258.0,436883.0
2025-06-18 11:10:01.254962,923.0,354258.0,436883.0
2025-06-18 11:10:02.723557,923.0,354258.0,436883.0
2025-06-18 11:10:04.448172,923.0,354561.0,437042.0
2025-06-18 11:10:07.178960,923.5,354561.0,437042.0
2025-06-18 11:10:09.514321,923.0,354561.0,437042.0
2025-06-18 11:10:09.541076,923.5,355337.0,437417.0
2025-06-18 11:10:11.190411,923.0,355337.0,437417.0
2025-06-18 11:10:13.182564,923.0,355337.0,437417.0
2025-06-18 11:10:14.189418,923.0,355337.0,437417.0
2025-06-18 11:10:15.059287,923.0,353359.0,436760.0
2025-06-18 11:10:17.186892,923.0,353359.0,436760.0
2025-06-18 11:10:19.177235,923.0,353359.0,436760.0
2025-06-18 11:10:20.161963,923.0,352753.0,436132.0
2025-06-18 11:10:21.190504,923.0,352753.0,436132.0
2025-06-18 11:10:23.179039,923.5,352753.0,436132.0
2025-06-18 11:10:25.184239,923.0,352753.0,436132.0
2025-06-18 11:10:25.457884,923.0,353103.0,436381.0
2025-06-18 11:10:31.062136,923.0,354093.0,435693.0
2025-06-18 11:10:31.218401,923.0,354093.0,435693.0
2025-06-18 11:10:34.189967,923.0,354093.0,435693.0
2025-06-18 11:10:36.569376,923.0,354562.0,434696.0
2025-06-18 11:10:37.180040,923.0,354562.0,434696.0
2025-06-18 11:10:39.175379,923.5,354562.0,434696.0
2025-06-18 11:10:41.184709,923.0,354562.0,434696.0
2025-06-18 11:10:42.181949,923.0,355573.0,434725.0
2025-06-18 11:10:43.178645,923.5,355573.0,434725.0
2025-06-18 11:10:45.176761,923.0,355573.0,434725.0
2025-06-18 11:10:47.176277,923.0,355573.0,434725.0
2025-06-18 11:10:47.273051,923.0,355072.0,435983.0
2025-06-18 11:10:49.176757,923.0,355072.0,435983.0
2025-06-18 11:10:51.177680,923.5,355072.0,435983.0
2025-06-18 11:10:52.481980,923.5,353314.0,439318.0
2025-06-18 11:10:55.179603,923.5,353314.0,439318.0
2025-06-18 11:10:56.181948,923.0,353314.0,439318.0
2025-06-18 11:10:57.687356,923.0,350271.0,438116.0
2025-06-18 11:10:59.173704,923.0,350271.0,438116.0
2025-06-18 11:11:01.174859,923.0,350271.0,438116.0
2025-06-18 11:11:02.893204,923.0,350157.0,435316.0
2025-06-18 11:11:03.178079,923.0,350157.0,435316.0
2025-06-18 11:11:05.174333,922.5,350157.0,435316.0
2025-06-18 11:11:08.396075,922.5,350211.0,435305.0
2025-06-18 11:11:11.185664,922.5,350211.0,435305.0
2025-06-18 11:11:13.187644,922.5,350211.0,435305.0
2025-06-18 11:11:13.797414,923.0,349897.0,436143.0
2025-06-18 11:11:14.199984,923.0,349897.0,436143.0
2025-06-18 11:11:16.181363,923.0,349897.0,436143.0
2025-06-18 11:11:19.111386,923.0,350090.0,436032.0
2025-06-18 11:11:19.191990,923.0,350090.0,436032.0
2025-06-18 11:11:21.196426,923.0,350090.0,436032.0
2025-06-18 11:11:23.176355,923.0,350090.0,436032.0
2025-06-18 11:11:24.205339,923.5,355466.0,436853.0
2025-06-18 11:11:25.195887,923.0,355466.0,436853.0
2025-06-18 11:11:27.183070,923.5,355466.0,436853.0
2025-06-18 11:11:29.303294,923.0,356797.0,432946.0
2025-06-18 11:11:30.183780,923.0,356797.0,432946.0
2025-06-18 11:11:32.193425,923.0,356797.0,432946.0
2025-06-18 11:11:34.187082,923.5,356797.0,432946.0
2025-06-18 11:11:34.309725,923.5,358097.0,432428.0
2025-06-18 11:11:37.198786,923.0,358097.0,432428.0
2025-06-18 11:11:39.190129,923.5,358097.0,432428.0
2025-06-18 11:11:39.310624,923.5,357803.0,431834.0
2025-06-18 11:11:40.185412,923.0,357803.0,431834.0
2025-06-18 11:11:43.203379,923.5,357803.0,431834.0
2025-06-18 11:11:44.212555,923.5,357803.0,431834.0
2025-06-18 11:11:44.413112,923.5,357673.0,431996.0
2025-06-18 11:11:47.214505,923.5,357673.0,431996.0
2025-06-18 11:11:49.416660,923.5,357721.0,433043.0
2025-06-18 11:11:51.207074,923.5,357721.0,433043.0
2025-06-18 11:11:53.198033,923.0,357721.0,433043.0
2025-06-18 11:11:54.541864,923.5,357990.0,432300.0
2025-06-18 11:11:55.204489,923.0,357990.0,432300.0
2025-06-18 11:11:56.199373,923.5,357990.0,432300.0
2025-06-18 11:11:58.444645,923.5,357990.0,432300.0
2025-06-18 11:11:59.627454,923.0,357972.0,433015.0
2025-06-18 11:12:00.189548,923.0,357972.0,433015.0
2025-06-18 11:12:03.189650,923.5,357972.0,433015.0
2025-06-18 11:12:04.228369,923.5,356972.0,433023.0
2025-06-18 11:12:05.179908,923.5,356972.0,433023.0
2025-06-18 11:12:07.180592,923.5,356972.0,433023.0
2025-06-18 11:12:10.114860,923.0,356966.0,433294.0
2025-06-18 11:12:10.116807,923.0,356966.0,433294.0
2025-06-18 11:12:10.195351,923.0,356966.0,433294.0
2025-06-18 11:12:13.188058,923.5,356966.0,433294.0
2025-06-18 11:12:14.187748,923.5,356966.0,433294.0
2025-06-18 11:12:14.235665,923.5,357624.0,433256.0
2025-06-18 11:12:17.180152,923.0,357624.0,433256.0
2025-06-18 11:12:18.217139,923.5,357624.0,433256.0
2025-06-18 11:12:19.644329,923.0,357477.0,433647.0
2025-06-18 11:12:20.184506,923.0,357477.0,433647.0
2025-06-18 11:12:23.180421,923.5,357477.0,433647.0
2025-06-18 11:12:24.544616,923.5,357568.0,432110.0
2025-06-18 11:12:25.180408,923.0,357568.0,432110.0
2025-06-18 11:12:27.182086,923.5,357568.0,432110.0
2025-06-18 11:12:29.180761,923.5,357568.0,432110.0
2025-06-18 11:12:29.451911,923.5,356925.0,432512.0
2025-06-18 11:12:30.197923,923.0,356925.0,432512.0
2025-06-18 11:12:33.182685,923.0,356925.0,432512.0
2025-06-18 11:12:34.188443,923.5,356925.0,432512.0
2025-06-18 11:12:34.753781,923.0,356482.0,433859.0
2025-06-18 11:12:37.181757,923.5,356482.0,433859.0
2025-06-18 11:12:39.183369,923.5,356482.0,433859.0
2025-06-18 11:12:40.057373,923.0,356729.0,433758.0
2025-06-18 11:12:41.223476,923.0,356729.0,433758.0
2025-06-18 11:12:43.185071,923.5,356729.0,433758.0
2025-06-18 11:12:45.062791,923.0,356664.0,433457.0
2025-06-18 11:12:45.184618,923.0,356664.0,433457.0
2025-06-18 11:12:46.187715,923.5,356664.0,433457.0
2025-06-18 11:12:47.595026,923.5,356664.0,433457.0
2025-06-18 11:12:48.188151,923.5,356664.0,433457.0
2025-06-18 11:12:48.629637,923.5,356664.0,433457.0
2025-06-18 11:12:49.542497,923.5,356664.0,433457.0
2025-06-18 11:12:50.167376,923.5,359333.0,431636.0
2025-06-18 11:12:50.455843,923.5,359333.0,431636.0
2025-06-18 11:12:51.184420,924.0,359333.0,431636.0
2025-06-18 11:12:51.318088,924.0,359333.0,431636.0
2025-06-18 11:12:52.084611,924.0,359333.0,431636.0
2025-06-18 11:12:53.103716,924.0,359333.0,431636.0
2025-06-18 11:12:54.048025,924.0,359333.0,431636.0
2025-06-18 11:12:54.189238,924.0,359333.0,431636.0
2025-06-18 11:12:54.526277,924.0,359333.0,431636.0
2025-06-18 11:12:55.763025,924.0,359333.0,431636.0
2025-06-18 11:12:55.869785,923.5,358481.0,433886.0
2025-06-18 11:12:56.188601,923.5,358481.0,433886.0
2025-06-18 11:12:57.015547,923.5,358481.0,433886.0
2025-06-18 11:12:57.884545,923.5,358481.0,433886.0
2025-06-18 11:12:58.194606,923.5,358481.0,433886.0
2025-06-18 11:12:59.293645,923.5,358481.0,433886.0
2025-06-18 11:13:00.198410,923.5,358481.0,433886.0
2025-06-18 11:13:00.403317,923.5,358481.0,433886.0
2025-06-18 11:13:01.173968,923.5,358467.0,432659.0
2025-06-18 11:13:01.581074,923.5,358467.0,432659.0
2025-06-18 11:13:02.188765,924.0,358467.0,432659.0
2025-06-18 11:13:03.042069,924.0,358467.0,432659.0
2025-06-18 11:13:06.177931,924.0,357817.0,433669.0
2025-06-18 11:13:07.185353,924.0,357817.0,433669.0
2025-06-18 11:13:10.189220,924.0,357817.0,433669.0
2025-06-18 11:13:11.081095,923.5,357594.0,432628.0
2025-06-18 11:13:12.192479,923.5,357594.0,432628.0
2025-06-18 11:13:15.189991,923.5,357594.0,432628.0
2025-06-18 11:13:15.882290,923.5,357741.0,432978.0
2025-06-18 11:13:17.188792,923.5,357741.0,432978.0
2025-06-18 11:13:19.187909,923.5,357741.0,432978.0
2025-06-18 11:13:20.192078,923.5,357741.0,432978.0
2025-06-18 11:13:20.684741,924.0,357749.0,433130.0
2025-06-18 11:13:23.185491,923.5,357749.0,433130.0
2025-06-18 11:13:25.188199,923.5,357749.0,433130.0
2025-06-18 11:13:25.686445,924.0,357908.0,433003.0
2025-06-18 11:13:26.193798,924.0,357908.0,433003.0
2025-06-18 11:13:28.193876,924.0,357908.0,433003.0
2025-06-18 11:13:30.592675,923.5,358008.0,432645.0
2025-06-18 11:13:31.187729,924.0,358008.0,432645.0
2025-06-18 11:13:35.187413,923.5,358008.0,432645.0
2025-06-18 11:13:35.492166,923.5,359046.0,431613.0
2025-06-18 11:13:37.188417,923.5,359046.0,431613.0
2025-06-18 11:13:39.187970,923.5,359046.0,431613.0
2025-06-18 11:13:40.796091,923.5,359069.0,431577.0
2025-06-18 11:13:41.190716,923.5,359069.0,431577.0
2025-06-18 11:13:42.195153,924.0,359069.0,431577.0
2025-06-18 11:13:44.197777,924.0,359069.0,431577.0
2025-06-18 11:13:45.900519,923.5,358837.0,431706.0
2025-06-18 11:13:47.195700,923.5,358837.0,431706.0
2025-06-18 11:13:50.206883,924.0,358837.0,431706.0
2025-06-18 11:13:50.699602,924.0,359425.0,431713.0
2025-06-18 11:13:53.189946,923.5,359425.0,431713.0
2025-06-18 11:13:55.189950,923.5,359425.0,431713.0
2025-06-18 11:13:55.702645,923.5,359384.0,430622.0
2025-06-18 11:13:59.185393,924.0,359384.0,430622.0
2025-06-18 11:14:01.106701,924.0,363375.0,421773.0
2025-06-18 11:14:01.183652,923.5,363375.0,421773.0
2025-06-18 11:14:03.189865,924.0,363375.0,421773.0
2025-06-18 11:14:04.197927,924.0,363375.0,421773.0
2025-06-18 11:14:06.017158,923.5,360671.0,427185.0
2025-06-18 11:14:07.189150,924.0,360671.0,427185.0
2025-06-18 11:14:09.194586,924.0,360671.0,427185.0
2025-06-18 11:14:10.197683,924.5,360671.0,427185.0
2025-06-18 11:14:11.017284,924.5,362465.0,428507.0
2025-06-18 11:14:13.227014,923.5,362465.0,428507.0
2025-06-18 11:14:14.198470,924.5,362465.0,428507.0
2025-06-18 11:14:16.114508,924.0,362426.0,428901.0
2025-06-18 11:14:17.198209,923.5,362426.0,428901.0
2025-06-18 11:14:20.821875,923.0,356572.0,433064.0
2025-06-18 11:14:21.189923,923.0,356572.0,433064.0
2025-06-18 11:14:23.190464,924.0,356572.0,433064.0
2025-06-18 11:14:25.194971,923.5,356572.0,433064.0
2025-06-18 11:14:25.921491,924.0,360096.0,434222.0
2025-06-18 11:14:27.202985,923.0,360096.0,434222.0
2025-06-18 11:14:29.192715,923.5,360096.0,434222.0
2025-06-18 11:14:31.130224,924.0,359248.0,429249.0
2025-06-18 11:14:31.190653,924.0,359248.0,429249.0
2025-06-18 11:14:33.190465,923.0,359248.0,429249.0
2025-06-18 11:14:35.193211,923.5,359248.0,429249.0
2025-06-18 11:14:36.431731,924.0,358804.0,431306.0
2025-06-18 11:14:37.221196,924.0,358804.0,431306.0
2025-06-18 11:14:41.197033,923.5,358804.0,431306.0
2025-06-18 11:14:41.433328,923.5,358577.0,431645.0
2025-06-18 11:14:43.203257,924.0,358577.0,431645.0
2025-06-18 11:14:46.839917,923.5,359390.0,432283.0
2025-06-18 11:14:47.196634,923.5,359390.0,432283.0
2025-06-18 11:14:48.204919,923.5,359390.0,432283.0
2025-06-18 11:14:51.194167,924.0,359390.0,432283.0
2025-06-18 11:14:52.344909,924.0,359463.0,432259.0
2025-06-18 11:14:53.213403,924.0,359463.0,432259.0
2025-06-18 11:14:55.191442,923.5,359463.0,432259.0
2025-06-18 11:14:57.851319,923.5,359537.0,431028.0
2025-06-18 11:14:58.216156,923.5,359537.0,431028.0
2025-06-18 11:15:00.198955,924.0,359537.0,431028.0
2025-06-18 11:15:03.155736,923.5,358662.0,431153.0
2025-06-18 11:15:03.191597,923.5,358662.0,431153.0
2025-06-18 11:15:04.200141,924.0,358662.0,431153.0
2025-06-18 11:15:06.961594,924.0,358662.0,431153.0
2025-06-18 11:15:08.354931,924.0,358719.0,430866.0
2025-06-18 11:15:10.475396,924.0,358719.0,430866.0
2025-06-18 11:15:10.514497,923.5,358719.0,430866.0
2025-06-18 11:15:13.192822,923.5,358719.0,430866.0
2025-06-18 11:15:13.459408,924.0,361479.0,427728.0
2025-06-18 11:15:14.210305,924.0,361479.0,427728.0
2025-06-18 11:15:17.205797,924.0,361479.0,427728.0
2025-06-18 11:15:18.462966,924.0,361816.0,428815.0
2025-06-18 11:15:19.199800,924.0,361816.0,428815.0
2025-06-18 11:15:20.204744,923.5,361816.0,428815.0
2025-06-18 11:15:23.197198,924.0,361816.0,428815.0
2025-06-18 11:15:23.366516,924.0,361492.0,428251.0
2025-06-18 11:15:25.199219,924.0,361492.0,428251.0
2025-06-18 11:15:27.196794,924.0,361492.0,428251.0
2025-06-18 11:15:28.766759,923.5,360370.0,428734.0
2025-06-18 11:15:29.204651,923.5,360370.0,428734.0
2025-06-18 11:15:31.197759,924.0,360370.0,428734.0
2025-06-18 11:15:32.202654,923.5,360370.0,428734.0
2025-06-18 11:15:34.374796,924.0,361571.0,428695.0
2025-06-18 11:15:35.197510,923.5,361571.0,428695.0
2025-06-18 11:15:37.225023,923.5,361571.0,428695.0
2025-06-18 11:15:39.779079,924.5,359835.0,429904.0
2025-06-18 11:15:40.231188,924.0,359835.0,429904.0
2025-06-18 11:15:42.232397,924.0,359835.0,429904.0
2025-06-18 11:15:44.686728,923.5,363036.0,429646.0
2025-06-18 11:15:45.196826,923.5,363036.0,429646.0
2025-06-18 11:15:47.197168,924.0,363036.0,429646.0
2025-06-18 11:15:48.077339,924.0,363036.0,429646.0
2025-06-18 11:15:49.100441,924.0,363036.0,429646.0
2025-06-18 11:15:49.198533,924.0,363036.0,429646.0
2025-06-18 11:15:50.003355,924.0,363036.0,429646.0
2025-06-18 11:15:50.282428,924.0,362243.0,424701.0
2025-06-18 11:15:50.944243,924.0,362243.0,424701.0
2025-06-18 11:15:51.200414,924.5,362243.0,424701.0
2025-06-18 11:15:51.784972,924.5,362243.0,424701.0
2025-06-18 11:15:52.569754,924.5,362243.0,424701.0
2025-06-18 11:15:53.194317,924.0,362243.0,424701.0
2025-06-18 11:15:53.576390,924.0,362243.0,424701.0
2025-06-18 11:15:54.136936,924.0,362243.0,424701.0
2025-06-18 11:15:54.203900,924.5,362243.0,424701.0
2025-06-18 11:15:54.541316,924.5,362243.0,424701.0
2025-06-18 11:15:55.041032,924.5,362243.0,424701.0
2025-06-18 11:15:55.688431,924.0,362378.0,429825.0
2025-06-18 11:15:56.301703,924.0,362378.0,429825.0
2025-06-18 11:15:57.200497,924.0,362378.0,429825.0
2025-06-18 11:15:57.555861,924.0,362378.0,429825.0
2025-06-18 11:15:58.422978,924.0,362378.0,429825.0
2025-06-18 11:15:59.194707,924.0,362378.0,429825.0
2025-06-18 11:16:00.117664,924.0,362378.0,429825.0
2025-06-18 11:16:00.886240,924.0,360307.0,429781.0
2025-06-18 11:16:01.207769,923.5,360307.0,429781.0
2025-06-18 11:16:01.251582,923.5,360307.0,429781.0
2025-06-18 11:16:02.404400,923.5,360307.0,429781.0
2025-06-18 11:16:03.199008,923.5,360307.0,429781.0
2025-06-18 11:16:03.883426,923.5,360307.0,429781.0
2025-06-18 11:16:06.192376,923.5,360358.0,429276.0
2025-06-18 11:16:07.201819,924.0,360358.0,429276.0
2025-06-18 11:16:08.733745,924.0,360358.0,429276.0
2025-06-18 11:16:10.476538,923.5,360358.0,429276.0
2025-06-18 11:16:11.494820,924.0,350294.0,433365.0
2025-06-18 11:16:13.201080,924.0,350294.0,433365.0
2025-06-18 11:16:16.999377,923.5,359853.0,432482.0
2025-06-18 11:16:17.206037,923.5,359853.0,432482.0
2025-06-18 11:16:18.211800,924.0,359853.0,432482.0
2025-06-18 11:16:20.210156,923.5,359853.0,432482.0
2025-06-18 11:16:22.100213,924.0,359992.0,432129.0
2025-06-18 11:16:22.216969,924.0,359992.0,432129.0
2025-06-18 11:16:24.210911,924.0,359992.0,432129.0
2025-06-18 11:16:26.208381,924.0,359992.0,432129.0
2025-06-18 11:16:27.210477,924.0,363820.0,432555.0
2025-06-18 11:16:29.206653,923.5,363820.0,432555.0
2025-06-18 11:16:31.202100,923.5,363820.0,432555.0
2025-06-18 11:16:32.110273,924.0,365862.0,428035.0
2025-06-18 11:16:32.209177,924.0,365862.0,428035.0
2025-06-18 11:16:34.237789,923.5,365862.0,428035.0
2025-06-18 11:16:37.205679,923.5,365862.0,428035.0
2025-06-18 11:16:37.413622,923.5,366033.0,428184.0
2025-06-18 11:16:40.293145,924.5,366033.0,428184.0
2025-06-18 11:16:40.331481,924.5,366033.0,428184.0
2025-06-18 11:16:42.215243,923.5,366033.0,428184.0
2025-06-18 11:16:42.617017,923.5,365344.0,428320.0
2025-06-18 11:16:45.210754,924.5,365344.0,428320.0
2025-06-18 11:16:46.211879,923.5,365344.0,428320.0
2025-06-18 11:16:47.720078,923.5,365335.0,428180.0
2025-06-18 11:16:49.207425,923.5,365335.0,428180.0
2025-06-18 11:16:51.215366,924.0,365335.0,428180.0
2025-06-18 11:16:52.824358,924.0,365543.0,429729.0
2025-06-18 11:16:53.209482,924.0,365543.0,429729.0
2025-06-18 11:16:55.209267,924.0,365543.0,429729.0
2025-06-18 11:16:57.209917,923.5,365543.0,429729.0
2025-06-18 11:16:58.026662,924.0,364936.0,432513.0
2025-06-18 11:17:00.417404,924.0,364936.0,432513.0
2025-06-18 11:17:01.203722,924.0,364936.0,432513.0
2025-06-18 11:17:03.199143,924.0,365816.0,431803.0
2025-06-18 11:17:03.205676,924.0,365816.0,431803.0
2025-06-18 11:17:04.215793,924.0,365816.0,431803.0
2025-06-18 11:17:07.208895,924.0,365816.0,431803.0
2025-06-18 11:17:08.131729,923.5,365776.0,431374.0
2025-06-18 11:17:08.243661,923.5,365776.0,431374.0
2025-06-18 11:17:11.209676,924.0,365776.0,431374.0
2025-06-18 11:17:13.205278,923.5,365776.0,431374.0
2025-06-18 11:17:13.332944,923.5,365814.0,430802.0
2025-06-18 11:17:16.211449,923.0,365814.0,430802.0
2025-06-18 11:17:18.250089,923.0,365814.0,430802.0
2025-06-18 11:17:18.346746,923.0,357482.0,437559.0
2025-06-18 11:17:21.208356,923.0,357482.0,437559.0
2025-06-18 11:17:23.207006,923.5,357482.0,437559.0
2025-06-18 11:17:23.655975,923.5,355999.0,434525.0
2025-06-18 11:17:25.211374,923.0,355999.0,434525.0
2025-06-18 11:17:27.210151,923.5,355999.0,434525.0
2025-06-18 11:17:28.747104,923.0,354254.0,434390.0
2025-06-18 11:17:31.209622,923.5,354254.0,434390.0
2025-06-18 11:17:32.216235,923.5,354254.0,434390.0
2025-06-18 11:17:33.748692,923.5,355391.0,434683.0
2025-06-18 11:17:35.211272,923.5,355391.0,434683.0
2025-06-18 11:17:37.209071,923.0,355391.0,434683.0
2025-06-18 11:17:38.853021,923.5,355321.0,435094.0
2025-06-18 11:17:41.216997,923.5,355321.0,435094.0
2025-06-18 11:17:43.213601,923.5,355321.0,435094.0
2025-06-18 11:17:43.953361,923.5,354440.0,434114.0
2025-06-18 11:17:47.213013,923.5,354440.0,434114.0
2025-06-18 11:17:48.216791,923.5,354440.0,434114.0
2025-06-18 11:17:48.757428,923.5,354515.0,434672.0
2025-06-18 11:17:50.221845,923.0,354515.0,434672.0
2025-06-18 11:17:52.215926,923.5,354515.0,434672.0
2025-06-18 11:17:53.459978,923.0,355233.0,434455.0
2025-06-18 11:17:54.217986,923.5,355233.0,434455.0
2025-06-18 11:17:57.212830,923.0,355233.0,434455.0
2025-06-18 11:17:58.067292,923.5,357032.0,434496.0
2025-06-18 11:17:58.244485,924.0,357032.0,434496.0
2025-06-18 11:18:01.206319,923.0,357032.0,434496.0
2025-06-18 11:18:02.572839,923.0,355296.0,436588.0
2025-06-18 11:18:05.219598,923.0,355296.0,436588.0
2025-06-18 11:18:07.217091,923.5,355296.0,436588.0
2025-06-18 11:18:07.468485,923.5,354581.0,438962.0
2025-06-18 11:18:11.217399,922.5,354581.0,438962.0
2025-06-18 11:18:12.472002,923.0,346224.0,444214.0
2025-06-18 11:18:14.208607,923.0,346224.0,444214.0
2025-06-18 11:18:17.214101,922.5,346224.0,444214.0
2025-06-18 11:18:18.378328,923.0,348288.0,443995.0
2025-06-18 11:18:20.215622,923.0,348288.0,443995.0
2025-06-18 11:18:22.206788,922.5,348288.0,443995.0
2025-06-18 11:18:24.096131,923.0,348538.0,444346.0
2025-06-18 11:18:24.208515,923.0,348538.0,444346.0
2025-06-18 11:18:26.211443,923.0,348538.0,444346.0
2025-06-18 11:18:28.260370,923.0,348538.0,444346.0
2025-06-18 11:18:29.183404,922.5,348530.0,443608.0
2025-06-18 11:18:30.209882,922.5,348530.0,443608.0
2025-06-18 11:18:32.215917,922.5,348530.0,443608.0
2025-06-18 11:18:34.923295,922.5,348530.0,443608.0
2025-06-18 11:18:34.926749,922.5,349340.0,437097.0
2025-06-18 11:18:35.224198,922.5,349340.0,437097.0
2025-06-18 11:18:38.220005,923.5,349340.0,437097.0
2025-06-18 11:18:39.217328,923.0,349340.0,437097.0
2025-06-18 11:18:39.487898,923.0,351279.0,441162.0
2025-06-18 11:18:42.208679,922.5,351279.0,441162.0
2025-06-18 11:18:44.216501,923.0,351279.0,441162.0
2025-06-18 11:18:44.287058,923.0,351265.0,443873.0
2025-06-18 11:18:45.215947,923.0,351265.0,443873.0
2025-06-18 11:18:47.237494,923.0,351265.0,443873.0
2025-06-18 11:18:48.479662,923.0,351265.0,443873.0
2025-06-18 11:18:48.890102,923.0,351004.0,441332.0
2025-06-18 11:18:49.219020,922.5,351004.0,441332.0
2025-06-18 11:18:49.594966,922.5,351004.0,441332.0
2025-06-18 11:18:50.469397,922.5,351004.0,441332.0
2025-06-18 11:18:51.216453,923.5,351004.0,441332.0
2025-06-18 11:18:51.409069,923.5,351004.0,441332.0
2025-06-18 11:18:52.259650,923.5,351004.0,441332.0
2025-06-18 11:18:53.045291,923.5,351004.0,441332.0
2025-06-18 11:18:53.604162,922.5,350324.0,444298.0
2025-06-18 11:18:54.059811,922.5,350324.0,444298.0
2025-06-18 11:18:54.208262,923.0,350324.0,444298.0
2025-06-18 11:18:54.622323,923.0,350324.0,444298.0
2025-06-18 11:18:55.040505,923.0,350324.0,444298.0
2025-06-18 11:18:55.217732,922.5,350324.0,444298.0
2025-06-18 11:18:55.520501,922.5,350324.0,444298.0
2025-06-18 11:18:56.791022,922.5,350324.0,444298.0
2025-06-18 11:18:58.065199,922.5,350324.0,444298.0
2025-06-18 11:18:58.212329,923.0,350324.0,444298.0
2025-06-18 11:18:58.496363,923.0,350215.0,445293.0
2025-06-18 11:18:58.901392,923.0,350215.0,445293.0
2025-06-18 11:18:59.217789,923.0,350215.0,445293.0
2025-06-18 11:19:00.286390,923.0,350215.0,445293.0
2025-06-18 11:19:01.223546,923.0,350215.0,445293.0
2025-06-18 11:19:01.569773,923.0,350215.0,445293.0
2025-06-18 11:19:02.714229,923.0,350215.0,445293.0
2025-06-18 11:19:03.218482,922.5,350215.0,445293.0
2025-06-18 11:19:03.295329,922.5,350922.0,444370.0
2025-06-18 11:19:04.187415,922.5,350922.0,444370.0
2025-06-18 11:19:05.221596,922.5,350922.0,444370.0
2025-06-18 11:19:08.216457,923.0,350922.0,444370.0
2025-06-18 11:19:08.801926,923.0,350952.0,444694.0
2025-06-18 11:19:10.216422,922.5,350952.0,444694.0
2025-06-18 11:19:12.211010,923.0,350952.0,444694.0
2025-06-18 11:19:13.226137,922.5,350952.0,444694.0
2025-06-18 11:19:13.906849,922.5,351280.0,442371.0
2025-06-18 11:19:16.216187,922.5,351280.0,442371.0
2025-06-18 11:19:19.009993,922.5,351571.0,442949.0
2025-06-18 11:19:20.216425,922.5,351571.0,442949.0
2025-06-18 11:19:21.222204,922.5,351571.0,442949.0
2025-06-18 11:19:24.216956,923.0,351571.0,442949.0
2025-06-18 11:19:24.413848,923.0,352015.0,439099.0
2025-06-18 11:19:25.221058,922.5,352015.0,439099.0
2025-06-18 11:19:27.223613,922.5,352015.0,439099.0
2025-06-18 11:19:29.219531,922.5,352015.0,439099.0
2025-06-18 11:19:29.315829,922.5,352507.0,438171.0
2025-06-18 11:19:31.221156,923.0,352507.0,438171.0
2025-06-18 11:19:33.220305,923.0,352507.0,438171.0
2025-06-18 11:19:34.324815,922.5,352403.0,442260.0
2025-06-18 11:19:35.226592,922.5,352403.0,442260.0
2025-06-18 11:19:38.236630,922.5,352403.0,442260.0
2025-06-18 11:19:39.118857,922.5,352620.0,438108.0
2025-06-18 11:19:39.231131,923.5,352620.0,438108.0
2025-06-18 11:19:41.219756,922.5,352620.0,438108.0
2025-06-18 11:19:43.260964,922.5,352620.0,438108.0
2025-06-18 11:19:44.120095,922.5,353144.0,437983.0
2025-06-18 11:19:45.219753,923.0,353144.0,437983.0
2025-06-18 11:19:47.227105,923.5,353144.0,437983.0
2025-06-18 11:19:49.131802,923.5,355760.0,437678.0
2025-06-18 11:19:49.283146,923.5,355760.0,437678.0
2025-06-18 11:19:52.217575,923.0,355760.0,437678.0
2025-06-18 11:19:54.213974,923.5,355760.0,437678.0
2025-06-18 11:19:54.530420,923.5,357650.0,438190.0
2025-06-18 11:19:55.228119,923.0,357650.0,438190.0
2025-06-18 11:19:58.219128,923.5,357650.0,438190.0
2025-06-18 11:20:00.515096,923.5,357548.0,439421.0
2025-06-18 11:20:01.234526,923.0,357548.0,439421.0
2025-06-18 11:20:03.224468,923.0,357548.0,439421.0
2025-06-18 11:20:04.743025,923.0,357066.0,439247.0
2025-06-18 11:20:05.227920,923.0,357066.0,439247.0
2025-06-18 11:20:08.220489,923.5,357066.0,439247.0
2025-06-18 11:20:09.220202,923.0,357066.0,439247.0
2025-06-18 11:20:09.546683,923.0,358823.0,435173.0
2025-06-18 11:20:10.220237,923.0,358823.0,435173.0
2025-06-18 11:20:13.223456,923.5,358823.0,435173.0
2025-06-18 11:20:14.154702,923.5,358705.0,435434.0
2025-06-18 11:20:14.216802,923.5,358705.0,435434.0
2025-06-18 11:20:15.216341,923.5,358705.0,435434.0
2025-06-18 11:20:16.222256,923.0,358705.0,435434.0
2025-06-18 11:20:17.222712,923.0,358705.0,435434.0
2025-06-18 11:20:18.750754,923.5,358539.0,435584.0
2025-06-18 11:20:19.246004,923.5,358539.0,435584.0
2025-06-18 11:20:20.222644,923.5,358539.0,435584.0
2025-06-18 11:20:21.237369,923.5,358539.0,435584.0
2025-06-18 11:20:23.253658,923.0,358539.0,435584.0
2025-06-18 11:20:23.855750,923.5,358786.0,435973.0
2025-06-18 11:20:24.221149,923.5,358786.0,435973.0
2025-06-18 11:20:25.218487,923.0,358786.0,435973.0
2025-06-18 11:20:27.220355,923.0,358786.0,435973.0
2025-06-18 11:20:28.961477,923.0,358413.0,436123.0
2025-06-18 11:20:29.226195,923.0,358413.0,436123.0
2025-06-18 11:20:30.226574,923.5,358413.0,436123.0
2025-06-18 11:20:33.218581,923.0,358413.0,436123.0
2025-06-18 11:20:33.963197,923.0,357288.0,443616.0
2025-06-18 11:20:34.224295,923.0,357288.0,443616.0
2025-06-18 11:20:35.219227,923.0,357288.0,443616.0
2025-06-18 11:20:37.221088,923.0,357288.0,443616.0
2025-06-18 11:20:38.222238,923.0,357288.0,443616.0
2025-06-18 11:20:38.766969,923.0,356966.0,443781.0
2025-06-18 11:20:39.218750,923.0,356966.0,443781.0
2025-06-18 11:20:40.230101,923.5,356966.0,443781.0
2025-06-18 11:20:41.220832,923.0,356966.0,443781.0
2025-06-18 11:20:43.568424,923.0,356931.0,443628.0
2025-06-18 11:20:45.223671,923.0,356931.0,443628.0
2025-06-18 11:20:46.222324,923.0,356931.0,443628.0
2025-06-18 11:20:47.296982,923.0,356931.0,443628.0
2025-06-18 11:20:48.220388,923.5,356931.0,443628.0
2025-06-18 11:20:48.670706,923.5,358574.0,444587.0
2025-06-18 11:20:49.221124,923.0,358574.0,444587.0
2025-06-18 11:20:50.226634,923.0,358574.0,444587.0
2025-06-18 11:20:53.575300,923.5,358754.0,444042.0
2025-06-18 11:20:54.226678,923.0,358754.0,444042.0
2025-06-18 11:20:55.222314,923.5,358754.0,444042.0
2025-06-18 11:20:56.260512,923.5,358754.0,444042.0
2025-06-18 11:20:57.227102,923.0,358754.0,444042.0
2025-06-18 11:20:58.760041,923.5,359200.0,438728.0
2025-06-18 11:20:59.222679,923.5,359200.0,438728.0
2025-06-18 11:21:00.224276,923.0,359200.0,438728.0
2025-06-18 11:21:03.242943,923.0,359200.0,438728.0
2025-06-18 11:21:03.277892,923.0,357647.0,442933.0
2025-06-18 11:21:04.223478,923.0,357647.0,442933.0
2025-06-18 11:21:05.225424,922.5,357647.0,442933.0
2025-06-18 11:21:08.182999,922.5,356037.0,442033.0
2025-06-18 11:21:10.220668,922.5,356037.0,442033.0
2025-06-18 11:21:11.223873,923.0,356037.0,442033.0
2025-06-18 11:21:12.225473,923.0,356037.0,442033.0
2025-06-18 11:21:12.989675,923.0,356320.0,441162.0
2025-06-18 11:21:13.253368,922.5,356320.0,441162.0
2025-06-18 11:21:14.217431,923.0,356320.0,441162.0
2025-06-18 11:21:15.237239,922.5,356320.0,441162.0
2025-06-18 11:21:16.234694,923.0,356320.0,441162.0
2025-06-18 11:21:17.264799,923.0,356320.0,441162.0
2025-06-18 11:21:17.694532,923.0,356246.0,441176.0
2025-06-18 11:21:20.222639,922.5,356246.0,441176.0
2025-06-18 11:21:21.231810,922.5,356246.0,441176.0
2025-06-18 11:21:22.223581,923.0,356246.0,441176.0
2025-06-18 11:21:22.494126,923.0,355848.0,440812.0
2025-06-18 11:21:23.228571,922.5,355848.0,440812.0
2025-06-18 11:21:24.239500,923.0,355848.0,440812.0
2025-06-18 11:21:25.228044,922.5,355848.0,440812.0
2025-06-18 11:21:27.691011,923.0,356852.0,440478.0
2025-06-18 11:21:28.223149,923.0,356852.0,440478.0
2025-06-18 11:21:29.221437,922.5,356852.0,440478.0
2025-06-18 11:21:30.222662,922.5,356852.0,440478.0
2025-06-18 11:21:32.219926,922.5,356852.0,440478.0
2025-06-18 11:21:32.796410,922.5,356130.0,440413.0
2025-06-18 11:21:35.224912,922.5,356130.0,440413.0
2025-06-18 11:21:37.225880,922.5,356130.0,440413.0
2025-06-18 11:21:37.608249,922.5,356117.0,440232.0
2025-06-18 11:21:38.231248,923.0,356117.0,440232.0
2025-06-18 11:21:40.224139,922.5,356117.0,440232.0
2025-06-18 11:21:41.222583,922.5,356117.0,440232.0
2025-06-18 11:21:42.126522,923.0,356102.0,440586.0
2025-06-18 11:21:42.227665,923.0,356102.0,440586.0
2025-06-18 11:21:45.223500,922.5,356102.0,440586.0
2025-06-18 11:21:46.807849,922.5,355150.0,439429.0
2025-06-18 11:21:47.237046,923.0,355150.0,439429.0
2025-06-18 11:21:49.086260,923.0,355150.0,439429.0
2025-06-18 11:21:50.219538,923.0,355150.0,439429.0
2025-06-18 11:21:50.229649,922.5,355150.0,439429.0
2025-06-18 11:21:51.089607,922.5,355150.0,439429.0
2025-06-18 11:21:52.536869,922.5,356125.0,440888.0
2025-06-18 11:21:52.589773,922.5,356125.0,440888.0
2025-06-18 11:21:52.643905,923.0,356125.0,440888.0
2025-06-18 11:21:52.854558,923.0,356125.0,440888.0
2025-06-18 11:21:53.258443,922.5,356125.0,440888.0
2025-06-18 11:21:53.659832,922.5,356125.0,440888.0
2025-06-18 11:21:54.226544,923.0,356125.0,440888.0
2025-06-18 11:21:54.669526,923.0,356125.0,440888.0
2025-06-18 11:21:55.220532,923.0,356125.0,440888.0
2025-06-18 11:21:55.243794,922.5,356125.0,440888.0
2025-06-18 11:21:55.648155,922.5,356125.0,440888.0
2025-06-18 11:21:56.126332,922.5,356125.0,440888.0
2025-06-18 11:21:56.223286,923.0,356125.0,440888.0
2025-06-18 11:21:56.486029,923.0,356125.0,440888.0
2025-06-18 11:21:56.815618,923.0,356784.0,439597.0
2025-06-18 11:21:57.238291,923.0,356784.0,439597.0
2025-06-18 11:21:57.369316,923.0,356784.0,439597.0
2025-06-18 11:21:58.704277,923.0,356784.0,439597.0
2025-06-18 11:21:59.260445,923.0,356784.0,439597.0
2025-06-18 11:21:59.508218,923.0,356784.0,439597.0
2025-06-18 11:22:00.228154,922.5,356784.0,439597.0
2025-06-18 11:22:00.912823,922.5,356784.0,439597.0
2025-06-18 11:22:01.223246,922.5,356784.0,439597.0
2025-06-18 11:22:01.916355,923.0,356414.0,440591.0
2025-06-18 11:22:02.022463,923.0,356414.0,440591.0
2025-06-18 11:22:02.229875,923.0,356414.0,440591.0
2025-06-18 11:22:03.396142,923.0,356414.0,440591.0
2025-06-18 11:22:05.228770,923.0,356414.0,440591.0
2025-06-18 11:22:05.232918,922.5,356414.0,440591.0
2025-06-18 11:22:06.645171,922.5,356696.0,441078.0
2025-06-18 11:22:09.224148,922.5,356696.0,441078.0
2025-06-18 11:22:10.224223,922.5,356696.0,441078.0
2025-06-18 11:22:11.819912,923.0,357966.0,440961.0
2025-06-18 11:22:12.227949,923.0,357966.0,440961.0
2025-06-18 11:22:14.224299,922.5,357966.0,440961.0
2025-06-18 11:22:15.258971,922.5,357966.0,440961.0
2025-06-18 11:22:16.239779,923.0,357966.0,440961.0
2025-06-18 11:22:16.925909,923.0,358200.0,440526.0
2025-06-18 11:22:17.256290,922.5,358200.0,440526.0
2025-06-18 11:22:18.227537,923.5,358200.0,440526.0
2025-06-18 11:22:19.361431,922.5,358200.0,440526.0
2025-06-18 11:22:20.231286,922.5,358200.0,440526.0
2025-06-18 11:22:21.832779,923.5,358306.0,439195.0
2025-06-18 11:22:22.253585,923.5,358306.0,439195.0
2025-06-18 11:22:23.228175,923.5,358306.0,439195.0
2025-06-18 11:22:24.258664,923.5,358306.0,439195.0
2025-06-18 11:22:25.233588,922.5,358306.0,439195.0
2025-06-18 11:22:26.237805,922.5,358306.0,439195.0
2025-06-18 11:22:26.731433,922.5,358407.0,440446.0
2025-06-18 11:22:28.249701,923.5,358407.0,440446.0
2025-06-18 11:22:30.229929,922.5,358407.0,440446.0
2025-06-18 11:22:31.534232,922.5,357953.0,440279.0
2025-06-18 11:22:33.231134,922.5,357953.0,440279.0
2025-06-18 11:22:35.230066,922.5,357953.0,440279.0
2025-06-18 11:22:36.536630,922.5,357967.0,440225.0
2025-06-18 11:22:38.258096,923.5,357967.0,440225.0
2025-06-18 11:22:39.231096,923.5,357967.0,440225.0
2025-06-18 11:22:40.353356,922.5,357967.0,440225.0
2025-06-18 11:22:41.235017,922.5,357967.0,440225.0
2025-06-18 11:22:41.680665,922.5,357386.0,441986.0
2025-06-18 11:22:45.133169,922.5,357386.0,441986.0
2025-06-18 11:22:45.248587,922.5,357386.0,441986.0
2025-06-18 11:22:46.943477,923.5,358334.0,440315.0
2025-06-18 11:22:47.228274,923.5,358334.0,440315.0
2025-06-18 11:22:48.235464,923.5,358334.0,440315.0
2025-06-18 11:22:49.227784,922.5,358334.0,440315.0
2025-06-18 11:22:50.233740,923.5,358334.0,440315.0
2025-06-18 11:22:51.229022,923.5,358334.0,440315.0
2025-06-18 11:22:52.260169,923.5,358334.0,440315.0
2025-06-18 11:22:52.289254,923.5,358725.0,440297.0
2025-06-18 11:22:54.234351,923.5,358725.0,440297.0
2025-06-18 11:22:55.237009,922.5,358725.0,440297.0
2025-06-18 11:22:56.232738,923.0,358725.0,440297.0
2025-06-18 11:22:56.856846,923.0,358673.0,438706.0
2025-06-18 11:22:57.247080,922.5,358673.0,438706.0
2025-06-18 11:22:58.244110,923.5,358673.0,438706.0
2025-06-18 11:23:00.243128,923.0,358673.0,438706.0
2025-06-18 11:23:01.261556,923.5,358673.0,438706.0
2025-06-18 11:23:01.553727,923.5,357821.0,441660.0
2025-06-18 11:23:03.238571,923.0,357821.0,441660.0
2025-06-18 11:23:05.229102,923.0,357821.0,441660.0
2025-06-18 11:23:06.239917,923.0,357821.0,441660.0
2025-06-18 11:23:06.557287,923.0,357839.0,441795.0
2025-06-18 11:23:08.236455,923.0,357839.0,441795.0
2025-06-18 11:23:10.230955,923.0,357839.0,441795.0
2025-06-18 11:23:11.559020,923.0,357910.0,441672.0
2025-06-18 11:23:12.578160,923.5,357910.0,441672.0
2025-06-18 11:23:13.244036,923.0,357910.0,441672.0
2025-06-18 11:23:15.238779,922.5,357910.0,441672.0
2025-06-18 11:23:16.460678,922.5,350630.0,446468.0
2025-06-18 11:23:18.237521,923.0,350630.0,446468.0
2025-06-18 11:23:21.232678,922.0,350630.0,446468.0
2025-06-18 11:23:21.973373,921.5,346577.0,448016.0
2025-06-18 11:23:24.265033,922.0,346577.0,448016.0
2025-06-18 11:23:25.263165,922.0,346577.0,448016.0
2025-06-18 11:23:27.467162,921.5,348273.0,443379.0
2025-06-18 11:23:28.235499,921.5,348273.0,443379.0
2025-06-18 11:23:29.256566,921.5,348273.0,443379.0
2025-06-18 11:23:32.243242,922.0,348273.0,443379.0
2025-06-18 11:23:32.695674,922.0,348262.0,444756.0
2025-06-18 11:23:33.240466,922.5,348262.0,444756.0
2025-06-18 11:23:36.240280,922.5,348262.0,444756.0
2025-06-18 11:23:37.879288,922.5,352006.0,438860.0
2025-06-18 11:23:38.232738,922.5,352006.0,438860.0
2025-06-18 11:23:42.233579,922.5,352006.0,438860.0
2025-06-18 11:23:42.794334,922.5,352086.0,437052.0
2025-06-18 11:23:43.240342,922.5,352086.0,437052.0
2025-06-18 11:23:45.238986,922.0,352086.0,437052.0
2025-06-18 11:23:47.251300,922.0,352086.0,437052.0
2025-06-18 11:23:47.695066,922.0,353301.0,437047.0
2025-06-18 11:23:50.232413,922.0,353301.0,437047.0
2025-06-18 11:23:52.235722,922.0,353301.0,437047.0
2025-06-18 11:23:52.491912,922.0,353368.0,437078.0
2025-06-18 11:23:53.240943,922.0,353368.0,437078.0
2025-06-18 11:23:56.238637,922.0,353368.0,437078.0
2025-06-18 11:23:57.203017,922.0,352117.0,439510.0
2025-06-18 11:24:01.273631,922.0,352117.0,439510.0
2025-06-18 11:24:02.289591,922.0,352773.0,439516.0
2025-06-18 11:24:04.241985,922.0,352773.0,439516.0
2025-06-18 11:24:06.271730,922.5,352773.0,439516.0
2025-06-18 11:24:07.219479,922.5,352874.0,439861.0
2025-06-18 11:24:10.234404,922.0,352874.0,439861.0
2025-06-18 11:24:12.208807,922.5,353016.0,439635.0
2025-06-18 11:24:12.245500,922.5,353016.0,439635.0
2025-06-18 11:24:15.242315,922.0,353016.0,439635.0
2025-06-18 11:24:17.356066,922.5,353083.0,441049.0
2025-06-18 11:24:18.231534,922.0,353083.0,441049.0
2025-06-18 11:24:20.240332,922.0,353083.0,441049.0
2025-06-18 11:24:22.005553,922.5,353826.0,441795.0
2025-06-18 11:24:22.235501,922.5,353826.0,441795.0
2025-06-18 11:24:24.241133,922.5,353826.0,441795.0
2025-06-18 11:24:25.238265,922.0,353826.0,441795.0
2025-06-18 11:24:27.302924,922.5,338875.0,448961.0
2025-06-18 11:24:28.233434,922.5,338875.0,448961.0
2025-06-18 11:24:29.251087,922.0,338875.0,448961.0
2025-06-18 11:24:32.242023,922.5,338875.0,448961.0
2025-06-18 11:24:32.406747,922.5,351641.0,444575.0
2025-06-18 11:24:34.236016,922.0,351641.0,444575.0
2025-06-18 11:24:36.229894,922.0,351641.0,444575.0
2025-06-18 11:24:37.108613,922.5,350955.0,448587.0
2025-06-18 11:24:38.248615,922.5,350955.0,448587.0
2025-06-18 11:24:39.274081,922.5,350955.0,448587.0
2025-06-18 11:24:41.239445,921.5,350955.0,448587.0
2025-06-18 11:24:42.010247,921.5,350403.0,443175.0
2025-06-18 11:24:45.234504,921.5,350403.0,443175.0
2025-06-18 11:24:47.112436,922.5,349634.0,440499.0
2025-06-18 11:24:48.229235,921.5,349634.0,440499.0
2025-06-18 11:24:49.453137,922.0,349634.0,440499.0
2025-06-18 11:24:49.525162,922.0,349634.0,440499.0
2025-06-18 11:24:50.601905,922.0,349634.0,440499.0
2025-06-18 11:24:51.515468,922.0,349634.0,440499.0
2025-06-18 11:24:52.120435,921.5,352497.0,442731.0
2025-06-18 11:24:52.233469,921.5,352497.0,442731.0
2025-06-18 11:24:52.412740,921.5,352497.0,442731.0
2025-06-18 11:24:53.265517,921.5,352497.0,442731.0
2025-06-18 11:24:54.050029,921.5,352497.0,442731.0
2025-06-18 11:24:55.074614,921.5,352497.0,442731.0
2025-06-18 11:24:55.314760,922.0,352497.0,442731.0
2025-06-18 11:24:55.655080,922.0,352497.0,442731.0
2025-06-18 11:24:56.060312,922.0,352497.0,442731.0
2025-06-18 11:24:57.017821,922.5,353263.0,440738.0
2025-06-18 11:24:57.790901,922.5,353263.0,440738.0
2025-06-18 11:24:58.231700,921.5,353263.0,440738.0
2025-06-18 11:24:59.037353,921.5,353263.0,440738.0
2025-06-18 11:25:01.292450,921.5,353263.0,440738.0
2025-06-18 11:25:01.721963,922.0,352154.0,442225.0
2025-06-18 11:25:02.421674,922.0,352154.0,442225.0
2025-06-18 11:25:02.725271,922.0,352152.0,442220.0
2025-06-18 11:25:03.226189,922.0,352152.0,442220.0
2025-06-18 11:25:03.556994,922.0,352152.0,442220.0
2025-06-18 11:25:03.726760,922.0,352477.0,443319.0
2025-06-18 11:25:04.628065,922.0,352452.0,444728.0
2025-06-18 11:25:05.023026,922.0,352452.0,444728.0
2025-06-18 11:25:05.234903,921.5,352452.0,444728.0
2025-06-18 11:25:05.525100,921.5,351547.0,444908.0
2025-06-18 11:25:06.425944,921.5,352246.0,444662.0
2025-06-18 11:25:07.327131,921.5,352346.0,444662.0
2025-06-18 11:25:08.236995,921.5,352203.0,445071.0
2025-06-18 11:25:09.233119,921.5,352200.0,445150.0
2025-06-18 11:25:10.226108,922.0,352200.0,445150.0
2025-06-18 11:25:10.231799,922.0,351538.0,444945.0
2025-06-18 11:25:11.260666,921.5,350868.0,445015.0
2025-06-18 11:25:11.263588,921.5,350868.0,445015.0
2025-06-18 11:25:12.029530,922.0,352021.0,445005.0
2025-06-18 11:25:12.226314,922.0,352021.0,445005.0
2025-06-18 11:25:12.962333,922.0,352739.0,444320.0
2025-06-18 11:25:13.254343,921.5,352739.0,444320.0
2025-06-18 11:25:13.831219,922.0,351867.0,444310.0
2025-06-18 11:25:14.229541,922.0,351867.0,444310.0
2025-06-18 11:25:14.735103,922.0,352361.0,443960.0
2025-06-18 11:25:15.226807,922.0,352361.0,443960.0
2025-06-18 11:25:15.732607,922.0,352558.0,444610.0
2025-06-18 11:25:16.643413,922.0,352560.0,444547.0
2025-06-18 11:25:17.533913,922.0,352560.0,444547.0
2025-06-18 11:25:18.432950,922.0,352570.0,444804.0
2025-06-18 11:25:19.228790,921.5,352570.0,444804.0
2025-06-18 11:25:19.333468,921.5,352418.0,444929.0
2025-06-18 11:25:20.229833,921.5,352418.0,444929.0
2025-06-18 11:25:20.237735,921.5,352399.0,444929.0
2025-06-18 11:25:21.228166,921.5,352399.0,444929.0
2025-06-18 11:25:21.334276,921.5,352350.0,444942.0
2025-06-18 11:25:22.230297,921.5,352350.0,444942.0
2025-06-18 11:25:22.337780,921.5,352762.0,445102.0
2025-06-18 11:25:23.371706,921.5,352473.0,445461.0
2025-06-18 11:25:24.230186,922.0,352473.0,445461.0
2025-06-18 11:25:24.335817,922.0,352522.0,445401.0
2025-06-18 11:25:25.225415,922.0,352522.0,445401.0
2025-06-18 11:25:25.338761,921.5,352539.0,445283.0
2025-06-18 11:25:26.227614,921.5,352539.0,445283.0
2025-06-18 11:25:26.337778,921.5,351377.0,444996.0
2025-06-18 11:25:27.227458,921.5,351377.0,444996.0
2025-06-18 11:25:27.341847,921.5,351374.0,446257.0
2025-06-18 11:25:28.225830,921.5,351374.0,446257.0
2025-06-18 11:25:28.445074,921.5,351520.0,446257.0
2025-06-18 11:25:29.224546,921.5,351520.0,446257.0
2025-06-18 11:25:29.440202,921.5,351696.0,445911.0
2025-06-18 11:25:30.269533,921.5,351696.0,445911.0
2025-06-18 11:25:30.439000,922.0,351278.0,445761.0
2025-06-18 11:25:31.231917,921.5,351278.0,445761.0
2025-06-18 11:25:31.439450,921.5,352296.0,444723.0
2025-06-18 11:25:32.232664,921.5,352296.0,444723.0
2025-06-18 11:25:32.438848,921.5,351945.0,445905.0
2025-06-18 11:25:33.227008,922.5,351945.0,445905.0
2025-06-18 11:25:33.440508,922.5,352750.0,448927.0
2025-06-18 11:25:34.443461,922.0,348202.0,451881.0
2025-06-18 11:25:35.237484,922.0,348202.0,451881.0
2025-06-18 11:25:35.447608,922.0,349714.0,452897.0
2025-06-18 11:25:36.444248,922.0,349121.0,452897.0
2025-06-18 11:25:37.228019,921.5,349121.0,452897.0
2025-06-18 11:25:37.447654,921.5,350192.0,452691.0
2025-06-18 11:25:39.898748,922.0,350192.0,452691.0
2025-06-18 11:25:39.902550,922.0,349886.0,452129.0
2025-06-18 11:25:39.907575,922.0,349886.0,452129.0
2025-06-18 11:25:39.941113,922.0,350784.0,452218.0
2025-06-18 11:25:40.226833,921.5,350784.0,452218.0
2025-06-18 11:25:40.445252,921.5,347566.0,452880.0
2025-06-18 11:25:41.224288,921.0,347566.0,452880.0
2025-06-18 11:25:41.443770,921.5,347076.0,446919.0
2025-06-18 11:25:42.227295,921.5,347076.0,446919.0
2025-06-18 11:25:42.543958,922.0,348549.0,445532.0
2025-06-18 11:25:43.225363,922.0,348549.0,445532.0
2025-06-18 11:25:43.655865,922.0,348304.0,445532.0
2025-06-18 11:25:44.847477,921.0,347867.0,445477.0
2025-06-18 11:25:45.229675,921.0,347867.0,445477.0
2025-06-18 11:25:45.945802,921.0,331170.0,445624.0
2025-06-18 11:25:46.231565,921.0,331170.0,445624.0
2025-06-18 11:25:47.049707,921.0,348127.0,449546.0
2025-06-18 11:25:48.162145,921.5,348517.0,449182.0
2025-06-18 11:25:48.236388,921.5,348517.0,449182.0
2025-06-18 11:25:49.158311,921.5,348174.0,449195.0
2025-06-18 11:25:50.224467,922.0,348174.0,449195.0
2025-06-18 11:25:50.247911,922.0,349414.0,448795.0
2025-06-18 11:25:51.249330,922.0,349254.0,448816.0
2025-06-18 11:25:52.239113,921.5,349254.0,448816.0
2025-06-18 11:25:52.253141,921.5,349320.0,448514.0
2025-06-18 11:25:53.229722,921.5,349320.0,448514.0
2025-06-18 11:25:53.953922,922.0,349182.0,448753.0
2025-06-18 11:25:54.228451,921.5,349182.0,448753.0
2025-06-18 11:25:54.948876,921.5,349492.0,448778.0
2025-06-18 11:25:55.232529,921.5,349492.0,448778.0
2025-06-18 11:25:56.056131,921.5,349628.0,448327.0
2025-06-18 11:25:57.144282,921.5,349290.0,448232.0
2025-06-18 11:25:58.053975,922.0,349455.0,448198.0
2025-06-18 11:25:58.231234,922.0,349455.0,448198.0
2025-06-18 11:25:59.187678,922.0,349520.0,447631.0
2025-06-18 11:25:59.225096,922.0,349520.0,447631.0
2025-06-18 11:26:00.159265,921.5,353641.0,446926.0
2025-06-18 11:26:00.231136,921.5,353641.0,446926.0
2025-06-18 11:26:01.250800,921.5,353641.0,446926.0
2025-06-18 11:26:03.454392,921.5,353443.0,447655.0
2025-06-18 11:26:04.232558,921.5,353443.0,447655.0
2025-06-18 11:26:05.259280,922.0,353443.0,447655.0
2025-06-18 11:26:08.249473,922.0,353443.0,447655.0
2025-06-18 11:26:08.557431,922.0,353407.0,447640.0
2025-06-18 11:26:09.257586,921.5,353407.0,447640.0
2025-06-18 11:26:12.245999,921.5,353407.0,447640.0
2025-06-18 11:26:13.244798,922.0,353407.0,447640.0
2025-06-18 11:26:13.465684,922.0,353826.0,443591.0
2025-06-18 11:26:15.260314,921.5,353826.0,443591.0
2025-06-18 11:26:17.235150,921.5,353826.0,443591.0
2025-06-18 11:26:18.281667,922.0,352201.0,443249.0
2025-06-18 11:26:20.449013,922.0,352201.0,443249.0
2025-06-18 11:26:23.208720,922.0,349933.0,449092.0
2025-06-18 11:26:24.234484,922.0,349933.0,449092.0
2025-06-18 11:26:25.280242,921.5,349933.0,449092.0
2025-06-18 11:26:28.079613,921.5,347111.0,449634.0
2025-06-18 11:26:28.238109,921.5,347111.0,449634.0
2025-06-18 11:26:32.234108,921.5,347111.0,449634.0
2025-06-18 11:26:33.076210,921.5,348299.0,449478.0
2025-06-18 11:26:33.271445,921.5,348299.0,449478.0
2025-06-18 11:26:36.246000,921.5,348299.0,449478.0
2025-06-18 11:26:37.780997,922.0,348757.0,448172.0
2025-06-18 11:26:38.245596,922.0,348757.0,448172.0
2025-06-18 11:26:39.277545,922.0,348757.0,448172.0
2025-06-18 11:26:42.244267,921.5,348757.0,448172.0
2025-06-18 11:26:43.082137,921.5,350024.0,443201.0
2025-06-18 11:26:43.268642,921.5,350024.0,443201.0
2025-06-18 11:26:45.236293,922.0,350024.0,443201.0
2025-06-18 11:26:47.245844,922.0,350024.0,443201.0
2025-06-18 11:26:48.281093,922.0,350698.0,442941.0
2025-06-18 11:26:49.247756,921.5,350698.0,442941.0
2025-06-18 11:26:52.244217,921.5,350698.0,442941.0
2025-06-18 11:26:53.231013,921.5,350494.0,443356.0
2025-06-18 11:26:54.253948,922.0,350494.0,443356.0
2025-06-18 11:26:56.234404,921.5,350494.0,443356.0
2025-06-18 11:26:58.214145,921.5,349769.0,443337.0
2025-06-18 11:26:58.251751,921.5,349769.0,443337.0
2025-06-18 11:26:59.256596,922.0,349769.0,443337.0
2025-06-18 11:27:02.238379,922.0,349769.0,443337.0
2025-06-18 11:27:03.622406,922.0,350676.0,442973.0
2025-06-18 11:27:04.282021,922.0,350676.0,442973.0
2025-06-18 11:27:05.261665,921.5,350676.0,442973.0
2025-06-18 11:27:08.255128,922.0,350676.0,442973.0
2025-06-18 11:27:08.299829,922.0,350375.0,442856.0
2025-06-18 11:27:10.246272,921.0,350375.0,442856.0
2025-06-18 11:27:12.234807,922.0,350375.0,442856.0
2025-06-18 11:27:13.302981,921.5,350029.0,442952.0
2025-06-18 11:27:14.248008,921.5,350029.0,442952.0
2025-06-18 11:27:15.263272,921.5,350029.0,442952.0
2025-06-18 11:27:18.217635,921.5,351823.0,443156.0
2025-06-18 11:27:18.278433,921.5,351823.0,443156.0
2025-06-18 11:27:20.480246,921.5,351823.0,443156.0
2025-06-18 11:27:22.259241,921.5,351823.0,443156.0
2025-06-18 11:27:23.110166,921.5,352518.0,442925.0
2025-06-18 11:27:24.262714,922.0,352518.0,442925.0
2025-06-18 11:27:25.297036,922.0,352518.0,442925.0
2025-06-18 11:27:27.909955,922.5,360748.0,437100.0
2025-06-18 11:27:28.274344,922.0,360748.0,437100.0
2025-06-18 11:27:29.296357,922.0,360748.0,437100.0
2025-06-18 11:27:32.266880,922.0,360748.0,437100.0
2025-06-18 11:27:33.111425,922.0,356521.0,437562.0
2025-06-18 11:27:34.245877,922.5,356521.0,437562.0
2025-06-18 11:27:35.263583,922.0,356521.0,437562.0
2025-06-18 11:27:37.256548,922.0,356521.0,437562.0
2025-06-18 11:27:38.315744,922.5,355453.0,438249.0
2025-06-18 11:27:39.246799,922.5,355453.0,438249.0
2025-06-18 11:27:42.248954,922.5,355453.0,438249.0
2025-06-18 11:27:43.517374,922.5,355572.0,438704.0
2025-06-18 11:27:44.242957,922.0,355572.0,438704.0
2025-06-18 11:27:45.247099,922.0,355572.0,438704.0
2025-06-18 11:27:48.239882,922.5,355572.0,438704.0
2025-06-18 11:27:49.821638,921.5,354232.0,441453.0
2025-06-18 11:27:49.914386,921.5,354232.0,441453.0
2025-06-18 11:27:51.006176,921.5,354232.0,441453.0
2025-06-18 11:27:51.923280,921.5,354232.0,441453.0
2025-06-18 11:27:52.239759,922.0,354232.0,441453.0
2025-06-18 11:27:52.853988,922.0,354232.0,441453.0
2025-06-18 11:27:53.765927,922.0,354232.0,441453.0
2025-06-18 11:27:54.239368,922.0,354232.0,441453.0
2025-06-18 11:27:54.494682,922.0,354232.0,441453.0
2025-06-18 11:27:55.328681,922.0,353706.0,441325.0
2025-06-18 11:27:55.513257,922.0,353706.0,441325.0
2025-06-18 11:27:56.068525,922.0,353706.0,441325.0
2025-06-18 11:27:56.240584,922.0,353706.0,441325.0
2025-06-18 11:27:56.477592,922.0,353706.0,441325.0
2025-06-18 11:27:57.346929,922.0,353706.0,441325.0
2025-06-18 11:27:58.257471,922.0,353706.0,441325.0
2025-06-18 11:27:58.268917,922.0,353706.0,441325.0
2025-06-18 11:27:59.243884,921.5,353706.0,441325.0
2025-06-18 11:27:59.461665,921.5,353706.0,441325.0
2025-06-18 11:28:00.236061,922.0,353685.0,441275.0
2025-06-18 11:28:00.320390,922.0,353685.0,441275.0
2025-06-18 11:28:01.730099,922.0,353685.0,441275.0
2025-06-18 11:28:02.238708,922.0,353685.0,441275.0
2025-06-18 11:28:02.855663,922.0,353685.0,441275.0
2025-06-18 11:28:03.978115,922.0,353685.0,441275.0
2025-06-18 11:28:04.930098,921.5,353749.0,441146.0
2025-06-18 11:28:05.245166,922.0,353749.0,441146.0
2025-06-18 11:28:05.604607,922.0,353749.0,441146.0
2025-06-18 11:28:07.245061,922.5,353749.0,441146.0
2025-06-18 11:28:10.491864,921.5,353749.0,441146.0
2025-06-18 11:28:10.519810,921.5,352684.0,439402.0
2025-06-18 11:28:12.239065,921.5,352684.0,439402.0
2025-06-18 11:28:13.250095,921.5,352684.0,439402.0
2025-06-18 11:28:14.536239,921.5,353639.0,439139.0
2025-06-18 11:28:15.251015,922.5,353639.0,439139.0
2025-06-18 11:28:18.238861,921.5,353639.0,439139.0
2025-06-18 11:28:19.642888,921.5,354508.0,440298.0
2025-06-18 11:28:20.246236,922.0,354508.0,440298.0
2025-06-18 11:28:21.246709,922.0,354508.0,440298.0
2025-06-18 11:28:24.243257,922.5,354508.0,440298.0
2025-06-18 11:28:25.042519,922.0,355719.0,438464.0
2025-06-18 11:28:26.257782,922.5,355719.0,438464.0
2025-06-18 11:28:28.241411,922.0,355719.0,438464.0
2025-06-18 11:28:30.246883,922.0,355033.0,439486.0
2025-06-18 11:28:32.242984,922.0,355033.0,439486.0
2025-06-18 11:28:34.257258,922.0,355033.0,439486.0
2025-06-18 11:28:35.152041,922.0,355655.0,440053.0
2025-06-18 11:28:36.246945,922.5,355655.0,440053.0
2025-06-18 11:28:38.247431,922.0,355655.0,440053.0
2025-06-18 11:28:40.154603,922.0,355489.0,439137.0
2025-06-18 11:28:40.245771,922.0,355489.0,439137.0
2025-06-18 11:28:42.246123,922.0,355489.0,439137.0
2025-06-18 11:28:45.163219,922.0,355131.0,439047.0
2025-06-18 11:28:46.242814,922.5,355131.0,439047.0
2025-06-18 11:28:49.249410,922.0,355131.0,439047.0
2025-06-18 11:28:50.169852,922.5,356056.0,439205.0
2025-06-18 11:28:52.244323,922.5,356056.0,439205.0
2025-06-18 11:28:54.240258,922.0,356056.0,439205.0
2025-06-18 11:28:55.064289,922.0,351758.0,447354.0
2025-06-18 11:28:55.251425,922.0,351758.0,447354.0
2025-06-18 11:28:58.407135,922.0,351758.0,447354.0
2025-06-18 11:28:59.250866,922.0,351758.0,447354.0
2025-06-18 11:28:59.770057,921.5,352012.0,443483.0
2025-06-18 11:29:01.252942,921.5,352012.0,443483.0
2025-06-18 11:29:03.265725,922.5,352012.0,443483.0
2025-06-18 11:29:04.465411,921.5,351951.0,443465.0
2025-06-18 11:29:06.255514,921.5,351951.0,443465.0
2025-06-18 11:29:08.252081,922.5,351951.0,443465.0
2025-06-18 11:29:09.367040,922.5,354321.0,440478.0
2025-06-18 11:29:12.247020,922.5,354321.0,440478.0
2025-06-18 11:29:14.269345,922.5,354321.0,440478.0
2025-06-18 11:29:14.571200,922.5,365317.0,439965.0
2025-06-18 11:29:15.275233,922.5,365317.0,439965.0
2025-06-18 11:29:17.257153,922.0,365317.0,439965.0
2025-06-18 11:29:19.264860,922.0,365317.0,439965.0
2025-06-18 11:29:19.978004,922.0,365075.0,440108.0
2025-06-18 11:29:22.252184,922.0,365075.0,440108.0
2025-06-18 11:29:24.252880,922.5,365075.0,440108.0
2025-06-18 11:29:25.273059,922.0,365075.0,440108.0
2025-06-18 11:29:25.285409,922.0,366593.0,440629.0
2025-06-18 11:29:28.759523,922.0,366593.0,440629.0
2025-06-18 11:29:29.251962,922.0,366593.0,440629.0
2025-06-18 11:29:30.582999,922.0,365401.0,440764.0
2025-06-18 11:29:32.420642,922.0,365401.0,440764.0
2025-06-18 11:29:35.987900,922.5,366236.0,440340.0
2025-06-18 11:29:36.248069,922.5,366236.0,440340.0
2025-06-18 11:29:38.247918,922.0,366236.0,440340.0
2025-06-18 11:29:41.263892,922.0,366236.0,440340.0
2025-06-18 11:29:41.290701,922.0,365250.0,443668.0
2025-06-18 11:29:44.248954,922.5,365250.0,443668.0
2025-06-18 11:29:45.254463,922.0,365250.0,443668.0
2025-06-18 11:29:46.293012,922.5,365861.0,446400.0
2025-06-18 11:29:47.252305,922.5,365861.0,446400.0
2025-06-18 11:29:50.898454,922.5,365719.0,445614.0
2025-06-18 11:29:52.247355,922.5,365719.0,445614.0
2025-06-18 11:29:54.251073,922.0,365719.0,445614.0
2025-06-18 11:29:56.003103,922.0,364650.0,444736.0
2025-06-18 11:29:56.248276,922.0,364650.0,444736.0
2025-06-18 11:29:58.297266,922.0,364650.0,444736.0
2025-06-18 11:30:01.216348,921.5,363796.0,444316.0
2025-06-18 11:30:02.246827,921.5,363796.0,444316.0
2025-06-18 11:30:04.256032,922.0,363796.0,444316.0
2025-06-18 11:30:06.412523,922.0,363810.0,444338.0
2025-06-18 11:30:07.257821,921.5,363810.0,444338.0
2025-06-18 11:30:10.255664,921.5,363810.0,444338.0
2025-06-18 11:30:11.913005,922.0,363969.0,444676.0
2025-06-18 11:30:14.258181,922.0,363969.0,444676.0
2025-06-18 11:30:16.257567,921.5,363969.0,444676.0
2025-06-18 11:30:17.317777,921.5,364602.0,444414.0
2025-06-18 11:30:19.261026,922.0,364602.0,444414.0
2025-06-18 11:30:22.253317,921.5,364602.0,444414.0
2025-06-18 11:30:22.820811,921.5,362798.0,445371.0
2025-06-18 11:30:25.275603,921.5,362798.0,445371.0
2025-06-18 11:30:28.255217,921.5,362798.0,445371.0
2025-06-18 11:30:28.420298,921.5,363918.0,445428.0
2025-06-18 11:30:30.251575,921.5,363918.0,445428.0
2025-06-18 11:30:32.251413,922.0,363918.0,445428.0
2025-06-18 11:30:33.524926,921.5,363328.0,444765.0
2025-06-18 11:30:34.248721,922.0,363328.0,444765.0
2025-06-18 11:30:37.270741,922.5,363328.0,444765.0
2025-06-18 11:30:38.625175,922.5,366083.0,443707.0
2025-06-18 11:30:40.262442,921.5,366083.0,443707.0
2025-06-18 11:30:42.264758,921.5,366083.0,443707.0
2025-06-18 11:30:44.032566,921.5,366362.0,444751.0
2025-06-18 11:30:44.253720,922.0,366362.0,444751.0
2025-06-18 11:30:45.280810,921.5,366362.0,444751.0
2025-06-18 11:30:48.259647,921.5,366362.0,444751.0
2025-06-18 11:30:49.257323,921.5,366362.0,444751.0
2025-06-18 11:30:49.439862,921.5,365987.0,445151.0
2025-06-18 11:30:50.347512,921.5,365987.0,445151.0
2025-06-18 11:30:51.434982,921.5,365987.0,445151.0
2025-06-18 11:30:52.257444,922.0,365987.0,445151.0
2025-06-18 11:30:52.357372,922.0,365987.0,445151.0
2025-06-18 11:30:53.300953,922.0,365987.0,445151.0
2025-06-18 11:30:54.168463,922.0,365987.0,445151.0
2025-06-18 11:30:54.257330,922.5,365987.0,445151.0
2025-06-18 11:30:54.440007,922.5,364375.0,443308.0
2025-06-18 11:30:54.940858,922.5,364375.0,443308.0
2025-06-18 11:30:55.267333,921.5,364375.0,443308.0
2025-06-18 11:30:55.987662,921.5,364375.0,443308.0
2025-06-18 11:30:56.551798,921.5,364375.0,443308.0
2025-06-18 11:30:57.267732,922.0,364375.0,443308.0
2025-06-18 11:30:57.456875,922.0,364375.0,443308.0
2025-06-18 11:30:58.743341,922.0,364375.0,443308.0
2025-06-18 11:30:59.546836,922.5,364707.0,447192.0
2025-06-18 11:30:59.963492,922.5,364707.0,447192.0
2025-06-18 11:31:00.265159,922.0,364707.0,447192.0
2025-06-18 11:31:00.836390,922.0,364707.0,447192.0
2025-06-18 11:31:01.264514,922.0,364707.0,447192.0
2025-06-18 11:31:02.289842,922.0,364707.0,447192.0
2025-06-18 11:31:03.271385,922.0,364707.0,447192.0
2025-06-18 11:31:03.358432,922.0,364707.0,447192.0
2025-06-18 11:31:04.263495,922.0,362415.0,451398.0
2025-06-18 11:31:04.498035,922.0,362415.0,451398.0
2025-06-18 11:31:05.976315,922.0,362415.0,451398.0
2025-06-18 11:31:06.293930,921.5,362415.0,451398.0
2025-06-18 11:31:08.261380,922.0,362415.0,451398.0
2025-06-18 11:31:09.351823,922.0,363649.0,445349.0
2025-06-18 11:31:10.256492,921.5,363649.0,445349.0
2025-06-18 11:31:13.272539,921.5,363649.0,445349.0
2025-06-18 11:31:14.459239,921.0,359387.0,445138.0
2025-06-18 11:31:16.265870,921.5,359387.0,445138.0
2025-06-18 11:31:18.267214,921.5,359387.0,445138.0
2025-06-18 11:31:19.465980,921.0,359387.0,445138.0
2025-06-18 11:31:19.676092,921.0,358892.0,448928.0
2025-06-18 11:31:22.257215,921.0,358892.0,448928.0
2025-06-18 11:31:24.263827,921.5,358892.0,448928.0
2025-06-18 11:31:25.176012,921.5,358952.0,450549.0
2025-06-18 11:31:26.258629,921.0,358952.0,450549.0
2025-06-18 11:31:28.263802,921.5,358952.0,450549.0
2025-06-18 11:31:29.490991,921.0,358952.0,450549.0
2025-06-18 11:31:30.707527,921.5,360063.0,450322.0
2025-06-18 11:31:32.262167,921.5,360063.0,450322.0
2025-06-18 11:31:33.262609,921.5,360063.0,450322.0
2025-06-18 11:31:35.270676,921.5,360063.0,450322.0
2025-06-18 11:31:35.874246,921.5,359009.0,451506.0
2025-06-18 11:31:38.263718,921.0,359009.0,451506.0
2025-06-18 11:31:40.978023,921.0,359566.0,451715.0
2025-06-18 11:31:42.283555,921.5,359566.0,451715.0
2025-06-18 11:31:44.258123,921.5,359566.0,451715.0
2025-06-18 11:31:45.277168,921.0,359566.0,451715.0
2025-06-18 11:31:46.195298,921.0,360214.0,451711.0
2025-06-18 11:31:48.287568,921.5,360214.0,451711.0
2025-06-18 11:31:50.258969,921.5,360214.0,451711.0
2025-06-18 11:31:51.221233,921.0,360650.0,451680.0
2025-06-18 11:31:52.276763,921.0,360650.0,451680.0
2025-06-18 11:31:54.304973,921.5,360650.0,451680.0
2025-06-18 11:31:56.410977,921.0,360430.0,451700.0
2025-06-18 11:31:56.414970,921.0,360430.0,451700.0
2025-06-18 11:31:58.274361,921.0,360430.0,451700.0
2025-06-18 11:32:00.290173,921.0,360430.0,451700.0
2025-06-18 11:32:01.094250,921.0,354656.0,452983.0
2025-06-18 11:32:02.270105,921.5,354656.0,452983.0
2025-06-18 11:32:04.295446,921.0,354656.0,452983.0
2025-06-18 11:32:06.002659,921.5,357439.0,455922.0
2025-06-18 11:32:06.259504,921.0,357439.0,455922.0
2025-06-18 11:32:11.258317,921.0,357439.0,455922.0
2025-06-18 11:32:12.106151,920.0,344952.0,455429.0
2025-06-18 11:32:15.280926,920.0,344952.0,455429.0
2025-06-18 11:32:18.013628,920.0,345599.0,452646.0
2025-06-18 11:32:19.283816,921.0,345599.0,452646.0
2025-06-18 11:32:21.266178,920.0,345599.0,452646.0
2025-06-18 11:32:23.516144,921.0,348260.0,449050.0
2025-06-18 11:32:24.273881,921.0,348260.0,449050.0
2025-06-18 11:32:27.270831,920.5,348260.0,449050.0
2025-06-18 11:32:29.231517,920.5,349609.0,447390.0
2025-06-18 11:32:30.264592,920.5,349609.0,447390.0
2025-06-18 11:32:33.268160,920.5,349609.0,447390.0
2025-06-18 11:32:34.929756,920.5,350922.0,447240.0
2025-06-18 11:32:36.274386,920.5,350922.0,447240.0
2025-06-18 11:32:39.263034,921.0,350922.0,447240.0
2025-06-18 11:32:40.945047,921.0,356685.0,447373.0
2025-06-18 11:32:42.266946,921.0,356685.0,447373.0
2025-06-18 11:32:45.266721,921.0,356685.0,447373.0
2025-06-18 11:32:46.523464,921.5,355869.0,451268.0
2025-06-18 11:32:48.275322,921.0,355869.0,451268.0
2025-06-18 11:32:51.265559,921.5,355869.0,451268.0
2025-06-18 11:32:51.635616,921.5,355863.0,451889.0
2025-06-18 11:32:54.265646,921.5,355863.0,451889.0
2025-06-18 11:32:56.742035,921.0,357038.0,452272.0
2025-06-18 11:32:57.283189,921.0,357038.0,452272.0
2025-06-18 11:33:00.272392,921.0,357038.0,452272.0
2025-06-18 11:33:02.247580,921.0,356871.0,452467.0
2025-06-18 11:33:03.262194,921.0,356871.0,452467.0
2025-06-18 11:33:06.263057,921.5,356871.0,452467.0
2025-06-18 11:33:07.645023,921.5,356287.0,451857.0
2025-06-18 11:33:09.265319,921.5,356287.0,451857.0
2025-06-18 11:33:12.272760,921.0,356287.0,451857.0
2025-06-18 11:33:13.148357,921.0,356350.0,451360.0
2025-06-18 11:33:15.268993,921.0,356350.0,451360.0
2025-06-18 11:33:18.265543,921.5,356350.0,451360.0
2025-06-18 11:33:18.349241,921.5,356381.0,451371.0
2025-06-18 11:33:21.273276,921.0,356381.0,451371.0
2025-06-18 11:33:23.550051,921.0,356423.0,450208.0
2025-06-18 11:33:24.269127,921.5,356423.0,450208.0
2025-06-18 11:33:27.281777,921.5,356423.0,450208.0
2025-06-18 11:33:28.954668,921.0,356402.0,451136.0
2025-06-18 11:33:31.266606,921.5,356402.0,451136.0
2025-06-18 11:33:33.281322,921.5,356402.0,451136.0
2025-06-18 11:33:34.858392,921.0,356397.0,450886.0
2025-06-18 11:33:37.274056,921.0,356397.0,450886.0
2025-06-18 11:33:40.266064,921.0,356397.0,450886.0
2025-06-18 11:33:40.759756,921.0,361570.0,451096.0
2025-06-18 11:33:43.265737,921.5,361570.0,451096.0
2025-06-18 11:33:45.269581,921.0,361570.0,451096.0
2025-06-18 11:33:46.764231,921.0,361714.0,450657.0
2025-06-18 11:33:48.269836,921.0,361714.0,450657.0
2025-06-18 11:33:51.119888,921.0,361714.0,450657.0
2025-06-18 11:33:51.275936,921.0,361714.0,450657.0
2025-06-18 11:33:52.239212,921.0,361714.0,450657.0
2025-06-18 11:33:52.467202,921.0,360001.0,450021.0
2025-06-18 11:33:53.190959,921.0,360001.0,450021.0
2025-06-18 11:33:54.108275,921.0,360001.0,450021.0
2025-06-18 11:33:54.301902,921.0,360001.0,450021.0
2025-06-18 11:33:54.980192,921.0,360001.0,450021.0
2025-06-18 11:33:55.796515,921.0,360001.0,450021.0
2025-06-18 11:33:56.899634,921.0,360001.0,450021.0
2025-06-18 11:33:57.268459,920.0,360001.0,450021.0
2025-06-18 11:33:57.474167,920.0,360001.0,450021.0
2025-06-18 11:33:58.292243,920.0,360563.0,449678.0
2025-06-18 11:33:58.372593,920.0,360563.0,449678.0
2025-06-18 11:33:59.738294,920.0,360563.0,449678.0
2025-06-18 11:34:00.275847,920.0,360563.0,449678.0
2025-06-18 11:34:00.887392,920.0,360563.0,449678.0
2025-06-18 11:34:01.757229,920.0,360563.0,449678.0
2025-06-18 11:34:03.145126,920.0,360563.0,449678.0
2025-06-18 11:34:03.279053,920.0,360563.0,449678.0
2025-06-18 11:34:04.082647,920.0,361901.0,450188.0
2025-06-18 11:34:04.282578,920.0,361901.0,450188.0
2025-06-18 11:34:05.548538,920.0,361901.0,450188.0
2025-06-18 11:34:06.298654,920.0,361901.0,450188.0
2025-06-18 11:34:06.891438,920.0,361901.0,450188.0
2025-06-18 11:34:09.275506,920.0,361901.0,450188.0
2025-06-18 11:34:09.781725,920.0,360207.0,451093.0
2025-06-18 11:34:12.287647,921.0,360207.0,451093.0
2025-06-18 11:34:15.086632,920.0,357148.0,450088.0
2025-06-18 11:34:15.282226,920.0,357148.0,450088.0
2025-06-18 11:34:18.282951,920.0,357148.0,450088.0
2025-06-18 11:34:20.300622,920.0,356217.0,449718.0
2025-06-18 11:34:21.293775,920.0,356217.0,449718.0
2025-06-18 11:34:24.297387,921.0,356217.0,449718.0
2025-06-18 11:34:25.493149,920.0,356489.0,449520.0
2025-06-18 11:34:27.287969,920.5,356489.0,449520.0
2025-06-18 11:34:30.305265,920.0,356489.0,449520.0
2025-06-18 11:34:30.997471,920.0,342435.0,453086.0
2025-06-18 11:34:33.293805,920.0,342435.0,453086.0
2025-06-18 11:34:35.273928,920.0,342435.0,453086.0
2025-06-18 11:34:36.100489,920.0,342261.0,453634.0
2025-06-18 11:34:37.433661,920.5,342261.0,453634.0
2025-06-18 11:34:39.280658,920.0,342261.0,453634.0
2025-06-18 11:34:40.906700,920.0,341929.0,452406.0
2025-06-18 11:34:41.282609,920.0,341929.0,452406.0
2025-06-18 11:34:43.275124,920.5,341929.0,452406.0
2025-06-18 11:34:45.288231,920.5,341929.0,452406.0
2025-06-18 11:34:45.904378,920.5,341785.0,452690.0
2025-06-18 11:34:47.287600,920.0,341785.0,452690.0
2025-06-18 11:34:49.284358,920.0,341785.0,452690.0
2025-06-18 11:34:51.278396,920.5,341785.0,452690.0
2025-06-18 11:34:51.409860,920.5,342334.0,451711.0
2025-06-18 11:34:53.291913,920.5,342334.0,451711.0
2025-06-18 11:34:55.274157,920.0,342334.0,451711.0
2025-06-18 11:34:56.815659,920.0,342925.0,446737.0
2025-06-18 11:34:57.304683,920.0,342925.0,446737.0
2025-06-18 11:35:00.491797,920.0,342925.0,446737.0
2025-06-18 11:35:01.282427,920.0,342925.0,446737.0
2025-06-18 11:35:02.122726,921.0,342760.0,447911.0
2025-06-18 11:35:03.282096,921.0,342760.0,447911.0
2025-06-18 11:35:05.279447,920.0,342760.0,447911.0
2025-06-18 11:35:07.329178,920.5,342760.0,447911.0
2025-06-18 11:35:07.822750,920.5,343580.0,449730.0
2025-06-18 11:35:09.291723,920.5,343580.0,449730.0
2025-06-18 11:35:11.290488,920.5,343580.0,449730.0
2025-06-18 11:35:13.301434,920.0,343580.0,449730.0
2025-06-18 11:35:13.617790,920.0,343063.0,448791.0
2025-06-18 11:35:15.293434,920.0,343063.0,448791.0
2025-06-18 11:35:17.322644,920.5,343063.0,448791.0
2025-06-18 11:35:19.330581,920.5,341625.0,448684.0
2025-06-18 11:35:19.335297,920.0,341625.0,448684.0
2025-06-18 11:35:21.290578,920.0,341625.0,448684.0
2025-06-18 11:35:24.925889,920.0,339845.0,448481.0
2025-06-18 11:35:25.314643,920.5,339845.0,448481.0
2025-06-18 11:35:27.302168,920.0,339845.0,448481.0
2025-06-18 11:35:29.325633,920.0,339845.0,448481.0
2025-06-18 11:35:30.827267,920.0,338968.0,446629.0
2025-06-18 11:35:31.287256,920.0,338968.0,446629.0
2025-06-18 11:35:33.283925,920.0,338968.0,446629.0
2025-06-18 11:35:36.285643,920.5,338968.0,446629.0
2025-06-18 11:35:36.530112,920.5,338079.0,446152.0
2025-06-18 11:35:40.277168,920.0,338079.0,446152.0
2025-06-18 11:35:42.321841,920.0,338079.0,446152.0
2025-06-18 11:35:42.636019,920.0,337442.0,447972.0
2025-06-18 11:35:45.280034,920.0,337442.0,447972.0
2025-06-18 11:35:48.281849,920.0,337442.0,447972.0
2025-06-18 11:35:48.540283,920.0,337899.0,446679.0
2025-06-18 11:35:51.273232,920.0,337899.0,446679.0
2025-06-18 11:35:54.145681,921.0,335966.0,447722.0
2025-06-18 11:35:54.276144,921.0,335966.0,447722.0
2025-06-18 11:35:57.294521,920.0,335966.0,447722.0
2025-06-18 11:35:59.846922,920.0,336471.0,446551.0
2025-06-18 11:36:00.283825,920.0,336471.0,446551.0
2025-06-18 11:36:01.286079,920.0,336471.0,446551.0
2025-06-18 11:36:04.278527,920.0,336471.0,446551.0
2025-06-18 11:36:05.757161,921.0,336522.0,446964.0
2025-06-18 11:36:06.275716,921.0,336522.0,446964.0
2025-06-18 11:36:09.597269,921.0,336522.0,446964.0
2025-06-18 11:36:10.281956,920.0,336522.0,446964.0
2025-06-18 11:36:11.455107,921.0,337242.0,446574.0
2025-06-18 11:36:12.278033,921.0,337242.0,446574.0
2025-06-18 11:36:14.284755,921.0,337242.0,446574.0
2025-06-18 11:36:16.276717,921.0,337242.0,446574.0
2025-06-18 11:36:17.060981,921.0,337918.0,450364.0
2025-06-18 11:36:18.276040,920.5,337918.0,450364.0
2025-06-18 11:36:20.285841,920.5,337918.0,450364.0
2025-06-18 11:36:22.286380,920.5,337918.0,450364.0
2025-06-18 11:36:22.758846,920.5,336879.0,450011.0
2025-06-18 11:36:24.280771,921.0,336879.0,450011.0
2025-06-18 11:36:26.280562,920.5,336879.0,450011.0
2025-06-18 11:36:28.263032,921.0,337823.0,449920.0
2025-06-18 11:36:28.276370,921.0,337823.0,449920.0
2025-06-18 11:36:32.283986,921.0,337823.0,449920.0
2025-06-18 11:36:33.769560,920.5,337628.0,450096.0
2025-06-18 11:36:34.281030,920.5,337628.0,450096.0
2025-06-18 11:36:36.280344,920.5,337628.0,450096.0
2025-06-18 11:36:38.966523,920.5,337591.0,450558.0
2025-06-18 11:36:42.282100,921.0,337591.0,450558.0
2025-06-18 11:36:44.168754,920.5,337836.0,450157.0
2025-06-18 11:36:44.279580,920.5,337836.0,450157.0
2025-06-18 11:36:46.280442,920.5,337836.0,450157.0
2025-06-18 11:36:48.287310,921.0,337836.0,450157.0
2025-06-18 11:36:49.570432,920.5,338255.0,449719.0
2025-06-18 11:36:50.285647,920.5,338255.0,449719.0
2025-06-18 11:36:51.358008,920.5,338255.0,449719.0
2025-06-18 11:36:52.277672,920.5,338255.0,449719.0
2025-06-18 11:36:52.467204,920.5,338255.0,449719.0
2025-06-18 11:36:53.402029,920.5,338255.0,449719.0
2025-06-18 11:36:54.355562,920.5,338255.0,449719.0
2025-06-18 11:36:54.975553,921.0,338911.0,449394.0
2025-06-18 11:36:55.248867,921.0,338911.0,449394.0
2025-06-18 11:36:56.044298,921.0,338911.0,449394.0
2025-06-18 11:36:56.282898,920.5,338911.0,449394.0
2025-06-18 11:36:57.104163,920.5,338911.0,449394.0
2025-06-18 11:36:58.086629,920.5,338911.0,449394.0
2025-06-18 11:36:58.284832,920.5,338911.0,449394.0
2025-06-18 11:36:58.567055,920.5,338911.0,449394.0
2025-06-18 11:36:59.824694,920.5,338911.0,449394.0
2025-06-18 11:37:00.295029,921.0,338911.0,449394.0
2025-06-18 11:37:00.375852,921.0,339722.0,449280.0
2025-06-18 11:37:01.084088,921.0,339722.0,449280.0
2025-06-18 11:37:02.279115,921.0,339722.0,449280.0
2025-06-18 11:37:03.362229,921.0,339722.0,449280.0
2025-06-18 11:37:04.303674,920.5,339722.0,449280.0
2025-06-18 11:37:04.497540,920.5,339722.0,449280.0
2025-06-18 11:37:05.580558,920.5,338249.0,448297.0
2025-06-18 11:37:05.702994,920.5,338249.0,448297.0
2025-06-18 11:37:06.281668,921.0,338249.0,448297.0
2025-06-18 11:37:07.102292,921.0,338249.0,448297.0
2025-06-18 11:37:08.285234,921.0,338249.0,448297.0
2025-06-18 11:37:10.285911,920.5,338249.0,448297.0
2025-06-18 11:37:10.783603,920.5,338589.0,448898.0
2025-06-18 11:37:14.291084,920.5,338589.0,448898.0
2025-06-18 11:37:15.983377,921.0,338622.0,449739.0
2025-06-18 11:37:16.287955,921.0,338622.0,449739.0
2025-06-18 11:37:18.281474,921.0,338622.0,449739.0
2025-06-18 11:37:20.284679,920.5,338622.0,449739.0
2025-06-18 11:37:20.791593,920.5,338559.0,450035.0
2025-06-18 11:37:22.286755,920.5,338559.0,450035.0
2025-06-18 11:37:24.290504,921.0,338559.0,450035.0
2025-06-18 11:37:25.694979,920.5,338710.0,450026.0
2025-06-18 11:37:26.284411,920.5,338710.0,450026.0
2025-06-18 11:37:28.286235,921.0,338710.0,450026.0
2025-06-18 11:37:29.287179,920.5,338710.0,450026.0
2025-06-18 11:37:30.794578,921.0,338930.0,449604.0
2025-06-18 11:37:32.282604,921.0,338930.0,449604.0
2025-06-18 11:37:34.292270,921.0,338930.0,449604.0
2025-06-18 11:37:37.446846,921.0,338449.0,449561.0
2025-06-18 11:37:37.492016,921.0,338449.0,449561.0
2025-06-18 11:37:38.286479,920.5,338449.0,449561.0
2025-06-18 11:37:40.288952,920.5,338449.0,449561.0
2025-06-18 11:37:41.905011,920.5,337978.0,444278.0
2025-06-18 11:37:42.283071,921.0,337978.0,444278.0
2025-06-18 11:37:45.180634,921.5,337978.0,444278.0
2025-06-18 11:37:46.281587,920.5,337978.0,444278.0
2025-06-18 11:37:47.110935,920.5,338784.0,445588.0
2025-06-18 11:37:48.286942,920.5,338784.0,445588.0
2025-06-18 11:37:52.285233,920.5,338784.0,445588.0
2025-06-18 11:37:52.511140,920.5,339562.0,446369.0
2025-06-18 11:37:54.287195,921.5,339562.0,446369.0
2025-06-18 11:37:56.286748,920.5,339562.0,446369.0
2025-06-18 11:37:57.917878,921.5,339282.0,446867.0
2025-06-18 11:37:58.325896,921.5,339282.0,446867.0
2025-06-18 11:38:01.286542,920.5,339282.0,446867.0
2025-06-18 11:38:03.416114,920.5,338845.0,445610.0
2025-06-18 11:38:04.296232,921.5,338845.0,445610.0
2025-06-18 11:38:07.286689,921.5,338845.0,445610.0
2025-06-18 11:38:08.299803,921.5,338845.0,445610.0
2025-06-18 11:38:09.118753,921.5,338723.0,445954.0
2025-06-18 11:38:11.285487,921.0,338723.0,445954.0
2025-06-18 11:38:13.289229,921.5,338723.0,445954.0
2025-06-18 11:38:14.825619,920.5,338817.0,445224.0
2025-06-18 11:38:15.283095,920.5,338817.0,445224.0
2025-06-18 11:38:16.287876,921.5,338817.0,445224.0
2025-06-18 11:38:19.324907,921.5,338817.0,445224.0
2025-06-18 11:38:20.126737,920.5,338112.0,446781.0
2025-06-18 11:38:20.291141,920.5,338112.0,446781.0
2025-06-18 11:38:22.290102,920.5,338112.0,446781.0
2025-06-18 11:38:25.301849,920.5,338112.0,446781.0
2025-06-18 11:38:25.332305,920.5,338340.0,445464.0
2025-06-18 11:38:29.301205,920.5,338340.0,445464.0
2025-06-18 11:38:30.535119,921.5,338322.0,445633.0
2025-06-18 11:38:31.321396,921.5,338322.0,445633.0
2025-06-18 11:38:35.288286,921.0,338322.0,445633.0
2025-06-18 11:38:35.938933,921.0,341100.0,449401.0
2025-06-18 11:38:41.268639,921.5,340892.0,449817.0
2025-06-18 11:38:41.289860,921.5,340892.0,449817.0
2025-06-18 11:38:43.290711,921.5,340892.0,449817.0
2025-06-18 11:38:45.291287,921.0,340892.0,449817.0
2025-06-18 11:38:46.273959,921.0,343026.0,448060.0
2025-06-18 11:38:47.288395,921.5,343026.0,448060.0
2025-06-18 11:38:49.301307,921.0,343026.0,448060.0
2025-06-18 11:38:51.319811,921.0,343026.0,448060.0
2025-06-18 11:38:51.347000,921.0,342790.0,449011.0
2025-06-18 11:38:53.288692,921.5,342790.0,449011.0
2025-06-18 11:38:55.294475,921.5,342790.0,449011.0
2025-06-18 11:38:57.512922,921.5,343136.0,447524.0
2025-06-18 11:38:57.522617,921.0,343136.0,447524.0
2025-06-18 11:39:01.265346,921.5,342725.0,448367.0
2025-06-18 11:39:01.305324,921.5,342725.0,448367.0
2025-06-18 11:39:03.290350,921.5,342725.0,448367.0
2025-06-18 11:39:05.303825,921.0,342725.0,448367.0
2025-06-18 11:39:06.444511,921.0,343163.0,444442.0
2025-06-18 11:39:09.295529,921.5,343163.0,444442.0
2025-06-18 11:39:11.293584,921.0,343163.0,444442.0
2025-06-18 11:39:12.063401,921.0,342857.0,445192.0
2025-06-18 11:39:13.295640,921.0,342857.0,445192.0
2025-06-18 11:39:15.298179,921.5,342857.0,445192.0
2025-06-18 11:39:17.530400,921.5,342857.0,445192.0
2025-06-18 11:39:17.673628,921.5,343335.0,446193.0
2025-06-18 11:39:19.293138,921.0,343335.0,446193.0
2025-06-18 11:39:21.294582,921.0,343335.0,446193.0
2025-06-18 11:39:23.180919,921.0,342916.0,444959.0
2025-06-18 11:39:25.294158,921.0,342916.0,444959.0
2025-06-18 11:39:27.296654,921.5,342916.0,444959.0
2025-06-18 11:39:28.276842,921.0,342061.0,445957.0
2025-06-18 11:39:29.301553,921.0,342061.0,445957.0
2025-06-18 11:39:31.292266,921.0,342061.0,445957.0
2025-06-18 11:39:32.292228,921.0,342061.0,445957.0
2025-06-18 11:39:33.388316,921.0,342086.0,445581.0
2025-06-18 11:39:35.297617,921.5,342086.0,445581.0
2025-06-18 11:39:37.292608,921.5,342086.0,445581.0
2025-06-18 11:39:38.883513,921.5,342595.0,445465.0
2025-06-18 11:39:39.295908,921.5,342595.0,445465.0
2025-06-18 11:39:41.307625,921.5,342595.0,445465.0
2025-06-18 11:39:42.295757,921.0,342595.0,445465.0
2025-06-18 11:39:43.984471,921.5,342701.0,445464.0
2025-06-18 11:39:45.291135,921.0,342701.0,445464.0
2025-06-18 11:39:47.293162,921.5,342701.0,445464.0
2025-06-18 11:39:49.290605,921.5,342799.0,445389.0
2025-06-18 11:39:49.299236,921.5,342799.0,445389.0
2025-06-18 11:39:51.329932,921.0,342799.0,445389.0
2025-06-18 11:39:51.776677,921.0,342799.0,445389.0
2025-06-18 11:39:52.304629,921.5,342799.0,445389.0
2025-06-18 11:39:53.294943,921.5,342799.0,445389.0
2025-06-18 11:39:54.233054,921.5,342799.0,445389.0
2025-06-18 11:39:54.793733,921.0,342028.0,445607.0
2025-06-18 11:39:55.194953,921.0,342028.0,445607.0
2025-06-18 11:39:55.293831,921.5,342028.0,445607.0
2025-06-18 11:39:56.056858,921.5,342028.0,445607.0
2025-06-18 11:39:57.294829,921.5,342028.0,445607.0
2025-06-18 11:39:57.939821,921.5,342028.0,445607.0
2025-06-18 11:39:58.512547,921.5,342028.0,445607.0
2025-06-18 11:39:59.412422,921.5,342028.0,445607.0
2025-06-18 11:40:00.095612,921.5,345340.0,442096.0
2025-06-18 11:40:00.299865,922.5,345340.0,442096.0
2025-06-18 11:40:00.677023,922.5,345340.0,442096.0
2025-06-18 11:40:01.934096,922.5,345340.0,442096.0
2025-06-18 11:40:02.804390,922.5,345340.0,442096.0
2025-06-18 11:40:03.294924,922.5,345340.0,442096.0
2025-06-18 11:40:04.207462,922.5,345340.0,442096.0
2025-06-18 11:40:05.099920,921.5,346038.0,441295.0
2025-06-18 11:40:05.352577,921.5,346038.0,441295.0
2025-06-18 11:40:06.486936,921.5,346038.0,441295.0
2025-06-18 11:40:07.297408,922.5,346038.0,441295.0
2025-06-18 11:40:07.993049,922.5,346038.0,441295.0
2025-06-18 11:40:09.298363,921.5,346038.0,441295.0
2025-06-18 11:40:10.302813,921.5,346038.0,441295.0
2025-06-18 11:40:10.304332,921.5,346426.0,440931.0
2025-06-18 11:40:12.306720,922.5,346426.0,440931.0
2025-06-18 11:40:14.305281,921.5,346426.0,440931.0
2025-06-18 11:40:15.302273,921.5,346314.0,441152.0
2025-06-18 11:40:17.298948,921.5,346314.0,441152.0
2025-06-18 11:40:20.704854,922.0,343562.0,446276.0
2025-06-18 11:40:21.294883,922.0,343562.0,446276.0
2025-06-18 11:40:23.317453,921.5,343562.0,446276.0
2025-06-18 11:40:25.293812,921.0,343562.0,446276.0
2025-06-18 11:40:26.111991,921.5,339335.0,444340.0
2025-06-18 11:40:27.298370,921.5,339335.0,444340.0
2025-06-18 11:40:31.299447,921.5,339335.0,444340.0
2025-06-18 11:40:31.922864,921.5,343724.0,442457.0
2025-06-18 11:40:32.342403,921.5,343724.0,442457.0
2025-06-18 11:40:34.335271,921.5,343724.0,442457.0
2025-06-18 11:40:37.229762,922.0,343076.0,439779.0
2025-06-18 11:40:37.295252,922.0,343076.0,439779.0
2025-06-18 11:40:41.335282,921.5,343076.0,439779.0
2025-06-18 11:40:42.621339,921.5,343707.0,443186.0
2025-06-18 11:40:45.299520,921.5,343707.0,443186.0
2025-06-18 11:40:48.027947,921.5,343773.0,443025.0
2025-06-18 11:40:49.300398,921.5,343773.0,443025.0
2025-06-18 11:40:50.328592,922.0,343773.0,443025.0
2025-06-18 11:40:53.128097,921.5,341729.0,445465.0
2025-06-18 11:40:53.299576,921.5,341729.0,445465.0
2025-06-18 11:40:55.298745,921.0,341729.0,445465.0
2025-06-18 11:40:57.302926,921.0,341729.0,445465.0
2025-06-18 11:40:58.634965,921.0,343043.0,445769.0
2025-06-18 11:41:01.306039,921.0,343043.0,445769.0
2025-06-18 11:41:03.837007,921.0,343105.0,445483.0
2025-06-18 11:41:05.304198,921.0,343105.0,445483.0
2025-06-18 11:41:07.304430,921.0,343105.0,445483.0
2025-06-18 11:41:09.245313,921.5,343382.0,445625.0
2025-06-18 11:41:09.303936,921.5,343382.0,445625.0
2025-06-18 11:41:11.310756,921.0,343382.0,445625.0
2025-06-18 11:41:12.307750,921.5,343382.0,445625.0
2025-06-18 11:41:14.440899,921.0,342133.0,445556.0
2025-06-18 11:41:15.297104,921.5,342133.0,445556.0
2025-06-18 11:41:16.347719,921.0,342133.0,445556.0
2025-06-18 11:41:19.314533,921.5,342133.0,445556.0
2025-06-18 11:41:19.544108,921.5,343220.0,445576.0
2025-06-18 11:41:20.307400,921.0,343220.0,445576.0
2025-06-18 11:41:23.302073,921.0,343220.0,445576.0
2025-06-18 11:41:24.449626,921.5,342913.0,445522.0
2025-06-18 11:41:25.322253,921.0,342913.0,445522.0
2025-06-18 11:41:28.325731,921.5,342913.0,445522.0
2025-06-18 11:41:29.452059,921.0,342951.0,446123.0
2025-06-18 11:41:31.315738,921.0,342951.0,446123.0
2025-06-18 11:41:33.308265,921.5,342951.0,446123.0
2025-06-18 11:41:34.309392,921.5,342951.0,446123.0
2025-06-18 11:41:34.953815,921.0,342998.0,444411.0
2025-06-18 11:41:36.317228,921.5,342998.0,444411.0
2025-06-18 11:41:39.306971,921.0,342998.0,444411.0
2025-06-18 11:41:40.321031,922.0,342998.0,444411.0
2025-06-18 11:41:40.671647,922.0,344737.0,443995.0
2025-06-18 11:41:42.348069,922.0,344737.0,443995.0
2025-06-18 11:41:45.299951,921.5,344737.0,443995.0
2025-06-18 11:41:45.862479,922.0,345435.0,443836.0
2025-06-18 11:41:46.312013,921.5,345435.0,443836.0
2025-06-18 11:41:50.777229,921.5,345614.0,443936.0
2025-06-18 11:41:51.306189,921.5,345614.0,443936.0
2025-06-18 11:41:54.320378,922.0,345614.0,443936.0
2025-06-18 11:41:55.870117,922.0,345618.0,444203.0
2025-06-18 11:41:57.303750,922.0,345618.0,444203.0
2025-06-18 11:41:59.304163,921.5,345618.0,444203.0
2025-06-18 11:42:00.318576,922.0,345618.0,444203.0
2025-06-18 11:42:00.783950,922.0,345677.0,444249.0
2025-06-18 11:42:02.324523,922.0,345677.0,444249.0
2025-06-18 11:42:05.306999,922.0,345677.0,444249.0
2025-06-18 11:42:05.476238,922.0,347846.0,441485.0
2025-06-18 11:42:07.315058,922.5,347846.0,441485.0
2025-06-18 11:42:09.318676,921.5,347846.0,441485.0
2025-06-18 11:42:10.786744,922.0,347097.0,445229.0
2025-06-18 11:42:11.340225,922.5,347097.0,445229.0
2025-06-18 11:42:13.319707,922.5,347097.0,445229.0
2025-06-18 11:42:15.330135,922.0,347097.0,445229.0
2025-06-18 11:42:15.786035,922.0,347351.0,445703.0
2025-06-18 11:42:16.307358,922.5,347351.0,445703.0
2025-06-18 11:42:19.308160,922.5,347351.0,445703.0
2025-06-18 11:42:20.885683,922.0,347429.0,445378.0
2025-06-18 11:42:21.305169,922.5,347429.0,445378.0
2025-06-18 11:42:23.388925,922.5,347429.0,445378.0
2025-06-18 11:42:25.315633,922.0,347429.0,445378.0
2025-06-18 11:42:26.093184,922.5,346738.0,444741.0
2025-06-18 11:42:27.374007,922.5,346738.0,444741.0
2025-06-18 11:42:28.373405,922.0,346738.0,444741.0
2025-06-18 11:42:31.305127,922.5,345748.0,442314.0
2025-06-18 11:42:31.340115,922.5,345748.0,442314.0
2025-06-18 11:42:33.356999,922.0,345748.0,442314.0
2025-06-18 11:42:36.789382,922.5,345999.0,442306.0
2025-06-18 11:42:37.317420,922.5,345999.0,442306.0
2025-06-18 11:42:39.314484,922.5,345999.0,442306.0
2025-06-18 11:42:41.314708,922.0,345999.0,442306.0
2025-06-18 11:42:41.605180,922.0,347180.0,439355.0
2025-06-18 11:42:43.316939,922.5,347180.0,439355.0
2025-06-18 11:42:45.314502,922.0,347180.0,439355.0
2025-06-18 11:42:46.351572,922.5,347180.0,439355.0
2025-06-18 11:42:47.409061,922.5,347241.0,441869.0
2025-06-18 11:42:49.317916,922.0,347241.0,441869.0
2025-06-18 11:42:50.321709,922.5,347241.0,441869.0
2025-06-18 11:42:52.478741,922.5,347241.0,441869.0
2025-06-18 11:42:52.911958,922.5,347867.0,441587.0
2025-06-18 11:42:53.307102,922.5,347867.0,441587.0
2025-06-18 11:42:53.347205,922.5,347867.0,441587.0
2025-06-18 11:42:54.571611,922.5,347867.0,441587.0
2025-06-18 11:42:55.313968,922.5,347867.0,441587.0
2025-06-18 11:42:55.516628,922.5,347867.0,441587.0
2025-06-18 11:42:56.398378,922.5,347867.0,441587.0
2025-06-18 11:42:57.225386,922.5,347867.0,441587.0
2025-06-18 11:42:57.315284,922.0,347867.0,441587.0
2025-06-18 11:42:58.218425,922.5,347826.0,441303.0
2025-06-18 11:42:58.308920,922.5,347826.0,441303.0
2025-06-18 11:42:59.301052,922.5,347826.0,441303.0
2025-06-18 11:42:59.339283,922.5,347826.0,441303.0
2025-06-18 11:42:59.777183,922.5,347826.0,441303.0
2025-06-18 11:43:00.162824,922.5,347826.0,441303.0
2025-06-18 11:43:00.320228,922.0,347826.0,441303.0
2025-06-18 11:43:01.044116,922.0,347826.0,441303.0
2025-06-18 11:43:02.330246,922.0,347826.0,441303.0
2025-06-18 11:43:03.131880,922.0,348593.0,441275.0
2025-06-18 11:43:03.172328,922.0,348593.0,441275.0
2025-06-18 11:43:03.314944,922.0,348593.0,441275.0
2025-06-18 11:43:04.582923,922.0,348593.0,441275.0
2025-06-18 11:43:05.310408,922.0,348593.0,441275.0
2025-06-18 11:43:05.739202,922.0,348593.0,441275.0
2025-06-18 11:43:06.873487,922.0,348593.0,441275.0
2025-06-18 11:43:07.313133,922.5,348593.0,441275.0
2025-06-18 11:43:08.409006,922.0,347206.0,441714.0
2025-06-18 11:43:08.448282,922.0,347206.0,441714.0
2025-06-18 11:43:09.355067,922.0,347206.0,441714.0
2025-06-18 11:43:10.344791,922.0,347206.0,441714.0
2025-06-18 11:43:13.321371,921.5,347206.0,441714.0
2025-06-18 11:43:13.620843,922.0,344412.0,446800.0
2025-06-18 11:43:15.313622,922.0,344412.0,446800.0
2025-06-18 11:43:17.312468,922.0,344412.0,446800.0
2025-06-18 11:43:19.309474,922.0,344412.0,446800.0
2025-06-18 11:43:19.327569,922.0,345037.0,443208.0
2025-06-18 11:43:20.323557,921.5,345037.0,443208.0
2025-06-18 11:43:23.308255,921.5,345037.0,443208.0
2025-06-18 11:43:24.352077,922.0,345037.0,443208.0
2025-06-18 11:43:24.427989,922.0,345923.0,445339.0
2025-06-18 11:43:27.322272,922.0,345923.0,445339.0
2025-06-18 11:43:29.310250,921.5,345923.0,445339.0
2025-06-18 11:43:29.529575,921.5,346690.0,444938.0
2025-06-18 11:43:30.356866,922.0,346690.0,444938.0
2025-06-18 11:43:34.937243,921.5,347036.0,445138.0
2025-06-18 11:43:35.317966,921.5,347036.0,445138.0
2025-06-18 11:43:37.339456,921.5,347036.0,445138.0
2025-06-18 11:43:39.337969,922.0,347036.0,445138.0
2025-06-18 11:43:40.451801,922.0,346680.0,446358.0
2025-06-18 11:43:41.363182,922.0,346680.0,446358.0
2025-06-18 11:43:43.326723,922.0,346680.0,446358.0
2025-06-18 11:43:45.309824,921.5,346680.0,446358.0
2025-06-18 11:43:45.747156,922.0,345329.0,446484.0
2025-06-18 11:43:47.308750,922.0,345329.0,446484.0
2025-06-18 11:43:49.930291,922.0,345329.0,446484.0
2025-06-18 11:43:50.322222,922.0,345329.0,446484.0
2025-06-18 11:43:51.048264,922.0,345442.0,446291.0
