timestamp,ltp,bid_qty,ask_qty
2025-06-18 11:01:36.666989,1862.6,176716.0,261893.0
2025-06-18 11:01:37.139842,1862.6,176716.0,261893.0
2025-06-18 11:01:37.443394,1862.9,176788.0,261880.0
2025-06-18 11:01:38.131034,1862.6,176788.0,261880.0
2025-06-18 11:01:38.538935,1862.6,176796.0,261907.0
2025-06-18 11:01:39.131862,1862.6,176796.0,261907.0
2025-06-18 11:01:39.541107,1862.6,176813.0,262106.0
2025-06-18 11:01:40.646399,1862.6,176910.0,262112.0
2025-06-18 11:01:41.131488,1862.6,176910.0,262112.0
2025-06-18 11:01:41.645646,1862.6,176911.0,261980.0
2025-06-18 11:01:42.744194,1862.6,176912.0,261947.0
2025-06-18 11:01:43.850968,1862.8,177068.0,261868.0
2025-06-18 11:01:44.183514,1862.8,177068.0,261868.0
2025-06-18 11:01:44.951055,1862.8,177137.0,261855.0
2025-06-18 11:01:45.147627,1862.6,177137.0,261855.0
2025-06-18 11:01:45.997401,1862.6,176850.0,261758.0
2025-06-18 11:01:47.048883,1862.8,176967.0,261855.0
2025-06-18 11:01:47.140650,1862.8,176967.0,261855.0
2025-06-18 11:01:48.154984,1862.8,176845.0,261857.0
2025-06-18 11:01:49.174369,1862.8,176845.0,261857.0
2025-06-18 11:01:49.182407,1862.8,176249.0,261883.0
2025-06-18 11:01:50.133409,1862.8,176249.0,261883.0
2025-06-18 11:01:50.152568,1862.8,176229.0,261837.0
2025-06-18 11:01:51.144562,1862.6,176229.0,261837.0
2025-06-18 11:01:51.153595,1862.6,176234.0,261175.0
2025-06-18 11:01:52.136080,1862.8,176234.0,261175.0
2025-06-18 11:01:52.153145,1862.8,176147.0,261835.0
2025-06-18 11:01:53.136030,1862.8,176147.0,261835.0
2025-06-18 11:01:53.248580,1862.8,176121.0,261809.0
2025-06-18 11:01:54.201528,1862.8,176121.0,261809.0
2025-06-18 11:01:54.249757,1862.8,176121.0,261143.0
2025-06-18 11:01:55.144357,1862.6,176121.0,261143.0
2025-06-18 11:01:55.250095,1862.6,176107.0,261802.0
2025-06-18 11:01:56.202141,1862.8,176107.0,261802.0
2025-06-18 11:01:56.349427,1862.8,176066.0,261774.0
2025-06-18 11:01:57.145343,1862.8,176066.0,261774.0
2025-06-18 11:01:57.507133,1862.8,176174.0,261219.0
2025-06-18 11:01:58.135676,1862.6,176174.0,261219.0
2025-06-18 11:01:58.460773,1862.8,176190.0,261465.0
2025-06-18 11:01:59.138144,1862.6,176190.0,261465.0
2025-06-18 11:01:59.499953,1862.6,176065.0,261459.0
2025-06-18 11:02:00.137985,1862.8,176065.0,261459.0
2025-06-18 11:02:00.554486,1862.8,176055.0,261451.0
2025-06-18 11:02:01.140738,1862.8,176055.0,261451.0
2025-06-18 11:02:03.142666,1862.6,176055.0,261451.0
2025-06-18 11:02:05.115628,1862.6,176465.0,261595.0
2025-06-18 11:02:05.205305,1862.6,176465.0,261595.0
2025-06-18 11:02:07.143381,1862.7,176465.0,261595.0
2025-06-18 11:02:08.990451,1862.8,176625.0,261697.0
2025-06-18 11:02:09.138842,1862.8,176625.0,261697.0
2025-06-18 11:02:11.143536,1862.8,176625.0,261697.0
2025-06-18 11:02:13.146049,1862.7,176625.0,261697.0
2025-06-18 11:02:15.117853,1862.8,176776.0,261378.0
2025-06-18 11:02:15.167580,1862.8,176776.0,261378.0
2025-06-18 11:02:17.142769,1862.7,176776.0,261378.0
2025-06-18 11:02:19.137177,1862.7,176776.0,261378.0
2025-06-18 11:02:19.669975,1862.7,177008.0,261305.0
2025-06-18 11:02:21.138111,1862.7,177008.0,261305.0
2025-06-18 11:02:23.143802,1862.7,177008.0,261305.0
2025-06-18 11:02:24.774337,1862.8,177020.0,261394.0
2025-06-18 11:02:25.140600,1862.8,177020.0,261394.0
2025-06-18 11:02:29.146546,1862.8,177020.0,261394.0
2025-06-18 11:02:29.779422,1862.8,177141.0,261520.0
2025-06-18 11:02:31.140408,1862.8,177141.0,261520.0
2025-06-18 11:02:33.145703,1862.7,177141.0,261520.0
2025-06-18 11:02:35.179508,1862.7,176967.0,261678.0
2025-06-18 11:02:37.146903,1862.8,176967.0,261678.0
2025-06-18 11:02:39.147014,1862.8,176967.0,261678.0
2025-06-18 11:02:40.584804,1862.8,175462.0,261709.0
2025-06-18 11:02:41.140498,1862.8,175462.0,261709.0
2025-06-18 11:02:45.145939,1862.7,175462.0,261709.0
2025-06-18 11:02:45.788654,1862.8,175517.0,261994.0
2025-06-18 11:02:47.152849,1862.8,175517.0,261994.0
2025-06-18 11:02:49.148388,1862.8,175517.0,261994.0
2025-06-18 11:02:51.002353,1862.8,175801.0,261870.0
2025-06-18 11:02:51.229360,1862.7,175801.0,261870.0
2025-06-18 11:02:53.147921,1862.8,175801.0,261870.0
2025-06-18 11:02:55.147682,1862.9,175801.0,261870.0
2025-06-18 11:02:56.392908,1862.9,176159.0,260878.0
2025-06-18 11:02:57.151170,1862.9,176159.0,260878.0
2025-06-18 11:02:59.148706,1863.0,176159.0,260878.0
2025-06-18 11:03:01.143431,1862.9,176159.0,260878.0
2025-06-18 11:03:01.402142,1862.8,177718.0,261645.0
2025-06-18 11:03:03.145501,1863.0,177718.0,261645.0
2025-06-18 11:03:06.903223,1863.0,178464.0,261884.0
2025-06-18 11:03:07.146226,1863.0,178464.0,261884.0
2025-06-18 11:03:09.150631,1863.0,178464.0,261884.0
2025-06-18 11:03:11.150101,1863.0,178464.0,261884.0
2025-06-18 11:03:12.103945,1863.0,178433.0,261762.0
2025-06-18 11:03:13.146387,1862.9,178433.0,261762.0
2025-06-18 11:03:15.143635,1863.0,178433.0,261762.0
2025-06-18 11:03:17.150798,1863.0,178433.0,261762.0
2025-06-18 11:03:17.303185,1863.0,178863.0,262038.0
2025-06-18 11:03:19.150499,1862.9,178863.0,262038.0
2025-06-18 11:03:21.207373,1862.9,178863.0,262038.0
2025-06-18 11:03:22.505806,1863.0,179023.0,262683.0
2025-06-18 11:03:23.152932,1863.0,179023.0,262683.0
2025-06-18 11:03:27.149360,1863.0,179023.0,262683.0
2025-06-18 11:03:27.712198,1863.0,178418.0,263315.0
2025-06-18 11:03:29.150602,1863.5,178418.0,263315.0
2025-06-18 11:03:31.155569,1863.5,178418.0,263315.0
2025-06-18 11:03:33.149125,1863.0,178418.0,263315.0
2025-06-18 11:03:33.216116,1863.0,179367.0,260091.0
2025-06-18 11:03:35.151229,1863.4,179367.0,260091.0
2025-06-18 11:03:37.153543,1863.0,179367.0,260091.0
2025-06-18 11:03:38.718082,1863.0,179563.0,259771.0
2025-06-18 11:03:39.150142,1863.0,179563.0,259771.0
2025-06-18 11:03:43.157928,1863.8,179563.0,259771.0
2025-06-18 11:03:43.821375,1863.6,180958.0,257956.0
2025-06-18 11:03:45.168347,1863.8,180958.0,257956.0
2025-06-18 11:03:46.056301,1863.8,180958.0,257956.0
2025-06-18 11:03:47.078373,1863.8,180958.0,257956.0
2025-06-18 11:03:47.174596,1863.8,180958.0,257956.0
2025-06-18 11:03:47.995600,1863.8,180958.0,257956.0
2025-06-18 11:03:48.621405,1863.8,180773.0,257481.0
2025-06-18 11:03:48.925567,1863.8,180773.0,257481.0
2025-06-18 11:03:49.160360,1863.8,180773.0,257481.0
2025-06-18 11:03:49.769390,1863.8,180773.0,257481.0
2025-06-18 11:03:50.563221,1863.8,180773.0,257481.0
2025-06-18 11:03:51.169500,1863.7,180773.0,257481.0
2025-06-18 11:03:51.620427,1863.7,180773.0,257481.0
2025-06-18 11:03:52.204644,1863.7,180773.0,257481.0
2025-06-18 11:03:53.081091,1863.7,180773.0,257481.0
2025-06-18 11:03:53.201219,1863.8,180773.0,257481.0
2025-06-18 11:03:53.425460,1863.8,180187.0,257507.0
2025-06-18 11:03:53.447172,1863.8,180187.0,257507.0
2025-06-18 11:03:54.456188,1863.8,180187.0,257507.0
2025-06-18 11:03:55.169182,1863.7,180187.0,257507.0
2025-06-18 11:03:55.729156,1863.7,180187.0,257507.0
2025-06-18 11:03:56.592398,1863.7,180187.0,257507.0
2025-06-18 11:04:00.412076,1863.7,180187.0,257507.0
2025-06-18 11:04:00.505558,1863.7,180187.0,257507.0
2025-06-18 11:04:00.509864,1863.7,180012.0,258242.0
2025-06-18 11:04:00.512993,1863.7,180012.0,258242.0
2025-06-18 11:04:00.546393,1863.7,180012.0,258242.0
2025-06-18 11:04:00.582378,1863.7,180012.0,258242.0
2025-06-18 11:04:01.171752,1863.9,180012.0,258242.0
2025-06-18 11:04:01.631875,1863.9,180070.0,256784.0
2025-06-18 11:04:01.925294,1863.9,180070.0,256784.0
2025-06-18 11:04:02.156134,1863.9,180070.0,256784.0
2025-06-18 11:04:02.830607,1863.6,179900.0,256546.0
2025-06-18 11:04:03.198696,1863.9,179900.0,256546.0
2025-06-18 11:04:04.133349,1864.0,180136.0,255733.0
2025-06-18 11:04:04.157202,1864.0,180136.0,255733.0
2025-06-18 11:04:05.132004,1863.7,180092.0,256088.0
2025-06-18 11:04:05.155256,1863.7,180092.0,256088.0
2025-06-18 11:04:06.134018,1863.7,180372.0,256098.0
2025-06-18 11:04:07.133628,1863.7,180280.0,256098.0
2025-06-18 11:04:08.033234,1864.0,180500.0,256175.0
2025-06-18 11:04:08.163902,1864.0,180500.0,256175.0
2025-06-18 11:04:09.150206,1864.0,180500.0,256175.0
2025-06-18 11:04:09.235300,1864.0,180386.0,255803.0
2025-06-18 11:04:10.155985,1863.9,180386.0,255803.0
2025-06-18 11:04:10.239715,1863.9,180355.0,254229.0
2025-06-18 11:04:11.157509,1864.0,180355.0,254229.0
2025-06-18 11:04:11.338762,1864.0,180102.0,255897.0
2025-06-18 11:04:12.158687,1863.9,180102.0,255897.0
2025-06-18 11:04:12.437423,1863.9,179715.0,256573.0
2025-06-18 11:04:13.152260,1863.8,179715.0,256573.0
2025-06-18 11:04:13.540295,1863.8,179625.0,256433.0
2025-06-18 11:04:14.154656,1863.8,179625.0,256433.0
2025-06-18 11:04:14.656321,1863.8,180342.0,256218.0
2025-06-18 11:04:15.154618,1863.8,180342.0,256218.0
2025-06-18 11:04:15.646703,1863.8,180012.0,256111.0
2025-06-18 11:04:16.160381,1863.8,180012.0,256111.0
2025-06-18 11:04:17.148660,1863.8,180168.0,256196.0
2025-06-18 11:04:18.044800,1863.7,180199.0,256168.0
2025-06-18 11:04:18.153376,1863.7,180199.0,256168.0
2025-06-18 11:04:19.186427,1863.6,180199.0,256168.0
2025-06-18 11:04:19.659852,1863.6,179297.0,258503.0
2025-06-18 11:04:20.153207,1864.0,179297.0,258503.0
2025-06-18 11:04:20.752662,1864.0,180072.0,255147.0
2025-06-18 11:04:21.165067,1863.5,180072.0,255147.0
2025-06-18 11:04:21.753816,1863.5,179974.0,256729.0
2025-06-18 11:04:22.151326,1863.5,179974.0,256729.0
2025-06-18 11:04:22.960532,1863.5,180264.0,256016.0
2025-06-18 11:04:23.153097,1863.8,180264.0,256016.0
2025-06-18 11:04:23.966083,1864.0,181061.0,255797.0
2025-06-18 11:04:24.158526,1864.0,181061.0,255797.0
2025-06-18 11:04:24.963352,1864.0,181724.0,255913.0
2025-06-18 11:04:25.156994,1864.0,181724.0,255913.0
2025-06-18 11:04:26.057890,1864.0,181913.0,255805.0
2025-06-18 11:04:26.152581,1864.0,181913.0,255805.0
2025-06-18 11:04:27.156649,1864.0,181913.0,255805.0
2025-06-18 11:04:27.167699,1864.0,181839.0,255798.0
2025-06-18 11:04:28.152049,1864.0,181839.0,255798.0
2025-06-18 11:04:28.260856,1864.0,181222.0,256121.0
2025-06-18 11:04:29.153623,1864.0,181222.0,256121.0
2025-06-18 11:04:29.169742,1864.0,181211.0,256214.0
2025-06-18 11:04:30.151522,1864.0,181211.0,256214.0
2025-06-18 11:04:30.166874,1864.0,181221.0,256062.0
2025-06-18 11:04:31.153842,1864.0,181221.0,256062.0
2025-06-18 11:04:31.171371,1864.0,181221.0,256542.0
2025-06-18 11:04:32.153409,1863.9,181221.0,256542.0
2025-06-18 11:04:32.262770,1863.9,180680.0,257034.0
2025-06-18 11:04:33.159997,1863.8,180680.0,257034.0
2025-06-18 11:04:33.363124,1863.9,180709.0,256191.0
2025-06-18 11:04:34.167724,1863.9,180709.0,256191.0
2025-06-18 11:04:34.365770,1863.9,180563.0,256493.0
2025-06-18 11:04:35.470176,1864.0,180765.0,256115.0
2025-06-18 11:04:36.158535,1863.9,180765.0,256115.0
2025-06-18 11:04:36.664713,1863.9,180731.0,256073.0
2025-06-18 11:04:37.157468,1864.0,180731.0,256073.0
2025-06-18 11:04:37.765136,1864.0,180737.0,255954.0
2025-06-18 11:04:38.665363,1864.0,180498.0,256161.0
2025-06-18 11:04:39.156441,1863.8,180498.0,256161.0
2025-06-18 11:04:39.767335,1863.8,180517.0,256418.0
2025-06-18 11:04:40.769954,1863.8,180519.0,256418.0
2025-06-18 11:04:41.867298,1863.8,180613.0,256500.0
2025-06-18 11:04:42.157289,1863.8,180613.0,256500.0
2025-06-18 11:04:43.667606,1864.0,180582.0,256375.0
2025-06-18 11:04:44.156741,1864.0,180582.0,256375.0
2025-06-18 11:04:44.756827,1864.0,180576.0,256584.0
2025-06-18 11:04:45.159139,1864.0,180576.0,256584.0
2025-06-18 11:04:45.768922,1864.0,180574.0,256567.0
2025-06-18 11:04:46.156613,1864.0,180574.0,256567.0
2025-06-18 11:04:46.771150,1864.0,180493.0,256429.0
2025-06-18 11:04:47.159045,1864.0,180493.0,256429.0
2025-06-18 11:04:47.782089,1864.0,180417.0,256379.0
2025-06-18 11:04:48.668419,1864.0,180324.0,256605.0
2025-06-18 11:04:49.770552,1864.0,180512.0,256675.0
2025-06-18 11:04:50.872367,1864.0,180605.0,256677.0
2025-06-18 11:04:51.155897,1863.8,180605.0,256677.0
2025-06-18 11:04:51.872779,1863.8,180364.0,257314.0
2025-06-18 11:04:52.170383,1863.5,180364.0,257314.0
2025-06-18 11:04:52.987773,1863.8,180341.0,257134.0
2025-06-18 11:04:53.150238,1863.8,180341.0,257134.0
2025-06-18 11:04:54.004010,1863.8,180550.0,257317.0
2025-06-18 11:04:54.169526,1863.8,180550.0,257317.0
2025-06-18 11:04:54.991218,1863.8,180418.0,257427.0
2025-06-18 11:04:55.160721,1863.8,180418.0,257427.0
2025-06-18 11:04:55.988775,1863.8,180368.0,258665.0
2025-06-18 11:04:56.148839,1863.6,180368.0,258665.0
2025-06-18 11:04:57.078865,1863.6,180407.0,256947.0
2025-06-18 11:04:57.208629,1863.6,180407.0,256947.0
2025-06-18 11:04:58.185886,1863.6,180592.0,256369.0
2025-06-18 11:04:59.156430,1863.9,180592.0,256369.0
2025-06-18 11:04:59.282476,1863.9,180637.0,257092.0
2025-06-18 11:05:00.156040,1863.9,180637.0,257092.0
2025-06-18 11:05:00.380394,1863.9,180649.0,257016.0
2025-06-18 11:05:01.170791,1863.9,180649.0,257016.0
2025-06-18 11:05:01.879382,1863.6,180704.0,257194.0
2025-06-18 11:05:02.162486,1863.9,180704.0,257194.0
2025-06-18 11:05:05.122594,1863.9,180707.0,257306.0
2025-06-18 11:05:05.168372,1863.9,180707.0,257306.0
2025-06-18 11:05:05.173919,1863.9,180707.0,257407.0
2025-06-18 11:05:05.174720,1863.9,180707.0,257407.0
2025-06-18 11:05:05.177203,1863.9,180722.0,257292.0
2025-06-18 11:05:05.206072,1863.9,180722.0,257292.0
2025-06-18 11:05:06.077795,1863.7,180724.0,257237.0
2025-06-18 11:05:06.154774,1863.7,180724.0,257237.0
2025-06-18 11:05:07.080602,1863.9,180644.0,257221.0
2025-06-18 11:05:07.386361,1863.9,180644.0,257221.0
2025-06-18 11:05:07.994105,1863.9,180644.0,257213.0
2025-06-18 11:05:08.158226,1863.9,180644.0,257213.0
2025-06-18 11:05:09.079207,1863.6,180415.0,257269.0
2025-06-18 11:05:09.162866,1863.6,180415.0,257269.0
2025-06-18 11:05:10.156425,1863.6,180415.0,257269.0
2025-06-18 11:05:10.677976,1863.6,180287.0,258176.0
2025-06-18 11:05:11.877686,1863.6,180306.0,258172.0
2025-06-18 11:05:12.879228,1863.6,180118.0,258217.0
2025-06-18 11:05:13.154932,1863.6,180118.0,258217.0
2025-06-18 11:05:13.881455,1863.6,179981.0,258262.0
2025-06-18 11:05:14.164554,1863.1,179981.0,258262.0
2025-06-18 11:05:14.880153,1863.1,178974.0,258695.0
2025-06-18 11:05:15.156913,1863.1,178974.0,258695.0
2025-06-18 11:05:15.886187,1863.1,179071.0,258905.0
2025-06-18 11:05:16.882323,1863.1,178948.0,258906.0
2025-06-18 11:05:17.163859,1863.0,178948.0,258906.0
2025-06-18 11:05:17.883193,1863.0,179195.0,258707.0
2025-06-18 11:05:18.888414,1863.0,179185.0,258845.0
2025-06-18 11:05:19.190805,1863.1,179185.0,258845.0
2025-06-18 11:05:19.996717,1863.1,178537.0,259340.0
2025-06-18 11:05:20.173050,1863.1,178537.0,259340.0
2025-06-18 11:05:20.996795,1863.1,178693.0,259456.0
2025-06-18 11:05:21.166028,1863.0,178693.0,259456.0
2025-06-18 11:05:22.086354,1863.1,178521.0,259687.0
2025-06-18 11:05:22.159945,1863.1,178521.0,259687.0
2025-06-18 11:05:23.087554,1863.0,178537.0,259496.0
2025-06-18 11:05:23.162531,1863.0,178537.0,259496.0
2025-06-18 11:05:24.089495,1863.0,178598.0,259668.0
2025-06-18 11:05:25.088887,1863.0,178455.0,259795.0
2025-06-18 11:05:25.151629,1863.0,178455.0,259795.0
2025-06-18 11:05:26.691197,1863.0,178445.0,259838.0
2025-06-18 11:05:27.790517,1863.0,178464.0,259956.0
2025-06-18 11:05:28.194677,1863.0,178464.0,259956.0
2025-06-18 11:05:28.891684,1863.0,178391.0,260983.0
2025-06-18 11:05:29.156695,1862.9,178391.0,260983.0
2025-06-18 11:05:30.000344,1862.9,178323.0,260165.0
2025-06-18 11:05:30.155242,1863.0,178323.0,260165.0
2025-06-18 11:05:31.000558,1862.9,176163.0,261492.0
2025-06-18 11:05:31.160532,1862.9,176163.0,261492.0
2025-06-18 11:05:32.096226,1862.8,176909.0,260553.0
2025-06-18 11:05:32.168514,1862.8,176909.0,260553.0
2025-06-18 11:05:33.001260,1862.8,177186.0,260539.0
2025-06-18 11:05:33.202608,1862.8,177186.0,260539.0
2025-06-18 11:05:35.172109,1862.8,177169.0,260489.0
2025-06-18 11:05:35.176953,1863.0,177169.0,260489.0
2025-06-18 11:05:35.212932,1863.0,177573.0,258470.0
2025-06-18 11:05:36.165565,1863.1,177573.0,258470.0
2025-06-18 11:05:36.396258,1863.1,178642.0,257552.0
2025-06-18 11:05:37.162077,1863.3,178642.0,257552.0
2025-06-18 11:05:37.506031,1863.3,179261.0,258357.0
2025-06-18 11:05:38.159370,1863.6,179261.0,258357.0
2025-06-18 11:05:38.401611,1863.6,179345.0,257598.0
2025-06-18 11:05:39.276527,1863.4,179345.0,257598.0
2025-06-18 11:05:39.597383,1863.6,179459.0,256283.0
2025-06-18 11:05:40.159267,1863.6,179459.0,256283.0
2025-06-18 11:05:40.502836,1863.6,179809.0,256554.0
2025-06-18 11:05:41.160087,1863.6,179809.0,256554.0
2025-06-18 11:05:41.596451,1863.6,179681.0,256691.0
2025-06-18 11:05:42.158525,1863.8,179681.0,256691.0
2025-06-18 11:05:42.599067,1863.8,179448.0,255990.0
2025-06-18 11:05:43.161516,1863.8,179448.0,255990.0
2025-06-18 11:05:43.599197,1863.8,179541.0,256385.0
2025-06-18 11:05:44.163426,1863.6,179541.0,256385.0
2025-06-18 11:05:44.598701,1863.6,178638.0,257879.0
2025-06-18 11:05:45.162201,1863.3,178638.0,257879.0
2025-06-18 11:05:45.602453,1863.3,178752.0,257924.0
2025-06-18 11:05:46.159375,1862.9,178752.0,257924.0
2025-06-18 11:05:46.700354,1862.9,179015.0,258487.0
2025-06-18 11:05:47.701064,1862.9,178897.0,258277.0
2025-06-18 11:05:48.701310,1862.9,178817.0,258308.0
2025-06-18 11:05:49.704111,1862.9,178895.0,258265.0
2025-06-18 11:05:50.703757,1862.9,178879.0,258233.0
2025-06-18 11:05:51.160658,1863.3,178879.0,258233.0
2025-06-18 11:05:51.805387,1863.5,178881.0,258037.0
2025-06-18 11:05:52.176477,1863.5,178881.0,258037.0
2025-06-18 11:05:52.908101,1863.3,178866.0,257989.0
2025-06-18 11:05:53.157872,1863.3,178866.0,257989.0
2025-06-18 11:05:54.007802,1863.3,178908.0,257982.0
2025-06-18 11:05:54.166903,1863.3,178908.0,257982.0
2025-06-18 11:05:55.010555,1863.3,178937.0,257981.0
2025-06-18 11:05:56.015342,1863.5,178956.0,257863.0
2025-06-18 11:05:56.169994,1863.5,178956.0,257863.0
2025-06-18 11:05:57.018488,1863.5,178775.0,257865.0
2025-06-18 11:05:58.015121,1863.5,178784.0,257737.0
2025-06-18 11:05:58.163619,1863.5,178784.0,257737.0
2025-06-18 11:05:58.914123,1863.5,178950.0,256857.0
2025-06-18 11:05:59.160731,1863.5,178950.0,256857.0
2025-06-18 11:06:00.012818,1863.5,179067.0,257442.0
2025-06-18 11:06:00.157238,1863.5,179067.0,257442.0
2025-06-18 11:06:04.616188,1863.5,179062.0,257511.0
2025-06-18 11:06:05.162653,1863.3,179062.0,257511.0
2025-06-18 11:06:07.167794,1863.3,179062.0,257511.0
2025-06-18 11:06:09.426310,1863.3,178975.0,258266.0
2025-06-18 11:06:11.205518,1863.3,178975.0,258266.0
2025-06-18 11:06:14.420233,1863.3,179434.0,257946.0
2025-06-18 11:06:15.167781,1863.3,179434.0,257946.0
2025-06-18 11:06:19.161866,1863.2,179434.0,257946.0
2025-06-18 11:06:19.557335,1863.2,178724.0,258349.0
2025-06-18 11:06:21.160225,1863.2,178724.0,258349.0
2025-06-18 11:06:23.168863,1863.2,178724.0,258349.0
2025-06-18 11:06:24.427547,1863.0,177434.0,259287.0
2025-06-18 11:06:25.161124,1863.0,177434.0,259287.0
2025-06-18 11:06:29.162010,1863.3,177434.0,259287.0
2025-06-18 11:06:29.229042,1863.3,177569.0,259538.0
2025-06-18 11:06:31.168829,1863.3,177569.0,259538.0
2025-06-18 11:06:33.933256,1863.3,177748.0,258479.0
2025-06-18 11:06:35.188580,1863.3,177748.0,258479.0
2025-06-18 11:06:37.166503,1863.0,177748.0,258479.0
2025-06-18 11:06:38.838507,1863.0,177318.0,259463.0
2025-06-18 11:06:39.169045,1863.0,177318.0,259463.0
2025-06-18 11:06:43.163990,1863.3,177318.0,259463.0
2025-06-18 11:06:43.841129,1863.0,177986.0,259279.0
2025-06-18 11:06:45.160892,1863.0,177986.0,259279.0
2025-06-18 11:06:46.761831,1863.0,177986.0,259279.0
2025-06-18 11:06:47.168705,1863.0,177986.0,259279.0
2025-06-18 11:06:47.624698,1863.0,177986.0,259279.0
2025-06-18 11:06:48.558391,1863.0,177986.0,259279.0
2025-06-18 11:06:48.983527,1863.0,178033.0,258942.0
2025-06-18 11:06:49.759234,1863.3,178033.0,258942.0
2025-06-18 11:06:49.804301,1863.3,178033.0,258942.0
2025-06-18 11:06:50.315931,1863.3,178033.0,258942.0
2025-06-18 11:06:51.058495,1863.3,178033.0,258942.0
2025-06-18 11:06:51.159185,1863.0,178033.0,258942.0
2025-06-18 11:06:52.048692,1863.0,178033.0,258942.0
2025-06-18 11:06:53.164327,1863.2,178033.0,258942.0
2025-06-18 11:06:53.526547,1863.2,178033.0,258942.0
2025-06-18 11:06:53.747513,1863.2,178138.0,258837.0
2025-06-18 11:06:53.871563,1863.2,178138.0,258837.0
2025-06-18 11:06:54.759902,1863.2,178138.0,258837.0
2025-06-18 11:06:55.164429,1863.3,178138.0,258837.0
2025-06-18 11:06:56.270612,1863.3,178138.0,258837.0
2025-06-18 11:06:57.115619,1863.3,178138.0,258837.0
2025-06-18 11:06:57.161203,1863.2,178138.0,258837.0
2025-06-18 11:06:58.547742,1863.2,178138.0,258837.0
2025-06-18 11:06:58.747708,1863.2,178644.0,258393.0
2025-06-18 11:06:59.670260,1863.2,178644.0,258393.0
2025-06-18 11:07:00.832948,1863.2,178644.0,258393.0
2025-06-18 11:07:01.161430,1863.3,178644.0,258393.0
2025-06-18 11:07:02.292388,1863.3,178644.0,258393.0
2025-06-18 11:07:03.163286,1863.3,178644.0,258393.0
2025-06-18 11:07:05.036845,1863.3,178101.0,258115.0
2025-06-18 11:07:05.170971,1863.6,178101.0,258115.0
2025-06-18 11:07:10.489413,1863.6,178521.0,258739.0
2025-06-18 11:07:10.577645,1863.6,178521.0,258739.0
2025-06-18 11:07:13.174163,1863.6,178521.0,258739.0
2025-06-18 11:07:14.463001,1863.6,178494.0,258601.0
2025-06-18 11:07:16.171384,1863.5,178494.0,258601.0
2025-06-18 11:07:19.167300,1863.5,178494.0,258601.0
2025-06-18 11:07:19.664956,1863.5,178558.0,258332.0
2025-06-18 11:07:22.231307,1863.8,178558.0,258332.0
2025-06-18 11:07:24.761353,1863.5,178557.0,257867.0
2025-06-18 11:07:25.166693,1863.5,178557.0,257867.0
2025-06-18 11:07:27.174167,1863.5,178557.0,257867.0
2025-06-18 11:07:29.179604,1863.5,178557.0,257867.0
2025-06-18 11:07:29.675909,1863.5,177789.0,259004.0
2025-06-18 11:07:31.177106,1863.3,177789.0,259004.0
2025-06-18 11:07:34.564957,1863.3,177633.0,259167.0
2025-06-18 11:07:35.164159,1863.3,177633.0,259167.0
2025-06-18 11:07:37.171714,1863.6,177633.0,259167.0
2025-06-18 11:07:39.209053,1863.2,177633.0,259167.0
2025-06-18 11:07:39.577053,1863.2,177373.0,260596.0
2025-06-18 11:07:41.172911,1863.3,177373.0,260596.0
2025-06-18 11:07:43.173124,1863.2,177373.0,260596.0
2025-06-18 11:07:45.025434,1863.3,178045.0,259758.0
2025-06-18 11:07:45.173759,1863.3,178045.0,259758.0
2025-06-18 11:07:49.172993,1863.3,178045.0,259758.0
2025-06-18 11:07:50.210285,1863.3,178440.0,260544.0
2025-06-18 11:07:52.180860,1863.3,178440.0,260544.0
2025-06-18 11:07:55.162204,1863.4,178445.0,260228.0
2025-06-18 11:07:55.167359,1863.4,178445.0,260228.0
2025-06-18 11:07:58.189227,1863.3,178445.0,260228.0
2025-06-18 11:08:00.437840,1863.4,178445.0,260228.0
2025-06-18 11:08:00.476449,1863.4,178515.0,259615.0
2025-06-18 11:08:02.197555,1863.4,178515.0,259615.0
2025-06-18 11:08:04.184014,1863.4,178515.0,259615.0
2025-06-18 11:08:05.527269,1863.4,178606.0,260059.0
2025-06-18 11:08:06.176675,1863.3,178606.0,260059.0
2025-06-18 11:08:08.182822,1863.4,178606.0,260059.0
2025-06-18 11:08:10.194183,1863.2,178606.0,260059.0
2025-06-18 11:08:10.786851,1863.2,177903.0,260477.0
2025-06-18 11:08:14.195731,1863.2,177903.0,260477.0
2025-06-18 11:08:16.198971,1863.4,177903.0,260477.0
2025-06-18 11:08:16.388801,1863.4,178128.0,260140.0
2025-06-18 11:08:20.495512,1863.4,178128.0,260140.0
2025-06-18 11:08:20.567205,1863.3,178128.0,260140.0
2025-06-18 11:08:21.294072,1863.3,177911.0,259966.0
2025-06-18 11:08:22.174714,1863.4,177911.0,259966.0
2025-06-18 11:08:25.171220,1863.4,177911.0,259966.0
2025-06-18 11:08:26.900034,1863.3,178410.0,260014.0
2025-06-18 11:08:28.172972,1863.3,178410.0,260014.0
2025-06-18 11:08:30.175009,1863.4,178410.0,260014.0
2025-06-18 11:08:32.176462,1863.4,178410.0,260014.0
2025-06-18 11:08:32.408326,1863.4,178431.0,259819.0
2025-06-18 11:08:34.174001,1863.4,178431.0,259819.0
2025-06-18 11:08:36.174206,1863.3,178431.0,259819.0
2025-06-18 11:08:37.709051,1863.4,178317.0,259909.0
2025-06-18 11:08:38.176144,1863.4,178317.0,259909.0
2025-06-18 11:08:40.190543,1863.3,178317.0,259909.0
2025-06-18 11:08:42.910865,1863.3,178220.0,259840.0
2025-06-18 11:08:44.184722,1863.4,178220.0,259840.0
2025-06-18 11:08:48.173579,1863.4,178220.0,259840.0
2025-06-18 11:08:48.210464,1863.4,178378.0,259858.0
2025-06-18 11:08:50.171452,1863.3,178378.0,259858.0
2025-06-18 11:08:52.175643,1863.3,178378.0,259858.0
2025-06-18 11:08:53.414191,1863.4,178219.0,259820.0
2025-06-18 11:08:54.176885,1863.3,178219.0,259820.0
2025-06-18 11:08:56.177477,1863.4,178219.0,259820.0
2025-06-18 11:08:58.174162,1863.3,178219.0,259820.0
2025-06-18 11:08:58.616818,1863.3,177865.0,260031.0
2025-06-18 11:09:00.172788,1863.4,177865.0,260031.0
2025-06-18 11:09:02.210594,1863.3,177865.0,260031.0
2025-06-18 11:09:03.319331,1863.3,177771.0,260123.0
2025-06-18 11:09:04.178973,1863.4,177771.0,260123.0
2025-06-18 11:09:06.174182,1863.3,177771.0,260123.0
2025-06-18 11:09:08.174298,1863.4,177771.0,260123.0
2025-06-18 11:09:08.418693,1863.4,178418.0,260192.0
2025-06-18 11:09:10.175724,1863.3,178418.0,260192.0
2025-06-18 11:09:14.342559,1863.3,178378.0,259325.0
2025-06-18 11:09:16.168828,1863.4,178378.0,259325.0
2025-06-18 11:09:19.826326,1863.4,178346.0,260113.0
2025-06-18 11:09:20.197514,1863.3,178346.0,260113.0
2025-06-18 11:09:22.167688,1863.3,178346.0,260113.0
2025-06-18 11:09:24.174904,1863.4,178346.0,260113.0
2025-06-18 11:09:25.029441,1863.3,178240.0,258983.0
2025-06-18 11:09:26.180548,1863.3,178240.0,258983.0
2025-06-18 11:09:30.180822,1863.4,178240.0,258983.0
2025-06-18 11:09:30.331049,1863.4,178288.0,258397.0
2025-06-18 11:09:32.179897,1863.6,178288.0,258397.0
2025-06-18 11:09:34.176754,1863.4,178288.0,258397.0
2025-06-18 11:09:35.738768,1863.4,178791.0,259355.0
2025-06-18 11:09:36.173817,1863.3,178791.0,259355.0
2025-06-18 11:09:38.205568,1863.4,178791.0,259355.0
2025-06-18 11:09:41.040139,1863.4,180630.0,259100.0
2025-06-18 11:09:42.178638,1863.4,180630.0,259100.0
2025-06-18 11:09:44.191533,1863.4,180630.0,259100.0
2025-06-18 11:09:46.254742,1863.4,180630.0,259100.0
2025-06-18 11:09:46.342903,1863.4,180825.0,258903.0
2025-06-18 11:09:47.184655,1863.4,180825.0,258903.0
2025-06-18 11:09:48.175064,1863.4,180825.0,258903.0
2025-06-18 11:09:48.248824,1863.4,180825.0,258903.0
2025-06-18 11:09:49.141795,1863.4,180825.0,258903.0
2025-06-18 11:09:50.063825,1863.4,180825.0,258903.0
2025-06-18 11:09:50.171857,1863.4,180825.0,258903.0
2025-06-18 11:09:50.870639,1863.4,180825.0,258903.0
2025-06-18 11:09:51.642009,1863.4,180825.0,258903.0
2025-06-18 11:09:51.674949,1863.3,180785.0,258832.0
2025-06-18 11:09:52.176022,1863.4,180785.0,258832.0
2025-06-18 11:09:52.639310,1863.4,180785.0,258832.0
2025-06-18 11:09:53.231317,1863.4,180785.0,258832.0
2025-06-18 11:09:54.130074,1863.4,180785.0,258832.0
2025-06-18 11:09:54.186855,1863.6,180785.0,258832.0
2025-06-18 11:09:54.469607,1863.6,180785.0,258832.0
2025-06-18 11:09:55.343218,1863.6,180785.0,258832.0
2025-06-18 11:09:56.174235,1863.3,180785.0,258832.0
2025-06-18 11:09:56.591840,1863.3,180785.0,258832.0
2025-06-18 11:09:57.044878,1863.4,180403.0,258824.0
2025-06-18 11:09:57.592232,1863.4,180403.0,258824.0
2025-06-18 11:09:58.179022,1863.8,180403.0,258824.0
2025-06-18 11:09:58.984656,1863.8,180403.0,258824.0
2025-06-18 11:10:00.128291,1863.8,180403.0,258824.0
2025-06-18 11:10:00.173613,1863.7,180403.0,258824.0
2025-06-18 11:10:01.255967,1863.7,180403.0,258824.0
2025-06-18 11:10:01.971382,1863.3,180780.0,257976.0
2025-06-18 11:10:02.175929,1863.7,180780.0,257976.0
2025-06-18 11:10:02.724590,1863.7,180780.0,257976.0
2025-06-18 11:10:04.172345,1863.5,180780.0,257976.0
2025-06-18 11:10:06.178689,1863.5,180780.0,257976.0
2025-06-18 11:10:06.961798,1863.5,181445.0,258240.0
2025-06-18 11:10:09.456828,1863.3,181445.0,258240.0
2025-06-18 11:10:10.187369,1863.4,181445.0,258240.0
2025-06-18 11:10:12.176488,1863.4,181445.0,258240.0
2025-06-18 11:10:12.455884,1863.4,181567.0,257355.0
2025-06-18 11:10:14.182993,1863.7,181567.0,257355.0
2025-06-18 11:10:16.177928,1863.7,181567.0,257355.0
2025-06-18 11:10:17.855535,1863.7,181824.0,258442.0
2025-06-18 11:10:18.179123,1863.7,181824.0,258442.0
2025-06-18 11:10:20.175587,1863.7,181824.0,258442.0
2025-06-18 11:10:22.178219,1863.8,181824.0,258442.0
2025-06-18 11:10:22.958194,1863.4,181372.0,258074.0
2025-06-18 11:10:24.185974,1863.8,181372.0,258074.0
2025-06-18 11:10:28.459320,1863.8,181708.0,258800.0
2025-06-18 11:10:30.176759,1863.8,181708.0,258800.0
2025-06-18 11:10:33.176480,1863.8,181708.0,258800.0
2025-06-18 11:10:33.966755,1863.4,181320.0,260893.0
2025-06-18 11:10:36.174638,1863.4,181320.0,260893.0
2025-06-18 11:10:38.178791,1863.8,181320.0,260893.0
2025-06-18 11:10:39.468721,1863.8,181806.0,259997.0
2025-06-18 11:10:40.176254,1863.8,181806.0,259997.0
2025-06-18 11:10:42.180546,1863.8,181806.0,259997.0
2025-06-18 11:10:44.175492,1863.4,181806.0,259997.0
2025-06-18 11:10:44.971580,1863.4,181594.0,260698.0
2025-06-18 11:10:46.173041,1863.4,181594.0,260698.0
2025-06-18 11:10:50.084296,1863.8,181642.0,261114.0
2025-06-18 11:10:50.180159,1863.8,181642.0,261114.0
2025-06-18 11:10:52.180905,1863.4,181642.0,261114.0
2025-06-18 11:10:54.185181,1863.8,181642.0,261114.0
2025-06-18 11:10:55.192290,1863.8,181593.0,261057.0
2025-06-18 11:10:56.175459,1863.8,181593.0,261057.0
2025-06-18 11:10:58.177473,1863.3,181593.0,261057.0
2025-06-18 11:11:00.174993,1863.3,181593.0,261057.0
2025-06-18 11:11:00.586194,1863.3,180882.0,263646.0
2025-06-18 11:11:02.203949,1863.2,180882.0,263646.0
2025-06-18 11:11:04.174346,1863.2,180882.0,263646.0
2025-06-18 11:11:05.893227,1863.2,180700.0,263439.0
2025-06-18 11:11:06.181218,1863.2,180700.0,263439.0
2025-06-18 11:11:08.187250,1863.2,180700.0,263439.0
2025-06-18 11:11:10.177052,1863.1,180700.0,263439.0
2025-06-18 11:11:11.296290,1863.1,181645.0,263470.0
2025-06-18 11:11:12.182032,1863.2,181645.0,263470.0
2025-06-18 11:11:16.175571,1863.2,181645.0,263470.0
2025-06-18 11:11:16.702553,1863.2,181710.0,263531.0
2025-06-18 11:11:18.192256,1863.2,181710.0,263531.0
2025-06-18 11:11:20.181134,1863.2,181710.0,263531.0
2025-06-18 11:11:21.800543,1863.2,181779.0,264000.0
2025-06-18 11:11:22.185749,1863.2,181779.0,264000.0
2025-06-18 11:11:24.179700,1863.1,181779.0,264000.0
2025-06-18 11:11:26.181712,1863.2,181779.0,264000.0
2025-06-18 11:11:26.901425,1863.2,181251.0,264237.0
2025-06-18 11:11:28.198213,1863.2,181251.0,264237.0
2025-06-18 11:11:30.178932,1863.2,181251.0,264237.0
2025-06-18 11:11:32.106810,1863.1,181200.0,264540.0
2025-06-18 11:11:32.185604,1863.1,181200.0,264540.0
2025-06-18 11:11:34.180139,1863.2,181200.0,264540.0
2025-06-18 11:11:36.180911,1863.1,181200.0,264540.0
2025-06-18 11:11:37.020765,1863.1,181461.0,264584.0
2025-06-18 11:11:38.187363,1863.2,181461.0,264584.0
2025-06-18 11:11:42.022714,1863.1,181462.0,264527.0
2025-06-18 11:11:42.189496,1863.2,181462.0,264527.0
2025-06-18 11:11:46.179372,1863.2,181462.0,264527.0
2025-06-18 11:11:47.114164,1863.2,181382.0,264570.0
2025-06-18 11:11:48.195320,1863.2,181382.0,264570.0
2025-06-18 11:11:50.194068,1863.1,181382.0,264570.0
2025-06-18 11:11:52.119341,1863.2,181362.0,264566.0
2025-06-18 11:11:52.220037,1863.2,181362.0,264566.0
2025-06-18 11:11:54.197191,1863.2,181362.0,264566.0
2025-06-18 11:11:56.188926,1863.1,181362.0,264566.0
2025-06-18 11:11:57.325908,1863.1,181210.0,264509.0
2025-06-18 11:11:58.419542,1863.1,181210.0,264509.0
2025-06-18 11:12:00.181085,1863.2,181210.0,264509.0
2025-06-18 11:12:02.330217,1863.2,181952.0,264453.0
2025-06-18 11:12:02.333995,1863.2,181952.0,264453.0
2025-06-18 11:12:04.183134,1863.2,181952.0,264453.0
2025-06-18 11:12:06.180849,1863.1,181952.0,264453.0
2025-06-18 11:12:06.827179,1863.1,181617.0,264527.0
2025-06-18 11:12:08.182493,1863.2,181617.0,264527.0
2025-06-18 11:12:10.188920,1863.1,181617.0,264527.0
2025-06-18 11:12:11.831839,1863.1,181553.0,264475.0
2025-06-18 11:12:12.198033,1863.2,181553.0,264475.0
2025-06-18 11:12:14.182037,1863.1,181553.0,264475.0
2025-06-18 11:12:16.181540,1863.2,181553.0,264475.0
2025-06-18 11:12:17.037785,1863.1,181635.0,264260.0
2025-06-18 11:12:18.213004,1863.1,181635.0,264260.0
2025-06-18 11:12:20.178353,1863.2,181635.0,264260.0
2025-06-18 11:12:22.180518,1863.2,181635.0,264260.0
2025-06-18 11:12:22.340059,1863.2,181587.0,263946.0
2025-06-18 11:12:24.184824,1863.2,181587.0,263946.0
2025-06-18 11:12:27.251600,1863.1,181514.0,263218.0
2025-06-18 11:12:28.180831,1863.1,181514.0,263218.0
2025-06-18 11:12:30.189640,1863.1,181514.0,263218.0
2025-06-18 11:12:32.354897,1863.1,180932.0,264258.0
2025-06-18 11:12:34.185039,1863.1,180932.0,264258.0
2025-06-18 11:12:37.656219,1863.2,180780.0,263060.0
2025-06-18 11:12:38.186903,1863.1,180780.0,263060.0
2025-06-18 11:12:42.182060,1863.2,180780.0,263060.0
2025-06-18 11:12:42.859357,1863.2,180810.0,263986.0
2025-06-18 11:12:44.182679,1863.2,180810.0,263986.0
2025-06-18 11:12:46.181503,1863.2,180810.0,263986.0
2025-06-18 11:12:47.596709,1863.2,180810.0,263986.0
2025-06-18 11:12:47.762479,1863.2,180982.0,263170.0
2025-06-18 11:12:48.183310,1863.2,180982.0,263170.0
2025-06-18 11:12:48.631367,1863.2,180982.0,263170.0
2025-06-18 11:12:49.543675,1863.2,180982.0,263170.0
2025-06-18 11:12:50.187010,1863.1,180982.0,263170.0
2025-06-18 11:12:50.456362,1863.1,180982.0,263170.0
2025-06-18 11:12:51.341348,1863.1,180982.0,263170.0
2025-06-18 11:12:52.087591,1863.1,180982.0,263170.0
2025-06-18 11:12:52.182218,1863.1,180982.0,263170.0
2025-06-18 11:12:53.108450,1863.1,180982.0,263170.0
2025-06-18 11:12:53.266848,1863.2,180501.0,263364.0
2025-06-18 11:12:53.637426,1863.2,180501.0,263364.0
2025-06-18 11:12:54.049913,1863.2,180501.0,263364.0
2025-06-18 11:12:54.185444,1863.2,180501.0,263364.0
2025-06-18 11:12:54.527765,1863.2,180501.0,263364.0
2025-06-18 11:12:55.764880,1863.2,180501.0,263364.0
2025-06-18 11:12:57.053888,1863.2,180501.0,263364.0
2025-06-18 11:12:57.885215,1863.2,180501.0,263364.0
2025-06-18 11:12:58.189937,1863.2,180501.0,263364.0
2025-06-18 11:12:58.769662,1863.2,180615.0,264238.0
2025-06-18 11:12:59.294988,1863.2,180615.0,264238.0
2025-06-18 11:13:00.193266,1863.6,180615.0,264238.0
2025-06-18 11:13:00.403747,1863.6,180615.0,264238.0
2025-06-18 11:13:01.581986,1863.6,180615.0,264238.0
2025-06-18 11:13:02.183766,1863.6,180615.0,264238.0
2025-06-18 11:13:03.043235,1863.6,180615.0,264238.0
2025-06-18 11:13:03.878139,1863.6,180917.0,262402.0
2025-06-18 11:13:04.187765,1863.6,180917.0,262402.0
2025-06-18 11:13:06.184846,1863.6,180917.0,262402.0
2025-06-18 11:13:08.184000,1863.6,180917.0,262402.0
2025-06-18 11:13:08.776760,1863.6,180889.0,263285.0
2025-06-18 11:13:10.184894,1863.6,180889.0,263285.0
2025-06-18 11:13:13.578702,1863.6,181096.0,261938.0
2025-06-18 11:13:14.186553,1863.4,181096.0,261938.0
2025-06-18 11:13:16.188833,1863.4,181096.0,261938.0
2025-06-18 11:13:18.192306,1863.4,181096.0,261938.0
2025-06-18 11:13:18.388981,1863.4,181268.0,261983.0
2025-06-18 11:13:20.187954,1863.4,181268.0,261983.0
2025-06-18 11:13:22.189750,1863.4,181268.0,261983.0
2025-06-18 11:13:23.285184,1863.6,181183.0,267681.0
2025-06-18 11:13:24.189309,1863.6,181183.0,267681.0
2025-06-18 11:13:28.185357,1863.4,181183.0,267681.0
2025-06-18 11:13:28.288582,1863.4,180989.0,267749.0
2025-06-18 11:13:30.190912,1863.6,180989.0,267749.0
2025-06-18 11:13:33.197475,1863.6,181010.0,267337.0
2025-06-18 11:13:34.190867,1863.6,181010.0,267337.0
2025-06-18 11:13:36.188828,1863.4,181010.0,267337.0
2025-06-18 11:13:38.187792,1863.6,181010.0,267337.0
2025-06-18 11:13:38.294511,1863.6,180910.0,267568.0
2025-06-18 11:13:40.192952,1863.6,180910.0,267568.0
2025-06-18 11:13:43.498766,1863.6,180987.0,267460.0
2025-06-18 11:13:44.193391,1863.6,180987.0,267460.0
2025-06-18 11:13:46.192638,1863.4,180987.0,267460.0
2025-06-18 11:13:48.188724,1863.4,180987.0,267460.0
2025-06-18 11:13:48.500705,1863.4,179862.0,268428.0
2025-06-18 11:13:52.191192,1863.6,179862.0,268428.0
2025-06-18 11:13:53.204429,1863.6,179569.0,268039.0
2025-06-18 11:13:54.191743,1863.7,179569.0,268039.0
2025-06-18 11:13:58.804393,1863.6,179663.0,267989.0
2025-06-18 11:14:00.190706,1863.7,179663.0,267989.0
2025-06-18 11:14:02.189542,1863.6,179663.0,267989.0
2025-06-18 11:14:03.707734,1863.6,180125.0,268972.0
2025-06-18 11:14:04.193771,1863.7,180125.0,268972.0
2025-06-18 11:14:06.189901,1863.6,180125.0,268972.0
2025-06-18 11:14:08.192232,1863.7,180125.0,268972.0
2025-06-18 11:14:08.710543,1863.7,181977.0,267226.0
2025-06-18 11:14:10.190931,1863.7,181977.0,267226.0
2025-06-18 11:14:13.712357,1863.6,181940.0,267226.0
2025-06-18 11:14:14.192381,1863.6,181940.0,267226.0
2025-06-18 11:14:18.193629,1863.6,181940.0,267226.0
2025-06-18 11:14:18.816467,1863.7,181930.0,267230.0
2025-06-18 11:14:20.190124,1863.6,181930.0,267230.0
2025-06-18 11:14:22.238608,1863.6,181930.0,267230.0
2025-06-18 11:14:23.423505,1863.7,181702.0,266925.0
2025-06-18 11:14:24.197453,1863.7,181702.0,266925.0
2025-06-18 11:14:26.190328,1863.7,181702.0,266925.0
2025-06-18 11:14:28.725916,1863.7,181798.0,266760.0
2025-06-18 11:14:30.191917,1863.7,181798.0,266760.0
2025-06-18 11:14:34.041812,1863.7,181969.0,266050.0
2025-06-18 11:14:34.200189,1863.7,181969.0,266050.0
2025-06-18 11:14:36.193305,1863.6,181969.0,266050.0
2025-06-18 11:14:38.191778,1863.7,181969.0,266050.0
2025-06-18 11:14:39.129741,1863.7,182019.0,266459.0
2025-06-18 11:14:40.190630,1863.7,182019.0,266459.0
2025-06-18 11:14:42.190012,1863.6,182019.0,266459.0
2025-06-18 11:14:44.234917,1863.6,182048.0,265994.0
2025-06-18 11:14:49.740088,1863.7,182255.0,266786.0
2025-06-18 11:14:50.191930,1863.7,182255.0,266786.0
2025-06-18 11:14:52.214240,1863.6,182255.0,266786.0
2025-06-18 11:14:54.191351,1863.7,182255.0,266786.0
2025-06-18 11:14:55.346041,1863.7,182590.0,265965.0
2025-06-18 11:14:56.194214,1863.7,182590.0,265965.0
2025-06-18 11:15:00.191918,1863.6,182590.0,265965.0
2025-06-18 11:15:00.750608,1863.6,182291.0,266338.0
2025-06-18 11:15:04.194322,1863.6,182291.0,266338.0
2025-06-18 11:15:06.915772,1863.7,182586.0,266426.0
2025-06-18 11:15:06.956501,1863.6,182586.0,266426.0
2025-06-18 11:15:08.193362,1863.7,182586.0,266426.0
2025-06-18 11:15:11.157536,1863.7,182571.0,266824.0
2025-06-18 11:15:12.196116,1863.6,182571.0,266824.0
2025-06-18 11:15:16.165833,1863.6,182538.0,266826.0
2025-06-18 11:15:16.202957,1863.6,182538.0,266826.0
2025-06-18 11:15:18.198269,1863.6,182538.0,266826.0
2025-06-18 11:15:21.163331,1863.6,182249.0,266905.0
2025-06-18 11:15:22.196512,1863.7,182249.0,266905.0
2025-06-18 11:15:24.195240,1863.7,182249.0,266905.0
2025-06-18 11:15:26.065220,1863.7,182050.0,267301.0
2025-06-18 11:15:26.197343,1863.7,182050.0,267301.0
2025-06-18 11:15:28.204245,1863.7,182050.0,267301.0
2025-06-18 11:15:30.195682,1863.7,182050.0,267301.0
2025-06-18 11:15:31.771070,1863.7,182491.0,266886.0
2025-06-18 11:15:32.196411,1863.8,182491.0,266886.0
2025-06-18 11:15:34.213635,1863.6,182491.0,266886.0
2025-06-18 11:15:36.194673,1863.7,182491.0,266886.0
2025-06-18 11:15:37.275352,1863.7,182510.0,265891.0
2025-06-18 11:15:38.211790,1863.7,182510.0,265891.0
2025-06-18 11:15:42.479675,1863.7,182811.0,266914.0
2025-06-18 11:15:46.214829,1863.8,182811.0,266914.0
2025-06-18 11:15:47.688046,1863.8,183250.0,267102.0
2025-06-18 11:15:48.078457,1863.8,183250.0,267102.0
2025-06-18 11:15:48.199727,1863.8,183250.0,267102.0
2025-06-18 11:15:49.102490,1863.8,183250.0,267102.0
2025-06-18 11:15:50.946237,1863.8,183250.0,267102.0
2025-06-18 11:15:51.786481,1863.8,183250.0,267102.0
2025-06-18 11:15:52.197861,1863.8,183250.0,267102.0
2025-06-18 11:15:52.572185,1863.8,183250.0,267102.0
2025-06-18 11:15:53.184156,1863.8,183205.0,267323.0
2025-06-18 11:15:53.578276,1863.8,183205.0,267323.0
2025-06-18 11:15:54.137752,1863.8,183205.0,267323.0
2025-06-18 11:15:54.199171,1863.8,183205.0,267323.0
2025-06-18 11:15:54.541632,1863.8,183205.0,267323.0
2025-06-18 11:15:55.042582,1863.8,183205.0,267323.0
2025-06-18 11:15:56.201078,1863.8,183205.0,267323.0
2025-06-18 11:15:56.304279,1863.8,183205.0,267323.0
2025-06-18 11:15:57.556955,1863.8,183205.0,267323.0
2025-06-18 11:15:58.385503,1863.8,183192.0,267358.0
2025-06-18 11:15:58.426349,1863.8,183192.0,267358.0
2025-06-18 11:16:00.127311,1863.8,183192.0,267358.0
2025-06-18 11:16:00.195669,1863.8,183192.0,267358.0
2025-06-18 11:16:01.253222,1863.8,183192.0,267358.0
2025-06-18 11:16:02.405468,1863.8,183192.0,267358.0
2025-06-18 11:16:03.793938,1863.8,183240.0,266956.0
2025-06-18 11:16:03.884556,1863.8,183240.0,266956.0
2025-06-18 11:16:04.197826,1863.8,183240.0,266956.0
2025-06-18 11:16:06.199008,1863.7,183240.0,266956.0
2025-06-18 11:16:08.728796,1863.8,183240.0,266956.0
2025-06-18 11:16:08.994323,1863.8,183358.0,267254.0
2025-06-18 11:16:10.444000,1863.8,183358.0,267254.0
2025-06-18 11:16:14.198827,1863.8,183358.0,267254.0
2025-06-18 11:16:14.495757,1863.8,179830.0,267067.0
2025-06-18 11:16:16.211726,1863.8,179830.0,267067.0
2025-06-18 11:16:18.205790,1863.7,179830.0,267067.0
2025-06-18 11:16:19.798511,1863.7,181872.0,267951.0
2025-06-18 11:16:20.205754,1863.7,181872.0,267951.0
2025-06-18 11:16:22.210038,1863.7,181872.0,267951.0
2025-06-18 11:16:24.206412,1863.7,181872.0,267951.0
2025-06-18 11:16:24.801332,1863.7,181988.0,267872.0
2025-06-18 11:16:26.202921,1863.7,181988.0,267872.0
2025-06-18 11:16:28.206122,1863.8,181988.0,267872.0
2025-06-18 11:16:29.712380,1863.8,182045.0,267542.0
2025-06-18 11:16:30.230147,1863.8,182045.0,267542.0
2025-06-18 11:16:32.205372,1863.8,182045.0,267542.0
2025-06-18 11:16:34.215330,1863.7,182045.0,267542.0
2025-06-18 11:16:34.909690,1863.7,181835.0,268592.0
2025-06-18 11:16:36.334475,1863.6,181835.0,268592.0
2025-06-18 11:16:38.237100,1863.7,181835.0,268592.0
2025-06-18 11:16:40.329721,1863.6,181835.0,268592.0
2025-06-18 11:16:40.332347,1863.6,182013.0,267763.0
2025-06-18 11:16:42.211239,1863.6,182013.0,267763.0
2025-06-18 11:16:45.415123,1863.7,181631.0,267700.0
2025-06-18 11:16:46.206715,1863.6,181631.0,267700.0
2025-06-18 11:16:48.218823,1863.6,181631.0,267700.0
2025-06-18 11:16:50.207230,1863.6,181631.0,267700.0
2025-06-18 11:16:50.419487,1863.6,181354.0,268651.0
2025-06-18 11:16:52.217082,1863.6,181354.0,268651.0
2025-06-18 11:16:54.205610,1863.6,181354.0,268651.0
2025-06-18 11:16:55.524107,1863.6,182144.0,267573.0
2025-06-18 11:16:56.207618,1863.6,182144.0,267573.0
2025-06-18 11:16:58.208925,1863.3,182144.0,267573.0
2025-06-18 11:17:00.450975,1863.6,182144.0,267573.0
2025-06-18 11:17:00.925142,1863.6,181572.0,268016.0
2025-06-18 11:17:02.211177,1863.3,181572.0,268016.0
2025-06-18 11:17:05.826626,1863.3,181907.0,268048.0
2025-06-18 11:17:06.211740,1863.5,181907.0,268048.0
2025-06-18 11:17:08.206985,1863.6,181907.0,268048.0
2025-06-18 11:17:10.212089,1863.6,181907.0,268048.0
2025-06-18 11:17:10.931188,1863.6,181737.0,268166.0
2025-06-18 11:17:12.211669,1863.6,181737.0,268166.0
2025-06-18 11:17:16.132459,1863.6,181754.0,268508.0
2025-06-18 11:17:16.207880,1863.6,181754.0,268508.0
2025-06-18 11:17:20.211993,1863.5,181754.0,268508.0
2025-06-18 11:17:21.237443,1863.5,181842.0,268277.0
2025-06-18 11:17:22.210419,1863.6,181842.0,268277.0
2025-06-18 11:17:24.208377,1863.6,181842.0,268277.0
2025-06-18 11:17:26.443864,1863.6,181783.0,268585.0
2025-06-18 11:17:28.209496,1863.5,181783.0,268585.0
2025-06-18 11:17:30.210398,1863.6,181783.0,268585.0
2025-06-18 11:17:31.543861,1863.6,181521.0,269384.0
2025-06-18 11:17:32.211347,1863.6,181521.0,269384.0
2025-06-18 11:17:34.210154,1863.5,181521.0,269384.0
2025-06-18 11:17:36.210904,1863.4,181521.0,269384.0
2025-06-18 11:17:36.452679,1863.4,181406.0,269919.0
2025-06-18 11:17:38.209648,1863.4,181406.0,269919.0
2025-06-18 11:17:41.750156,1863.4,181840.0,269232.0
2025-06-18 11:17:42.210914,1863.4,181840.0,269232.0
2025-06-18 11:17:46.557429,1863.4,181634.0,269313.0
2025-06-18 11:17:48.211156,1863.4,181634.0,269313.0
2025-06-18 11:17:51.358110,1863.3,181350.0,269520.0
2025-06-18 11:17:52.208626,1863.3,181350.0,269520.0
2025-06-18 11:17:54.214859,1863.4,181350.0,269520.0
2025-06-18 11:17:56.067412,1863.4,181350.0,269539.0
2025-06-18 11:17:56.209702,1863.4,181350.0,269539.0
2025-06-18 11:17:58.208955,1863.4,181350.0,269539.0
2025-06-18 11:18:00.238186,1863.4,181350.0,269539.0
2025-06-18 11:18:00.462677,1863.4,181139.0,268874.0
2025-06-18 11:18:02.245162,1863.4,181139.0,268874.0
2025-06-18 11:18:04.209497,1863.3,181139.0,268874.0
2025-06-18 11:18:05.367024,1863.4,181244.0,269253.0
2025-06-18 11:18:06.216403,1863.3,181244.0,269253.0
2025-06-18 11:18:08.234777,1863.4,181244.0,269253.0
2025-06-18 11:18:10.482830,1863.4,181153.0,269199.0
2025-06-18 11:18:10.491054,1863.4,181153.0,269199.0
2025-06-18 11:18:12.213831,1863.3,181153.0,269199.0
2025-06-18 11:18:15.671741,1863.3,179889.0,270531.0
2025-06-18 11:18:16.210397,1863.3,179889.0,270531.0
2025-06-18 11:18:19.213420,1863.2,179889.0,270531.0
2025-06-18 11:18:21.265688,1863.2,179889.0,270531.0
2025-06-18 11:18:21.476043,1863.2,180639.0,269383.0
2025-06-18 11:18:23.208263,1863.3,180639.0,269383.0
2025-06-18 11:18:25.212777,1863.2,180639.0,269383.0
2025-06-18 11:18:26.881079,1863.3,180387.0,269703.0
2025-06-18 11:18:27.209702,1863.3,180387.0,269703.0
2025-06-18 11:18:29.227349,1863.2,180387.0,269703.0
2025-06-18 11:18:31.210142,1863.3,180387.0,269703.0
2025-06-18 11:18:31.984966,1863.3,180603.0,269299.0
2025-06-18 11:18:33.240662,1863.3,180603.0,269299.0
2025-06-18 11:18:37.094950,1863.2,180849.0,268994.0
2025-06-18 11:18:37.217682,1863.2,180849.0,268994.0
2025-06-18 11:18:39.207884,1863.3,180849.0,268994.0
2025-06-18 11:18:42.095626,1863.2,180930.0,268946.0
2025-06-18 11:18:43.214903,1863.3,180930.0,268946.0
2025-06-18 11:18:46.887881,1863.3,181087.0,268860.0
2025-06-18 11:18:47.231180,1863.3,181087.0,268860.0
2025-06-18 11:18:48.480824,1863.3,181087.0,268860.0
2025-06-18 11:18:49.596387,1863.3,181087.0,268860.0
2025-06-18 11:18:50.472635,1863.3,181087.0,268860.0
2025-06-18 11:18:51.209295,1863.2,181087.0,268860.0
2025-06-18 11:18:51.409945,1863.2,181087.0,268860.0
2025-06-18 11:18:51.492250,1863.2,180758.0,268872.0
2025-06-18 11:18:52.261549,1863.2,180758.0,268872.0
2025-06-18 11:18:53.046457,1863.2,180758.0,268872.0
2025-06-18 11:18:53.212060,1863.3,180758.0,268872.0
2025-06-18 11:18:54.061893,1863.3,180758.0,268872.0
2025-06-18 11:18:55.042105,1863.3,180758.0,268872.0
2025-06-18 11:18:55.210280,1863.2,180758.0,268872.0
2025-06-18 11:18:55.521528,1863.2,180758.0,268872.0
2025-06-18 11:18:56.293742,1863.2,180515.0,269178.0
2025-06-18 11:18:56.792213,1863.2,180515.0,269178.0
2025-06-18 11:18:57.213021,1863.2,180515.0,269178.0
2025-06-18 11:18:58.066967,1863.2,180515.0,269178.0
2025-06-18 11:18:59.212600,1863.2,180515.0,269178.0
2025-06-18 11:19:00.319562,1863.2,180515.0,269178.0
2025-06-18 11:19:00.996157,1863.4,184188.0,264095.0
2025-06-18 11:19:01.215840,1863.6,184188.0,264095.0
2025-06-18 11:19:01.572078,1863.6,184188.0,264095.0
2025-06-18 11:19:02.716426,1863.6,184188.0,264095.0
2025-06-18 11:19:03.215866,1863.4,184188.0,264095.0
2025-06-18 11:19:04.188969,1863.4,184188.0,264095.0
2025-06-18 11:19:06.398207,1863.4,184126.0,265116.0
2025-06-18 11:19:07.217704,1863.6,184126.0,265116.0
2025-06-18 11:19:09.215324,1863.6,184126.0,265116.0
2025-06-18 11:19:11.603749,1863.6,184789.0,265926.0
2025-06-18 11:19:13.221920,1863.6,184789.0,265926.0
2025-06-18 11:19:16.808729,1863.6,185259.0,265939.0
2025-06-18 11:19:17.219075,1863.6,185259.0,265939.0
2025-06-18 11:19:19.214775,1863.5,185259.0,265939.0
2025-06-18 11:19:21.214285,1863.5,185259.0,265939.0
2025-06-18 11:19:22.009241,1863.5,185388.0,265982.0
2025-06-18 11:19:23.216724,1863.6,185388.0,265982.0
2025-06-18 11:19:27.114483,1863.6,185452.0,265722.0
2025-06-18 11:19:27.217094,1863.6,185452.0,265722.0
2025-06-18 11:19:31.218156,1863.6,185452.0,265722.0
2025-06-18 11:19:32.015450,1863.6,185085.0,265861.0
2025-06-18 11:19:33.216025,1863.6,185085.0,265861.0
2025-06-18 11:19:36.920726,1863.5,185277.0,266019.0
2025-06-18 11:19:37.219028,1863.6,185277.0,266019.0
2025-06-18 11:19:39.226919,1863.6,185277.0,266019.0
2025-06-18 11:19:41.920622,1863.6,185238.0,266070.0
2025-06-18 11:19:43.258393,1863.6,185238.0,266070.0
2025-06-18 11:19:45.216220,1863.6,185238.0,266070.0
2025-06-18 11:19:46.823875,1863.5,185473.0,266182.0
2025-06-18 11:19:47.221946,1863.6,185473.0,266182.0
2025-06-18 11:19:49.270400,1863.5,185473.0,266182.0
2025-06-18 11:19:51.257484,1863.5,185473.0,266182.0
2025-06-18 11:19:52.026888,1863.6,185323.0,266226.0
2025-06-18 11:19:53.227216,1863.6,185323.0,266226.0
2025-06-18 11:19:55.224416,1863.6,185323.0,266226.0
2025-06-18 11:19:57.217013,1863.5,185323.0,266226.0
2025-06-18 11:19:57.333408,1863.5,184398.0,266007.0
2025-06-18 11:20:00.483796,1863.5,184398.0,266007.0
2025-06-18 11:20:01.223886,1863.8,184398.0,266007.0
2025-06-18 11:20:02.441707,1863.8,185276.0,264697.0
2025-06-18 11:20:03.217135,1863.8,185276.0,264697.0
2025-06-18 11:20:06.215690,1863.6,185276.0,264697.0
2025-06-18 11:20:07.215908,1863.8,185276.0,264697.0
2025-06-18 11:20:07.440882,1863.8,186679.0,263491.0
2025-06-18 11:20:08.216435,1864.4,186679.0,263491.0
2025-06-18 11:20:09.217510,1864.1,186679.0,263491.0
2025-06-18 11:20:10.217195,1863.9,186679.0,263491.0
2025-06-18 11:20:11.216107,1864.7,186679.0,263491.0
2025-06-18 11:20:11.947052,1864.7,190374.0,259425.0
2025-06-18 11:20:12.216112,1864.8,190374.0,259425.0
2025-06-18 11:20:13.219145,1864.7,190374.0,259425.0
2025-06-18 11:20:14.212331,1864.7,190374.0,259425.0
2025-06-18 11:20:16.215352,1864.7,190374.0,259425.0
2025-06-18 11:20:16.653992,1864.7,190267.0,258880.0
2025-06-18 11:20:17.217366,1864.8,190267.0,258880.0
2025-06-18 11:20:18.221821,1864.9,190267.0,258880.0
2025-06-18 11:20:19.243977,1864.9,190267.0,258880.0
2025-06-18 11:20:21.452252,1864.9,190343.0,257234.0
2025-06-18 11:20:22.214881,1864.9,190343.0,257234.0
2025-06-18 11:20:23.249136,1864.9,190343.0,257234.0
2025-06-18 11:20:24.213277,1864.8,190343.0,257234.0
2025-06-18 11:20:25.213210,1864.9,190343.0,257234.0
2025-06-18 11:20:26.216109,1864.8,190343.0,257234.0
2025-06-18 11:20:26.685003,1864.8,190538.0,257444.0
2025-06-18 11:20:30.215512,1864.9,190538.0,257444.0
2025-06-18 11:20:31.660954,1864.9,190634.0,257510.0
2025-06-18 11:20:32.220129,1864.7,190634.0,257510.0
2025-06-18 11:20:33.214283,1864.6,190634.0,257510.0
2025-06-18 11:20:34.218751,1864.8,190634.0,257510.0
2025-06-18 11:20:35.216432,1864.9,190634.0,257510.0
2025-06-18 11:20:36.219360,1864.8,190634.0,257510.0
2025-06-18 11:20:36.567269,1864.8,188217.0,258715.0
2025-06-18 11:20:37.216640,1864.9,188217.0,258715.0
2025-06-18 11:20:38.216975,1864.8,188217.0,258715.0
2025-06-18 11:20:39.214054,1864.8,188217.0,258715.0
2025-06-18 11:20:41.216983,1863.7,188217.0,258715.0
2025-06-18 11:20:41.489558,1863.7,183314.0,265046.0
2025-06-18 11:20:42.218682,1863.7,183314.0,265046.0
2025-06-18 11:20:43.236570,1863.8,183314.0,265046.0
2025-06-18 11:20:44.223521,1863.7,183314.0,265046.0
2025-06-18 11:20:46.217940,1863.7,183314.0,265046.0
2025-06-18 11:20:46.270845,1863.7,184820.0,264551.0
2025-06-18 11:20:47.293900,1863.7,184820.0,264551.0
2025-06-18 11:20:48.214960,1863.7,184820.0,264551.0
2025-06-18 11:20:49.217468,1863.7,184820.0,264551.0
2025-06-18 11:20:51.227685,1863.7,184820.0,264551.0
2025-06-18 11:20:51.273180,1863.7,184801.0,264158.0
2025-06-18 11:20:53.220066,1863.8,184801.0,264158.0
2025-06-18 11:20:56.254696,1863.8,184801.0,264158.0
2025-06-18 11:20:56.476739,1863.8,185252.0,264028.0
2025-06-18 11:20:57.222382,1863.7,185252.0,264028.0
2025-06-18 11:20:58.221325,1863.7,185252.0,264028.0
2025-06-18 11:20:59.219616,1863.7,185252.0,264028.0
2025-06-18 11:21:00.218757,1863.8,185252.0,264028.0
2025-06-18 11:21:01.175252,1863.8,185273.0,264070.0
2025-06-18 11:21:01.220674,1863.8,185273.0,264070.0
2025-06-18 11:21:02.476697,1863.8,185461.0,263942.0
2025-06-18 11:21:03.235398,1863.7,185461.0,263942.0
2025-06-18 11:21:03.383214,1863.7,185032.0,263529.0
2025-06-18 11:21:04.275600,1863.7,185247.0,263869.0
2025-06-18 11:21:05.177410,1863.8,185455.0,264243.0
2025-06-18 11:21:05.212620,1863.8,185455.0,264243.0
2025-06-18 11:21:06.678337,1863.8,185502.0,264359.0
2025-06-18 11:21:07.209908,1863.8,185502.0,264359.0
2025-06-18 11:21:07.780396,1863.8,185696.0,264240.0
2025-06-18 11:21:08.211942,1863.8,185696.0,264240.0
2025-06-18 11:21:08.782929,1863.8,185490.0,264306.0
2025-06-18 11:21:09.212584,1863.8,185490.0,264306.0
2025-06-18 11:21:09.783850,1863.8,185530.0,264364.0
2025-06-18 11:21:10.211067,1863.7,185530.0,264364.0
2025-06-18 11:21:10.782029,1863.7,184894.0,264841.0
2025-06-18 11:21:11.214610,1863.7,184894.0,264841.0
2025-06-18 11:21:11.887518,1863.7,184966.0,264820.0
2025-06-18 11:21:12.211174,1863.7,184966.0,264820.0
2025-06-18 11:21:12.987769,1863.7,184967.0,264820.0
2025-06-18 11:21:14.092795,1863.7,184911.0,264821.0
2025-06-18 11:21:14.210341,1863.8,184911.0,264821.0
2025-06-18 11:21:14.987062,1863.8,184938.0,264820.0
2025-06-18 11:21:15.229786,1863.8,184938.0,264820.0
2025-06-18 11:21:15.990622,1863.8,184923.0,264779.0
2025-06-18 11:21:16.216361,1863.8,184923.0,264779.0
2025-06-18 11:21:17.094802,1863.8,184995.0,264767.0
2025-06-18 11:21:17.256668,1863.8,184995.0,264767.0
2025-06-18 11:21:18.191571,1863.8,184922.0,264775.0
2025-06-18 11:21:18.215440,1863.8,184922.0,264775.0
2025-06-18 11:21:19.093794,1863.8,185434.0,264708.0
2025-06-18 11:21:19.211452,1863.8,185434.0,264708.0
2025-06-18 11:21:20.096512,1863.8,185449.0,264706.0
2025-06-18 11:21:20.213930,1863.8,185449.0,264706.0
2025-06-18 11:21:21.094718,1863.7,185401.0,264705.0
2025-06-18 11:21:21.222558,1863.7,185401.0,264705.0
2025-06-18 11:21:22.190901,1863.8,185516.0,264623.0
2025-06-18 11:21:22.213522,1863.8,185516.0,264623.0
2025-06-18 11:21:23.211530,1863.8,185516.0,264623.0
2025-06-18 11:21:23.288269,1863.8,185524.0,264697.0
2025-06-18 11:21:24.189904,1863.8,185455.0,264751.0
2025-06-18 11:21:24.213338,1863.8,185455.0,264751.0
2025-06-18 11:21:25.211662,1863.8,185455.0,264751.0
2025-06-18 11:21:25.287957,1863.8,185366.0,264772.0
2025-06-18 11:21:26.217269,1863.8,185366.0,264772.0
2025-06-18 11:21:26.389591,1863.8,185320.0,264757.0
2025-06-18 11:21:27.224785,1863.8,185320.0,264757.0
2025-06-18 11:21:27.389136,1863.8,185314.0,264756.0
2025-06-18 11:21:28.390413,1863.7,185190.0,264756.0
2025-06-18 11:21:29.212752,1863.7,185190.0,264756.0
2025-06-18 11:21:29.389476,1863.7,185256.0,264793.0
2025-06-18 11:21:30.215576,1863.8,185256.0,264793.0
2025-06-18 11:21:30.492134,1863.8,182599.0,264987.0
2025-06-18 11:21:31.214134,1863.8,182599.0,264987.0
2025-06-18 11:21:31.597524,1863.8,185144.0,264822.0
2025-06-18 11:21:32.211357,1863.8,185144.0,264822.0
2025-06-18 11:21:32.597354,1863.8,185144.0,264879.0
2025-06-18 11:21:33.600073,1863.8,185155.0,264914.0
2025-06-18 11:21:34.216656,1863.8,185155.0,264914.0
2025-06-18 11:21:34.493800,1863.8,185160.0,264946.0
2025-06-18 11:21:35.215908,1863.8,185160.0,264946.0
2025-06-18 11:21:35.600752,1863.8,185170.0,264941.0
2025-06-18 11:21:36.212681,1863.7,185170.0,264941.0
2025-06-18 11:21:36.695082,1863.7,185142.0,264940.0
2025-06-18 11:21:37.797378,1863.8,185169.0,264940.0
2025-06-18 11:21:38.212869,1863.8,185169.0,264940.0
2025-06-18 11:21:38.904812,1863.7,185099.0,264875.0
2025-06-18 11:21:39.243083,1863.7,185099.0,264875.0
2025-06-18 11:21:39.799218,1863.7,185107.0,264923.0
2025-06-18 11:21:40.799009,1863.7,185105.0,264922.0
2025-06-18 11:21:41.800400,1863.7,184924.0,265128.0
2025-06-18 11:21:42.213570,1863.7,184924.0,265128.0
2025-06-18 11:21:42.807016,1863.7,184961.0,265130.0
2025-06-18 11:21:43.700917,1863.7,185107.0,265065.0
2025-06-18 11:21:44.218545,1863.8,185107.0,265065.0
2025-06-18 11:21:44.801767,1863.8,185019.0,265125.0
2025-06-18 11:21:45.216215,1863.8,185019.0,265125.0
2025-06-18 11:21:45.802615,1863.7,185017.0,265110.0
2025-06-18 11:21:46.225289,1863.7,185017.0,265110.0
2025-06-18 11:21:46.805847,1863.7,184933.0,265110.0
2025-06-18 11:21:47.230415,1863.8,184933.0,265110.0
2025-06-18 11:21:47.902262,1863.8,184939.0,265099.0
2025-06-18 11:21:48.217614,1863.8,184939.0,265099.0
2025-06-18 11:21:48.903405,1863.8,185077.0,264414.0
2025-06-18 11:21:49.087473,1863.8,185077.0,264414.0
2025-06-18 11:21:49.217390,1863.8,185077.0,264414.0
2025-06-18 11:21:50.005768,1863.8,185191.0,264957.0
2025-06-18 11:21:50.221544,1863.8,185191.0,264957.0
2025-06-18 11:21:50.225542,1863.8,185191.0,264957.0
2025-06-18 11:21:51.008026,1863.8,184940.0,264951.0
2025-06-18 11:21:51.091665,1863.8,184940.0,264951.0
2025-06-18 11:21:51.251140,1863.7,184940.0,264951.0
2025-06-18 11:21:52.590789,1863.7,184940.0,264951.0
2025-06-18 11:21:52.591353,1863.7,185182.0,264951.0
2025-06-18 11:21:52.593626,1863.8,185182.0,264951.0
2025-06-18 11:21:52.856368,1863.8,185182.0,264951.0
2025-06-18 11:21:53.007381,1863.8,185188.0,264705.0
2025-06-18 11:21:53.249648,1863.8,185188.0,264705.0
2025-06-18 11:21:53.664531,1863.8,185188.0,264705.0
2025-06-18 11:21:54.008337,1863.8,185177.0,263896.0
2025-06-18 11:21:54.215633,1863.8,185177.0,263896.0
2025-06-18 11:21:54.670806,1863.8,185177.0,263896.0
2025-06-18 11:21:55.009349,1863.8,185173.0,264549.0
2025-06-18 11:21:55.222383,1863.8,185173.0,264549.0
2025-06-18 11:21:55.226322,1863.7,185173.0,264549.0
2025-06-18 11:21:55.649110,1863.7,185173.0,264549.0
2025-06-18 11:21:56.012584,1863.7,185151.0,264589.0
2025-06-18 11:21:56.127554,1863.7,185151.0,264589.0
2025-06-18 11:21:57.010872,1863.7,185162.0,264604.0
2025-06-18 11:21:57.213147,1863.8,185162.0,264604.0
2025-06-18 11:21:57.370231,1863.8,185162.0,264604.0
2025-06-18 11:21:58.013325,1863.8,185179.0,264603.0
2025-06-18 11:21:58.705959,1863.8,185179.0,264603.0
2025-06-18 11:21:59.014081,1863.8,185239.0,264655.0
2025-06-18 11:21:59.252650,1863.8,185239.0,264655.0
2025-06-18 11:21:59.513682,1863.8,185239.0,264655.0
2025-06-18 11:22:00.011875,1863.8,185239.0,263954.0
2025-06-18 11:22:00.213989,1863.8,185239.0,263954.0
2025-06-18 11:22:00.914051,1863.8,185239.0,263954.0
2025-06-18 11:22:01.217123,1863.8,185239.0,263954.0
2025-06-18 11:22:02.023885,1863.8,185239.0,263954.0
2025-06-18 11:22:03.224559,1863.7,185239.0,263954.0
2025-06-18 11:22:03.398132,1863.7,185239.0,263954.0
2025-06-18 11:22:05.185092,1863.7,185239.0,263954.0
2025-06-18 11:22:05.192147,1863.7,185087.0,264560.0
2025-06-18 11:22:05.229555,1863.7,185087.0,264560.0
2025-06-18 11:22:05.231950,1863.8,185087.0,264560.0
2025-06-18 11:22:06.222867,1863.7,185087.0,264560.0
2025-06-18 11:22:08.220445,1863.8,185087.0,264560.0
2025-06-18 11:22:09.221178,1863.8,185087.0,264560.0
2025-06-18 11:22:09.419978,1863.8,185355.0,264228.0
2025-06-18 11:22:10.219058,1863.8,185355.0,264228.0
2025-06-18 11:22:14.657496,1863.8,185259.0,263511.0
2025-06-18 11:22:15.222816,1863.8,185259.0,263511.0
2025-06-18 11:22:19.358165,1863.7,185259.0,263511.0
2025-06-18 11:22:19.641799,1863.7,185322.0,264875.0
2025-06-18 11:22:20.225675,1863.8,185322.0,264875.0
2025-06-18 11:22:21.221850,1863.7,185322.0,264875.0
2025-06-18 11:22:22.250402,1863.7,185322.0,264875.0
2025-06-18 11:22:23.224065,1863.8,185322.0,264875.0
2025-06-18 11:22:24.530232,1863.8,185247.0,264974.0
2025-06-18 11:22:25.229322,1863.8,185247.0,264974.0
2025-06-18 11:22:27.268160,1863.7,185247.0,264974.0
2025-06-18 11:22:28.246106,1864.0,185247.0,264974.0
2025-06-18 11:22:29.220300,1864.0,185247.0,264974.0
2025-06-18 11:22:29.331433,1864.0,187335.0,261510.0
2025-06-18 11:22:30.220753,1864.5,187335.0,261510.0
2025-06-18 11:22:34.252176,1864.5,188427.0,262026.0
2025-06-18 11:22:35.219734,1864.4,188427.0,262026.0
2025-06-18 11:22:36.221178,1864.2,188427.0,262026.0
2025-06-18 11:22:37.221503,1864.4,188427.0,262026.0
2025-06-18 11:22:38.254062,1864.4,188427.0,262026.0
2025-06-18 11:22:39.339113,1864.4,188107.0,261788.0
2025-06-18 11:22:40.228138,1864.4,188107.0,261788.0
2025-06-18 11:22:41.225151,1864.5,188107.0,261788.0
2025-06-18 11:22:45.186310,1864.5,189430.0,261105.0
2025-06-18 11:22:45.245270,1864.5,189430.0,261105.0
2025-06-18 11:22:49.845525,1864.5,189440.0,261789.0
2025-06-18 11:22:50.227805,1864.5,189440.0,261789.0
2025-06-18 11:22:51.224935,1864.4,189440.0,261789.0
2025-06-18 11:22:53.224292,1864.5,189440.0,261789.0
2025-06-18 11:22:54.750270,1864.5,189804.0,261514.0
2025-06-18 11:22:55.225960,1864.5,189804.0,261514.0
2025-06-18 11:22:59.236885,1864.4,189804.0,261514.0
2025-06-18 11:22:59.457248,1864.4,189812.0,261301.0
2025-06-18 11:23:00.236837,1864.5,189812.0,261301.0
2025-06-18 11:23:03.230676,1864.4,189812.0,261301.0
2025-06-18 11:23:04.226604,1864.4,189812.0,261301.0
2025-06-18 11:23:04.357872,1864.4,187885.0,261589.0
2025-06-18 11:23:05.225436,1864.5,187885.0,261589.0
2025-06-18 11:23:06.227129,1864.4,187885.0,261589.0
2025-06-18 11:23:08.228465,1864.4,187885.0,261589.0
2025-06-18 11:23:09.356116,1864.4,187172.0,262118.0
2025-06-18 11:23:10.226241,1864.5,187172.0,262118.0
2025-06-18 11:23:11.234202,1864.4,187172.0,262118.0
2025-06-18 11:23:13.236293,1864.5,187172.0,262118.0
2025-06-18 11:23:14.197331,1864.5,187259.0,262041.0
2025-06-18 11:23:14.232076,1864.5,187259.0,262041.0
2025-06-18 11:23:15.230706,1864.5,187259.0,262041.0
2025-06-18 11:23:17.233563,1864.5,187259.0,262041.0
2025-06-18 11:23:19.462053,1864.4,187428.0,260783.0
2025-06-18 11:23:20.228833,1864.4,187428.0,260783.0
2025-06-18 11:23:23.237548,1864.5,187428.0,260783.0
2025-06-18 11:23:24.965529,1864.5,186781.0,261082.0
2025-06-18 11:23:25.233345,1864.6,186781.0,261082.0
2025-06-18 11:23:27.230685,1864.4,186781.0,261082.0
2025-06-18 11:23:30.373158,1864.6,188591.0,260409.0
2025-06-18 11:23:31.249856,1864.5,188591.0,260409.0
2025-06-18 11:23:35.574873,1864.5,188560.0,260913.0
2025-06-18 11:23:37.235297,1864.5,188560.0,260913.0
2025-06-18 11:23:39.230961,1864.5,188560.0,260913.0
2025-06-18 11:23:40.482425,1864.5,188875.0,261306.0
2025-06-18 11:23:41.244506,1864.5,188875.0,261306.0
2025-06-18 11:23:45.479685,1864.5,189168.0,262381.0
2025-06-18 11:23:47.233375,1864.3,189168.0,262381.0
2025-06-18 11:23:50.281896,1864.5,189399.0,262447.0
2025-06-18 11:23:51.239592,1864.4,189399.0,262447.0
2025-06-18 11:23:53.235011,1864.5,189399.0,262447.0
2025-06-18 11:23:55.088644,1864.5,189411.0,262379.0
2025-06-18 11:23:55.237288,1864.5,189411.0,262379.0
2025-06-18 11:23:59.237665,1864.5,189411.0,262379.0
2025-06-18 11:24:00.093142,1864.4,188722.0,262443.0
2025-06-18 11:24:01.232836,1864.4,188722.0,262443.0
2025-06-18 11:24:03.235193,1864.4,188722.0,262443.0
2025-06-18 11:24:04.999561,1864.4,189031.0,263159.0
2025-06-18 11:24:05.238148,1864.5,189031.0,263159.0
2025-06-18 11:24:07.241777,1864.5,189031.0,263159.0
2025-06-18 11:24:09.238719,1864.4,189031.0,263159.0
2025-06-18 11:24:09.895718,1864.4,189103.0,263062.0
2025-06-18 11:24:11.244829,1864.4,189103.0,263062.0
2025-06-18 11:24:13.234209,1864.4,189103.0,263062.0
2025-06-18 11:24:14.800913,1864.4,189515.0,263184.0
2025-06-18 11:24:15.238659,1864.4,189515.0,263184.0
2025-06-18 11:24:17.358968,1864.4,189515.0,263184.0
2025-06-18 11:24:19.272455,1864.4,189515.0,263184.0
2025-06-18 11:24:19.968625,1864.4,189320.0,262629.0
2025-06-18 11:24:21.236199,1864.4,189320.0,262629.0
2025-06-18 11:24:23.236697,1864.5,189320.0,262629.0
2025-06-18 11:24:24.802824,1864.5,189427.0,262773.0
2025-06-18 11:24:25.234104,1864.4,189427.0,262773.0
2025-06-18 11:24:27.234057,1864.4,189427.0,262773.0
2025-06-18 11:24:29.246560,1864.4,189427.0,262773.0
2025-06-18 11:24:30.215664,1864.5,189246.0,262983.0
2025-06-18 11:24:31.261100,1864.4,189246.0,262983.0
2025-06-18 11:24:33.277945,1864.4,189246.0,262983.0
2025-06-18 11:24:35.007379,1864.5,189253.0,262982.0
2025-06-18 11:24:35.241315,1864.4,189253.0,262982.0
2025-06-18 11:24:37.261229,1864.5,189253.0,262982.0
2025-06-18 11:24:39.239290,1864.5,189253.0,262982.0
2025-06-18 11:24:39.807844,1864.5,189200.0,262825.0
2025-06-18 11:24:41.233054,1864.4,189200.0,262825.0
2025-06-18 11:24:43.235130,1864.4,189200.0,262825.0
2025-06-18 11:24:44.613139,1864.5,189014.0,261579.0
2025-06-18 11:24:45.229851,1864.4,189014.0,261579.0
2025-06-18 11:24:47.240928,1864.5,189014.0,261579.0
2025-06-18 11:24:49.526751,1864.5,189014.0,261579.0
2025-06-18 11:24:49.922964,1864.5,189184.0,261640.0
2025-06-18 11:24:50.603980,1864.5,189184.0,261640.0
2025-06-18 11:24:51.251391,1864.5,189184.0,261640.0
2025-06-18 11:24:51.517889,1864.5,189184.0,261640.0
2025-06-18 11:24:52.446757,1864.5,189184.0,261640.0
2025-06-18 11:24:53.234199,1864.5,189184.0,261640.0
2025-06-18 11:24:53.272833,1864.5,189184.0,261640.0
2025-06-18 11:24:54.051118,1864.5,189184.0,261640.0
2025-06-18 11:24:54.819807,1864.4,189083.0,262184.0
2025-06-18 11:24:55.095613,1864.4,189083.0,262184.0
2025-06-18 11:24:55.311644,1864.4,189083.0,262184.0
2025-06-18 11:24:55.664699,1864.4,189083.0,262184.0
2025-06-18 11:24:56.061770,1864.4,189083.0,262184.0
2025-06-18 11:24:57.231636,1864.5,189083.0,262184.0
2025-06-18 11:24:57.791848,1864.5,189083.0,262184.0
2025-06-18 11:24:59.039700,1864.5,189083.0,262184.0
2025-06-18 11:24:59.237729,1864.5,189083.0,262184.0
2025-06-18 11:24:59.625401,1864.5,189050.0,262425.0
2025-06-18 11:24:59.915278,1864.5,189050.0,262425.0
2025-06-18 11:25:01.231206,1864.5,189050.0,262425.0
2025-06-18 11:25:01.294207,1864.5,189050.0,262425.0
2025-06-18 11:25:02.423084,1864.5,189050.0,262425.0
2025-06-18 11:25:03.233406,1864.5,189050.0,262425.0
2025-06-18 11:25:03.558564,1864.5,189050.0,262425.0
2025-06-18 11:25:04.533289,1864.5,189374.0,261866.0
2025-06-18 11:25:05.023920,1864.5,189374.0,261866.0
2025-06-18 11:25:05.243761,1864.5,189374.0,261866.0
2025-06-18 11:25:07.234771,1864.4,189374.0,261866.0
2025-06-18 11:25:09.230236,1864.5,189374.0,261866.0
2025-06-18 11:25:09.935369,1864.5,189653.0,262839.0
2025-06-18 11:25:11.265640,1864.5,189653.0,262839.0
2025-06-18 11:25:13.257441,1864.5,189653.0,262839.0
2025-06-18 11:25:15.230156,1864.4,189653.0,262839.0
2025-06-18 11:25:15.435667,1864.4,189420.0,262974.0
2025-06-18 11:25:17.228524,1864.4,189420.0,262974.0
2025-06-18 11:25:19.230626,1864.3,189420.0,262974.0
2025-06-18 11:25:20.834904,1864.3,189607.0,261254.0
2025-06-18 11:25:21.230929,1864.3,189607.0,261254.0
2025-06-18 11:25:23.366960,1864.9,189607.0,261254.0
2025-06-18 11:25:25.233239,1864.3,189607.0,261254.0
2025-06-18 11:25:25.939095,1864.8,189250.0,262489.0
2025-06-18 11:25:27.230593,1864.8,189250.0,262489.0
2025-06-18 11:25:29.233604,1864.3,189250.0,262489.0
2025-06-18 11:25:30.942410,1864.7,189401.0,262547.0
2025-06-18 11:25:31.234502,1864.7,189401.0,262547.0
2025-06-18 11:25:33.232585,1864.7,189401.0,262547.0
2025-06-18 11:25:35.244713,1864.7,189401.0,262547.0
2025-06-18 11:25:35.846122,1864.7,189462.0,262438.0
2025-06-18 11:25:37.231140,1864.7,189462.0,262438.0
2025-06-18 11:25:39.936329,1864.7,189462.0,262438.0
2025-06-18 11:25:40.745140,1864.3,189284.0,262458.0
2025-06-18 11:25:41.227899,1864.9,189284.0,262458.0
2025-06-18 11:25:45.232078,1864.4,189284.0,262458.0
2025-06-18 11:25:45.353230,1864.4,189403.0,262390.0
2025-06-18 11:25:47.235051,1864.7,189403.0,262390.0
2025-06-18 11:25:49.227931,1864.4,189403.0,262390.0
2025-06-18 11:25:50.664101,1864.7,189164.0,262208.0
2025-06-18 11:25:51.235366,1864.4,189164.0,262208.0
2025-06-18 11:25:53.235812,1864.4,189164.0,262208.0
2025-06-18 11:25:55.749487,1864.4,188745.0,262837.0
2025-06-18 11:25:57.245111,1864.4,188745.0,262837.0
2025-06-18 11:25:59.228719,1864.7,188745.0,262837.0
2025-06-18 11:26:01.166850,1864.7,188751.0,262011.0
2025-06-18 11:26:01.234888,1864.7,188751.0,262011.0
2025-06-18 11:26:03.253181,1864.4,188751.0,262011.0
2025-06-18 11:26:06.357207,1864.7,188607.0,262415.0
2025-06-18 11:26:07.236609,1864.7,188607.0,262415.0
2025-06-18 11:26:09.255290,1864.0,188607.0,262415.0
2025-06-18 11:26:11.397231,1863.6,184488.0,268432.0
2025-06-18 11:26:11.401597,1863.6,184488.0,268432.0
2025-06-18 11:26:13.235155,1864.0,184488.0,268432.0
2025-06-18 11:26:15.250667,1863.6,184488.0,268432.0
2025-06-18 11:26:16.179200,1863.6,185431.0,267908.0
2025-06-18 11:26:17.231575,1863.6,185431.0,267908.0
2025-06-18 11:26:21.070224,1863.6,185413.0,267493.0
2025-06-18 11:26:21.291949,1864.0,185413.0,267493.0
2025-06-18 11:26:23.270417,1863.9,185413.0,267493.0
2025-06-18 11:26:25.869735,1863.9,185381.0,267363.0
2025-06-18 11:26:27.238022,1863.9,185381.0,267363.0
2025-06-18 11:26:30.777538,1863.9,185229.0,267634.0
2025-06-18 11:26:31.236957,1863.6,185229.0,267634.0
2025-06-18 11:26:35.231134,1863.6,185229.0,267634.0
2025-06-18 11:26:35.705018,1863.6,184851.0,267844.0
2025-06-18 11:26:37.254833,1863.6,184851.0,267844.0
2025-06-18 11:26:39.244954,1863.9,184851.0,267844.0
2025-06-18 11:26:40.577633,1863.9,185940.0,266848.0
2025-06-18 11:26:41.245871,1863.9,185940.0,266848.0
2025-06-18 11:26:43.255763,1863.9,185940.0,266848.0
2025-06-18 11:26:45.231868,1863.9,185940.0,266848.0
2025-06-18 11:26:45.983283,1863.9,185688.0,267458.0
2025-06-18 11:26:47.240835,1863.6,185688.0,267458.0
2025-06-18 11:26:49.240228,1863.7,185688.0,267458.0
2025-06-18 11:26:50.896253,1863.8,185888.0,267677.0
2025-06-18 11:26:51.236892,1863.7,185888.0,267677.0
2025-06-18 11:26:53.240659,1863.9,185888.0,267677.0
2025-06-18 11:26:55.892825,1863.9,186222.0,266755.0
2025-06-18 11:26:57.235894,1863.7,186222.0,266755.0
2025-06-18 11:26:59.248399,1863.9,186222.0,266755.0
2025-06-18 11:27:01.093289,1863.9,185880.0,267097.0
2025-06-18 11:27:01.240538,1863.7,185880.0,267097.0
2025-06-18 11:27:06.113703,1863.8,185824.0,267099.0
2025-06-18 11:27:07.261909,1863.7,185824.0,267099.0
2025-06-18 11:27:09.249743,1863.9,185824.0,267099.0
2025-06-18 11:27:11.001771,1863.9,185622.0,267272.0
2025-06-18 11:27:11.255056,1863.7,185622.0,267272.0
2025-06-18 11:27:16.002433,1863.7,185549.0,266695.0
2025-06-18 11:27:17.254085,1863.7,185549.0,266695.0
2025-06-18 11:27:20.908066,1863.6,185221.0,269323.0
2025-06-18 11:27:21.240203,1863.6,185221.0,269323.0
2025-06-18 11:27:23.288495,1863.6,185221.0,269323.0
2025-06-18 11:27:25.288088,1863.7,185221.0,269323.0
2025-06-18 11:27:25.811358,1863.6,185511.0,268398.0
2025-06-18 11:27:27.292396,1863.3,185511.0,268398.0
2025-06-18 11:27:29.293239,1863.5,185511.0,268398.0
2025-06-18 11:27:30.718866,1863.7,183880.0,270458.0
2025-06-18 11:27:31.284977,1863.5,183880.0,270458.0
2025-06-18 11:27:35.260256,1863.5,183880.0,270458.0
2025-06-18 11:27:36.014757,1863.1,184611.0,269190.0
2025-06-18 11:27:37.246400,1863.5,184611.0,269190.0
2025-06-18 11:27:39.242749,1863.5,184611.0,269190.0
2025-06-18 11:27:41.116231,1863.1,183413.0,268869.0
2025-06-18 11:27:41.250645,1863.1,183413.0,268869.0
2025-06-18 11:27:43.246636,1863.1,183413.0,268869.0
2025-06-18 11:27:46.918633,1863.4,184588.0,268287.0
2025-06-18 11:27:47.242026,1863.4,184588.0,268287.0
2025-06-18 11:27:49.242603,1862.9,184588.0,268287.0
2025-06-18 11:27:49.915714,1862.9,184588.0,268287.0
2025-06-18 11:27:51.006670,1862.9,184588.0,268287.0
2025-06-18 11:27:51.237912,1862.9,184588.0,268287.0
2025-06-18 11:27:51.925363,1862.9,184588.0,268287.0
2025-06-18 11:27:52.821659,1863.0,183356.0,270168.0
2025-06-18 11:27:52.855041,1863.0,183356.0,270168.0
2025-06-18 11:27:53.242928,1862.9,183356.0,270168.0
2025-06-18 11:27:53.766456,1862.9,183356.0,270168.0
2025-06-18 11:27:54.495680,1862.9,183356.0,270168.0
2025-06-18 11:27:55.514911,1862.9,183356.0,270168.0
2025-06-18 11:27:56.069293,1862.9,183356.0,270168.0
2025-06-18 11:27:57.244060,1862.9,183356.0,270168.0
2025-06-18 11:27:57.348502,1862.9,183356.0,270168.0
2025-06-18 11:27:58.024642,1862.9,183669.0,270049.0
2025-06-18 11:27:58.258998,1862.9,183669.0,270049.0
2025-06-18 11:27:59.237393,1863.0,183669.0,270049.0
2025-06-18 11:27:59.462893,1863.0,183669.0,270049.0
2025-06-18 11:28:00.322669,1863.0,183669.0,270049.0
2025-06-18 11:28:01.235288,1862.9,183669.0,270049.0
2025-06-18 11:28:01.731249,1862.9,183669.0,270049.0
2025-06-18 11:28:02.739236,1862.9,183483.0,268292.0
2025-06-18 11:28:02.856564,1862.9,183483.0,268292.0
2025-06-18 11:28:03.237061,1863.0,183483.0,268292.0
2025-06-18 11:28:03.980374,1863.0,183483.0,268292.0
2025-06-18 11:28:05.237272,1863.0,183483.0,268292.0
2025-06-18 11:28:05.605100,1863.0,183483.0,268292.0
2025-06-18 11:28:07.239175,1863.0,183483.0,268292.0
2025-06-18 11:28:07.632084,1863.0,183628.0,269514.0
2025-06-18 11:28:10.487382,1863.5,183628.0,269514.0
2025-06-18 11:28:11.242517,1863.0,183628.0,269514.0
2025-06-18 11:28:12.344000,1863.0,184165.0,266451.0
2025-06-18 11:28:13.246403,1863.5,184165.0,266451.0
2025-06-18 11:28:15.243800,1863.5,184165.0,266451.0
2025-06-18 11:28:17.266346,1863.5,185077.0,266325.0
2025-06-18 11:28:19.241867,1863.8,185077.0,266325.0
2025-06-18 11:28:22.739882,1864.4,186137.0,263447.0
2025-06-18 11:28:23.245508,1864.4,186137.0,263447.0
2025-06-18 11:28:27.244405,1864.4,186137.0,263447.0
2025-06-18 11:28:27.944182,1864.4,185945.0,262939.0
2025-06-18 11:28:29.247033,1864.1,185945.0,262939.0
2025-06-18 11:28:31.242993,1864.4,185945.0,262939.0
2025-06-18 11:28:32.845715,1864.4,184580.0,264218.0
2025-06-18 11:28:33.243924,1864.5,184580.0,264218.0
2025-06-18 11:28:35.241211,1864.1,184580.0,264218.0
2025-06-18 11:28:37.245338,1864.1,184580.0,264218.0
2025-06-18 11:28:37.749187,1864.5,185879.0,263376.0
2025-06-18 11:28:39.245965,1864.1,185879.0,263376.0
2025-06-18 11:28:41.247327,1864.3,185879.0,263376.0
2025-06-18 11:28:42.757937,1864.5,185437.0,263566.0
2025-06-18 11:28:43.240711,1864.5,185437.0,263566.0
2025-06-18 11:28:47.341144,1864.1,185437.0,263566.0
2025-06-18 11:28:47.861894,1864.1,184531.0,265911.0
2025-06-18 11:28:49.242199,1864.1,184531.0,265911.0
2025-06-18 11:28:51.247886,1864.1,184531.0,265911.0
2025-06-18 11:28:52.866967,1864.2,185104.0,265965.0
2025-06-18 11:28:53.244527,1863.9,185104.0,265965.0
2025-06-18 11:28:57.263392,1864.1,185104.0,265965.0
2025-06-18 11:28:57.677353,1864.1,186950.0,265336.0
2025-06-18 11:28:59.243762,1864.1,186950.0,265336.0
2025-06-18 11:29:01.245956,1864.2,186950.0,265336.0
2025-06-18 11:29:01.464248,1864.2,187538.0,265145.0
2025-06-18 11:29:02.269783,1864.2,187538.0,265145.0
2025-06-18 11:29:02.567199,1864.2,187803.0,264867.0
2025-06-18 11:29:03.247317,1864.2,187803.0,264867.0
2025-06-18 11:29:03.707950,1864.2,188009.0,264308.0
2025-06-18 11:29:04.251003,1864.2,188009.0,264308.0
2025-06-18 11:29:04.770023,1864.2,188014.0,264355.0
2025-06-18 11:29:05.769936,1864.2,188069.0,264348.0
2025-06-18 11:29:06.866007,1864.2,188340.0,263437.0
2025-06-18 11:29:07.242569,1864.5,188340.0,263437.0
2025-06-18 11:29:07.967294,1864.5,188384.0,264063.0
2025-06-18 11:29:08.248586,1864.5,188384.0,264063.0
2025-06-18 11:29:09.067676,1864.5,188345.0,264104.0
2025-06-18 11:29:09.267553,1864.5,188345.0,264104.0
2025-06-18 11:29:10.202105,1864.5,188369.0,263372.0
2025-06-18 11:29:10.243997,1864.5,188369.0,263372.0
2025-06-18 11:29:11.181453,1864.5,187858.0,263436.0
2025-06-18 11:29:11.265767,1864.5,187858.0,263436.0
2025-06-18 11:29:12.179960,1864.5,187594.0,263454.0
2025-06-18 11:29:13.173247,1864.5,187600.0,263418.0
2025-06-18 11:29:14.277428,1864.5,187694.0,263627.0
2025-06-18 11:29:15.270621,1864.4,187694.0,263627.0
2025-06-18 11:29:15.276144,1864.4,187680.0,263074.0
2025-06-18 11:29:16.242438,1864.5,187680.0,263074.0
2025-06-18 11:29:16.372932,1864.5,187627.0,263627.0
2025-06-18 11:29:17.246516,1864.5,187627.0,263627.0
2025-06-18 11:29:17.473001,1864.5,188111.0,262506.0
2025-06-18 11:29:18.247411,1864.4,188111.0,262506.0
2025-06-18 11:29:18.575776,1864.4,187914.0,263398.0
2025-06-18 11:29:19.247399,1864.5,187914.0,263398.0
2025-06-18 11:29:19.689399,1864.5,187914.0,262731.0
2025-06-18 11:29:20.696971,1864.4,187967.0,263045.0
2025-06-18 11:29:21.248470,1864.4,187967.0,263045.0
2025-06-18 11:29:21.576884,1864.4,187972.0,263828.0
2025-06-18 11:29:22.248268,1864.4,187972.0,263828.0
2025-06-18 11:29:22.688773,1864.5,187848.0,263796.0
2025-06-18 11:29:23.243802,1864.5,187848.0,263796.0
2025-06-18 11:29:23.782292,1864.5,187968.0,263665.0
2025-06-18 11:29:24.249423,1864.5,187968.0,263665.0
2025-06-18 11:29:24.782030,1864.5,187969.0,263633.0
2025-06-18 11:29:25.264204,1864.5,187969.0,263633.0
2025-06-18 11:29:25.785176,1864.5,187970.0,263762.0
2025-06-18 11:29:26.243455,1864.5,187970.0,263762.0
2025-06-18 11:29:26.785287,1864.5,187966.0,263760.0
2025-06-18 11:29:27.244340,1864.4,187966.0,263760.0
2025-06-18 11:29:27.784123,1864.4,188007.0,263733.0
2025-06-18 11:29:28.798137,1864.4,187961.0,263733.0
2025-06-18 11:29:29.781007,1864.4,188088.0,263840.0
2025-06-18 11:29:30.244265,1864.5,188088.0,263840.0
2025-06-18 11:29:30.784734,1864.5,188069.0,264161.0
2025-06-18 11:29:31.241471,1864.5,188069.0,264161.0
2025-06-18 11:29:31.802113,1864.5,188125.0,264155.0
2025-06-18 11:29:32.418463,1864.5,188125.0,264155.0
2025-06-18 11:29:32.789076,1864.5,188128.0,264123.0
2025-06-18 11:29:33.248744,1864.5,188128.0,264123.0
2025-06-18 11:29:33.788042,1864.5,188142.0,264119.0
2025-06-18 11:29:34.243373,1864.2,188142.0,264119.0
2025-06-18 11:29:34.792347,1864.3,186584.0,266507.0
2025-06-18 11:29:35.247855,1864.3,186584.0,266507.0
2025-06-18 11:29:35.903163,1864.1,186640.0,265626.0
2025-06-18 11:29:36.245624,1864.1,186640.0,265626.0
2025-06-18 11:29:36.886989,1864.1,186633.0,265705.0
2025-06-18 11:29:37.888708,1864.3,186739.0,265469.0
2025-06-18 11:29:38.244757,1864.3,186739.0,265469.0
2025-06-18 11:29:38.988316,1864.3,186739.0,265469.0
2025-06-18 11:29:40.089699,1864.3,186804.0,265618.0
2025-06-18 11:29:41.225659,1864.3,185576.0,265121.0
2025-06-18 11:29:41.252594,1864.3,185576.0,265121.0
2025-06-18 11:29:42.245701,1864.1,185576.0,265121.0
2025-06-18 11:29:42.289277,1864.1,186588.0,265094.0
2025-06-18 11:29:43.203266,1864.1,186679.0,265108.0
2025-06-18 11:29:44.292283,1864.1,186634.0,265190.0
2025-06-18 11:29:45.248814,1864.3,186634.0,265190.0
2025-06-18 11:29:45.392540,1864.3,186560.0,265142.0
2025-06-18 11:29:46.244335,1864.3,186560.0,265142.0
2025-06-18 11:29:46.490801,1864.3,186556.0,264977.0
2025-06-18 11:29:47.241747,1864.3,186556.0,264977.0
2025-06-18 11:29:47.592346,1864.3,186488.0,264572.0
2025-06-18 11:29:48.256755,1864.3,186488.0,264572.0
2025-06-18 11:29:48.592676,1864.3,186487.0,265085.0
2025-06-18 11:29:49.242013,1864.1,186487.0,265085.0
2025-06-18 11:29:49.701303,1864.1,186470.0,264462.0
2025-06-18 11:29:50.797216,1864.1,186660.0,265052.0
2025-06-18 11:29:51.244999,1864.1,186660.0,265052.0
2025-06-18 11:29:51.896126,1864.1,186650.0,265158.0
2025-06-18 11:29:52.244485,1864.3,186650.0,265158.0
2025-06-18 11:29:52.896313,1864.3,186672.0,265160.0
2025-06-18 11:29:53.241239,1864.3,186672.0,265160.0
2025-06-18 11:29:53.905455,1864.3,186751.0,265198.0
2025-06-18 11:29:54.248298,1864.3,186751.0,265198.0
2025-06-18 11:29:54.999822,1864.3,186765.0,265137.0
2025-06-18 11:29:55.260841,1864.1,186765.0,265137.0
2025-06-18 11:29:56.100504,1864.1,186376.0,265263.0
2025-06-18 11:29:56.245100,1864.1,186376.0,265263.0
2025-06-18 11:29:57.104713,1864.1,186585.0,264496.0
2025-06-18 11:29:58.103555,1864.1,186751.0,265063.0
2025-06-18 11:29:58.291712,1864.1,186751.0,265063.0
2025-06-18 11:29:59.214968,1864.1,186794.0,265063.0
2025-06-18 11:30:00.245183,1864.2,186794.0,265063.0
2025-06-18 11:30:00.306086,1864.2,186993.0,264112.0
2025-06-18 11:30:01.245079,1864.2,186993.0,264112.0
2025-06-18 11:30:03.254330,1864.2,186993.0,264112.0
2025-06-18 11:30:04.008195,1864.1,187000.0,263910.0
2025-06-18 11:30:06.249172,1864.1,187000.0,263910.0
2025-06-18 11:30:09.253671,1864.2,187000.0,263910.0
2025-06-18 11:30:09.410622,1864.2,187164.0,263367.0
2025-06-18 11:30:12.258922,1864.1,187164.0,263367.0
2025-06-18 11:30:14.911370,1864.1,186992.0,263946.0
2025-06-18 11:30:15.254615,1864.1,186992.0,263946.0
2025-06-18 11:30:18.249090,1864.1,186992.0,263946.0
2025-06-18 11:30:20.318726,1864.1,186576.0,263881.0
2025-06-18 11:30:21.259907,1864.1,186576.0,263881.0
2025-06-18 11:30:24.249213,1864.2,186576.0,263881.0
2025-06-18 11:30:25.935149,1864.2,187350.0,263819.0
2025-06-18 11:30:27.250454,1864.2,187350.0,263819.0
2025-06-18 11:30:31.229889,1864.2,187372.0,263543.0
2025-06-18 11:30:31.248920,1864.2,187372.0,263543.0
2025-06-18 11:30:37.274852,1864.1,186970.0,265121.0
2025-06-18 11:30:37.313191,1864.1,186970.0,265121.0
2025-06-18 11:30:39.268919,1864.0,186970.0,265121.0
2025-06-18 11:30:41.257720,1864.1,186970.0,265121.0
2025-06-18 11:30:41.528045,1864.1,187136.0,264747.0
2025-06-18 11:30:43.272973,1864.1,187136.0,264747.0
2025-06-18 11:30:47.034994,1864.1,187415.0,263502.0
2025-06-18 11:30:47.285962,1864.1,187415.0,263502.0
2025-06-18 11:30:49.252585,1864.1,187415.0,263502.0
2025-06-18 11:30:50.349064,1864.1,187415.0,263502.0
2025-06-18 11:30:51.270880,1864.0,187415.0,263502.0
2025-06-18 11:30:51.436233,1864.0,187415.0,263502.0
2025-06-18 11:30:52.243099,1864.1,187308.0,264243.0
2025-06-18 11:30:52.373946,1864.1,187308.0,264243.0
2025-06-18 11:30:53.257676,1864.1,187308.0,264243.0
2025-06-18 11:30:53.302414,1864.1,187308.0,264243.0
2025-06-18 11:30:54.169515,1864.1,187308.0,264243.0
2025-06-18 11:30:55.259527,1864.1,187308.0,264243.0
2025-06-18 11:30:55.988828,1864.1,187308.0,264243.0
2025-06-18 11:30:56.553069,1864.1,187308.0,264243.0
2025-06-18 11:30:57.250224,1864.1,187250.0,264289.0
2025-06-18 11:30:57.262677,1864.1,187250.0,264289.0
2025-06-18 11:30:57.457771,1864.1,187250.0,264289.0
2025-06-18 11:30:58.756299,1864.1,187250.0,264289.0
2025-06-18 11:30:59.294408,1864.1,187250.0,264289.0
2025-06-18 11:30:59.964438,1864.1,187250.0,264289.0
2025-06-18 11:31:00.837061,1864.1,187250.0,264289.0
2025-06-18 11:31:01.260320,1864.1,187250.0,264289.0
2025-06-18 11:31:02.151555,1864.1,187156.0,264448.0
2025-06-18 11:31:02.291074,1864.1,187156.0,264448.0
2025-06-18 11:31:03.266778,1864.1,187156.0,264448.0
2025-06-18 11:31:03.361057,1864.1,187156.0,264448.0
2025-06-18 11:31:04.498535,1864.1,187156.0,264448.0
2025-06-18 11:31:05.978361,1864.1,187156.0,264448.0
2025-06-18 11:31:06.948807,1864.0,187474.0,263746.0
2025-06-18 11:31:07.277980,1864.1,187474.0,263746.0
2025-06-18 11:31:09.254287,1864.1,187474.0,263746.0
2025-06-18 11:31:11.265751,1864.0,187474.0,263746.0
2025-06-18 11:31:12.160578,1864.1,187503.0,264393.0
2025-06-18 11:31:13.265682,1864.1,187503.0,264393.0
2025-06-18 11:31:17.267373,1864.1,187503.0,264393.0
2025-06-18 11:31:17.357748,1864.1,187739.0,264181.0
2025-06-18 11:31:19.345806,1864.0,187739.0,264181.0
2025-06-18 11:31:21.262705,1864.0,187739.0,264181.0
2025-06-18 11:31:22.564806,1864.0,181877.0,264769.0
2025-06-18 11:31:23.270403,1863.8,181877.0,264769.0
2025-06-18 11:31:25.266871,1863.8,181877.0,264769.0
2025-06-18 11:31:27.257704,1864.0,181877.0,264769.0
2025-06-18 11:31:28.168888,1864.0,187288.0,265236.0
2025-06-18 11:31:29.486292,1864.0,187288.0,265236.0
2025-06-18 11:31:31.264337,1864.0,187288.0,265236.0
2025-06-18 11:31:33.258033,1863.8,187288.0,265236.0
2025-06-18 11:31:33.570527,1863.8,187238.0,264852.0
2025-06-18 11:31:35.266141,1864.0,187238.0,264852.0
2025-06-18 11:31:37.259269,1863.8,187238.0,264852.0
2025-06-18 11:31:38.699247,1863.8,186750.0,265412.0
2025-06-18 11:31:39.312079,1863.7,186750.0,265412.0
2025-06-18 11:31:41.263357,1863.7,186750.0,265412.0
2025-06-18 11:31:43.782493,1863.7,187013.0,265249.0
2025-06-18 11:31:45.269772,1863.7,187013.0,265249.0
2025-06-18 11:31:48.884412,1863.8,187114.0,265084.0
2025-06-18 11:31:49.283649,1863.7,187114.0,265084.0
2025-06-18 11:31:51.274261,1863.7,187114.0,265084.0
2025-06-18 11:31:53.263578,1863.8,187114.0,265084.0
2025-06-18 11:31:53.889997,1863.8,187692.0,264832.0
2025-06-18 11:31:55.261908,1863.8,187692.0,264832.0
2025-06-18 11:31:58.898842,1863.8,187248.0,265679.0
2025-06-18 11:31:59.263896,1863.8,187248.0,265679.0
2025-06-18 11:32:01.283889,1863.8,187248.0,265679.0
2025-06-18 11:32:03.264944,1863.7,187248.0,265679.0
2025-06-18 11:32:03.724839,1863.7,187379.0,265648.0
2025-06-18 11:32:05.256799,1863.8,187379.0,265648.0
2025-06-18 11:32:08.286335,1863.6,187379.0,265648.0
2025-06-18 11:32:09.228644,1863.6,184673.0,267134.0
2025-06-18 11:32:14.258303,1863.6,184673.0,267134.0
2025-06-18 11:32:15.508806,1863.6,185315.0,267058.0
2025-06-18 11:32:17.272423,1863.6,185315.0,267058.0
2025-06-18 11:32:20.278513,1863.5,185315.0,267058.0
2025-06-18 11:32:20.818224,1863.5,185387.0,267241.0
2025-06-18 11:32:23.257291,1863.6,185387.0,267241.0
2025-06-18 11:32:26.264274,1863.0,185387.0,267241.0
2025-06-18 11:32:26.619022,1863.2,174202.0,269272.0
2025-06-18 11:32:29.262744,1862.8,174202.0,269272.0
2025-06-18 11:32:32.260197,1862.4,174202.0,269272.0
2025-06-18 11:32:32.323713,1862.4,180263.0,271899.0
2025-06-18 11:32:35.262437,1862.7,180263.0,271899.0
2025-06-18 11:32:38.238010,1862.8,181487.0,270974.0
2025-06-18 11:32:38.263644,1862.8,181487.0,270974.0
2025-06-18 11:32:41.266761,1862.4,181487.0,270974.0
2025-06-18 11:32:43.831241,1862.4,182556.0,270999.0
2025-06-18 11:32:44.314444,1862.4,182556.0,270999.0
2025-06-18 11:32:47.271583,1862.4,182556.0,270999.0
2025-06-18 11:32:49.248188,1862.7,183108.0,271188.0
2025-06-18 11:32:50.260255,1862.7,183108.0,271188.0
2025-06-18 11:32:53.261512,1862.8,183108.0,271188.0
2025-06-18 11:32:54.337300,1862.8,183369.0,270949.0
2025-06-18 11:32:56.292939,1862.8,183369.0,270949.0
2025-06-18 11:32:59.831584,1862.8,183369.0,270949.0
2025-06-18 11:32:59.859387,1862.8,183359.0,270770.0
2025-06-18 11:33:02.263202,1862.7,183359.0,270770.0
2025-06-18 11:33:05.143998,1862.7,183549.0,270882.0
2025-06-18 11:33:05.279076,1862.7,183549.0,270882.0
2025-06-18 11:33:08.260377,1862.8,183549.0,270882.0
2025-06-18 11:33:10.740636,1862.8,183430.0,269793.0
2025-06-18 11:33:11.263635,1862.8,183430.0,269793.0
2025-06-18 11:33:14.261737,1862.8,183430.0,269793.0
2025-06-18 11:33:15.949722,1862.8,183396.0,269633.0
2025-06-18 11:33:17.273014,1862.8,183396.0,269633.0
2025-06-18 11:33:20.267998,1862.7,183396.0,269633.0
2025-06-18 11:33:21.150986,1862.7,183991.0,270356.0
2025-06-18 11:33:23.275607,1862.8,183991.0,270356.0
2025-06-18 11:33:26.310095,1862.8,183991.0,270356.0
2025-06-18 11:33:26.352834,1862.8,183762.0,270678.0
2025-06-18 11:33:29.267714,1862.8,183762.0,270678.0
2025-06-18 11:33:32.163493,1862.8,183827.0,270992.0
2025-06-18 11:33:32.277439,1862.8,183827.0,270992.0
2025-06-18 11:33:38.053912,1862.7,180958.0,271886.0
2025-06-18 11:33:38.270612,1862.4,180958.0,271886.0
2025-06-18 11:33:41.273386,1862.4,180958.0,271886.0
2025-06-18 11:33:43.961902,1862.4,180535.0,272194.0
2025-06-18 11:33:44.276856,1862.6,180535.0,272194.0
2025-06-18 11:33:47.283053,1862.4,180535.0,272194.0
2025-06-18 11:33:49.865640,1862.2,178031.0,273668.0
2025-06-18 11:33:50.300792,1862.3,178031.0,273668.0
2025-06-18 11:33:51.121419,1862.3,178031.0,273668.0
2025-06-18 11:33:52.240776,1862.3,178031.0,273668.0
2025-06-18 11:33:53.191787,1862.3,178031.0,273668.0
2025-06-18 11:33:53.267540,1862.1,178031.0,273668.0
2025-06-18 11:33:54.109235,1862.1,178031.0,273668.0
2025-06-18 11:33:55.569978,1862.0,180306.0,274123.0
2025-06-18 11:33:55.796998,1862.0,180306.0,274123.0
2025-06-18 11:33:56.276460,1862.0,180306.0,274123.0
2025-06-18 11:33:56.900531,1862.0,180306.0,274123.0
2025-06-18 11:33:57.475345,1862.0,180306.0,274123.0
2025-06-18 11:33:58.373977,1862.0,180306.0,274123.0
2025-06-18 11:33:59.279438,1862.1,180306.0,274123.0
2025-06-18 11:33:59.740803,1862.1,180306.0,274123.0
2025-06-18 11:34:00.887991,1862.1,180306.0,274123.0
2025-06-18 11:34:01.473540,1862.1,181025.0,273503.0
2025-06-18 11:34:01.758629,1862.1,181025.0,273503.0
2025-06-18 11:34:02.273666,1862.1,181025.0,273503.0
2025-06-18 11:34:03.146687,1862.1,181025.0,273503.0
2025-06-18 11:34:04.283727,1862.1,181025.0,273503.0
2025-06-18 11:34:05.549581,1862.1,181025.0,273503.0
2025-06-18 11:34:06.892651,1862.1,181025.0,273503.0
2025-06-18 11:34:07.177874,1862.0,180728.0,273623.0
2025-06-18 11:34:08.271120,1862.0,180728.0,273623.0
2025-06-18 11:34:11.279892,1862.0,180728.0,273623.0
2025-06-18 11:34:12.588845,1862.0,180920.0,274050.0
2025-06-18 11:34:14.280186,1862.0,180920.0,274050.0
2025-06-18 11:34:17.283492,1862.1,180920.0,274050.0
2025-06-18 11:34:17.886384,1862.1,180383.0,273419.0
2025-06-18 11:34:20.297120,1862.1,180383.0,273419.0
2025-06-18 11:34:23.089954,1862.1,179821.0,273706.0
2025-06-18 11:34:23.309462,1861.9,179821.0,273706.0
2025-06-18 11:34:26.271695,1862.0,179821.0,273706.0
2025-06-18 11:34:28.496737,1861.9,179323.0,273211.0
2025-06-18 11:34:29.280477,1862.0,179323.0,273211.0
2025-06-18 11:34:32.277687,1862.0,179323.0,273211.0
2025-06-18 11:34:33.798058,1862.1,180223.0,273020.0
2025-06-18 11:34:34.271691,1862.1,180223.0,273020.0
2025-06-18 11:34:36.279667,1862.1,180223.0,273020.0
2025-06-18 11:34:38.271280,1862.1,180223.0,273020.0
2025-06-18 11:34:38.798984,1862.1,179980.0,272800.0
2025-06-18 11:34:40.275241,1862.0,179980.0,272800.0
2025-06-18 11:34:42.275741,1862.0,179980.0,272800.0
2025-06-18 11:34:43.504044,1862.0,180014.0,272921.0
2025-06-18 11:34:44.274740,1862.0,180014.0,272921.0
2025-06-18 11:34:48.272365,1862.0,180014.0,272921.0
2025-06-18 11:34:48.906702,1862.1,180229.0,273039.0
2025-06-18 11:34:50.271062,1862.0,180229.0,273039.0
2025-06-18 11:34:54.286551,1862.0,180229.0,273039.0
2025-06-18 11:34:54.311226,1862.0,180141.0,273131.0
2025-06-18 11:34:56.284296,1862.0,180141.0,273131.0
2025-06-18 11:35:00.495373,1862.1,179750.0,273398.0
2025-06-18 11:35:00.520243,1862.1,179750.0,273398.0
2025-06-18 11:35:02.275063,1862.0,179750.0,273398.0
2025-06-18 11:35:04.295780,1862.0,179750.0,273398.0
2025-06-18 11:35:05.224920,1861.9,179699.0,273690.0
2025-06-18 11:35:06.304067,1862.0,179699.0,273690.0
2025-06-18 11:35:08.331251,1861.8,179699.0,273690.0
2025-06-18 11:35:10.289859,1861.9,179699.0,273690.0
2025-06-18 11:35:10.916677,1861.9,179308.0,274259.0
2025-06-18 11:35:12.498469,1861.9,179308.0,274259.0
2025-06-18 11:35:14.321568,1861.7,179308.0,274259.0
2025-06-18 11:35:16.324082,1861.7,179308.0,274259.0
2025-06-18 11:35:16.621368,1861.7,179308.0,273834.0
2025-06-18 11:35:18.299261,1861.9,179308.0,273834.0
2025-06-18 11:35:20.509535,1861.8,179308.0,273834.0
2025-06-18 11:35:22.288887,1861.9,179842.0,273636.0
2025-06-18 11:35:22.318609,1861.9,179842.0,273636.0
2025-06-18 11:35:24.330424,1861.9,179842.0,273636.0
2025-06-18 11:35:26.326437,1861.7,179842.0,273636.0
2025-06-18 11:35:28.124824,1861.7,180063.0,273688.0
2025-06-18 11:35:30.308332,1861.9,180063.0,273688.0
2025-06-18 11:35:32.302932,1861.9,180063.0,273688.0
2025-06-18 11:35:33.929521,1861.9,179554.0,273843.0
2025-06-18 11:35:35.296668,1861.9,179554.0,273843.0
2025-06-18 11:35:38.279341,1861.8,179554.0,273843.0
2025-06-18 11:35:39.746622,1861.8,179434.0,273664.0
2025-06-18 11:35:41.313309,1861.8,179434.0,273664.0
2025-06-18 11:35:44.286171,1861.8,179434.0,273664.0
2025-06-18 11:35:45.836980,1861.8,178790.0,273921.0
2025-06-18 11:35:47.276385,1861.8,178790.0,273921.0
2025-06-18 11:35:50.276447,1861.9,178790.0,273921.0
2025-06-18 11:35:51.646265,1861.8,178830.0,273891.0
2025-06-18 11:35:53.275838,1861.7,178830.0,273891.0
2025-06-18 11:35:56.278788,1861.2,178830.0,273891.0
2025-06-18 11:35:57.147203,1861.2,175053.0,276676.0
2025-06-18 11:35:59.276956,1861.1,175053.0,276676.0
2025-06-18 11:36:01.282413,1861.2,175053.0,276676.0
2025-06-18 11:36:02.949944,1861.1,177077.0,273721.0
2025-06-18 11:36:03.278176,1861.2,177077.0,273721.0
2025-06-18 11:36:05.276295,1861.1,177077.0,273721.0
2025-06-18 11:36:07.277417,1861.1,177077.0,273721.0
2025-06-18 11:36:09.623194,1861.2,177754.0,273666.0
2025-06-18 11:36:09.627966,1861.2,177754.0,273666.0
2025-06-18 11:36:11.276736,1861.2,177754.0,273666.0
2025-06-18 11:36:14.557761,1861.2,177227.0,274830.0
2025-06-18 11:36:15.276241,1861.2,177227.0,274830.0
2025-06-18 11:36:17.277325,1861.1,177227.0,274830.0
2025-06-18 11:36:19.286061,1861.2,177227.0,274830.0
2025-06-18 11:36:20.268843,1861.2,177893.0,274619.0
2025-06-18 11:36:21.282463,1861.1,177893.0,274619.0
2025-06-18 11:36:23.278633,1861.2,177893.0,274619.0
2025-06-18 11:36:25.282432,1861.2,177893.0,274619.0
2025-06-18 11:36:25.760548,1861.2,177219.0,272217.0
2025-06-18 11:36:27.290233,1861.2,177219.0,272217.0
2025-06-18 11:36:29.280009,1861.2,177219.0,272217.0
2025-06-18 11:36:31.273630,1861.1,177736.0,271851.0
2025-06-18 11:36:31.286405,1861.1,177736.0,271851.0
2025-06-18 11:36:33.285097,1861.2,177736.0,271851.0
2025-06-18 11:36:35.293026,1861.1,177736.0,271851.0
2025-06-18 11:36:36.563800,1861.2,177259.0,273183.0
2025-06-18 11:36:37.280420,1861.2,177259.0,273183.0
2025-06-18 11:36:39.279066,1861.2,177259.0,273183.0
2025-06-18 11:36:41.284777,1861.1,177259.0,273183.0
2025-06-18 11:36:41.868051,1861.1,177199.0,272429.0
2025-06-18 11:36:43.285654,1861.1,177199.0,272429.0
2025-06-18 11:36:45.314297,1861.2,177199.0,272429.0
2025-06-18 11:36:47.069047,1861.2,177894.0,271816.0
2025-06-18 11:36:47.281828,1861.1,177894.0,271816.0
2025-06-18 11:36:49.279333,1861.2,177894.0,271816.0
2025-06-18 11:36:51.326521,1861.1,177894.0,271816.0
2025-06-18 11:36:51.358592,1861.1,177894.0,271816.0
2025-06-18 11:36:52.468665,1861.1,177894.0,271816.0
2025-06-18 11:36:52.469907,1861.2,178367.0,271863.0
2025-06-18 11:36:53.280872,1861.2,178367.0,271863.0
2025-06-18 11:36:53.403147,1861.2,178367.0,271863.0
2025-06-18 11:36:54.356964,1861.2,178367.0,271863.0
2025-06-18 11:36:55.251230,1861.2,178367.0,271863.0
2025-06-18 11:36:55.279508,1861.2,178367.0,271863.0
2025-06-18 11:36:56.045006,1861.2,178367.0,271863.0
2025-06-18 11:36:57.105365,1861.2,178367.0,271863.0
2025-06-18 11:36:57.283877,1861.1,178367.0,271863.0
2025-06-18 11:36:57.681495,1861.1,178367.0,271863.0
2025-06-18 11:36:57.895225,1861.1,178111.0,270710.0
2025-06-18 11:36:58.088175,1861.1,178111.0,270710.0
2025-06-18 11:36:59.279973,1861.1,178111.0,270710.0
2025-06-18 11:36:59.825133,1861.1,178111.0,270710.0
2025-06-18 11:37:01.085156,1861.1,178111.0,270710.0
2025-06-18 11:37:01.283795,1861.2,178111.0,270710.0
2025-06-18 11:37:01.951935,1861.2,178111.0,270710.0
2025-06-18 11:37:03.312834,1860.9,178111.0,270710.0
2025-06-18 11:37:03.352501,1860.9,176407.0,271816.0
2025-06-18 11:37:03.363942,1860.9,176407.0,271816.0
2025-06-18 11:37:04.499171,1860.9,176407.0,271816.0
2025-06-18 11:37:05.287768,1860.9,176407.0,271816.0
2025-06-18 11:37:05.704143,1860.9,176407.0,271816.0
2025-06-18 11:37:07.103634,1860.9,176407.0,271816.0
2025-06-18 11:37:07.283583,1861.0,176407.0,271816.0
2025-06-18 11:37:08.382087,1861.0,178134.0,271770.0
2025-06-18 11:37:09.282244,1861.0,178134.0,271770.0
2025-06-18 11:37:13.287141,1860.9,178134.0,271770.0
2025-06-18 11:37:13.584829,1860.9,178253.0,270029.0
2025-06-18 11:37:15.283367,1861.0,178253.0,270029.0
2025-06-18 11:37:17.285628,1860.9,178253.0,270029.0
2025-06-18 11:37:18.591592,1861.0,178003.0,269044.0
2025-06-18 11:37:19.292891,1861.4,178003.0,269044.0
2025-06-18 11:37:21.312943,1861.9,178003.0,269044.0
2025-06-18 11:37:23.327678,1861.8,178003.0,269044.0
2025-06-18 11:37:23.617513,1861.8,179127.0,267888.0
2025-06-18 11:37:25.286105,1861.9,179127.0,267888.0
2025-06-18 11:37:27.285619,1861.9,179127.0,267888.0
2025-06-18 11:37:28.393922,1861.9,178413.0,269145.0
2025-06-18 11:37:29.282545,1862.1,178413.0,269145.0
2025-06-18 11:37:31.289377,1862.2,178413.0,269145.0
2025-06-18 11:37:33.287695,1862.2,178413.0,269145.0
2025-06-18 11:37:33.699357,1862.1,178173.0,267834.0
2025-06-18 11:37:35.288337,1862.2,178173.0,267834.0
2025-06-18 11:37:37.527271,1862.2,178173.0,267834.0
2025-06-18 11:37:39.206878,1862.0,179914.0,266364.0
2025-06-18 11:37:39.288666,1862.0,179914.0,266364.0
2025-06-18 11:37:41.290394,1862.1,179914.0,266364.0
2025-06-18 11:37:43.302793,1862.1,179914.0,266364.0
2025-06-18 11:37:45.186687,1862.2,179744.0,267179.0
2025-06-18 11:37:45.292654,1862.2,179744.0,267179.0
2025-06-18 11:37:47.289883,1862.2,179744.0,267179.0
2025-06-18 11:37:49.295863,1862.5,179744.0,267179.0
2025-06-18 11:37:50.008871,1862.0,178781.0,268184.0
2025-06-18 11:37:51.285807,1861.9,178781.0,268184.0
2025-06-18 11:37:53.287825,1861.8,178781.0,268184.0
2025-06-18 11:37:55.289212,1861.9,178781.0,268184.0
2025-06-18 11:37:55.412561,1861.8,178552.0,267494.0
2025-06-18 11:37:57.286887,1861.8,178552.0,267494.0
2025-06-18 11:38:00.288332,1861.9,178552.0,267494.0
2025-06-18 11:38:00.912770,1862.1,178320.0,267558.0
2025-06-18 11:38:01.284695,1862.5,178320.0,267558.0
2025-06-18 11:38:02.280121,1861.9,178320.0,267558.0
2025-06-18 11:38:02.313825,1861.9,178875.0,266012.0
2025-06-18 11:38:03.283957,1862.1,178875.0,266012.0
2025-06-18 11:38:03.314377,1861.9,178648.0,266049.0
2025-06-18 11:38:04.291404,1862.5,178648.0,266049.0
2025-06-18 11:38:04.323224,1861.9,178576.0,266048.0
2025-06-18 11:38:05.284513,1861.9,178576.0,266048.0
2025-06-18 11:38:05.315369,1861.9,178728.0,265911.0
2025-06-18 11:38:06.285148,1862.4,178728.0,265911.0
2025-06-18 11:38:06.324818,1861.9,178502.0,265843.0
2025-06-18 11:38:07.282785,1861.9,178502.0,265843.0
2025-06-18 11:38:07.417131,1862.4,178237.0,265821.0
2025-06-18 11:38:08.287927,1862.4,178237.0,265821.0
2025-06-18 11:38:08.517195,1861.9,178755.0,266524.0
2025-06-18 11:38:09.290250,1862.4,178755.0,266524.0
2025-06-18 11:38:09.521770,1861.9,179200.0,266373.0
2025-06-18 11:38:10.286296,1861.9,179200.0,266373.0
2025-06-18 11:38:10.624333,1861.9,179129.0,266636.0
2025-06-18 11:38:11.284429,1861.9,179129.0,266636.0
2025-06-18 11:38:11.519015,1862.4,178776.0,265881.0
2025-06-18 11:38:12.281510,1861.9,178776.0,265881.0
2025-06-18 11:38:12.770880,1861.9,178793.0,265877.0
2025-06-18 11:38:13.287238,1861.9,178793.0,265877.0
2025-06-18 11:38:13.825810,1862.4,178863.0,265854.0
2025-06-18 11:38:14.285013,1862.4,178863.0,265854.0
2025-06-18 11:38:14.823112,1862.4,178830.0,265870.0
2025-06-18 11:38:15.281343,1861.4,178830.0,265870.0
2025-06-18 11:38:15.923516,1861.9,178911.0,265572.0
2025-06-18 11:38:16.283970,1862.7,178911.0,265572.0
2025-06-18 11:38:17.023095,1862.0,179174.0,264927.0
2025-06-18 11:38:17.288811,1862.0,179174.0,264927.0
2025-06-18 11:38:18.123504,1862.6,179771.0,264127.0
2025-06-18 11:38:18.283285,1862.6,179771.0,264127.0
2025-06-18 11:38:19.233800,1862.8,180039.0,264546.0
2025-06-18 11:38:19.288978,1862.8,180039.0,264546.0
2025-06-18 11:38:20.230421,1862.3,180140.0,265676.0
2025-06-18 11:38:20.281190,1862.3,180140.0,265676.0
2025-06-18 11:38:21.234877,1862.7,179427.0,264730.0
2025-06-18 11:38:21.289474,1862.7,179427.0,264730.0
2025-06-18 11:38:22.231059,1862.8,179711.0,265986.0
2025-06-18 11:38:22.279730,1862.9,179711.0,265986.0
2025-06-18 11:38:23.234429,1863.2,180831.0,261857.0
2025-06-18 11:38:23.282636,1863.2,180831.0,261857.0
2025-06-18 11:38:24.259660,1863.2,181243.0,261519.0
2025-06-18 11:38:24.294503,1863.4,181243.0,261519.0
2025-06-18 11:38:25.291804,1863.2,181243.0,261519.0
2025-06-18 11:38:25.330946,1863.2,181283.0,261581.0
2025-06-18 11:38:26.295893,1863.9,181283.0,261581.0
2025-06-18 11:38:26.427797,1863.3,181129.0,260525.0
2025-06-18 11:38:27.285277,1863.8,181129.0,260525.0
2025-06-18 11:38:27.330082,1863.3,181358.0,260026.0
2025-06-18 11:38:28.286349,1864.0,181358.0,260026.0
2025-06-18 11:38:28.431530,1863.8,181562.0,259626.0
2025-06-18 11:38:29.289793,1863.8,181562.0,259626.0
2025-06-18 11:38:29.533777,1863.8,181635.0,260651.0
2025-06-18 11:38:30.286762,1863.9,181635.0,260651.0
2025-06-18 11:38:30.633116,1864.0,181185.0,260324.0
2025-06-18 11:38:31.309463,1864.0,181185.0,260324.0
2025-06-18 11:38:31.762767,1864.0,181295.0,258556.0
2025-06-18 11:38:32.285162,1864.0,181295.0,258556.0
2025-06-18 11:38:32.635460,1864.0,181171.0,258750.0
