timestamp,ltp,bid_qty,ask_qty
2025-06-18 11:01:36.689434,312.15,604694.0,830395.0
2025-06-18 11:01:38.131711,312.15,604694.0,830395.0
2025-06-18 11:01:39.541285,312.15,602404.0,835960.0
2025-06-18 11:01:44.185642,312.15,602404.0,835960.0
2025-06-18 11:01:44.669449,312.15,602400.0,834839.0
2025-06-18 11:01:46.150172,312.15,602400.0,834839.0
2025-06-18 11:01:49.980562,312.15,601986.0,835228.0
2025-06-18 11:01:50.136524,312.15,601986.0,835228.0
2025-06-18 11:01:55.552443,312.15,602207.0,833895.0
2025-06-18 11:01:58.136671,311.95,602207.0,833895.0
2025-06-18 11:02:00.854555,311.95,602370.0,826266.0
2025-06-18 11:02:05.165481,312.0,602370.0,826266.0
2025-06-18 11:02:06.061084,312.0,604467.0,824032.0
2025-06-18 11:02:08.141377,312.0,604467.0,824032.0
2025-06-18 11:02:11.265938,312.0,605950.0,824619.0
2025-06-18 11:02:12.143121,311.95,605950.0,824619.0
2025-06-18 11:02:14.145838,311.95,605950.0,824619.0
2025-06-18 11:02:16.770063,311.95,612286.0,826597.0
2025-06-18 11:02:20.138988,312.0,612286.0,826597.0
2025-06-18 11:02:21.870266,312.0,612975.0,832118.0
2025-06-18 11:02:24.166353,312.0,612975.0,832118.0
2025-06-18 11:02:25.146068,312.0,612975.0,832118.0
2025-06-18 11:02:27.074977,312.0,613100.0,831750.0
2025-06-18 11:02:28.143077,312.0,613100.0,831750.0
2025-06-18 11:02:30.154207,312.0,613100.0,831750.0
2025-06-18 11:02:32.077980,312.0,614004.0,830971.0
2025-06-18 11:02:33.151985,311.95,614004.0,830971.0
2025-06-18 11:02:37.679479,312.0,613047.0,831651.0
2025-06-18 11:02:38.144870,312.0,613047.0,831651.0
2025-06-18 11:02:42.145461,312.0,613047.0,831651.0
2025-06-18 11:02:42.788589,312.0,610135.0,831578.0
2025-06-18 11:02:48.088099,312.0,608048.0,831803.0
2025-06-18 11:02:48.145899,312.0,608048.0,831803.0
2025-06-18 11:02:52.146660,312.0,608048.0,831803.0
2025-06-18 11:02:53.391780,312.0,608379.0,831272.0
2025-06-18 11:02:54.149375,312.0,608379.0,831272.0
2025-06-18 11:02:55.153473,312.0,608379.0,831272.0
2025-06-18 11:02:58.149267,312.0,608379.0,831272.0
2025-06-18 11:02:58.697532,312.0,609850.0,829025.0
2025-06-18 11:03:00.151099,311.95,609850.0,829025.0
2025-06-18 11:03:01.185769,311.95,609850.0,829025.0
2025-06-18 11:03:03.802894,311.95,609204.0,829520.0
2025-06-18 11:03:04.151046,311.95,609204.0,829520.0
2025-06-18 11:03:08.154406,312.0,609204.0,829520.0
2025-06-18 11:03:09.203703,312.0,609272.0,829202.0
2025-06-18 11:03:10.143744,311.95,609272.0,829202.0
2025-06-18 11:03:14.404282,311.95,609005.0,829142.0
2025-06-18 11:03:16.149155,311.95,609005.0,829142.0
2025-06-18 11:03:18.147609,312.0,609005.0,829142.0
2025-06-18 11:03:19.155515,312.0,609005.0,829142.0
2025-06-18 11:03:19.610835,312.0,608954.0,828900.0
2025-06-18 11:03:22.171226,312.0,608954.0,828900.0
2025-06-18 11:03:24.809439,312.0,610188.0,829416.0
2025-06-18 11:03:28.150626,312.0,610188.0,829416.0
2025-06-18 11:03:30.011506,312.0,609479.0,829216.0
2025-06-18 11:03:30.147089,312.0,609479.0,829216.0
2025-06-18 11:03:35.616165,312.0,610449.0,828817.0
2025-06-18 11:03:38.153172,312.0,610449.0,828817.0
2025-06-18 11:03:41.031520,312.0,611636.0,828853.0
2025-06-18 11:03:46.055276,312.0,611636.0,828853.0
2025-06-18 11:03:46.061604,312.0,610941.0,829371.0
2025-06-18 11:03:46.170148,312.0,610941.0,829371.0
2025-06-18 11:03:47.077367,312.0,610941.0,829371.0
2025-06-18 11:03:48.165832,312.0,610941.0,829371.0
2025-06-18 11:03:48.904891,312.0,610941.0,829371.0
2025-06-18 11:03:49.169736,312.0,610941.0,829371.0
2025-06-18 11:03:49.751016,312.0,610941.0,829371.0
2025-06-18 11:03:50.562246,312.0,610941.0,829371.0
2025-06-18 11:03:50.722278,312.0,610853.0,829258.0
2025-06-18 11:03:51.596337,312.0,610853.0,829258.0
2025-06-18 11:03:52.203919,312.0,610853.0,829258.0
2025-06-18 11:03:53.078899,312.0,610853.0,829258.0
2025-06-18 11:03:54.455113,312.0,610853.0,829258.0
2025-06-18 11:03:55.527189,312.0,609986.0,829790.0
2025-06-18 11:03:55.728007,312.0,609986.0,829790.0
2025-06-18 11:03:56.163225,312.0,609986.0,829790.0
2025-06-18 11:03:56.590578,312.0,609986.0,829790.0
2025-06-18 11:04:00.463944,312.0,609986.0,829790.0
2025-06-18 11:04:00.504972,312.0,609986.0,829790.0
2025-06-18 11:04:00.546136,312.0,609986.0,829790.0
2025-06-18 11:04:00.581588,312.0,609986.0,829790.0
2025-06-18 11:04:00.929564,312.0,612629.0,829371.0
2025-06-18 11:04:01.924214,312.0,612629.0,829371.0
2025-06-18 11:04:06.033561,312.0,611728.0,829935.0
2025-06-18 11:04:08.165861,312.0,611728.0,829935.0
2025-06-18 11:04:11.142912,312.0,610669.0,830219.0
2025-06-18 11:04:14.156379,312.0,610669.0,830219.0
2025-06-18 11:04:16.147829,312.0,607115.0,831132.0
2025-06-18 11:04:18.158705,312.0,607115.0,831132.0
2025-06-18 11:04:21.562377,312.0,609747.0,831116.0
2025-06-18 11:04:24.160576,312.0,609747.0,831116.0
2025-06-18 11:04:26.762130,312.0,607890.0,833270.0
2025-06-18 11:04:28.153657,312.0,607890.0,833270.0
2025-06-18 11:04:30.153104,311.95,607890.0,833270.0
2025-06-18 11:04:31.864922,311.95,608133.0,833421.0
2025-06-18 11:04:32.159568,311.95,608133.0,833421.0
2025-06-18 11:04:36.160082,311.95,608133.0,833421.0
2025-06-18 11:04:36.667229,311.95,608002.0,833510.0
2025-06-18 11:04:38.153038,312.0,608002.0,833510.0
2025-06-18 11:04:39.165888,311.95,608002.0,833510.0
2025-06-18 11:04:41.567361,311.95,608588.0,834005.0
2025-06-18 11:04:43.182522,311.95,608588.0,834005.0
2025-06-18 11:04:46.688149,312.0,609131.0,834879.0
2025-06-18 11:04:47.180833,312.0,609131.0,834879.0
2025-06-18 11:04:49.163027,312.0,609131.0,834879.0
2025-06-18 11:04:51.572635,312.0,608848.0,834939.0
2025-06-18 11:04:56.282098,312.0,608976.0,835231.0
2025-06-18 11:04:57.214634,312.0,608976.0,835231.0
2025-06-18 11:05:00.161456,312.0,608976.0,835231.0
2025-06-18 11:05:00.991799,312.0,610058.0,834343.0
2025-06-18 11:05:05.174968,311.95,610058.0,834343.0
2025-06-18 11:05:05.680231,311.95,609925.0,834612.0
2025-06-18 11:05:10.158294,312.0,609925.0,834612.0
2025-06-18 11:05:10.678902,312.0,606696.0,835074.0
2025-06-18 11:05:16.691880,312.0,608923.0,835870.0
2025-06-18 11:05:18.189524,312.0,608923.0,835870.0
2025-06-18 11:05:21.585625,312.0,609555.0,835251.0
2025-06-18 11:05:24.169326,311.95,609555.0,835251.0
2025-06-18 11:05:26.389834,311.95,610171.0,835339.0
2025-06-18 11:05:30.157688,312.0,610171.0,835339.0
2025-06-18 11:05:31.197920,311.95,607675.0,835018.0
2025-06-18 11:05:32.192457,311.95,607675.0,835018.0
2025-06-18 11:05:36.698604,311.95,611172.0,835320.0
2025-06-18 11:05:40.160116,311.95,611172.0,835320.0
2025-06-18 11:05:42.008060,311.95,611812.0,835269.0
2025-06-18 11:05:43.177480,311.95,611812.0,835269.0
2025-06-18 11:05:46.905310,311.95,611942.0,835112.0
2025-06-18 11:05:50.166586,311.95,611942.0,835112.0
2025-06-18 11:05:52.007422,312.0,613018.0,835958.0
2025-06-18 11:05:52.177332,312.0,613018.0,835958.0
2025-06-18 11:05:55.205399,312.0,613018.0,835958.0
2025-06-18 11:05:57.219499,312.0,612102.0,834834.0
2025-06-18 11:05:58.164962,312.0,612102.0,834834.0
2025-06-18 11:05:59.173331,312.0,612102.0,834834.0
2025-06-18 11:06:01.174204,312.0,612102.0,834834.0
2025-06-18 11:06:01.813413,312.0,611988.0,834559.0
2025-06-18 11:06:04.171235,311.95,611988.0,834559.0
2025-06-18 11:06:06.618359,311.9,602105.0,841677.0
2025-06-18 11:06:08.169628,311.95,602105.0,841677.0
2025-06-18 11:06:09.175356,311.95,602105.0,841677.0
2025-06-18 11:06:11.618937,311.95,604974.0,838340.0
2025-06-18 11:06:16.720966,311.95,605068.0,838581.0
2025-06-18 11:06:20.156881,311.95,605068.0,838581.0
2025-06-18 11:06:21.725207,311.9,605181.0,838439.0
2025-06-18 11:06:22.162725,311.9,605181.0,838439.0
2025-06-18 11:06:26.726642,311.9,605299.0,840416.0
2025-06-18 11:06:28.165372,311.95,605299.0,840416.0
2025-06-18 11:06:31.332373,311.95,606932.0,840522.0
2025-06-18 11:06:36.036586,311.95,604175.0,839576.0
2025-06-18 11:06:40.175230,311.95,604175.0,839576.0
2025-06-18 11:06:41.141970,311.95,603388.0,839635.0
2025-06-18 11:06:42.160311,311.85,603388.0,839635.0
2025-06-18 11:06:44.164613,311.85,603388.0,839635.0
2025-06-18 11:06:46.146998,311.85,599640.0,840822.0
2025-06-18 11:06:46.760788,311.85,599640.0,840822.0
2025-06-18 11:06:47.623600,311.85,599640.0,840822.0
2025-06-18 11:06:48.171063,311.95,599640.0,840822.0
2025-06-18 11:06:48.556709,311.95,599640.0,840822.0
2025-06-18 11:06:49.762195,311.95,599640.0,840822.0
2025-06-18 11:06:49.803119,311.95,599640.0,840822.0
2025-06-18 11:06:50.315467,311.95,599640.0,840822.0
2025-06-18 11:06:51.057144,311.95,599640.0,840822.0
2025-06-18 11:06:51.146404,311.95,604213.0,837566.0
2025-06-18 11:06:52.047518,311.95,604213.0,837566.0
2025-06-18 11:06:53.525455,311.95,604213.0,837566.0
2025-06-18 11:06:54.210352,311.9,604213.0,837566.0
2025-06-18 11:06:54.758703,311.9,604213.0,837566.0
2025-06-18 11:06:56.047862,311.9,605569.0,837690.0
2025-06-18 11:06:56.269487,311.9,605569.0,837690.0
2025-06-18 11:06:57.114516,311.9,605569.0,837690.0
2025-06-18 11:06:58.545937,311.9,605569.0,837690.0
2025-06-18 11:06:59.669320,311.9,605569.0,837690.0
2025-06-18 11:07:00.157705,311.95,605569.0,837690.0
2025-06-18 11:07:00.831509,311.95,605569.0,837690.0
2025-06-18 11:07:00.948624,311.95,607101.0,835038.0
2025-06-18 11:07:02.162266,311.85,607101.0,835038.0
2025-06-18 11:07:02.291694,311.85,607101.0,835038.0
2025-06-18 11:07:05.662527,311.85,607589.0,834494.0
2025-06-18 11:07:10.488122,311.95,607589.0,834494.0
2025-06-18 11:07:11.260173,311.95,606165.0,834775.0
2025-06-18 11:07:14.165524,311.85,606165.0,834775.0
2025-06-18 11:07:16.861838,311.85,606249.0,837176.0
2025-06-18 11:07:20.166134,311.95,606249.0,837176.0
2025-06-18 11:07:22.196888,311.95,605199.0,836752.0
2025-06-18 11:07:26.254181,311.95,605199.0,836752.0
2025-06-18 11:07:26.961302,311.95,605722.0,836612.0
2025-06-18 11:07:28.171166,311.9,605722.0,836612.0
2025-06-18 11:07:31.863424,311.9,604633.0,837784.0
2025-06-18 11:07:36.768405,311.9,604069.0,837934.0
2025-06-18 11:07:38.169513,311.9,604069.0,837934.0
2025-06-18 11:07:41.978232,311.75,590026.0,847738.0
2025-06-18 11:07:42.173127,311.8,590026.0,847738.0
2025-06-18 11:07:46.176470,311.85,590026.0,847738.0
2025-06-18 11:07:47.373884,311.85,595776.0,844309.0
2025-06-18 11:07:48.170333,311.85,595776.0,844309.0
2025-06-18 11:07:50.180285,311.75,595776.0,844309.0
2025-06-18 11:07:52.275030,311.75,595628.0,845018.0
2025-06-18 11:07:56.184794,311.75,595628.0,845018.0
2025-06-18 11:07:57.377348,311.85,594063.0,848210.0
2025-06-18 11:07:59.173140,311.85,594063.0,848210.0
2025-06-18 11:08:01.245919,311.75,594063.0,848210.0
2025-06-18 11:08:02.379525,311.75,594961.0,846815.0
2025-06-18 11:08:05.185182,311.85,594961.0,846815.0
2025-06-18 11:08:07.181779,311.75,594961.0,846815.0
2025-06-18 11:08:07.883505,311.85,595465.0,847435.0
2025-06-18 11:08:09.242376,311.85,595465.0,847435.0
2025-06-18 11:08:13.288464,311.85,595357.0,848414.0
2025-06-18 11:08:15.199224,311.85,595357.0,848414.0
2025-06-18 11:08:20.499489,311.75,593748.0,848993.0
2025-06-18 11:08:20.531442,311.75,593748.0,848993.0
2025-06-18 11:08:21.182343,311.85,593748.0,848993.0
2025-06-18 11:08:23.184611,311.85,593748.0,848993.0
2025-06-18 11:08:24.040992,311.85,594767.0,846460.0
2025-06-18 11:08:29.172564,311.75,594767.0,846460.0
2025-06-18 11:08:29.404225,311.75,594348.0,850699.0
2025-06-18 11:08:34.805124,311.8,593524.0,851071.0
2025-06-18 11:08:35.166685,311.8,593524.0,851071.0
2025-06-18 11:08:38.182119,311.85,593524.0,851071.0
2025-06-18 11:08:40.108150,311.8,595108.0,850041.0
2025-06-18 11:08:41.179535,311.8,595108.0,850041.0
2025-06-18 11:08:44.186921,311.85,595108.0,850041.0
2025-06-18 11:08:45.213025,311.85,596145.0,850113.0
2025-06-18 11:08:49.175451,311.85,596145.0,850113.0
2025-06-18 11:08:50.517184,311.85,596606.0,850743.0
2025-06-18 11:08:53.176079,311.85,596606.0,850743.0
2025-06-18 11:08:55.718223,311.85,597299.0,850982.0
2025-06-18 11:08:58.177947,311.85,597299.0,850982.0
2025-06-18 11:09:00.715196,311.8,595594.0,852171.0
2025-06-18 11:09:01.178735,311.8,595594.0,852171.0
2025-06-18 11:09:05.179312,311.85,595594.0,852171.0
2025-06-18 11:09:05.618986,311.85,597244.0,851055.0
2025-06-18 11:09:07.173103,311.85,597244.0,851055.0
2025-06-18 11:09:09.170240,311.85,597244.0,851055.0
2025-06-18 11:09:10.726245,311.85,597857.0,850574.0
2025-06-18 11:09:14.308088,311.8,597857.0,850574.0
2025-06-18 11:09:16.775369,311.8,597505.0,849078.0
2025-06-18 11:09:18.875904,311.85,597505.0,849078.0
2025-06-18 11:09:22.234686,311.85,597233.0,850909.0
2025-06-18 11:09:27.532215,311.85,597521.0,851113.0
2025-06-18 11:09:28.186898,311.85,597521.0,851113.0
2025-06-18 11:09:31.170078,311.8,597521.0,851113.0
2025-06-18 11:09:32.833946,311.85,597257.0,851246.0
2025-06-18 11:09:33.176888,311.85,597257.0,851246.0
2025-06-18 11:09:38.037999,311.85,600672.0,850757.0
2025-06-18 11:09:39.896916,311.85,600672.0,850757.0
2025-06-18 11:09:40.177494,311.8,600672.0,850757.0
2025-06-18 11:09:43.437891,311.8,605095.0,846470.0
2025-06-18 11:09:47.182029,311.8,605095.0,846470.0
2025-06-18 11:09:47.222993,311.85,605095.0,846470.0
2025-06-18 11:09:48.247649,311.85,605095.0,846470.0
2025-06-18 11:09:48.651218,311.85,604754.0,846150.0
2025-06-18 11:09:49.140430,311.85,604754.0,846150.0
2025-06-18 11:09:49.175925,311.85,604754.0,846150.0
2025-06-18 11:09:50.062400,311.85,604754.0,846150.0
2025-06-18 11:09:51.640925,311.85,604754.0,846150.0
2025-06-18 11:09:52.638059,311.85,604754.0,846150.0
2025-06-18 11:09:53.229931,311.85,604754.0,846150.0
2025-06-18 11:09:54.128640,311.85,604754.0,846150.0
2025-06-18 11:09:54.154973,311.85,606165.0,846817.0
2025-06-18 11:09:54.468655,311.85,606165.0,846817.0
2025-06-18 11:09:55.342818,311.85,606165.0,846817.0
2025-06-18 11:09:56.590240,311.85,606165.0,846817.0
2025-06-18 11:09:57.180400,311.85,606165.0,846817.0
2025-06-18 11:09:57.590726,311.85,606165.0,846817.0
2025-06-18 11:09:58.186354,311.85,606165.0,846817.0
2025-06-18 11:09:58.983320,311.85,606165.0,846817.0
2025-06-18 11:09:59.245983,311.85,605324.0,846670.0
2025-06-18 11:10:00.127155,311.85,605324.0,846670.0
2025-06-18 11:10:01.255127,311.85,605324.0,846670.0
2025-06-18 11:10:02.723789,311.85,605324.0,846670.0
2025-06-18 11:10:03.217999,311.9,605324.0,846670.0
2025-06-18 11:10:04.353262,311.9,613598.0,836515.0
2025-06-18 11:10:07.178569,311.95,613598.0,836515.0
2025-06-18 11:10:09.513942,312.0,613598.0,836515.0
2025-06-18 11:10:09.539705,312.2,628388.0,816037.0
2025-06-18 11:10:11.189849,312.3,628388.0,816037.0
2025-06-18 11:10:13.182011,312.35,628388.0,816037.0
2025-06-18 11:10:14.960618,312.35,634019.0,810347.0
2025-06-18 11:10:17.186447,312.4,634019.0,810347.0
2025-06-18 11:10:19.176765,312.5,634019.0,810347.0
2025-06-18 11:10:20.059401,312.5,630651.0,808281.0
2025-06-18 11:10:21.189739,312.5,630651.0,808281.0
2025-06-18 11:10:23.178504,312.5,630651.0,808281.0
2025-06-18 11:10:25.183065,312.4,630651.0,808281.0
2025-06-18 11:10:25.356880,312.4,630924.0,807097.0
2025-06-18 11:10:28.188635,312.5,630924.0,807097.0
2025-06-18 11:10:30.961705,312.5,629692.0,808327.0
2025-06-18 11:10:31.217546,312.5,629692.0,808327.0
2025-06-18 11:10:36.469217,312.4,628465.0,808693.0
2025-06-18 11:10:37.179445,312.4,628465.0,808693.0
2025-06-18 11:10:39.174039,312.5,628465.0,808693.0
2025-06-18 11:10:41.183984,312.5,628465.0,808693.0
2025-06-18 11:10:42.068408,312.5,629727.0,809405.0
2025-06-18 11:10:47.178686,312.5,630546.0,808788.0
2025-06-18 11:10:49.176269,312.4,630546.0,808788.0
2025-06-18 11:10:52.377764,312.4,625787.0,810732.0
2025-06-18 11:10:55.179121,312.4,625787.0,810732.0
2025-06-18 11:10:56.179772,312.4,625787.0,810732.0
2025-06-18 11:10:57.582878,312.4,628956.0,809914.0
2025-06-18 11:10:59.173014,312.5,628956.0,809914.0
2025-06-18 11:11:02.891375,312.45,628313.0,815683.0
2025-06-18 11:11:03.176540,312.45,628313.0,815683.0
2025-06-18 11:11:08.190428,312.45,628313.0,815683.0
2025-06-18 11:11:08.295490,312.45,627345.0,814815.0
2025-06-18 11:11:10.182898,312.4,627345.0,814815.0
2025-06-18 11:11:13.184097,312.4,627345.0,814815.0
2025-06-18 11:11:13.695593,312.4,626737.0,818173.0
2025-06-18 11:11:16.180059,312.4,626737.0,818173.0
2025-06-18 11:11:19.031644,312.45,628157.0,815424.0
2025-06-18 11:11:19.191080,312.45,628157.0,815424.0
2025-06-18 11:11:21.187551,312.4,628157.0,815424.0
2025-06-18 11:11:24.107476,312.4,631163.0,815514.0
2025-06-18 11:11:27.182392,312.35,631163.0,815514.0
2025-06-18 11:11:28.202189,312.4,631163.0,815514.0
2025-06-18 11:11:29.229583,312.4,631048.0,813326.0
2025-06-18 11:11:32.192257,312.4,631048.0,813326.0
2025-06-18 11:11:34.186294,312.35,631048.0,813326.0
2025-06-18 11:11:34.307794,312.35,631150.0,817447.0
2025-06-18 11:11:38.193798,312.4,631150.0,817447.0
2025-06-18 11:11:39.215212,312.35,630598.0,817357.0
2025-06-18 11:11:40.184534,312.35,630598.0,817357.0
2025-06-18 11:11:43.202661,312.35,630598.0,817357.0
2025-06-18 11:11:44.312835,312.35,630704.0,817342.0
2025-06-18 11:11:47.213102,312.35,630704.0,817342.0
2025-06-18 11:11:48.213149,312.4,630704.0,817342.0
2025-06-18 11:11:49.315480,312.4,630700.0,817693.0
2025-06-18 11:11:51.206031,312.35,630700.0,817693.0
2025-06-18 11:11:52.223315,312.4,630700.0,817693.0
2025-06-18 11:11:54.530796,312.4,633291.0,811178.0
2025-06-18 11:11:58.442672,312.4,633291.0,811178.0
2025-06-18 11:11:59.557853,312.35,632417.0,812119.0
2025-06-18 11:12:00.188891,312.35,632417.0,812119.0
2025-06-18 11:12:03.188885,312.35,632417.0,812119.0
2025-06-18 11:12:04.226248,312.35,632975.0,812228.0
2025-06-18 11:12:08.187112,312.4,632975.0,812228.0
2025-06-18 11:12:10.113444,312.4,631554.0,813119.0
2025-06-18 11:12:13.187463,312.4,631554.0,813119.0
2025-06-18 11:12:14.141156,312.4,632153.0,813262.0
2025-06-18 11:12:18.216650,312.4,632153.0,813262.0
2025-06-18 11:12:19.545192,312.4,629802.0,813003.0
2025-06-18 11:12:24.191531,312.35,629802.0,813003.0
2025-06-18 11:12:24.541357,312.35,629803.0,813515.0
2025-06-18 11:12:29.180051,312.4,629803.0,813515.0
2025-06-18 11:12:29.450072,312.4,630182.0,813822.0
2025-06-18 11:12:30.197255,312.4,630182.0,813822.0
2025-06-18 11:12:33.181917,312.35,630182.0,813822.0
2025-06-18 11:12:34.752953,312.35,629272.0,813869.0
2025-06-18 11:12:37.181080,312.35,629272.0,813869.0
2025-06-18 11:12:39.181465,312.3,629272.0,813869.0
2025-06-18 11:12:39.972679,312.3,617770.0,829861.0
2025-06-18 11:12:40.190610,312.35,617770.0,829861.0
2025-06-18 11:12:43.184582,312.35,617770.0,829861.0
2025-06-18 11:12:44.962531,312.35,619522.0,821559.0
2025-06-18 11:12:45.182698,312.35,619522.0,821559.0
2025-06-18 11:12:46.186238,312.4,619522.0,821559.0
2025-06-18 11:12:47.595741,312.4,619522.0,821559.0
2025-06-18 11:12:48.187706,312.4,619522.0,821559.0
2025-06-18 11:12:48.629939,312.4,619522.0,821559.0
2025-06-18 11:12:49.542711,312.4,619522.0,821559.0
2025-06-18 11:12:50.064355,312.4,621054.0,820989.0
2025-06-18 11:12:50.455948,312.4,621054.0,820989.0
2025-06-18 11:12:51.182747,312.4,621054.0,820989.0
2025-06-18 11:12:51.318320,312.4,621054.0,820989.0
2025-06-18 11:12:52.085388,312.4,621054.0,820989.0
2025-06-18 11:12:53.104202,312.4,621054.0,820989.0
2025-06-18 11:12:54.048370,312.4,621054.0,820989.0
2025-06-18 11:12:55.763506,312.4,621054.0,820989.0
2025-06-18 11:12:55.806429,312.4,617404.0,824654.0
2025-06-18 11:12:57.015773,312.4,617404.0,824654.0
2025-06-18 11:12:57.884673,312.4,617404.0,824654.0
2025-06-18 11:12:58.193483,312.4,617404.0,824654.0
2025-06-18 11:12:59.294123,312.4,617404.0,824654.0
2025-06-18 11:13:00.197406,312.35,617404.0,824654.0
2025-06-18 11:13:00.403401,312.35,617404.0,824654.0
2025-06-18 11:13:01.076618,312.35,618550.0,824600.0
2025-06-18 11:13:01.581283,312.35,618550.0,824600.0
2025-06-18 11:13:02.187576,312.4,618550.0,824600.0
2025-06-18 11:13:03.042319,312.4,618550.0,824600.0
2025-06-18 11:13:04.191196,312.35,618550.0,824600.0
2025-06-18 11:13:06.075595,312.35,619936.0,823158.0
2025-06-18 11:13:07.184760,312.3,619936.0,823158.0
2025-06-18 11:13:10.979239,312.3,619606.0,826069.0
2025-06-18 11:13:15.781122,312.3,623914.0,823714.0
2025-06-18 11:13:19.186926,312.4,623914.0,823714.0
2025-06-18 11:13:20.582399,312.4,624167.0,823661.0
2025-06-18 11:13:22.195416,312.3,624167.0,823661.0
2025-06-18 11:13:25.586327,312.3,624038.0,821639.0
2025-06-18 11:13:26.193189,312.3,624038.0,821639.0
2025-06-18 11:13:28.192690,312.4,624038.0,821639.0
2025-06-18 11:13:30.195844,312.4,624038.0,821639.0
2025-06-18 11:13:30.491083,312.4,624457.0,821949.0
2025-06-18 11:13:35.399957,312.4,624643.0,820501.0
2025-06-18 11:13:38.190904,312.35,624643.0,820501.0
2025-06-18 11:13:40.696516,312.35,624647.0,820811.0
2025-06-18 11:13:45.899253,312.35,628020.0,821396.0
2025-06-18 11:13:49.187706,312.35,628020.0,821396.0
2025-06-18 11:13:50.598304,312.35,627940.0,821546.0
2025-06-18 11:13:55.699748,312.35,629219.0,821172.0
2025-06-18 11:13:56.194861,312.35,629219.0,821172.0
2025-06-18 11:13:58.192835,312.35,629219.0,821172.0
2025-06-18 11:14:01.008623,312.3,628313.0,821687.0
2025-06-18 11:14:02.193951,312.35,628313.0,821687.0
2025-06-18 11:14:04.197483,312.35,628313.0,821687.0
2025-06-18 11:14:05.907403,312.35,638684.0,808586.0
2025-06-18 11:14:07.188343,312.35,638684.0,808586.0
2025-06-18 11:14:09.193553,312.35,638684.0,808586.0
2025-06-18 11:14:10.913562,312.35,638348.0,808928.0
2025-06-18 11:14:13.225665,312.4,638348.0,808928.0
2025-06-18 11:14:16.031032,312.4,638314.0,806857.0
2025-06-18 11:14:18.196746,312.4,638314.0,806857.0
2025-06-18 11:14:20.198617,312.4,638314.0,806857.0
2025-06-18 11:14:20.820445,312.4,637699.0,809215.0
2025-06-18 11:14:23.189935,312.4,637699.0,809215.0
2025-06-18 11:14:25.192781,312.5,637699.0,809215.0
2025-06-18 11:14:25.821220,312.5,643849.0,796511.0
2025-06-18 11:14:27.201720,312.5,643849.0,796511.0
2025-06-18 11:14:29.191991,312.5,643849.0,796511.0
2025-06-18 11:14:31.127152,312.5,645507.0,795810.0
2025-06-18 11:14:32.208941,312.5,645507.0,795810.0
2025-06-18 11:14:35.192052,312.45,645507.0,795810.0
2025-06-18 11:14:36.429221,312.45,643181.0,793120.0
2025-06-18 11:14:37.214612,312.7,643181.0,793120.0
2025-06-18 11:14:38.204870,312.7,643181.0,793120.0
2025-06-18 11:14:41.332462,312.7,646009.0,792316.0
2025-06-18 11:14:43.202359,312.7,646009.0,792316.0
2025-06-18 11:14:44.196767,312.7,646009.0,792316.0
2025-06-18 11:14:46.738341,312.7,639560.0,794384.0
2025-06-18 11:14:47.195974,312.7,639560.0,794384.0
2025-06-18 11:14:48.204448,312.75,639560.0,794384.0
2025-06-18 11:14:51.193099,312.75,639560.0,794384.0
2025-06-18 11:14:52.219794,312.7,639560.0,794384.0
2025-06-18 11:14:52.244977,312.7,642456.0,793260.0
2025-06-18 11:14:55.191208,312.75,642456.0,793260.0
2025-06-18 11:14:57.748162,312.7,644113.0,791406.0
2025-06-18 11:14:58.215623,312.75,644113.0,791406.0
2025-06-18 11:15:00.197856,312.75,644113.0,791406.0
2025-06-18 11:15:03.056255,312.75,645988.0,791603.0
2025-06-18 11:15:03.191037,312.75,645988.0,791603.0
2025-06-18 11:15:04.199504,312.8,645988.0,791603.0
2025-06-18 11:15:08.198199,312.8,645988.0,791603.0
2025-06-18 11:15:08.254042,312.8,648329.0,791172.0
2025-06-18 11:15:10.514372,312.8,648329.0,791172.0
2025-06-18 11:15:13.191914,312.8,648329.0,791172.0
2025-06-18 11:15:13.458489,312.8,649479.0,793933.0
2025-06-18 11:15:17.205253,312.8,649479.0,793933.0
2025-06-18 11:15:18.361642,312.8,650547.0,793006.0
2025-06-18 11:15:19.198751,312.8,650547.0,793006.0
2025-06-18 11:15:20.203759,312.8,650547.0,793006.0
2025-06-18 11:15:23.196387,312.8,650547.0,793006.0
2025-06-18 11:15:23.364204,312.8,650934.0,792268.0
2025-06-18 11:15:28.666069,312.75,650201.0,792530.0
2025-06-18 11:15:29.204332,312.75,650201.0,792530.0
2025-06-18 11:15:31.197474,312.75,650201.0,792530.0
2025-06-18 11:15:34.272267,312.75,647025.0,800614.0
2025-06-18 11:15:35.197302,312.7,647025.0,800614.0
2025-06-18 11:15:37.224823,312.75,647025.0,800614.0
2025-06-18 11:15:39.689051,312.75,646690.0,799641.0
2025-06-18 11:15:44.684652,312.7,646296.0,798890.0
2025-06-18 11:15:45.196387,312.7,646296.0,798890.0
2025-06-18 11:15:48.077564,312.7,646296.0,798890.0
2025-06-18 11:15:49.100635,312.7,646296.0,798890.0
2025-06-18 11:15:49.197759,312.7,646296.0,798890.0
2025-06-18 11:15:50.004135,312.7,646296.0,798890.0
2025-06-18 11:15:50.280523,312.7,645387.0,798823.0
2025-06-18 11:15:50.944492,312.7,645387.0,798823.0
2025-06-18 11:15:51.785257,312.7,645387.0,798823.0
2025-06-18 11:15:52.202790,312.8,645387.0,798823.0
2025-06-18 11:15:52.570084,312.8,645387.0,798823.0
2025-06-18 11:15:53.576938,312.8,645387.0,798823.0
2025-06-18 11:15:54.137094,312.8,645387.0,798823.0
2025-06-18 11:15:55.041228,312.8,645387.0,798823.0
2025-06-18 11:15:55.583894,312.8,645852.0,798115.0
2025-06-18 11:15:56.301990,312.8,645852.0,798115.0
2025-06-18 11:15:57.200071,312.7,645852.0,798115.0
2025-06-18 11:15:57.556080,312.7,645852.0,798115.0
2025-06-18 11:15:58.247714,312.8,645852.0,798115.0
2025-06-18 11:15:58.424017,312.8,645852.0,798115.0
2025-06-18 11:16:00.117868,312.8,645852.0,798115.0
2025-06-18 11:16:00.200415,312.8,645852.0,798115.0
2025-06-18 11:16:00.884351,312.8,646893.0,798258.0
2025-06-18 11:16:01.251823,312.8,646893.0,798258.0
2025-06-18 11:16:02.404689,312.8,646893.0,798258.0
2025-06-18 11:16:03.198513,312.8,646893.0,798258.0
2025-06-18 11:16:03.883682,312.8,646893.0,798258.0
2025-06-18 11:16:06.088933,312.8,646719.0,797742.0
2025-06-18 11:16:08.733207,312.8,646719.0,797742.0
2025-06-18 11:16:11.396626,312.7,638646.0,799358.0
2025-06-18 11:16:13.200352,312.7,638646.0,799358.0
2025-06-18 11:16:16.899386,312.7,642844.0,800246.0
2025-06-18 11:16:18.210992,312.7,642844.0,800246.0
2025-06-18 11:16:22.001081,312.65,643447.0,801381.0
2025-06-18 11:16:22.216025,312.65,643447.0,801381.0
2025-06-18 11:16:27.104574,312.65,645080.0,803700.0
2025-06-18 11:16:29.205800,312.7,645080.0,803700.0
2025-06-18 11:16:31.200471,312.7,645080.0,803700.0
2025-06-18 11:16:32.009647,312.7,645704.0,803634.0
2025-06-18 11:16:34.236648,312.7,645704.0,803634.0
2025-06-18 11:16:37.312404,312.7,643397.0,803103.0
2025-06-18 11:16:40.292684,312.7,643397.0,803103.0
2025-06-18 11:16:40.331218,312.65,643397.0,803103.0
2025-06-18 11:16:42.214184,312.65,643397.0,803103.0
2025-06-18 11:16:42.516252,312.65,646356.0,802210.0
2025-06-18 11:16:45.208181,312.65,646356.0,802210.0
2025-06-18 11:16:47.718765,312.65,645368.0,802887.0
2025-06-18 11:16:49.206554,312.7,645368.0,802887.0
2025-06-18 11:16:52.823590,312.7,646367.0,801567.0
2025-06-18 11:16:53.208042,312.7,646367.0,801567.0
2025-06-18 11:16:55.208524,312.7,646367.0,801567.0
2025-06-18 11:16:57.207746,312.7,646367.0,801567.0
2025-06-18 11:16:57.924235,312.7,645815.0,799634.0
2025-06-18 11:17:00.415132,312.7,645815.0,799634.0
2025-06-18 11:17:03.027489,312.65,645584.0,799905.0
2025-06-18 11:17:03.204820,312.65,645584.0,799905.0
2025-06-18 11:17:07.208094,312.65,645584.0,799905.0
2025-06-18 11:17:08.130537,312.7,648458.0,789911.0
2025-06-18 11:17:08.243193,312.7,648458.0,789911.0
2025-06-18 11:17:10.217273,312.7,648458.0,789911.0
2025-06-18 11:17:13.236192,312.7,649106.0,789338.0
2025-06-18 11:17:14.215018,312.65,649106.0,789338.0
2025-06-18 11:17:18.249504,312.7,649106.0,789338.0
2025-06-18 11:17:18.344468,312.7,651390.0,788682.0
2025-06-18 11:17:20.217291,312.65,651390.0,788682.0
2025-06-18 11:17:22.215335,312.7,651390.0,788682.0
2025-06-18 11:17:23.539878,312.65,650247.0,791690.0
2025-06-18 11:17:24.215996,312.65,650247.0,791690.0
2025-06-18 11:17:28.215330,312.7,650247.0,791690.0
2025-06-18 11:17:28.745563,312.65,650133.0,790745.0
2025-06-18 11:17:31.209048,312.65,650133.0,790745.0
2025-06-18 11:17:33.746181,312.65,648750.0,791476.0
2025-06-18 11:17:34.214286,312.65,648750.0,791476.0
2025-06-18 11:17:38.216301,312.7,648750.0,791476.0
2025-06-18 11:17:38.750858,312.65,652040.0,790978.0
2025-06-18 11:17:40.218397,312.7,652040.0,790978.0
2025-06-18 11:17:43.213292,312.65,652040.0,790978.0
2025-06-18 11:17:43.851751,312.65,650884.0,792417.0
2025-06-18 11:17:44.214268,312.65,650884.0,792417.0
2025-06-18 11:17:48.216608,312.7,650884.0,792417.0
2025-06-18 11:17:48.756941,312.7,650460.0,791607.0
2025-06-18 11:17:50.221011,312.7,650460.0,791607.0
2025-06-18 11:17:52.215034,312.65,650460.0,791607.0
2025-06-18 11:17:53.359314,312.6,648103.0,794874.0
2025-06-18 11:17:54.216939,312.6,648103.0,794874.0
2025-06-18 11:17:56.213483,312.6,648103.0,794874.0
2025-06-18 11:17:58.025249,312.65,645429.0,795145.0
2025-06-18 11:17:58.242428,312.65,645429.0,795145.0
2025-06-18 11:18:02.250618,312.6,645429.0,795145.0
2025-06-18 11:18:02.570575,312.6,646961.0,796069.0
2025-06-18 11:18:05.218722,312.65,646961.0,796069.0
2025-06-18 11:18:07.215849,312.7,646961.0,796069.0
2025-06-18 11:18:07.368405,312.7,646038.0,798170.0
2025-06-18 11:18:08.239847,312.7,646038.0,798170.0
2025-06-18 11:18:11.217113,312.2,646038.0,798170.0
2025-06-18 11:18:12.371135,312.2,624150.0,815227.0
2025-06-18 11:18:14.208121,312.2,624150.0,815227.0
2025-06-18 11:18:17.212850,312.2,624150.0,815227.0
2025-06-18 11:18:18.275086,312.35,635529.0,807624.0
2025-06-18 11:18:20.214924,312.35,635529.0,807624.0
2025-06-18 11:18:24.088748,312.35,633814.0,810247.0
2025-06-18 11:18:24.208296,312.35,633814.0,810247.0
2025-06-18 11:18:26.210501,312.35,633814.0,810247.0
2025-06-18 11:18:29.181302,312.35,634400.0,807674.0
2025-06-18 11:18:30.209265,312.25,634400.0,807674.0
2025-06-18 11:18:32.215622,312.35,634400.0,807674.0
2025-06-18 11:18:34.926047,312.2,634875.0,806700.0
2025-06-18 11:18:35.222793,312.2,634875.0,806700.0
2025-06-18 11:18:38.219286,312.35,634875.0,806700.0
2025-06-18 11:18:39.394813,312.35,635139.0,809636.0
2025-06-18 11:18:42.208236,312.2,635139.0,809636.0
2025-06-18 11:18:44.189295,312.3,633750.0,815354.0
2025-06-18 11:18:44.216208,312.3,633750.0,815354.0
2025-06-18 11:18:47.236938,312.0,633750.0,815354.0
2025-06-18 11:18:48.479908,312.0,633750.0,815354.0
2025-06-18 11:18:48.790012,312.0,599650.0,818937.0
2025-06-18 11:18:49.218761,312.0,599650.0,818937.0
2025-06-18 11:18:49.595272,312.0,599650.0,818937.0
2025-06-18 11:18:50.471143,312.0,599650.0,818937.0
2025-06-18 11:18:51.215785,312.0,599650.0,818937.0
2025-06-18 11:18:51.409220,312.0,599650.0,818937.0
2025-06-18 11:18:52.259998,312.0,599650.0,818937.0
2025-06-18 11:18:53.045619,312.0,599650.0,818937.0
2025-06-18 11:18:53.602735,311.9,609888.0,818086.0
2025-06-18 11:18:54.060177,311.9,609888.0,818086.0
2025-06-18 11:18:54.207916,311.9,609888.0,818086.0
2025-06-18 11:18:54.622936,311.9,609888.0,818086.0
2025-06-18 11:18:55.040698,311.9,609888.0,818086.0
2025-06-18 11:18:55.217178,312.0,609888.0,818086.0
2025-06-18 11:18:55.520702,312.0,609888.0,818086.0
2025-06-18 11:18:56.791268,312.0,609888.0,818086.0
2025-06-18 11:18:58.065517,312.0,609888.0,818086.0
2025-06-18 11:18:58.211282,312.0,609888.0,818086.0
2025-06-18 11:18:58.396432,312.0,610421.0,817220.0
2025-06-18 11:18:58.901702,312.0,610421.0,817220.0
2025-06-18 11:19:00.286915,312.0,610421.0,817220.0
2025-06-18 11:19:01.222973,312.0,610421.0,817220.0
2025-06-18 11:19:01.569987,312.0,610421.0,817220.0
2025-06-18 11:19:02.714658,312.0,610421.0,817220.0
2025-06-18 11:19:03.196311,312.0,616733.0,814427.0
2025-06-18 11:19:04.187720,312.0,616733.0,814427.0
2025-06-18 11:19:07.220423,311.9,616733.0,814427.0
2025-06-18 11:19:08.700024,312.0,617676.0,812815.0
2025-06-18 11:19:10.215408,312.0,617676.0,812815.0
2025-06-18 11:19:13.225579,312.0,617676.0,812815.0
2025-06-18 11:19:13.801614,312.0,618699.0,812737.0
2025-06-18 11:19:15.217878,312.1,618699.0,812737.0
2025-06-18 11:19:17.223248,312.05,618699.0,812737.0
2025-06-18 11:19:19.008604,312.1,628074.0,807362.0
2025-06-18 11:19:20.215364,312.2,628074.0,807362.0
2025-06-18 11:19:24.312588,312.2,627498.0,804738.0
2025-06-18 11:19:27.223235,312.25,627498.0,804738.0
2025-06-18 11:19:29.218953,312.3,627498.0,804738.0
2025-06-18 11:19:29.314866,312.3,625038.0,805693.0
2025-06-18 11:19:31.220890,312.3,625038.0,805693.0
2025-06-18 11:19:33.219579,312.25,625038.0,805693.0
2025-06-18 11:19:34.250522,312.25,627607.0,805942.0
2025-06-18 11:19:38.235985,312.2,627607.0,805942.0
2025-06-18 11:19:39.018253,312.2,626179.0,808640.0
2025-06-18 11:19:43.260700,312.1,626179.0,808640.0
2025-06-18 11:19:44.025124,312.1,622574.0,815627.0
2025-06-18 11:19:47.226549,312.1,622574.0,815627.0
2025-06-18 11:19:49.026507,312.1,622617.0,812539.0
2025-06-18 11:19:49.282126,312.15,622617.0,812539.0
2025-06-18 11:19:54.213435,312.15,622617.0,812539.0
2025-06-18 11:19:54.428441,312.15,622476.0,813578.0
2025-06-18 11:19:58.218503,312.2,622476.0,813578.0
2025-06-18 11:20:00.513526,312.2,625879.0,812041.0
2025-06-18 11:20:03.223831,312.2,625879.0,812041.0
2025-06-18 11:20:04.741455,312.0,609588.0,812092.0
2025-06-18 11:20:05.227380,312.0,609588.0,812092.0
2025-06-18 11:20:08.219563,312.0,609588.0,812092.0
2025-06-18 11:20:09.446667,312.0,621877.0,809164.0
2025-06-18 11:20:10.219933,312.0,621877.0,809164.0
2025-06-18 11:20:12.220263,311.95,621877.0,809164.0
2025-06-18 11:20:14.049263,311.95,619610.0,809937.0
2025-06-18 11:20:18.225566,312.0,619610.0,809937.0
2025-06-18 11:20:18.656027,312.0,618814.0,810102.0
2025-06-18 11:20:21.237000,312.0,618814.0,810102.0
2025-06-18 11:20:23.753947,312.0,619663.0,809704.0
2025-06-18 11:20:24.218544,312.0,619663.0,809704.0
2025-06-18 11:20:26.222675,311.95,619663.0,809704.0
2025-06-18 11:20:28.218886,312.0,619663.0,809704.0
2025-06-18 11:20:28.960386,312.0,617051.0,810279.0
2025-06-18 11:20:30.225992,312.0,617051.0,810279.0
2025-06-18 11:20:33.962395,312.0,615335.0,810314.0
2025-06-18 11:20:38.221551,312.0,615335.0,810314.0
2025-06-18 11:20:38.766073,312.0,618663.0,810218.0
2025-06-18 11:20:43.480061,312.0,616856.0,810757.0
2025-06-18 11:20:48.219766,312.0,616856.0,810757.0
2025-06-18 11:20:48.571673,312.0,616503.0,810685.0
2025-06-18 11:20:53.225879,311.95,616503.0,810685.0
2025-06-18 11:20:53.574016,311.95,618343.0,810669.0
2025-06-18 11:20:58.225510,312.0,618343.0,810669.0
2025-06-18 11:20:58.759685,312.0,617932.0,810865.0
2025-06-18 11:21:03.276915,312.0,618046.0,809562.0
2025-06-18 11:21:08.084956,312.0,616792.0,809882.0
2025-06-18 11:21:08.221479,312.0,616792.0,809882.0
2025-06-18 11:21:11.223380,312.0,616792.0,809882.0
2025-06-18 11:21:12.224784,311.95,616792.0,809882.0
2025-06-18 11:21:12.988403,311.95,614767.0,810100.0
2025-06-18 11:21:16.234146,312.0,614767.0,810100.0
2025-06-18 11:21:17.635000,312.0,616890.0,813146.0
2025-06-18 11:21:18.222258,312.0,616890.0,813146.0
2025-06-18 11:21:21.231090,312.0,616890.0,813146.0
2025-06-18 11:21:22.390528,312.0,618120.0,815388.0
2025-06-18 11:21:27.597589,312.0,617976.0,814599.0
2025-06-18 11:21:28.222509,312.0,617976.0,814599.0
2025-06-18 11:21:32.694321,312.0,618129.0,814531.0
2025-06-18 11:21:37.605843,312.0,616480.0,814796.0
2025-06-18 11:21:38.229907,312.0,616480.0,814796.0
2025-06-18 11:21:42.116018,312.0,616399.0,814807.0
2025-06-18 11:21:46.237731,311.95,616399.0,814807.0
2025-06-18 11:21:46.704438,311.95,615801.0,814807.0
2025-06-18 11:21:47.236611,312.0,615801.0,814807.0
2025-06-18 11:21:48.228490,312.0,615801.0,814807.0
2025-06-18 11:21:49.086601,312.0,615801.0,814807.0
2025-06-18 11:21:50.219817,312.0,615801.0,814807.0
2025-06-18 11:21:51.090118,312.0,615801.0,814807.0
2025-06-18 11:21:51.255586,312.0,615801.0,814807.0
2025-06-18 11:21:52.534639,312.0,616039.0,815195.0
2025-06-18 11:21:52.590007,312.0,616039.0,815195.0
2025-06-18 11:21:52.855219,312.0,616039.0,815195.0
2025-06-18 11:21:53.257508,312.0,616039.0,815195.0
2025-06-18 11:21:53.660325,312.0,616039.0,815195.0
2025-06-18 11:21:54.669789,312.0,616039.0,815195.0
2025-06-18 11:21:55.220899,312.0,616039.0,815195.0
2025-06-18 11:21:56.126585,312.0,616039.0,815195.0
2025-06-18 11:21:56.222403,312.0,616039.0,815195.0
2025-06-18 11:21:56.486308,312.0,616039.0,815195.0
2025-06-18 11:21:56.713260,312.0,616433.0,816402.0
2025-06-18 11:21:57.369522,312.0,616433.0,816402.0
2025-06-18 11:21:58.228051,312.0,616433.0,816402.0
2025-06-18 11:21:58.704574,312.0,616433.0,816402.0
2025-06-18 11:21:59.508658,312.0,616433.0,816402.0
2025-06-18 11:22:00.913083,312.0,616433.0,816402.0
2025-06-18 11:22:01.818126,312.0,615956.0,816003.0
2025-06-18 11:22:02.022693,312.0,615956.0,816003.0
2025-06-18 11:22:02.228325,312.0,615956.0,816003.0
2025-06-18 11:22:03.396632,312.0,615956.0,816003.0
2025-06-18 11:22:05.228922,312.0,615956.0,816003.0
2025-06-18 11:22:05.232796,311.95,615956.0,816003.0
2025-06-18 11:22:06.643443,311.95,615791.0,816896.0
2025-06-18 11:22:08.225226,312.0,615791.0,816896.0
2025-06-18 11:22:11.307071,311.95,615791.0,816896.0
2025-06-18 11:22:11.819212,311.95,614407.0,819253.0
2025-06-18 11:22:15.258503,311.95,614407.0,819253.0
2025-06-18 11:22:16.824911,311.95,614814.0,817091.0
2025-06-18 11:22:17.255759,311.95,614814.0,817091.0
2025-06-18 11:22:18.227174,312.0,614814.0,817091.0
2025-06-18 11:22:19.361139,312.0,614814.0,817091.0
2025-06-18 11:22:21.831609,312.0,615406.0,816056.0
2025-06-18 11:22:23.227620,312.0,615406.0,816056.0
2025-06-18 11:22:26.643048,312.0,616189.0,816020.0
2025-06-18 11:22:28.248955,311.9,616189.0,816020.0
2025-06-18 11:22:31.533086,311.9,615467.0,815976.0
2025-06-18 11:22:35.229222,312.0,615467.0,815976.0
2025-06-18 11:22:36.536146,312.0,615977.0,812192.0
2025-06-18 11:22:38.257573,312.0,615977.0,812192.0
2025-06-18 11:22:40.353091,312.0,615977.0,812192.0
2025-06-18 11:22:41.234830,312.0,615977.0,812192.0
2025-06-18 11:22:41.542029,312.0,616617.0,812461.0
2025-06-18 11:22:45.132656,311.95,616617.0,812461.0
2025-06-18 11:22:45.248179,312.0,616617.0,812461.0
2025-06-18 11:22:46.234053,311.95,616617.0,812461.0
2025-06-18 11:22:46.942084,312.0,616742.0,815721.0
2025-06-18 11:22:47.227693,312.0,616742.0,815721.0
2025-06-18 11:22:48.235173,312.0,616742.0,815721.0
2025-06-18 11:22:50.233047,312.0,616742.0,815721.0
2025-06-18 11:22:52.250985,312.0,616191.0,816519.0
2025-06-18 11:22:56.854558,311.95,615848.0,818287.0
2025-06-18 11:22:57.246384,311.95,615848.0,818287.0
2025-06-18 11:22:58.243541,312.0,615848.0,818287.0
2025-06-18 11:23:01.260508,312.0,615848.0,818287.0
2025-06-18 11:23:01.454318,312.0,617933.0,817883.0
2025-06-18 11:23:06.454931,312.0,613707.0,818146.0
2025-06-18 11:23:08.235917,312.0,613707.0,818146.0
2025-06-18 11:23:11.556596,312.0,613801.0,821451.0
2025-06-18 11:23:12.575917,312.0,613801.0,821451.0
2025-06-18 11:23:14.240016,312.0,613801.0,821451.0
2025-06-18 11:23:15.237545,311.95,613801.0,821451.0
2025-06-18 11:23:16.361924,311.95,619863.0,821541.0
2025-06-18 11:23:18.237043,312.0,619863.0,821541.0
2025-06-18 11:23:21.970998,312.0,619869.0,821852.0
2025-06-18 11:23:24.263766,311.95,619869.0,821852.0
2025-06-18 11:23:25.262381,311.95,619869.0,821852.0
2025-06-18 11:23:27.367664,311.95,620800.0,822169.0
2025-06-18 11:23:28.234302,312.0,620800.0,822169.0
2025-06-18 11:23:32.575117,312.0,619916.0,822196.0
2025-06-18 11:23:35.235679,312.0,619916.0,822196.0
2025-06-18 11:23:37.778114,312.0,621768.0,820908.0
2025-06-18 11:23:38.231643,312.0,621768.0,820908.0
2025-06-18 11:23:42.232808,312.0,621768.0,820908.0
2025-06-18 11:23:42.686902,312.0,624148.0,820955.0
2025-06-18 11:23:47.579444,312.0,624150.0,820889.0
2025-06-18 11:23:49.387398,312.0,624150.0,820889.0
2025-06-18 11:23:52.388095,312.0,623040.0,820830.0
2025-06-18 11:23:55.242493,312.0,623040.0,820830.0
2025-06-18 11:23:57.200388,312.0,621751.0,820988.0
2025-06-18 11:23:58.255125,312.0,621751.0,820988.0
2025-06-18 11:24:01.272626,312.0,621751.0,820988.0
2025-06-18 11:24:02.287520,312.0,623631.0,819398.0
2025-06-18 11:24:04.241425,312.0,623631.0,819398.0
2025-06-18 11:24:06.270990,312.0,623631.0,819398.0
2025-06-18 11:24:07.217699,312.0,625972.0,820764.0
2025-06-18 11:24:10.234074,312.0,625972.0,820764.0
2025-06-18 11:24:12.098878,312.0,624753.0,821195.0
2025-06-18 11:24:12.245306,312.0,624753.0,821195.0
2025-06-18 11:24:17.291823,312.0,625575.0,821111.0
2025-06-18 11:24:18.231198,312.0,625575.0,821111.0
2025-06-18 11:24:22.002606,312.0,625815.0,821177.0
2025-06-18 11:24:27.208201,312.0,623666.0,821428.0
2025-06-18 11:24:28.232835,312.0,623666.0,821428.0
2025-06-18 11:24:32.304362,312.0,624132.0,821097.0
2025-06-18 11:24:37.108008,312.0,625997.0,820919.0
2025-06-18 11:24:38.247972,312.0,625997.0,820919.0
2025-06-18 11:24:39.273508,312.0,625997.0,820919.0
2025-06-18 11:24:41.909332,312.0,624334.0,821291.0
2025-06-18 11:24:45.233978,312.0,624334.0,821291.0
2025-06-18 11:24:47.012117,311.95,626479.0,822036.0
2025-06-18 11:24:48.227817,312.0,626479.0,822036.0
2025-06-18 11:24:49.452928,312.0,626479.0,822036.0
2025-06-18 11:24:49.525673,312.0,626479.0,822036.0
2025-06-18 11:24:50.602785,312.0,626479.0,822036.0
2025-06-18 11:24:51.516233,312.0,626479.0,822036.0
2025-06-18 11:24:52.119162,312.0,621669.0,822298.0
2025-06-18 11:24:52.231855,312.0,621669.0,822298.0
2025-06-18 11:24:52.412917,312.0,621669.0,822298.0
2025-06-18 11:24:53.238878,311.95,621669.0,822298.0
2025-06-18 11:24:53.265811,311.95,621669.0,822298.0
2025-06-18 11:24:54.050215,311.95,621669.0,822298.0
2025-06-18 11:24:55.074838,311.95,621669.0,822298.0
2025-06-18 11:24:55.314397,312.0,621669.0,822298.0
2025-06-18 11:24:55.655383,312.0,621669.0,822298.0
2025-06-18 11:24:56.060608,312.0,621669.0,822298.0
2025-06-18 11:24:56.918068,312.0,628897.0,818846.0
2025-06-18 11:24:57.791097,312.0,628897.0,818846.0
2025-06-18 11:24:58.231391,312.0,628897.0,818846.0
2025-06-18 11:24:59.038176,312.0,628897.0,818846.0
2025-06-18 11:25:01.292670,312.0,628897.0,818846.0
2025-06-18 11:25:01.627442,312.0,627232.0,819486.0
2025-06-18 11:25:02.422069,312.0,627232.0,819486.0
2025-06-18 11:25:03.557375,312.0,627232.0,819486.0
2025-06-18 11:25:04.232233,312.0,627232.0,819486.0
2025-06-18 11:25:05.023192,312.0,627232.0,819486.0
2025-06-18 11:25:06.828698,312.0,627454.0,819304.0
2025-06-18 11:25:08.232307,312.0,627454.0,819304.0
2025-06-18 11:25:12.431088,312.0,630255.0,819553.0
2025-06-18 11:25:16.230231,312.0,630255.0,819553.0
2025-06-18 11:25:17.836809,312.0,631323.0,819377.0
2025-06-18 11:25:18.230628,312.0,631323.0,819377.0
2025-06-18 11:25:23.039189,312.0,631534.0,819436.0
2025-06-18 11:25:25.239322,312.0,631534.0,819436.0
2025-06-18 11:25:28.148594,312.0,630941.0,818953.0
2025-06-18 11:25:28.234321,312.0,630941.0,818953.0
2025-06-18 11:25:32.236252,311.95,630941.0,818953.0
2025-06-18 11:25:33.042601,311.95,630670.0,819572.0
2025-06-18 11:25:36.234484,312.0,630670.0,819572.0
2025-06-18 11:25:39.854157,312.0,630556.0,820040.0
2025-06-18 11:25:39.939347,312.0,630556.0,820040.0
2025-06-18 11:25:42.843797,312.0,628431.0,821001.0
2025-06-18 11:25:44.230386,311.95,628431.0,821001.0
2025-06-18 11:25:45.235978,311.95,628431.0,821001.0
2025-06-18 11:25:47.666088,311.95,621161.0,822287.0
2025-06-18 11:25:52.951716,311.95,622281.0,822331.0
2025-06-18 11:25:55.247805,312.0,622281.0,822331.0
2025-06-18 11:25:58.233209,312.0,622281.0,822331.0
2025-06-18 11:25:58.257375,312.0,623012.0,824349.0
2025-06-18 11:26:01.249768,312.0,623012.0,824349.0
2025-06-18 11:26:03.352213,312.0,623401.0,824326.0
2025-06-18 11:26:08.248581,312.0,623401.0,824326.0
2025-06-18 11:26:08.555733,312.0,623247.0,824490.0
2025-06-18 11:26:13.244071,312.0,623247.0,824490.0
2025-06-18 11:26:13.362833,312.0,625090.0,824405.0
2025-06-18 11:26:15.254182,311.9,625090.0,824405.0
2025-06-18 11:26:18.280411,312.0,622379.0,824375.0
2025-06-18 11:26:19.257923,312.0,622379.0,824375.0
2025-06-18 11:26:23.206186,312.0,624091.0,824061.0
2025-06-18 11:26:27.978097,311.95,624108.0,824263.0
2025-06-18 11:26:28.237470,311.95,624108.0,824263.0
2025-06-18 11:26:31.240600,311.95,624108.0,824263.0
2025-06-18 11:26:32.974186,311.95,624086.0,824574.0
2025-06-18 11:26:35.268169,311.95,624086.0,824574.0
2025-06-18 11:26:37.729583,311.9,622144.0,824176.0
2025-06-18 11:26:38.241543,311.95,622144.0,824176.0
2025-06-18 11:26:42.236996,311.95,622144.0,824176.0
2025-06-18 11:26:43.079355,311.95,621773.0,824608.0
2025-06-18 11:26:47.243901,311.9,621773.0,824608.0
2025-06-18 11:26:48.194154,311.95,622953.0,824095.0
2025-06-18 11:26:49.246977,311.95,622953.0,824095.0
2025-06-18 11:26:53.087946,311.95,623791.0,825775.0
2025-06-18 11:26:56.233178,311.9,623791.0,825775.0
2025-06-18 11:26:58.094235,311.9,616839.0,828392.0
2025-06-18 11:26:59.256123,311.9,616839.0,828392.0
2025-06-18 11:27:02.238069,311.95,616839.0,828392.0
2025-06-18 11:27:03.295107,311.95,620348.0,826082.0
2025-06-18 11:27:04.280867,311.95,620348.0,826082.0
2025-06-18 11:27:05.260918,311.85,620348.0,826082.0
2025-06-18 11:27:08.212531,311.9,620178.0,826294.0
2025-06-18 11:27:08.254778,311.9,620178.0,826294.0
2025-06-18 11:27:09.300096,311.9,620178.0,826294.0
2025-06-18 11:27:13.217971,311.9,620344.0,827687.0
2025-06-18 11:27:18.102911,311.9,620536.0,828357.0
2025-06-18 11:27:18.277671,311.9,620536.0,828357.0
2025-06-18 11:27:23.010281,311.9,620468.0,828336.0
2025-06-18 11:27:24.262265,311.9,620468.0,828336.0
2025-06-18 11:27:25.296844,311.9,620468.0,828336.0
2025-06-18 11:27:27.810849,311.9,620357.0,828183.0
2025-06-18 11:27:28.273350,311.9,620357.0,828183.0
2025-06-18 11:27:29.296153,311.9,620357.0,828183.0
2025-06-18 11:27:32.266081,311.9,620357.0,828183.0
2025-06-18 11:27:33.017451,311.9,619533.0,828140.0
2025-06-18 11:27:33.262239,311.9,619533.0,828140.0
2025-06-18 11:27:38.314558,311.9,619263.0,827322.0
2025-06-18 11:27:39.246293,311.9,619263.0,827322.0
2025-06-18 11:27:43.417707,311.9,620868.0,826595.0
2025-06-18 11:27:48.239058,311.9,620868.0,826595.0
2025-06-18 11:27:49.723658,311.9,621241.0,825365.0
2025-06-18 11:27:49.914679,311.9,621241.0,825365.0
2025-06-18 11:27:51.006275,311.9,621241.0,825365.0
2025-06-18 11:27:51.923733,311.9,621241.0,825365.0
2025-06-18 11:27:52.854263,311.9,621241.0,825365.0
2025-06-18 11:27:53.766018,311.9,621241.0,825365.0
2025-06-18 11:27:54.239046,311.85,621241.0,825365.0
2025-06-18 11:27:54.494938,311.85,621241.0,825365.0
2025-06-18 11:27:55.222309,311.85,618604.0,825503.0
2025-06-18 11:27:55.248875,311.85,618604.0,825503.0
2025-06-18 11:27:55.513566,311.85,618604.0,825503.0
2025-06-18 11:27:56.068752,311.85,618604.0,825503.0
2025-06-18 11:27:57.347322,311.85,618604.0,825503.0
2025-06-18 11:27:58.257764,311.85,618604.0,825503.0
2025-06-18 11:27:58.268445,311.9,618604.0,825503.0
2025-06-18 11:27:59.461895,311.9,618604.0,825503.0
2025-06-18 11:28:00.232659,311.85,621121.0,825676.0
2025-06-18 11:28:00.320759,311.85,621121.0,825676.0
2025-06-18 11:28:01.242983,311.85,621121.0,825676.0
2025-06-18 11:28:01.730340,311.85,621121.0,825676.0
2025-06-18 11:28:02.855806,311.85,621121.0,825676.0
2025-06-18 11:28:03.978904,311.85,621121.0,825676.0
2025-06-18 11:28:04.832003,311.85,621428.0,825679.0
2025-06-18 11:28:05.604703,311.85,621428.0,825679.0
2025-06-18 11:28:10.491169,311.9,621428.0,825679.0
2025-06-18 11:28:10.494505,311.9,621462.0,825543.0
2025-06-18 11:28:14.437538,311.9,622563.0,825507.0
2025-06-18 11:28:19.538883,311.9,622783.0,825551.0
2025-06-18 11:28:20.245620,311.9,622783.0,825551.0
2025-06-18 11:28:21.246315,311.95,622783.0,825551.0
2025-06-18 11:28:24.241874,311.95,622783.0,825551.0
2025-06-18 11:28:25.039801,311.95,627120.0,816444.0
2025-06-18 11:28:26.256823,312.0,627120.0,816444.0
2025-06-18 11:28:28.240028,312.2,627120.0,816444.0
2025-06-18 11:28:30.144184,312.2,643271.0,803095.0
2025-06-18 11:28:31.247713,312.45,643271.0,803095.0
2025-06-18 11:28:35.046469,312.45,649607.0,796407.0
2025-06-18 11:28:36.246299,312.35,649607.0,796407.0
2025-06-18 11:28:38.246645,312.35,649607.0,796407.0
2025-06-18 11:28:40.050468,312.35,638401.0,816552.0
2025-06-18 11:28:40.244148,312.25,638401.0,816552.0
2025-06-18 11:28:42.244954,312.25,638401.0,816552.0
2025-06-18 11:28:45.055960,312.25,639334.0,814596.0
2025-06-18 11:28:48.240493,312.25,639334.0,814596.0
2025-06-18 11:28:50.061764,312.25,639390.0,814704.0
2025-06-18 11:28:52.242535,312.25,639390.0,814704.0
2025-06-18 11:28:54.967183,312.25,639408.0,814681.0
2025-06-18 11:28:58.406305,312.25,639408.0,814681.0
2025-06-18 11:28:59.680658,312.25,639737.0,814458.0
2025-06-18 11:29:03.264785,312.25,639737.0,814458.0
2025-06-18 11:29:04.365236,312.25,639846.0,814096.0
2025-06-18 11:29:08.250418,312.25,639846.0,814096.0
2025-06-18 11:29:09.280525,312.25,641806.0,814488.0
2025-06-18 11:29:14.261542,312.15,641806.0,814488.0
2025-06-18 11:29:14.477360,312.15,640674.0,814304.0
2025-06-18 11:29:17.256659,312.25,640674.0,814304.0
2025-06-18 11:29:19.262104,312.25,640674.0,814304.0
2025-06-18 11:29:19.875813,312.25,640916.0,813437.0
2025-06-18 11:29:23.255231,312.3,640916.0,813437.0
2025-06-18 11:29:25.229644,312.3,641902.0,812002.0
2025-06-18 11:29:28.758413,312.3,641902.0,812002.0
2025-06-18 11:29:30.484283,312.3,642032.0,811754.0
2025-06-18 11:29:33.258812,312.2,642032.0,811754.0
2025-06-18 11:29:35.903689,312.2,640916.0,811581.0
2025-06-18 11:29:37.247973,312.3,640916.0,811581.0
2025-06-18 11:29:39.253452,312.3,640916.0,811581.0
2025-06-18 11:29:41.236149,312.3,622633.0,810262.0
2025-06-18 11:29:44.248059,312.2,622633.0,810262.0
2025-06-18 11:29:46.206041,312.2,633420.0,812986.0
2025-06-18 11:29:47.251303,312.25,633420.0,812986.0
2025-06-18 11:29:49.249226,312.25,633420.0,812986.0
2025-06-18 11:29:50.897630,312.25,636531.0,814368.0
2025-06-18 11:29:52.246635,312.2,636531.0,814368.0
2025-06-18 11:29:54.250245,312.2,636531.0,814368.0
2025-06-18 11:29:55.901745,312.15,628965.0,820296.0
2025-06-18 11:29:56.247419,312.15,628965.0,820296.0
2025-06-18 11:29:58.296497,312.25,628965.0,820296.0
2025-06-18 11:30:01.107024,312.15,632368.0,816198.0
2025-06-18 11:30:01.251513,312.15,632368.0,816198.0
2025-06-18 11:30:06.314849,312.15,632595.0,815470.0
2025-06-18 11:30:07.257115,312.15,632595.0,815470.0
2025-06-18 11:30:10.254248,312.15,632595.0,815470.0
2025-06-18 11:30:11.816048,312.2,635542.0,816430.0
2025-06-18 11:30:14.256898,312.2,635542.0,816430.0
2025-06-18 11:30:17.315688,312.2,637400.0,818565.0
2025-06-18 11:30:19.259574,312.1,637400.0,818565.0
2025-06-18 11:30:22.723539,312.1,637402.0,819668.0
2025-06-18 11:30:28.254125,312.2,637402.0,819668.0
2025-06-18 11:30:28.319073,312.2,638098.0,819601.0
2025-06-18 11:30:32.249982,312.2,638098.0,819601.0
2025-06-18 11:30:33.424213,312.2,637888.0,819371.0
2025-06-18 11:30:37.269350,312.2,637888.0,819371.0
2025-06-18 11:30:38.524665,312.2,638159.0,819162.0
2025-06-18 11:30:40.257455,312.1,638159.0,819162.0
2025-06-18 11:30:44.031745,312.1,638447.0,818886.0
2025-06-18 11:30:48.256519,312.15,638447.0,818886.0
2025-06-18 11:30:49.335285,312.15,634021.0,821867.0
2025-06-18 11:30:50.347722,312.15,634021.0,821867.0
2025-06-18 11:30:51.435172,312.15,634021.0,821867.0
2025-06-18 11:30:52.357581,312.15,634021.0,821867.0
2025-06-18 11:30:53.263528,312.2,634021.0,821867.0
2025-06-18 11:30:53.301528,312.2,634021.0,821867.0
2025-06-18 11:30:54.168681,312.2,634021.0,821867.0
2025-06-18 11:30:54.437756,312.2,634858.0,821803.0
2025-06-18 11:30:54.941093,312.2,634858.0,821803.0
2025-06-18 11:30:55.266501,312.2,634858.0,821803.0
2025-06-18 11:30:55.987993,312.2,634858.0,821803.0
2025-06-18 11:30:56.552106,312.2,634858.0,821803.0
2025-06-18 11:30:57.266692,312.1,634858.0,821803.0
2025-06-18 11:30:57.457091,312.1,634858.0,821803.0
2025-06-18 11:30:58.744314,312.1,634858.0,821803.0
2025-06-18 11:30:59.544604,312.1,633839.0,819462.0
2025-06-18 11:30:59.963702,312.1,633839.0,819462.0
2025-06-18 11:31:00.836471,312.1,633839.0,819462.0
2025-06-18 11:31:02.290036,312.1,633839.0,819462.0
2025-06-18 11:31:03.359168,312.1,633839.0,819462.0
2025-06-18 11:31:04.259079,312.1,637006.0,818445.0
2025-06-18 11:31:04.498156,312.1,637006.0,818445.0
2025-06-18 11:31:05.976892,312.1,637006.0,818445.0
2025-06-18 11:31:06.291845,312.15,637006.0,818445.0
2025-06-18 11:31:08.260520,312.2,637006.0,818445.0
2025-06-18 11:31:09.261278,312.2,637302.0,818566.0
2025-06-18 11:31:13.271648,312.0,637302.0,818566.0
2025-06-18 11:31:14.458022,312.0,613089.0,819266.0
2025-06-18 11:31:16.265414,312.0,613089.0,819266.0
2025-06-18 11:31:18.266835,312.0,613089.0,819266.0
2025-06-18 11:31:19.562503,312.0,608047.0,820928.0
2025-06-18 11:31:22.256881,312.0,608047.0,820928.0
2025-06-18 11:31:25.066071,312.0,621206.0,820292.0
2025-06-18 11:31:28.262937,312.0,621206.0,820292.0
2025-06-18 11:31:30.567661,311.9,623984.0,821444.0
2025-06-18 11:31:32.261427,311.9,623984.0,821444.0
2025-06-18 11:31:33.262308,311.9,623984.0,821444.0
2025-06-18 11:31:35.775451,311.9,623647.0,820545.0
2025-06-18 11:31:38.263007,312.0,623647.0,820545.0
2025-06-18 11:31:39.316500,311.9,623647.0,820545.0
2025-06-18 11:31:40.882653,311.9,623490.0,820492.0
2025-06-18 11:31:44.257712,312.0,623490.0,820492.0
2025-06-18 11:31:46.086509,312.0,621468.0,822051.0
2025-06-18 11:31:48.286811,312.0,621468.0,822051.0
2025-06-18 11:31:51.219571,312.0,624285.0,821945.0
2025-06-18 11:31:54.304645,311.9,624285.0,821945.0
2025-06-18 11:31:56.092342,311.9,623071.0,822115.0
2025-06-18 11:31:58.274126,311.9,623071.0,822115.0
2025-06-18 11:32:00.996750,312.0,622294.0,829051.0
2025-06-18 11:32:02.269248,312.0,622294.0,829051.0
2025-06-18 11:32:05.899198,311.9,618179.0,830048.0
2025-06-18 11:32:06.258864,311.9,618179.0,830048.0
2025-06-18 11:32:10.267250,311.95,618179.0,830048.0
2025-06-18 11:32:12.103935,311.95,619555.0,826857.0
2025-06-18 11:32:15.280307,312.0,619555.0,826857.0
2025-06-18 11:32:17.910993,312.0,620903.0,826229.0
2025-06-18 11:32:19.282726,312.0,620903.0,826229.0
2025-06-18 11:32:23.416519,312.0,620549.0,825610.0
2025-06-18 11:32:24.273352,311.95,620549.0,825610.0
2025-06-18 11:32:27.269301,311.95,620549.0,825610.0
2025-06-18 11:32:29.122426,311.95,620123.0,828719.0
2025-06-18 11:32:33.267524,312.0,620123.0,828719.0
2025-06-18 11:32:34.825029,312.0,622254.0,828796.0
2025-06-18 11:32:36.274037,311.9,622254.0,828796.0
2025-06-18 11:32:39.262272,312.0,622254.0,828796.0
2025-06-18 11:32:40.844146,312.0,622246.0,829962.0
2025-06-18 11:32:45.266390,311.9,622246.0,829962.0
2025-06-18 11:32:46.333006,311.9,622245.0,828804.0
2025-06-18 11:32:48.274986,311.9,622245.0,828804.0
2025-06-18 11:32:51.265263,311.9,622245.0,828804.0
2025-06-18 11:32:51.537411,311.9,621126.0,830288.0
2025-06-18 11:32:54.265156,311.9,621126.0,830288.0
2025-06-18 11:32:56.740591,311.9,626602.0,827396.0
2025-06-18 11:32:57.282872,311.9,626602.0,827396.0
2025-06-18 11:33:00.271356,311.95,626602.0,827396.0
2025-06-18 11:33:02.155466,311.95,625012.0,828982.0
2025-06-18 11:33:03.261432,311.85,625012.0,828982.0
2025-06-18 11:33:06.262014,311.85,625012.0,828982.0
2025-06-18 11:33:07.541999,311.95,624710.0,828189.0
2025-06-18 11:33:09.265041,311.95,624710.0,828189.0
2025-06-18 11:33:13.044225,311.95,625074.0,828289.0
2025-06-18 11:33:18.264734,311.95,625074.0,828289.0
2025-06-18 11:33:18.347876,311.95,624522.0,828429.0
2025-06-18 11:33:23.449915,311.95,622536.0,828622.0
2025-06-18 11:33:27.280968,311.9,622536.0,828622.0
2025-06-18 11:33:28.951635,311.9,613361.0,831898.0
2025-06-18 11:33:30.276797,311.9,613361.0,831898.0
2025-06-18 11:33:33.280572,311.9,613361.0,831898.0
2025-06-18 11:33:34.758473,311.9,611603.0,829533.0
2025-06-18 11:33:40.265048,311.9,611603.0,829533.0
2025-06-18 11:33:40.666447,311.9,615590.0,829824.0
2025-06-18 11:33:46.669566,311.9,618931.0,830580.0
2025-06-18 11:33:48.268580,311.9,618931.0,830580.0
2025-06-18 11:33:51.120197,311.9,618931.0,830580.0
2025-06-18 11:33:52.239707,311.9,618931.0,830580.0
2025-06-18 11:33:52.366423,311.9,618984.0,831521.0
2025-06-18 11:33:53.191114,311.9,618984.0,831521.0
2025-06-18 11:33:54.108508,311.9,618984.0,831521.0
2025-06-18 11:33:55.796629,311.9,618984.0,831521.0
2025-06-18 11:33:56.899788,311.9,618984.0,831521.0
2025-06-18 11:33:57.267465,311.9,618984.0,831521.0
2025-06-18 11:33:57.474489,311.9,618984.0,831521.0
2025-06-18 11:33:58.179005,311.9,618360.0,831598.0
2025-06-18 11:33:58.372880,311.9,618360.0,831598.0
2025-06-18 11:33:59.739547,311.9,618360.0,831598.0
2025-06-18 11:34:00.274925,311.9,618360.0,831598.0
2025-06-18 11:34:00.887577,311.9,618360.0,831598.0
2025-06-18 11:34:01.757410,311.9,618360.0,831598.0
2025-06-18 11:34:03.145679,311.9,618360.0,831598.0
2025-06-18 11:34:04.080329,311.9,619109.0,832573.0
2025-06-18 11:34:04.282769,311.9,619109.0,832573.0
2025-06-18 11:34:05.548802,311.9,619109.0,832573.0
2025-06-18 11:34:06.298287,311.9,619109.0,832573.0
2025-06-18 11:34:06.891663,311.9,619109.0,832573.0
2025-06-18 11:34:09.274526,311.9,619109.0,832573.0
2025-06-18 11:34:09.681935,311.9,617666.0,854919.0
2025-06-18 11:34:12.287260,311.9,617666.0,854919.0
2025-06-18 11:34:14.987774,311.9,617672.0,852340.0
2025-06-18 11:34:18.282634,311.9,617672.0,852340.0
2025-06-18 11:34:20.212389,311.9,617610.0,852660.0
2025-06-18 11:34:21.286007,311.9,617610.0,852660.0
2025-06-18 11:34:24.296210,311.9,617610.0,852660.0
2025-06-18 11:34:25.492420,311.9,618157.0,853258.0
2025-06-18 11:34:30.304114,311.8,618157.0,853258.0
2025-06-18 11:34:30.898379,311.8,609716.0,858372.0
2025-06-18 11:34:33.293428,311.8,609716.0,858372.0
2025-06-18 11:34:35.269467,311.85,609716.0,858372.0
2025-06-18 11:34:35.997731,311.85,613425.0,855013.0
2025-06-18 11:34:37.433174,311.8,613425.0,855013.0
2025-06-18 11:34:39.279677,311.85,613425.0,855013.0
2025-06-18 11:34:40.906172,311.85,614954.0,854885.0
2025-06-18 11:34:41.282455,311.85,614954.0,854885.0
2025-06-18 11:34:43.274299,311.75,614954.0,854885.0
2025-06-18 11:34:45.281473,311.8,614954.0,854885.0
2025-06-18 11:34:45.903308,311.8,613252.0,855909.0
2025-06-18 11:34:49.283847,311.8,613252.0,855909.0
2025-06-18 11:34:51.278210,311.75,613252.0,855909.0
2025-06-18 11:34:51.308085,311.75,614614.0,855553.0
2025-06-18 11:34:53.291516,311.75,614614.0,855553.0
2025-06-18 11:34:56.814926,311.75,614991.0,856154.0
2025-06-18 11:35:00.491470,311.85,614991.0,856154.0
2025-06-18 11:35:02.121708,311.85,613749.0,856222.0
2025-06-18 11:35:03.278347,311.85,613749.0,856222.0
2025-06-18 11:35:07.328341,311.75,613749.0,856222.0
2025-06-18 11:35:07.731596,311.75,612589.0,856503.0
2025-06-18 11:35:09.291351,311.85,612589.0,856503.0
2025-06-18 11:35:13.516921,311.85,613458.0,857150.0
2025-06-18 11:35:19.329414,311.75,614879.0,856779.0
2025-06-18 11:35:19.334680,311.75,614879.0,856779.0
2025-06-18 11:35:21.290436,311.8,614879.0,856779.0
2025-06-18 11:35:23.293364,311.85,614879.0,856779.0
2025-06-18 11:35:24.925569,311.85,614375.0,857993.0
2025-06-18 11:35:29.325114,311.8,614375.0,857993.0
2025-06-18 11:35:30.736502,311.8,614843.0,857028.0
2025-06-18 11:35:36.285526,311.8,614843.0,857028.0
2025-06-18 11:35:36.431040,311.8,615459.0,857021.0
2025-06-18 11:35:40.276903,311.8,615459.0,857021.0
2025-06-18 11:35:42.535267,311.8,613396.0,857606.0
2025-06-18 11:35:45.278943,311.85,613396.0,857606.0
2025-06-18 11:35:48.280737,311.85,613396.0,857606.0
2025-06-18 11:35:48.439158,311.85,612280.0,856566.0
2025-06-18 11:35:51.273029,311.85,612280.0,856566.0
2025-06-18 11:35:54.042007,311.85,610381.0,857255.0
2025-06-18 11:35:57.293964,311.85,610381.0,857255.0
2025-06-18 11:35:59.845428,311.85,607122.0,859410.0
2025-06-18 11:36:00.283124,311.85,607122.0,859410.0
2025-06-18 11:36:01.285830,311.8,607122.0,859410.0
2025-06-18 11:36:05.662602,311.85,609987.0,858871.0
2025-06-18 11:36:06.275519,311.8,609987.0,858871.0
2025-06-18 11:36:09.595410,311.9,609987.0,858871.0
2025-06-18 11:36:10.280926,311.85,609987.0,858871.0
2025-06-18 11:36:11.365911,311.8,612574.0,853422.0
2025-06-18 11:36:12.277359,311.9,612574.0,853422.0
2025-06-18 11:36:14.284366,311.8,612574.0,853422.0
2025-06-18 11:36:17.060490,311.8,608856.0,852656.0
2025-06-18 11:36:18.275719,311.9,608856.0,852656.0
2025-06-18 11:36:20.285264,311.9,608856.0,852656.0
2025-06-18 11:36:22.286113,311.9,608856.0,852656.0
2025-06-18 11:36:22.665172,311.9,611201.0,855098.0
2025-06-18 11:36:26.280399,311.9,611201.0,855098.0
2025-06-18 11:36:28.182470,311.9,609332.0,854362.0
2025-06-18 11:36:28.275907,311.9,609332.0,854362.0
2025-06-18 11:36:33.683558,311.9,613852.0,853736.0
2025-06-18 11:36:38.277650,311.9,613852.0,853736.0
2025-06-18 11:36:38.867646,311.9,611390.0,854108.0
2025-06-18 11:36:39.282149,311.85,611390.0,854108.0
2025-06-18 11:36:44.072003,311.85,611764.0,854553.0
2025-06-18 11:36:44.278243,311.85,611764.0,854553.0
2025-06-18 11:36:48.286290,311.9,611764.0,854553.0
2025-06-18 11:36:49.474310,311.9,613642.0,853498.0
2025-06-18 11:36:51.358116,311.9,613642.0,853498.0
2025-06-18 11:36:52.467426,311.9,613642.0,853498.0
2025-06-18 11:36:53.402305,311.9,613642.0,853498.0
2025-06-18 11:36:54.356012,311.9,613642.0,853498.0
2025-06-18 11:36:54.871523,311.9,611995.0,853812.0
2025-06-18 11:36:55.249475,311.9,611995.0,853812.0
2025-06-18 11:36:56.044436,311.9,611995.0,853812.0
2025-06-18 11:36:56.282733,311.9,611995.0,853812.0
2025-06-18 11:36:57.104402,311.9,611995.0,853812.0
2025-06-18 11:36:58.086850,311.9,611995.0,853812.0
2025-06-18 11:36:58.284454,311.9,611995.0,853812.0
2025-06-18 11:36:58.567347,311.9,611995.0,853812.0
2025-06-18 11:36:59.824766,311.9,611995.0,853812.0
2025-06-18 11:37:00.298635,311.9,612959.0,853562.0
2025-06-18 11:37:01.084273,311.9,612959.0,853562.0
2025-06-18 11:37:03.362482,311.9,612959.0,853562.0
2025-06-18 11:37:04.497902,311.9,612959.0,853562.0
2025-06-18 11:37:05.487125,311.9,614869.0,852894.0
2025-06-18 11:37:05.703185,311.9,614869.0,852894.0
2025-06-18 11:37:06.281150,311.9,614869.0,852894.0
2025-06-18 11:37:07.102467,311.9,614869.0,852894.0
2025-06-18 11:37:08.284707,311.9,614869.0,852894.0
2025-06-18 11:37:10.284969,311.95,614869.0,852894.0
2025-06-18 11:37:10.686714,311.95,623177.0,847527.0
2025-06-18 11:37:14.290636,311.9,623177.0,847527.0
2025-06-18 11:37:15.884148,311.9,621923.0,847798.0
2025-06-18 11:37:18.280456,311.9,621923.0,847798.0
2025-06-18 11:37:20.789422,311.9,621775.0,846854.0
2025-06-18 11:37:22.286310,312.0,621775.0,846854.0
2025-06-18 11:37:25.598040,312.0,622580.0,847134.0
2025-06-18 11:37:28.285969,312.0,622580.0,847134.0
2025-06-18 11:37:30.694735,311.9,619502.0,847633.0
2025-06-18 11:37:32.281993,311.9,619502.0,847633.0
2025-06-18 11:37:34.291681,312.0,619502.0,847633.0
2025-06-18 11:37:37.445470,312.0,624937.0,842950.0
2025-06-18 11:37:37.491382,312.0,624937.0,842950.0
2025-06-18 11:37:38.285984,312.0,624937.0,842950.0
2025-06-18 11:37:41.805237,312.0,628125.0,841363.0
2025-06-18 11:37:42.282049,312.0,628125.0,841363.0
2025-06-18 11:37:45.138172,312.05,628125.0,841363.0
2025-06-18 11:37:47.108676,312.05,625818.0,836424.0
2025-06-18 11:37:48.286672,312.1,625818.0,836424.0
2025-06-18 11:37:49.298487,312.1,625818.0,836424.0
2025-06-18 11:37:52.284897,312.15,625818.0,836424.0
2025-06-18 11:37:52.510113,312.15,628382.0,837785.0
2025-06-18 11:37:57.916830,312.2,630626.0,835454.0
2025-06-18 11:37:58.294623,312.2,630626.0,835454.0
2025-06-18 11:38:01.286266,312.2,630626.0,835454.0
2025-06-18 11:38:03.316358,312.15,628509.0,838220.0
2025-06-18 11:38:04.295683,312.2,628509.0,838220.0
2025-06-18 11:38:08.299474,312.2,628509.0,838220.0
2025-06-18 11:38:09.017901,312.2,631635.0,836023.0
2025-06-18 11:38:14.728027,312.05,630033.0,836822.0
2025-06-18 11:38:15.282659,312.05,630033.0,836822.0
2025-06-18 11:38:19.323058,312.2,630033.0,836822.0
2025-06-18 11:38:20.024625,312.2,629974.0,836795.0
2025-06-18 11:38:25.262987,312.05,630080.0,836964.0
2025-06-18 11:38:25.293281,312.05,630080.0,836964.0
2025-06-18 11:38:28.294515,312.2,630080.0,836964.0
2025-06-18 11:38:30.533964,312.2,627631.0,838784.0
2025-06-18 11:38:35.287858,312.05,627631.0,838784.0
2025-06-18 11:38:35.937064,312.05,628548.0,840941.0
2025-06-18 11:38:38.295408,312.15,628548.0,840941.0
2025-06-18 11:38:41.143127,312.05,627983.0,844750.0
2025-06-18 11:38:41.289229,312.05,627983.0,844750.0
2025-06-18 11:38:46.272499,312.05,628668.0,845222.0
2025-06-18 11:38:49.298144,312.15,628668.0,845222.0
2025-06-18 11:38:51.319290,312.0,628668.0,845222.0
2025-06-18 11:38:51.346806,312.0,625051.0,841093.0
2025-06-18 11:38:53.288349,312.0,625051.0,841093.0
2025-06-18 11:38:55.293774,311.95,625051.0,841093.0
2025-06-18 11:38:57.482115,312.0,619940.0,840291.0
2025-06-18 11:38:57.521560,312.0,619940.0,840291.0
2025-06-18 11:38:58.298953,312.0,619940.0,840291.0
2025-06-18 11:39:00.294220,312.0,619940.0,840291.0
2025-06-18 11:39:01.262974,312.0,621511.0,839080.0
2025-06-18 11:39:06.397716,312.0,623646.0,837138.0
2025-06-18 11:39:09.295335,312.0,623646.0,837138.0
2025-06-18 11:39:11.963727,312.0,624183.0,837091.0
2025-06-18 11:39:13.295400,312.0,624183.0,837091.0
2025-06-18 11:39:17.529732,311.95,624183.0,837091.0
2025-06-18 11:39:17.567199,311.95,619722.0,839943.0
2025-06-18 11:39:19.292237,312.0,619722.0,839943.0
2025-06-18 11:39:23.071958,312.0,622309.0,843747.0
2025-06-18 11:39:25.293693,312.0,622309.0,843747.0
2025-06-18 11:39:28.178437,312.0,618984.0,842557.0
2025-06-18 11:39:29.301077,311.95,618984.0,842557.0
2025-06-18 11:39:31.291419,312.0,618984.0,842557.0
2025-06-18 11:39:33.386613,312.0,617505.0,842256.0
2025-06-18 11:39:35.296641,312.0,617505.0,842256.0
2025-06-18 11:39:38.882727,312.0,625010.0,840325.0
2025-06-18 11:39:39.295244,312.0,625010.0,840325.0
2025-06-18 11:39:41.307191,312.0,625010.0,840325.0
2025-06-18 11:39:43.983435,312.0,626255.0,837946.0
2025-06-18 11:39:45.290323,312.0,626255.0,837946.0
2025-06-18 11:39:49.186367,311.95,626600.0,838444.0
2025-06-18 11:39:49.298876,311.95,626600.0,838444.0
2025-06-18 11:39:51.329681,311.95,626600.0,838444.0
2025-06-18 11:39:51.776846,311.95,626600.0,838444.0
2025-06-18 11:39:53.299750,311.95,626600.0,838444.0
2025-06-18 11:39:54.233273,311.95,626600.0,838444.0
2025-06-18 11:39:54.689401,312.0,626958.0,838332.0
2025-06-18 11:39:55.195178,312.0,626958.0,838332.0
2025-06-18 11:39:55.293217,312.0,626958.0,838332.0
2025-06-18 11:39:56.056964,312.0,626958.0,838332.0
2025-06-18 11:39:57.940232,312.0,626958.0,838332.0
2025-06-18 11:39:58.512714,312.0,626958.0,838332.0
2025-06-18 11:39:59.294071,312.0,626958.0,838332.0
2025-06-18 11:39:59.412584,312.0,626958.0,838332.0
2025-06-18 11:40:00.094427,312.0,627687.0,819715.0
2025-06-18 11:40:00.677328,312.0,627687.0,819715.0
2025-06-18 11:40:01.934645,312.0,627687.0,819715.0
2025-06-18 11:40:02.804693,312.0,627687.0,819715.0
2025-06-18 11:40:03.294543,312.0,627687.0,819715.0
2025-06-18 11:40:04.207767,312.0,627687.0,819715.0
2025-06-18 11:40:04.303750,312.0,627687.0,819715.0
2025-06-18 11:40:05.097370,312.0,627264.0,819700.0
2025-06-18 11:40:05.352925,312.0,627264.0,819700.0
2025-06-18 11:40:06.487104,312.0,627264.0,819700.0
2025-06-18 11:40:07.296877,312.0,627264.0,819700.0
2025-06-18 11:40:07.993204,312.0,627264.0,819700.0
2025-06-18 11:40:09.297334,312.0,627264.0,819700.0
2025-06-18 11:40:10.197900,311.95,626860.0,820031.0
2025-06-18 11:40:10.302583,311.95,626860.0,820031.0
2025-06-18 11:40:14.304765,312.0,626860.0,820031.0
2025-06-18 11:40:15.202163,312.0,627223.0,818686.0
2025-06-18 11:40:17.298280,312.0,627223.0,818686.0
2025-06-18 11:40:19.296442,312.0,627223.0,818686.0
2025-06-18 11:40:20.304786,311.95,627223.0,818686.0
2025-06-18 11:40:20.603920,311.95,625643.0,822868.0
2025-06-18 11:40:23.316384,312.0,625643.0,822868.0
2025-06-18 11:40:26.006375,312.0,627188.0,823377.0
2025-06-18 11:40:28.303538,312.0,627188.0,823377.0
2025-06-18 11:40:31.298747,312.0,627188.0,823377.0
2025-06-18 11:40:31.811425,312.0,629095.0,822982.0
2025-06-18 11:40:34.334100,312.0,629095.0,822982.0
2025-06-18 11:40:37.229268,312.0,629686.0,822557.0
2025-06-18 11:40:39.299296,311.95,629686.0,822557.0
2025-06-18 11:40:41.335000,311.95,629686.0,822557.0
2025-06-18 11:40:42.520178,311.95,626552.0,823389.0
2025-06-18 11:40:47.926316,312.0,626103.0,823021.0
2025-06-18 11:40:49.299729,312.0,626103.0,823021.0
2025-06-18 11:40:53.026824,312.0,625040.0,823243.0
2025-06-18 11:40:53.298760,311.95,625040.0,823243.0
2025-06-18 11:40:58.305750,312.0,625040.0,823243.0
2025-06-18 11:40:58.533295,311.95,625771.0,822775.0
2025-06-18 11:41:01.305717,312.0,625771.0,822775.0
2025-06-18 11:41:03.304284,312.0,625771.0,822775.0
2025-06-18 11:41:03.738675,312.0,627935.0,829615.0
2025-06-18 11:41:09.162896,312.0,628727.0,828854.0
2025-06-18 11:41:09.303120,312.0,628727.0,828854.0
2025-06-18 11:41:14.343518,312.0,627003.0,828919.0
2025-06-18 11:41:18.320706,312.0,627003.0,828919.0
2025-06-18 11:41:19.443624,312.0,625932.0,828973.0
2025-06-18 11:41:20.306727,311.95,625932.0,828973.0
2025-06-18 11:41:24.351082,311.95,625302.0,831693.0
2025-06-18 11:41:27.306679,311.95,625302.0,831693.0
2025-06-18 11:41:28.325404,312.0,625302.0,831693.0
2025-06-18 11:41:29.450229,312.0,627696.0,831133.0
2025-06-18 11:41:31.314818,312.0,627696.0,831133.0
2025-06-18 11:41:33.306819,312.0,627696.0,831133.0
2025-06-18 11:41:34.852171,312.0,628517.0,823371.0
2025-06-18 11:41:36.316825,311.95,628517.0,823371.0
2025-06-18 11:41:38.305096,312.0,628517.0,823371.0
2025-06-18 11:41:40.320609,311.95,628517.0,823371.0
2025-06-18 11:41:40.558462,311.95,625856.0,828319.0
2025-06-18 11:41:45.299322,311.95,625856.0,828319.0
2025-06-18 11:41:45.772661,311.95,625629.0,828930.0
2025-06-18 11:41:48.316353,312.0,625629.0,828930.0
2025-06-18 11:41:50.671802,312.0,627161.0,829609.0
2025-06-18 11:41:52.312585,312.0,627161.0,829609.0
2025-06-18 11:41:55.780298,311.95,626775.0,830050.0
2025-06-18 11:41:57.303430,311.95,626775.0,830050.0
2025-06-18 11:41:58.311289,312.0,626775.0,830050.0
2025-06-18 11:42:00.675127,312.0,627313.0,830240.0
2025-06-18 11:42:04.306338,312.0,627313.0,830240.0
2025-06-18 11:42:05.474636,312.0,627710.0,829835.0
2025-06-18 11:42:09.311408,312.0,627710.0,829835.0
2025-06-18 11:42:10.728397,312.0,626855.0,830387.0
2025-06-18 11:42:15.685603,312.0,627916.0,830376.0
2025-06-18 11:42:19.307140,312.0,627916.0,830376.0
2025-06-18 11:42:20.795139,312.0,627873.0,830016.0
2025-06-18 11:42:23.387815,312.0,627873.0,830016.0
2025-06-18 11:42:26.086562,312.0,629472.0,828011.0
2025-06-18 11:42:28.373129,312.0,629472.0,828011.0
2025-06-18 11:42:31.211953,312.0,630191.0,828038.0
2025-06-18 11:42:33.356456,312.0,630191.0,828038.0
2025-06-18 11:42:36.787590,312.0,635549.0,820891.0
2025-06-18 11:42:37.316761,312.0,635549.0,820891.0
2025-06-18 11:42:39.313861,312.0,635549.0,820891.0
2025-06-18 11:42:41.314107,312.0,635549.0,820891.0
2025-06-18 11:42:41.603111,312.0,635949.0,823309.0
2025-06-18 11:42:43.316409,312.0,635949.0,823309.0
2025-06-18 11:42:45.314318,312.05,635949.0,823309.0
2025-06-18 11:42:47.312107,312.05,641454.0,806983.0
2025-06-18 11:42:49.316453,312.1,641454.0,806983.0
2025-06-18 11:42:50.321346,312.3,641454.0,806983.0
2025-06-18 11:42:52.480783,312.3,641454.0,806983.0
2025-06-18 11:42:52.521592,312.3,641454.0,806983.0
2025-06-18 11:42:52.909998,312.3,653237.0,801977.0
2025-06-18 11:42:53.347432,312.3,653237.0,801977.0
2025-06-18 11:42:54.571772,312.3,653237.0,801977.0
2025-06-18 11:42:55.313185,312.3,653237.0,801977.0
2025-06-18 11:42:55.517421,312.3,653237.0,801977.0
2025-06-18 11:42:56.398457,312.3,653237.0,801977.0
2025-06-18 11:42:57.225690,312.3,653237.0,801977.0
2025-06-18 11:42:57.314995,312.25,653237.0,801977.0
2025-06-18 11:42:58.215390,312.3,648593.0,800161.0
2025-06-18 11:42:58.309235,312.3,648593.0,800161.0
2025-06-18 11:42:59.301274,312.3,648593.0,800161.0
2025-06-18 11:42:59.338382,312.3,648593.0,800161.0
2025-06-18 11:42:59.777688,312.3,648593.0,800161.0
2025-06-18 11:43:00.163032,312.3,648593.0,800161.0
2025-06-18 11:43:00.319564,312.4,648593.0,800161.0
2025-06-18 11:43:01.044995,312.4,648593.0,800161.0
2025-06-18 11:43:02.331049,312.4,648593.0,800161.0
2025-06-18 11:43:03.113577,312.4,648304.0,800399.0
2025-06-18 11:43:03.172538,312.4,648304.0,800399.0
2025-06-18 11:43:03.314262,312.45,648304.0,800399.0
2025-06-18 11:43:04.583098,312.45,648304.0,800399.0
2025-06-18 11:43:05.770017,312.45,648304.0,800399.0
2025-06-18 11:43:06.873708,312.45,648304.0,800399.0
2025-06-18 11:43:07.312810,312.35,648304.0,800399.0
2025-06-18 11:43:08.277153,312.45,651452.0,794397.0
2025-06-18 11:43:08.448449,312.45,651452.0,794397.0
2025-06-18 11:43:09.354700,312.45,651452.0,794397.0
2025-06-18 11:43:10.343648,312.35,651452.0,794397.0
2025-06-18 11:43:13.319067,312.35,651452.0,794397.0
2025-06-18 11:43:13.619568,312.35,640303.0,797389.0
2025-06-18 11:43:15.313107,312.3,640303.0,797389.0
2025-06-18 11:43:17.312129,312.4,640303.0,797389.0
2025-06-18 11:43:19.309088,312.25,640303.0,797389.0
2025-06-18 11:43:19.326970,312.25,625526.0,813796.0
2025-06-18 11:43:20.322849,312.2,625526.0,813796.0
2025-06-18 11:43:24.353576,312.2,627929.0,807785.0
2025-06-18 11:43:27.321044,312.25,627929.0,807785.0
2025-06-18 11:43:29.430799,312.25,629575.0,807459.0
2025-06-18 11:43:30.356434,312.25,629575.0,807459.0
2025-06-18 11:43:33.122019,312.3,629575.0,807459.0
2025-06-18 11:43:34.836620,312.3,630280.0,808016.0
2025-06-18 11:43:38.357529,312.3,630280.0,808016.0
2025-06-18 11:43:40.449812,312.15,621826.0,815367.0
2025-06-18 11:43:41.362970,312.2,621826.0,815367.0
2025-06-18 11:43:45.648003,312.2,629034.0,812308.0
2025-06-18 11:43:47.307587,312.1,629034.0,812308.0
2025-06-18 11:43:49.929950,312.2,629034.0,812308.0
2025-06-18 11:43:50.321720,312.1,629034.0,812308.0
2025-06-18 11:43:51.046995,312.1,630399.0,811387.0
2025-06-18 11:43:55.353713,312.1,630399.0,811387.0
2025-06-18 11:43:56.260380,312.1,632000.0,809985.0
2025-06-18 11:43:58.346416,312.2,632000.0,809985.0
2025-06-18 11:44:01.356954,312.2,631869.0,809807.0
2025-06-18 11:44:05.307045,312.1,631869.0,809807.0
2025-06-18 11:44:06.559564,312.1,631822.0,819481.0
2025-06-18 11:44:08.327022,312.2,631822.0,819481.0
2025-06-18 11:44:10.353655,312.1,631822.0,819481.0
2025-06-18 11:44:11.462633,312.1,632508.0,819656.0
2025-06-18 11:44:16.671564,312.1,631734.0,819435.0
2025-06-18 11:44:18.355838,312.2,631734.0,819435.0
2025-06-18 11:44:21.974586,312.2,631411.0,819913.0
2025-06-18 11:44:24.327874,312.2,631411.0,819913.0
2025-06-18 11:44:26.977926,312.2,630180.0,816702.0
2025-06-18 11:44:28.327069,312.2,630180.0,816702.0
2025-06-18 11:44:31.787701,312.2,631887.0,816728.0
2025-06-18 11:44:32.325700,312.2,631887.0,816728.0
2025-06-18 11:44:36.579902,312.2,631907.0,815562.0
2025-06-18 11:44:38.336115,312.2,631907.0,815562.0
2025-06-18 11:44:41.984357,312.2,633348.0,815917.0
2025-06-18 11:44:47.297314,311.95,608123.0,820382.0
2025-06-18 11:44:47.315161,311.95,608123.0,820382.0
2025-06-18 11:44:49.341474,312.0,608123.0,820382.0
2025-06-18 11:44:50.327853,312.0,608123.0,820382.0
2025-06-18 11:44:52.294322,312.0,610350.0,822442.0
2025-06-18 11:44:57.688357,312.0,611218.0,822305.0
2025-06-18 11:44:58.323908,312.0,611218.0,822305.0
2025-06-18 11:45:00.534915,311.95,611218.0,822305.0
2025-06-18 11:45:01.799842,312.0,611545.0,822559.0
2025-06-18 11:45:02.326784,312.0,611545.0,822559.0
2025-06-18 11:45:06.597256,312.0,623198.0,821922.0
2025-06-18 11:45:08.322325,312.0,623198.0,821922.0
2025-06-18 11:45:11.512393,312.0,620391.0,822211.0
2025-06-18 11:45:14.368270,312.0,620391.0,822211.0
2025-06-18 11:45:16.403333,312.0,620606.0,823222.0
2025-06-18 11:45:18.323446,312.0,620606.0,823222.0
2025-06-18 11:45:21.606163,312.0,621768.0,823393.0
2025-06-18 11:45:24.322539,312.0,621768.0,823393.0
2025-06-18 11:45:26.711327,312.0,621963.0,823099.0
2025-06-18 11:45:28.344451,312.0,621963.0,823099.0
2025-06-18 11:45:31.414186,312.0,622075.0,823134.0
2025-06-18 11:45:33.316283,312.0,622075.0,823134.0
2025-06-18 11:45:36.217078,311.95,620567.0,814687.0
2025-06-18 11:45:36.320480,311.95,620567.0,814687.0
2025-06-18 11:45:38.593529,312.0,620567.0,814687.0
2025-06-18 11:45:40.317987,312.0,620567.0,814687.0
2025-06-18 11:45:41.020663,312.0,621319.0,813560.0
2025-06-18 11:45:44.321010,312.0,621319.0,813560.0
2025-06-18 11:45:45.823738,312.0,621856.0,814039.0
2025-06-18 11:45:49.318909,312.0,621856.0,814039.0
2025-06-18 11:45:50.724230,312.0,622535.0,814432.0
2025-06-18 11:45:52.735256,312.0,622535.0,814432.0
2025-06-18 11:45:53.821070,312.0,622535.0,814432.0
2025-06-18 11:45:54.732815,312.0,622535.0,814432.0
2025-06-18 11:45:55.823060,312.0,622535.0,814432.0
2025-06-18 11:45:55.927012,312.0,622622.0,814158.0
2025-06-18 11:45:56.316496,312.0,622622.0,814158.0
2025-06-18 11:45:56.713170,312.0,622622.0,814158.0
2025-06-18 11:45:57.527847,312.0,622622.0,814158.0
2025-06-18 11:45:58.323592,312.0,622622.0,814158.0
2025-06-18 11:45:58.640516,312.0,622622.0,814158.0
2025-06-18 11:45:59.234737,312.0,622622.0,814158.0
2025-06-18 11:46:00.076073,312.0,622622.0,814158.0
2025-06-18 11:46:00.323347,312.0,622622.0,814158.0
2025-06-18 11:46:00.457197,312.0,622622.0,814158.0
2025-06-18 11:46:00.928995,312.0,620601.0,822425.0
2025-06-18 11:46:01.335096,312.0,620601.0,822425.0
2025-06-18 11:46:02.602836,312.0,620601.0,822425.0
2025-06-18 11:46:03.459356,312.0,620601.0,822425.0
2025-06-18 11:46:04.353487,312.0,620601.0,822425.0
2025-06-18 11:46:04.863874,312.0,620601.0,822425.0
2025-06-18 11:46:06.029525,312.0,620601.0,822425.0
2025-06-18 11:46:06.052685,312.0,619465.0,823279.0
2025-06-18 11:46:07.150402,312.0,619465.0,823279.0
2025-06-18 11:46:08.624477,312.0,619465.0,823279.0
2025-06-18 11:46:09.321582,312.0,619465.0,823279.0
2025-06-18 11:46:11.338108,312.0,618824.0,827193.0
2025-06-18 11:46:16.437115,312.0,620687.0,825989.0
2025-06-18 11:46:19.318356,312.0,620687.0,825989.0
2025-06-18 11:46:21.341147,312.0,621144.0,826471.0
2025-06-18 11:46:26.346106,312.0,621158.0,826692.0
2025-06-18 11:46:28.330662,312.0,621158.0,826692.0
2025-06-18 11:46:31.155804,312.0,621154.0,827063.0
2025-06-18 11:46:31.321371,312.0,621154.0,827063.0
2025-06-18 11:46:36.054331,312.0,621160.0,827048.0
2025-06-18 11:46:36.317361,312.0,621160.0,827048.0
2025-06-18 11:46:39.319602,312.0,621160.0,827048.0
2025-06-18 11:46:40.953977,312.0,621142.0,826974.0
2025-06-18 11:46:45.556881,312.0,621320.0,827316.0
2025-06-18 11:46:48.324640,311.95,621320.0,827316.0
2025-06-18 11:46:50.338232,311.95,610403.0,831224.0
2025-06-18 11:46:53.341095,311.95,610403.0,831224.0
2025-06-18 11:46:55.167289,311.95,613661.0,831440.0
2025-06-18 11:46:56.327105,312.0,613661.0,831440.0
2025-06-18 11:46:58.328695,312.0,613661.0,831440.0
2025-06-18 11:46:59.324743,311.95,613661.0,831440.0
2025-06-18 11:47:00.166910,311.95,615933.0,830549.0
2025-06-18 11:47:01.323732,311.9,615933.0,830549.0
2025-06-18 11:47:02.323669,311.95,615933.0,830549.0
2025-06-18 11:47:03.361784,311.95,615933.0,830549.0
2025-06-18 11:47:04.779031,311.95,614417.0,831872.0
2025-06-18 11:47:09.324791,311.95,614417.0,831872.0
2025-06-18 11:47:09.971728,311.95,613135.0,830730.0
2025-06-18 11:47:12.323050,311.85,613135.0,830730.0
2025-06-18 11:47:15.475821,311.85,611588.0,831411.0
2025-06-18 11:47:19.320227,311.9,611588.0,831411.0
2025-06-18 11:47:20.579185,311.9,613156.0,831484.0
2025-06-18 11:47:25.578322,311.9,612063.0,830519.0
2025-06-18 11:47:28.364723,311.95,612063.0,830519.0
2025-06-18 11:47:30.679835,311.95,612007.0,830807.0
2025-06-18 11:47:33.323503,311.85,612007.0,830807.0
2025-06-18 11:47:35.985619,311.85,614876.0,831631.0
2025-06-18 11:47:37.325930,311.95,614876.0,831631.0
2025-06-18 11:47:39.329115,311.95,614876.0,831631.0
2025-06-18 11:47:40.324039,312.0,614876.0,831631.0
2025-06-18 11:47:41.587274,312.0,617232.0,829458.0
2025-06-18 11:47:42.389390,312.0,617232.0,829458.0
2025-06-18 11:47:44.342030,311.9,617232.0,829458.0
2025-06-18 11:47:46.346597,312.0,617232.0,829458.0
2025-06-18 11:47:46.994358,311.9,619039.0,827372.0
2025-06-18 11:47:48.351317,312.0,619039.0,827372.0
2025-06-18 11:47:53.080713,312.0,615995.0,822896.0
2025-06-18 11:47:53.121212,312.0,615995.0,822896.0
2025-06-18 11:47:57.206952,312.0,614735.0,826507.0
2025-06-18 11:47:58.375191,312.0,614735.0,826507.0
2025-06-18 11:48:02.197168,312.0,614694.0,825949.0
2025-06-18 11:48:07.199234,312.0,611222.0,826823.0
2025-06-18 11:48:09.357420,312.0,611222.0,826823.0
2025-06-18 11:48:12.201972,312.0,615676.0,826069.0
2025-06-18 11:48:17.506109,312.0,615951.0,826400.0
2025-06-18 11:48:19.325402,312.0,615951.0,826400.0
2025-06-18 11:48:22.511306,312.0,616445.0,826364.0
2025-06-18 11:48:25.325393,311.95,616445.0,826364.0
2025-06-18 11:48:27.707887,311.95,616491.0,826712.0
2025-06-18 11:48:28.332056,312.0,616491.0,826712.0
2025-06-18 11:48:32.912407,312.0,616867.0,826620.0
2025-06-18 11:48:35.322845,311.95,616867.0,826620.0
2025-06-18 11:48:36.330517,311.95,616867.0,826620.0
2025-06-18 11:48:38.116003,312.0,615049.0,829684.0
2025-06-18 11:48:38.361926,312.0,615049.0,829684.0
2025-06-18 11:48:40.365105,311.9,615049.0,829684.0
2025-06-18 11:48:42.335279,312.0,615049.0,829684.0
2025-06-18 11:48:42.826297,312.0,615964.0,827442.0
2025-06-18 11:48:47.622126,312.0,616832.0,827948.0
2025-06-18 11:48:49.329995,312.0,616832.0,827948.0
2025-06-18 11:48:52.334429,311.9,616832.0,827948.0
2025-06-18 11:48:52.724211,311.9,616856.0,827756.0
2025-06-18 11:48:53.262718,311.9,616856.0,827756.0
2025-06-18 11:48:54.320097,311.9,616856.0,827756.0
2025-06-18 11:48:55.239105,311.9,616856.0,827756.0
2025-06-18 11:48:55.324138,311.9,616856.0,827756.0
2025-06-18 11:48:56.210409,311.9,616856.0,827756.0
2025-06-18 11:48:56.364182,312.0,616856.0,827756.0
2025-06-18 11:48:57.120811,312.0,616856.0,827756.0
2025-06-18 11:48:57.529172,312.0,617315.0,828062.0
2025-06-18 11:48:57.947420,312.0,617315.0,828062.0
2025-06-18 11:48:59.037377,312.0,617315.0,828062.0
2025-06-18 11:48:59.325712,312.0,617315.0,828062.0
2025-06-18 11:48:59.609686,312.0,617315.0,828062.0
2025-06-18 11:49:00.331285,311.9,617315.0,828062.0
2025-06-18 11:49:00.518747,311.9,617315.0,828062.0
2025-06-18 11:49:01.880061,311.9,617315.0,828062.0
2025-06-18 11:49:02.428159,311.9,620605.0,828089.0
2025-06-18 11:49:03.035991,311.9,620605.0,828089.0
2025-06-18 11:49:05.309699,311.9,620605.0,828089.0
2025-06-18 11:49:06.446358,311.9,620605.0,828089.0
2025-06-18 11:49:07.579053,311.9,620605.0,828089.0
2025-06-18 11:49:07.633679,311.9,621649.0,828170.0
2025-06-18 11:49:09.066773,311.9,621649.0,828170.0
2025-06-18 11:49:09.333180,312.0,621649.0,828170.0
2025-06-18 11:49:12.538193,312.0,621631.0,828118.0
2025-06-18 11:49:14.340830,311.95,621631.0,828118.0
2025-06-18 11:49:16.364430,312.0,621631.0,828118.0
2025-06-18 11:49:17.438909,312.0,615801.0,836028.0
2025-06-18 11:49:20.332872,311.9,615801.0,836028.0
2025-06-18 11:49:22.343642,311.9,615801.0,836028.0
2025-06-18 11:49:22.445499,311.9,611993.0,839914.0
2025-06-18 11:49:24.334701,311.9,611993.0,839914.0
2025-06-18 11:49:27.249813,311.9,611507.0,837693.0
2025-06-18 11:49:29.330581,311.95,611507.0,837693.0
2025-06-18 11:49:30.342213,311.8,611507.0,837693.0
2025-06-18 11:49:32.154379,311.8,613732.0,842683.0
2025-06-18 11:49:37.357943,311.8,615363.0,841910.0
2025-06-18 11:49:39.334880,311.9,615363.0,841910.0
2025-06-18 11:49:42.662148,311.9,615116.0,843190.0
2025-06-18 11:49:47.367117,311.9,612644.0,843236.0
2025-06-18 11:49:48.338212,311.9,612644.0,843236.0
2025-06-18 11:49:52.269503,311.9,612862.0,842779.0
2025-06-18 11:49:54.365385,311.8,612862.0,842779.0
2025-06-18 11:49:56.770497,311.8,614122.0,842707.0
2025-06-18 11:49:58.366118,311.9,614122.0,842707.0
2025-06-18 11:50:01.173057,311.9,614488.0,843067.0
2025-06-18 11:50:02.335740,311.6,614488.0,843067.0
2025-06-18 11:50:04.336751,311.3,614488.0,843067.0
2025-06-18 11:50:06.179653,311.3,583446.0,863029.0
2025-06-18 11:50:06.395344,311.45,583446.0,863029.0
2025-06-18 11:50:08.338820,311.6,583446.0,863029.0
2025-06-18 11:50:11.276499,311.6,593847.0,853499.0
2025-06-18 11:50:12.339848,311.55,593847.0,853499.0
2025-06-18 11:50:17.758098,311.55,591787.0,848091.0
2025-06-18 11:50:19.344982,311.6,591787.0,848091.0
2025-06-18 11:50:21.077991,311.6,590980.0,852814.0
2025-06-18 11:50:23.330166,311.55,590980.0,852814.0
2025-06-18 11:50:24.371067,311.55,590980.0,852814.0
2025-06-18 11:50:26.285417,311.5,589638.0,852467.0
2025-06-18 11:50:27.330443,311.45,589638.0,852467.0
2025-06-18 11:50:28.363994,311.5,589638.0,852467.0
2025-06-18 11:50:31.183897,311.5,591109.0,850032.0
2025-06-18 11:50:32.361225,311.45,591109.0,850032.0
2025-06-18 11:50:34.364185,311.55,591109.0,850032.0
2025-06-18 11:50:35.988892,311.55,593479.0,847824.0
2025-06-18 11:50:38.353704,311.55,593479.0,847824.0
2025-06-18 11:50:40.351022,311.45,593479.0,847824.0
2025-06-18 11:50:41.317159,311.45,594222.0,853547.0
2025-06-18 11:50:46.302423,311.45,594180.0,854928.0
2025-06-18 11:50:48.354114,311.55,594180.0,854928.0
2025-06-18 11:50:51.195638,311.55,592335.0,854512.0
2025-06-18 11:50:54.357905,311.5,592335.0,854512.0
2025-06-18 11:50:55.806789,311.5,592738.0,858022.0
2025-06-18 11:50:58.336020,311.5,592738.0,858022.0
2025-06-18 11:51:00.318715,311.5,593352.0,857713.0
2025-06-18 11:51:02.330701,311.5,593352.0,857713.0
2025-06-18 11:51:04.500628,311.5,593485.0,858304.0
2025-06-18 11:51:09.335817,311.5,593485.0,858304.0
2025-06-18 11:51:09.503094,311.5,592157.0,857006.0
2025-06-18 11:51:11.334981,311.45,592157.0,857006.0
2025-06-18 11:51:13.338533,311.45,592157.0,857006.0
2025-06-18 11:51:14.904832,311.45,585370.0,859791.0
2025-06-18 11:51:19.337575,311.45,585370.0,859791.0
2025-06-18 11:51:20.571114,311.45,588633.0,859720.0
2025-06-18 11:51:24.378530,311.35,588633.0,859720.0
2025-06-18 11:51:25.410822,311.35,590973.0,860870.0
2025-06-18 11:51:27.371306,311.35,590973.0,860870.0
2025-06-18 11:51:30.444713,311.45,594802.0,856722.0
2025-06-18 11:51:31.359514,311.45,594802.0,856722.0
2025-06-18 11:51:34.375151,311.45,594802.0,856722.0
2025-06-18 11:51:35.116213,311.45,599610.0,850454.0
2025-06-18 11:51:38.362436,311.5,599610.0,850454.0
2025-06-18 11:51:40.327735,311.4,598939.0,849923.0
2025-06-18 11:51:40.377224,311.4,598939.0,849923.0
2025-06-18 11:51:45.222143,311.4,600206.0,849728.0
2025-06-18 11:51:48.377603,311.5,600206.0,849728.0
2025-06-18 11:51:49.828357,311.5,600497.0,848911.0
2025-06-18 11:51:53.687309,311.5,600497.0,848911.0
2025-06-18 11:51:54.633482,311.5,600772.0,849363.0
2025-06-18 11:51:54.771947,311.5,600772.0,849363.0
2025-06-18 11:51:55.694506,311.5,600772.0,849363.0
2025-06-18 11:51:56.662168,311.5,600772.0,849363.0
2025-06-18 11:51:57.685892,311.5,600772.0,849363.0
2025-06-18 11:51:58.346603,311.5,600772.0,849363.0
2025-06-18 11:51:58.507142,311.5,600772.0,849363.0
2025-06-18 11:51:59.611980,311.5,600772.0,849363.0
2025-06-18 11:51:59.636517,311.5,600842.0,850234.0
2025-06-18 11:52:00.185624,311.5,600842.0,850234.0
2025-06-18 11:52:00.344707,311.5,600842.0,850234.0
2025-06-18 11:52:00.596573,311.5,600842.0,850234.0
2025-06-18 11:52:01.093166,311.5,600842.0,850234.0
2025-06-18 11:52:02.382178,311.5,600842.0,850234.0
2025-06-18 11:52:03.632643,311.5,600842.0,850234.0
2025-06-18 11:52:04.140273,311.4,594060.0,851839.0
2025-06-18 11:52:04.348099,311.4,594060.0,851839.0
2025-06-18 11:52:04.498329,311.4,594060.0,851839.0
2025-06-18 11:52:05.897241,311.4,594060.0,851839.0
2025-06-18 11:52:07.038600,311.4,594060.0,851839.0
2025-06-18 11:52:07.339167,311.4,594060.0,851839.0
2025-06-18 11:52:08.189330,311.4,594060.0,851839.0
2025-06-18 11:52:08.353606,311.5,594060.0,851839.0
2025-06-18 11:52:08.958109,311.5,594314.0,850971.0
2025-06-18 11:52:09.678038,311.5,594314.0,850971.0
2025-06-18 11:52:12.351035,311.4,594314.0,850971.0
2025-06-18 11:52:13.548800,311.4,595542.0,851169.0
2025-06-18 11:52:18.345426,311.5,595542.0,851169.0
2025-06-18 11:52:18.357674,311.5,595164.0,851570.0
2025-06-18 11:52:23.357009,311.5,595361.0,841987.0
2025-06-18 11:52:24.354249,311.5,595361.0,841987.0
2025-06-18 11:52:28.260772,311.5,596322.0,842301.0
2025-06-18 11:52:28.345317,311.5,596322.0,842301.0
2025-06-18 11:52:30.348502,311.5,596322.0,842301.0
2025-06-18 11:52:32.862476,311.4,598749.0,843013.0
2025-06-18 11:52:34.423406,311.4,598749.0,843013.0
2025-06-18 11:52:37.465907,311.5,600413.0,842645.0
2025-06-18 11:52:38.368480,311.5,600413.0,842645.0
2025-06-18 11:52:40.362081,311.5,600413.0,842645.0
2025-06-18 11:52:42.172329,311.4,599720.0,842291.0
2025-06-18 11:52:42.350258,311.4,599720.0,842291.0
2025-06-18 11:52:44.348007,311.5,599720.0,842291.0
2025-06-18 11:52:46.970577,311.5,599426.0,842561.0
2025-06-18 11:52:48.350973,311.5,599426.0,842561.0
2025-06-18 11:52:51.683641,311.55,608119.0,832695.0
2025-06-18 11:52:52.348415,311.6,608119.0,832695.0
2025-06-18 11:52:54.411789,311.5,608119.0,832695.0
2025-06-18 11:52:56.480785,311.5,592619.0,836688.0
2025-06-18 11:52:58.348472,311.5,592619.0,836688.0
2025-06-18 11:53:00.350261,311.45,592619.0,836688.0
2025-06-18 11:53:01.180594,311.45,593391.0,835701.0
2025-06-18 11:53:03.351738,311.45,593391.0,835701.0
2025-06-18 11:53:06.377690,311.45,593391.0,835701.0
2025-06-18 11:53:06.387024,311.45,592515.0,837243.0
2025-06-18 11:53:09.344555,311.5,592515.0,837243.0
2025-06-18 11:53:11.387253,311.5,593399.0,836969.0
2025-06-18 11:53:12.381500,311.45,593399.0,836969.0
2025-06-18 11:53:14.353360,311.45,593399.0,836969.0
2025-06-18 11:53:17.836593,311.45,590613.0,838137.0
2025-06-18 11:53:17.884426,311.45,590613.0,838137.0
2025-06-18 11:53:19.339472,311.5,590613.0,838137.0
2025-06-18 11:53:20.597463,311.5,592358.0,837840.0
2025-06-18 11:53:21.392262,311.5,592358.0,837840.0
2025-06-18 11:53:22.397391,311.45,592358.0,837840.0
2025-06-18 11:53:24.386355,311.5,592358.0,837840.0
2025-06-18 11:53:25.308319,311.5,591677.0,837220.0
2025-06-18 11:53:28.479812,311.5,591677.0,837220.0
2025-06-18 11:53:29.370952,311.45,591677.0,837220.0
2025-06-18 11:53:29.846337,311.45,591055.0,837462.0
2025-06-18 11:53:30.390993,311.5,591055.0,837462.0
2025-06-18 11:53:34.209325,311.5,585908.0,837078.0
2025-06-18 11:53:34.386820,311.5,585908.0,837078.0
2025-06-18 11:53:38.373192,311.5,585908.0,837078.0
2025-06-18 11:53:38.817039,311.5,587304.0,837070.0
2025-06-18 11:53:43.616576,311.5,593944.0,837087.0
2025-06-18 11:53:48.328241,311.5,596713.0,836441.0
2025-06-18 11:53:48.355971,311.5,596713.0,836441.0
2025-06-18 11:53:49.387559,311.5,596713.0,836441.0
2025-06-18 11:53:50.366173,311.5,596713.0,836441.0
2025-06-18 11:53:52.918620,311.5,593132.0,836819.0
2025-06-18 11:53:55.384262,311.5,593132.0,836819.0
2025-06-18 11:53:56.385091,311.45,593132.0,836819.0
2025-06-18 11:53:57.623645,311.45,596463.0,836692.0
2025-06-18 11:53:58.371719,311.5,596463.0,836692.0
2025-06-18 11:53:59.348905,311.45,596463.0,836692.0
2025-06-18 11:54:02.127363,311.45,595854.0,837007.0
2025-06-18 11:54:04.440844,311.5,595854.0,837007.0
2025-06-18 11:54:06.737189,311.5,594760.0,836706.0
2025-06-18 11:54:08.401050,311.45,594760.0,836706.0
2025-06-18 11:54:11.435840,311.45,586158.0,847146.0
2025-06-18 11:54:12.386295,311.4,586158.0,847146.0
2025-06-18 11:54:14.372211,311.4,586158.0,847146.0
2025-06-18 11:54:15.937019,311.4,588866.0,844285.0
2025-06-18 11:54:17.384742,311.4,588866.0,844285.0
2025-06-18 11:54:18.390840,311.45,588866.0,844285.0
2025-06-18 11:54:20.437359,311.45,590585.0,843860.0
2025-06-18 11:54:23.354359,311.35,590585.0,843860.0
2025-06-18 11:54:24.388266,311.25,590585.0,843860.0
2025-06-18 11:54:25.139696,311.25,592088.0,845939.0
2025-06-18 11:54:27.363510,311.45,592088.0,845939.0
2025-06-18 11:54:29.540951,311.45,595757.0,840440.0
2025-06-18 11:54:30.371233,311.45,595757.0,840440.0
2025-06-18 11:54:33.349825,311.35,595757.0,840440.0
2025-06-18 11:54:34.153596,311.35,595439.0,840986.0
2025-06-18 11:54:38.953332,311.45,592141.0,843066.0
2025-06-18 11:54:39.352206,311.45,592141.0,843066.0
2025-06-18 11:54:41.352907,311.35,592141.0,843066.0
2025-06-18 11:54:44.365144,311.35,592141.0,843066.0
2025-06-18 11:54:44.367116,311.35,590389.0,848971.0
2025-06-18 11:54:47.357734,311.3,590389.0,848971.0
2025-06-18 11:54:49.763970,311.35,587754.0,849619.0
2025-06-18 11:54:50.360175,311.35,587754.0,849619.0
2025-06-18 11:54:53.368688,311.25,587754.0,849619.0
2025-06-18 11:54:54.351970,311.25,587754.0,849619.0
2025-06-18 11:54:54.397371,311.35,587754.0,849619.0
2025-06-18 11:54:54.671474,311.35,592388.0,849363.0
2025-06-18 11:54:55.415715,311.35,592388.0,849363.0
2025-06-18 11:54:56.376454,311.35,592388.0,849363.0
2025-06-18 11:54:57.311291,311.35,592388.0,849363.0
2025-06-18 11:54:58.214816,311.35,592388.0,849363.0
2025-06-18 11:54:59.183461,311.35,592388.0,849363.0
2025-06-18 11:54:59.356159,311.4,592388.0,849363.0
2025-06-18 11:54:59.463996,311.4,590411.0,848168.0
2025-06-18 11:55:00.279710,311.4,590411.0,848168.0
2025-06-18 11:55:01.265815,311.4,590411.0,848168.0
2025-06-18 11:55:01.348445,311.35,590411.0,848168.0
2025-06-18 11:55:01.750277,311.35,590411.0,848168.0
2025-06-18 11:55:02.138907,311.35,590411.0,848168.0
2025-06-18 11:55:05.179837,311.35,590411.0,848168.0
2025-06-18 11:55:05.219383,311.25,590411.0,848168.0
2025-06-18 11:55:05.220731,311.25,593419.0,846933.0
2025-06-18 11:55:05.229946,311.25,593419.0,846933.0
2025-06-18 11:55:06.552329,311.25,593419.0,846933.0
2025-06-18 11:55:07.685111,311.25,593419.0,846933.0
2025-06-18 11:55:08.367746,311.25,593419.0,846933.0
2025-06-18 11:55:08.882293,311.25,593419.0,846933.0
2025-06-18 11:55:09.573518,311.25,594042.0,844913.0
2025-06-18 11:55:10.402204,311.25,594042.0,844913.0
2025-06-18 11:55:14.875044,311.25,592481.0,847170.0
2025-06-18 11:55:20.489407,311.35,592481.0,847170.0
2025-06-18 11:55:20.491744,311.35,592725.0,847250.0
2025-06-18 11:55:24.678662,311.35,591780.0,847322.0
2025-06-18 11:55:28.398919,311.35,591780.0,847322.0
2025-06-18 11:55:29.781835,311.35,589825.0,848642.0
2025-06-18 11:55:31.364006,311.35,589825.0,848642.0
2025-06-18 11:55:33.379695,311.35,589825.0,848642.0
2025-06-18 11:55:34.395755,311.3,589825.0,848642.0
2025-06-18 11:55:34.981873,311.3,590469.0,849255.0
2025-06-18 11:55:39.365160,311.35,590469.0,849255.0
2025-06-18 11:55:40.085330,311.35,590634.0,849371.0
2025-06-18 11:55:40.398180,311.35,590634.0,849371.0
2025-06-18 11:55:43.354506,311.3,590634.0,849371.0
2025-06-18 11:55:44.392250,311.3,590634.0,849371.0
2025-06-18 11:55:45.089380,311.3,590630.0,849366.0
2025-06-18 11:55:49.348262,311.35,590630.0,849366.0
2025-06-18 11:55:49.995156,311.35,592495.0,848165.0
2025-06-18 11:55:54.397044,311.3,592495.0,848165.0
2025-06-18 11:55:54.794602,311.3,590809.0,848284.0
2025-06-18 11:55:59.356912,311.35,590809.0,848284.0
2025-06-18 11:55:59.996355,311.35,591585.0,848536.0
2025-06-18 11:56:01.357755,311.35,591585.0,848536.0
2025-06-18 11:56:05.139784,311.35,592300.0,847734.0
2025-06-18 11:56:08.397201,311.3,592300.0,847734.0
2025-06-18 11:56:09.907359,311.3,591614.0,846692.0
2025-06-18 11:56:10.359047,311.3,591614.0,846692.0
2025-06-18 11:56:13.373825,311.25,591614.0,846692.0
2025-06-18 11:56:14.395651,311.25,591614.0,846692.0
2025-06-18 11:56:14.814562,311.25,591465.0,846777.0
2025-06-18 11:56:16.424680,311.25,591465.0,846777.0
2025-06-18 11:56:19.213521,311.3,590961.0,846500.0
2025-06-18 11:56:19.367411,311.25,590961.0,846500.0
2025-06-18 11:56:20.406098,311.3,590961.0,846500.0
2025-06-18 11:56:23.919166,311.3,595265.0,846651.0
2025-06-18 11:56:25.366724,311.3,595265.0,846651.0
2025-06-18 11:56:26.371280,311.3,595265.0,846651.0
2025-06-18 11:56:28.518871,311.3,596313.0,846137.0
2025-06-18 11:56:29.370037,311.3,596313.0,846137.0
2025-06-18 11:56:33.358150,311.3,597286.0,846557.0
2025-06-18 11:56:33.393822,311.3,597286.0,846557.0
2025-06-18 11:56:38.027098,311.3,596483.0,846455.0
2025-06-18 11:56:38.428751,311.3,596483.0,846455.0
2025-06-18 11:56:43.371170,311.3,597588.0,846389.0
2025-06-18 11:56:44.404656,311.25,597588.0,846389.0
2025-06-18 11:56:47.357957,311.3,597588.0,846389.0
2025-06-18 11:56:48.129138,311.2,592205.0,847514.0
2025-06-18 11:56:49.372574,311.2,592205.0,847514.0
2025-06-18 11:56:52.844451,311.2,594172.0,847892.0
2025-06-18 11:56:53.364377,311.35,594172.0,847892.0
2025-06-18 11:56:57.538043,311.35,594532.0,847661.0
2025-06-18 11:56:58.406507,311.35,594532.0,847661.0
2025-06-18 11:57:01.944070,311.35,594309.0,847288.0
2025-06-18 11:57:04.396135,311.25,594309.0,847288.0
2025-06-18 11:57:06.442487,311.25,592389.0,848071.0
2025-06-18 11:57:09.627577,311.3,592389.0,848071.0
2025-06-18 11:57:10.952318,311.3,593500.0,847090.0
2025-06-18 11:57:13.374299,311.25,593500.0,847090.0
2025-06-18 11:57:14.369256,311.25,593500.0,847090.0
2025-06-18 11:57:15.748336,311.25,592986.0,847496.0
2025-06-18 11:57:19.360247,311.3,592986.0,847496.0
2025-06-18 11:57:20.361814,311.25,592986.0,847496.0
2025-06-18 11:57:21.056187,311.3,595198.0,847304.0
2025-06-18 11:57:22.377680,311.3,595198.0,847304.0
2025-06-18 11:57:25.359405,311.35,595198.0,847304.0
2025-06-18 11:57:26.153891,311.25,595929.0,846121.0
2025-06-18 11:57:27.359999,311.25,595929.0,846121.0
2025-06-18 11:57:28.402728,311.3,595929.0,846121.0
2025-06-18 11:57:30.367769,311.35,595929.0,846121.0
2025-06-18 11:57:31.368303,311.35,596361.0,847435.0
2025-06-18 11:57:36.259202,311.35,597191.0,847420.0
2025-06-18 11:57:38.402027,311.35,597191.0,847420.0
2025-06-18 11:57:40.965724,311.35,598204.0,847772.0
2025-06-18 11:57:45.364929,311.35,598204.0,847772.0
2025-06-18 11:57:45.876323,311.35,598008.0,847733.0
2025-06-18 11:57:49.357656,311.35,598008.0,847733.0
2025-06-18 11:57:50.470001,311.35,596993.0,847115.0
2025-06-18 11:57:53.365446,311.3,596993.0,847115.0
2025-06-18 11:57:55.035099,311.3,596993.0,847115.0
2025-06-18 11:57:55.073458,311.35,592164.0,849301.0
2025-06-18 11:57:55.366194,311.35,592164.0,849301.0
2025-06-18 11:57:56.111909,311.35,592164.0,849301.0
2025-06-18 11:57:58.008563,311.35,592164.0,849301.0
2025-06-18 11:57:58.375487,311.35,592164.0,849301.0
2025-06-18 11:57:58.885192,311.35,592164.0,849301.0
2025-06-18 11:57:59.716534,311.35,592164.0,849301.0
2025-06-18 11:58:00.078907,311.3,587533.0,848728.0
2025-06-18 11:58:01.261566,311.3,587533.0,848728.0
2025-06-18 11:58:01.356813,311.3,587533.0,848728.0
2025-06-18 11:58:01.798050,311.3,587533.0,848728.0
2025-06-18 11:58:02.231912,311.3,587533.0,848728.0
2025-06-18 11:58:03.084086,311.3,587533.0,848728.0
2025-06-18 11:58:04.778437,311.35,590648.0,848172.0
2025-06-18 11:58:05.249893,311.35,590648.0,848172.0
2025-06-18 11:58:05.394384,311.35,590648.0,848172.0
2025-06-18 11:58:06.140052,311.35,590648.0,848172.0
2025-06-18 11:58:07.370855,311.3,590648.0,848172.0
2025-06-18 11:58:07.545573,311.3,590648.0,848172.0
2025-06-18 11:58:08.682093,311.3,590648.0,848172.0
2025-06-18 11:58:09.369107,311.35,590648.0,848172.0
2025-06-18 11:58:09.828729,311.35,590648.0,848172.0
2025-06-18 11:58:10.182072,311.35,591581.0,848134.0
2025-06-18 11:58:11.297659,311.35,591581.0,848134.0
2025-06-18 11:58:11.383268,311.35,591581.0,848134.0
2025-06-18 11:58:15.087361,311.2,588774.0,853661.0
2025-06-18 11:58:15.374782,311.2,588774.0,853661.0
2025-06-18 11:58:17.364863,311.2,588774.0,853661.0
2025-06-18 11:58:19.369648,311.25,588774.0,853661.0
2025-06-18 11:58:19.685931,311.25,586541.0,852771.0
2025-06-18 11:58:24.403005,311.25,586541.0,852771.0
2025-06-18 11:58:24.405391,311.25,588260.0,852639.0
2025-06-18 11:58:28.897987,311.3,589407.0,846817.0
2025-06-18 11:58:29.387671,311.3,589407.0,846817.0
2025-06-18 11:58:33.370502,311.3,589407.0,846817.0
2025-06-18 11:58:33.499378,311.3,589777.0,847607.0
2025-06-18 11:58:38.203223,311.3,589394.0,848857.0
2025-06-18 11:58:38.376439,311.3,589394.0,848857.0
2025-06-18 11:58:40.378837,311.3,589394.0,848857.0
2025-06-18 11:58:42.398192,311.1,589394.0,848857.0
