timestamp,ltp,bid_qty,ask_qty
2025-06-18 11:01:36.689228,5576.5,22789.0,27865.0
2025-06-18 11:01:37.850402,5576.5,22773.0,27772.0
2025-06-18 11:01:42.843399,5576.5,22802.0,27780.0
2025-06-18 11:01:48.049038,5576.5,22831.0,27756.0
2025-06-18 11:01:51.148776,5577.0,22831.0,27756.0
2025-06-18 11:01:53.755487,5577.0,22688.0,27821.0
2025-06-18 11:01:59.157273,5577.0,22690.0,27822.0
2025-06-18 11:02:01.143413,5576.0,22690.0,27822.0
2025-06-18 11:02:05.166311,5576.0,22742.0,27893.0
2025-06-18 11:02:09.662129,5576.0,22686.0,27913.0
2025-06-18 11:02:15.172528,5576.0,22723.0,27862.0
2025-06-18 11:02:20.267032,5576.0,22761.0,27768.0
2025-06-18 11:02:23.144783,5576.5,22761.0,27768.0
2025-06-18 11:02:25.484870,5576.5,22790.0,27758.0
2025-06-18 11:02:30.487173,5576.5,22793.0,27758.0
2025-06-18 11:02:35.878113,5576.5,22745.0,27740.0
2025-06-18 11:02:41.142798,5576.5,22745.0,27740.0
2025-06-18 11:02:41.189646,5576.5,22581.0,27696.0
2025-06-18 11:02:46.386633,5576.5,22541.0,27648.0
2025-06-18 11:02:51.690616,5576.5,22503.0,27634.0
2025-06-18 11:02:56.994082,5576.5,22529.0,27488.0
2025-06-18 11:02:57.154311,5576.5,22529.0,27488.0
2025-06-18 11:03:02.098510,5576.5,22503.0,27532.0
2025-06-18 11:03:07.502404,5576.5,22499.0,27553.0
2025-06-18 11:03:12.805044,5576.5,22445.0,27695.0
2025-06-18 11:03:13.148275,5576.5,22445.0,27695.0
2025-06-18 11:03:17.904486,5576.5,22496.0,27655.0
2025-06-18 11:03:23.155170,5576.5,22496.0,27655.0
2025-06-18 11:03:23.208300,5576.5,22520.0,27589.0
2025-06-18 11:03:28.410780,5576.5,22544.0,27679.0
2025-06-18 11:03:29.153826,5576.5,22544.0,27679.0
2025-06-18 11:03:33.815351,5576.5,22547.0,27699.0
2025-06-18 11:03:37.155847,5576.5,22547.0,27699.0
2025-06-18 11:03:39.418758,5576.5,22552.0,27700.0
2025-06-18 11:03:44.419818,5576.5,22587.0,27700.0
2025-06-18 11:03:46.055559,5576.5,22587.0,27700.0
2025-06-18 11:03:47.077717,5576.5,22587.0,27700.0
2025-06-18 11:03:48.905035,5576.5,22587.0,27700.0
2025-06-18 11:03:49.221153,5576.5,22588.0,27695.0
2025-06-18 11:03:49.751331,5576.5,22588.0,27695.0
2025-06-18 11:03:50.562588,5576.5,22588.0,27695.0
2025-06-18 11:03:51.596555,5576.5,22588.0,27695.0
2025-06-18 11:03:52.204093,5576.5,22588.0,27695.0
2025-06-18 11:03:53.079456,5576.5,22588.0,27695.0
2025-06-18 11:03:54.025521,5576.5,22474.0,27818.0
2025-06-18 11:03:54.455388,5576.5,22474.0,27818.0
2025-06-18 11:03:55.728346,5576.5,22474.0,27818.0
2025-06-18 11:03:56.590993,5576.5,22474.0,27818.0
2025-06-18 11:04:00.505110,5576.5,22474.0,27818.0
2025-06-18 11:04:00.510751,5576.5,22455.0,27791.0
2025-06-18 11:04:00.546201,5576.5,22455.0,27791.0
2025-06-18 11:04:00.581999,5576.5,22455.0,27791.0
2025-06-18 11:04:01.181099,5576.5,22455.0,27791.0
2025-06-18 11:04:01.924482,5576.5,22455.0,27791.0
2025-06-18 11:04:04.332423,5576.5,22443.0,27781.0
2025-06-18 11:04:09.548590,5576.5,22440.0,27781.0
2025-06-18 11:04:14.441864,5576.5,22440.0,27781.0
2025-06-18 11:04:19.959130,5576.5,22493.0,27793.0
2025-06-18 11:04:21.186557,5576.5,22493.0,27793.0
2025-06-18 11:04:25.057831,5576.5,22474.0,27786.0
2025-06-18 11:04:29.156898,5576.0,22474.0,27786.0
2025-06-18 11:04:30.261542,5576.0,22484.0,27806.0
2025-06-18 11:04:35.170317,5576.0,22477.0,27786.0
2025-06-18 11:04:37.168254,5576.5,22477.0,27786.0
2025-06-18 11:04:40.069626,5576.5,22523.0,27679.0
2025-06-18 11:04:41.153365,5577.5,22523.0,27679.0
2025-06-18 11:04:45.068639,5577.5,22563.0,27685.0
2025-06-18 11:04:49.159802,5577.5,22563.0,27685.0
2025-06-18 11:04:49.999875,5577.5,22623.0,27695.0
2025-06-18 11:04:51.160179,5577.5,22623.0,27695.0
2025-06-18 11:04:54.775433,5577.5,22569.0,27774.0
2025-06-18 11:04:55.163117,5577.5,22569.0,27774.0
2025-06-18 11:04:59.528757,5577.5,22587.0,27778.0
2025-06-18 11:05:05.174209,5577.5,22570.0,27776.0
2025-06-18 11:05:09.080512,5577.5,22523.0,27764.0
2025-06-18 11:05:09.190318,5577.0,22523.0,27764.0
2025-06-18 11:05:14.491146,5577.0,22450.0,27850.0
2025-06-18 11:05:19.888166,5577.0,22513.0,27811.0
2025-06-18 11:05:24.788863,5577.0,22484.0,27834.0
2025-06-18 11:05:29.592733,5577.0,22493.0,27827.0
2025-06-18 11:05:33.205724,5576.5,22493.0,27827.0
2025-06-18 11:05:35.173258,5576.5,22487.0,27780.0
2025-06-18 11:05:37.171840,5576.5,22487.0,27780.0
2025-06-18 11:05:40.400004,5576.5,22510.0,27826.0
2025-06-18 11:05:45.164140,5576.5,22510.0,27826.0
2025-06-18 11:05:45.304374,5576.5,22481.0,27844.0
2025-06-18 11:05:49.170889,5576.0,22481.0,27844.0
2025-06-18 11:05:50.303803,5576.0,22428.0,27869.0
2025-06-18 11:05:51.172371,5576.0,22428.0,27869.0
2025-06-18 11:05:55.512077,5576.0,22476.0,27922.0
2025-06-18 11:06:00.511825,5576.0,22403.0,27897.0
2025-06-18 11:06:05.116770,5575.0,22469.0,27883.0
2025-06-18 11:06:05.162788,5575.0,22469.0,27883.0
2025-06-18 11:06:10.019254,5575.0,22425.0,27863.0
2025-06-18 11:06:11.207648,5575.0,22425.0,27863.0
2025-06-18 11:06:15.038260,5575.0,22456.0,27867.0
2025-06-18 11:06:20.123233,5575.0,22448.0,27869.0
2025-06-18 11:06:21.161328,5573.0,22448.0,27869.0
2025-06-18 11:06:23.169910,5573.0,22448.0,27869.0
2025-06-18 11:06:25.126144,5573.0,22426.0,27915.0
2025-06-18 11:06:27.166678,5575.0,22426.0,27915.0
2025-06-18 11:06:29.163882,5575.0,22426.0,27915.0
2025-06-18 11:06:29.829124,5575.0,22285.0,28048.0
2025-06-18 11:06:34.535457,5575.0,22239.0,28049.0
2025-06-18 11:06:39.444857,5575.0,22184.0,28060.0
2025-06-18 11:06:44.756030,5574.5,22232.0,28146.0
2025-06-18 11:06:45.164406,5574.5,22232.0,28146.0
2025-06-18 11:06:46.761009,5574.5,22232.0,28146.0
2025-06-18 11:06:47.169830,5572.0,22232.0,28146.0
2025-06-18 11:06:47.624007,5572.0,22232.0,28146.0
2025-06-18 11:06:48.557026,5572.0,22232.0,28146.0
2025-06-18 11:06:49.803390,5572.0,22232.0,28146.0
2025-06-18 11:06:49.806333,5572.0,22271.0,28159.0
2025-06-18 11:06:50.315584,5572.0,22271.0,28159.0
2025-06-18 11:06:51.057700,5572.0,22271.0,28159.0
2025-06-18 11:06:52.047745,5572.0,22271.0,28159.0
2025-06-18 11:06:53.166661,5575.0,22271.0,28159.0
2025-06-18 11:06:53.525770,5575.0,22271.0,28159.0
2025-06-18 11:06:54.345206,5575.0,22310.0,28173.0
2025-06-18 11:06:54.759096,5575.0,22310.0,28173.0
2025-06-18 11:06:56.269753,5575.0,22310.0,28173.0
2025-06-18 11:06:57.114714,5575.0,22310.0,28173.0
2025-06-18 11:06:58.546569,5575.0,22310.0,28173.0
2025-06-18 11:06:59.347875,5575.0,22313.0,28130.0
2025-06-18 11:06:59.669565,5575.0,22313.0,28130.0
2025-06-18 11:07:00.831840,5575.0,22313.0,28130.0
2025-06-18 11:07:01.163172,5574.5,22313.0,28130.0
2025-06-18 11:07:02.291884,5574.5,22313.0,28130.0
2025-06-18 11:07:05.078412,5574.5,22233.0,28152.0
2025-06-18 11:07:10.534926,5574.5,22204.0,28142.0
2025-06-18 11:07:15.058723,5574.5,22224.0,28121.0
2025-06-18 11:07:20.360624,5574.0,22011.0,28283.0
2025-06-18 11:07:22.233205,5574.0,22011.0,28283.0
2025-06-18 11:07:25.359729,5574.0,21970.0,28301.0
2025-06-18 11:07:30.262631,5574.0,21977.0,28308.0
2025-06-18 11:07:35.169234,5574.0,21971.0,28335.0
2025-06-18 11:07:37.174189,5573.5,21971.0,28335.0
2025-06-18 11:07:40.201106,5573.5,21972.0,28266.0
2025-06-18 11:07:45.684720,5571.0,21866.0,28432.0
2025-06-18 11:07:47.180705,5570.0,21866.0,28432.0
2025-06-18 11:07:50.684675,5570.0,21826.0,28432.0
2025-06-18 11:07:52.182120,5571.0,21826.0,28432.0
2025-06-18 11:07:55.168126,5570.0,21826.0,28432.0
2025-06-18 11:07:55.776792,5570.0,21797.0,28385.0
2025-06-18 11:08:00.438386,5570.5,21797.0,28385.0
2025-06-18 11:08:00.875995,5570.5,22029.0,28214.0
2025-06-18 11:08:02.198878,5570.5,22029.0,28214.0
2025-06-18 11:08:04.186227,5573.5,22029.0,28214.0
2025-06-18 11:08:06.080939,5573.5,21902.0,28167.0
2025-06-18 11:08:08.183810,5571.0,21902.0,28167.0
2025-06-18 11:08:12.208106,5571.0,21885.0,28223.0
2025-06-18 11:08:20.437296,5570.5,21660.0,28355.0
2025-06-18 11:08:20.496655,5570.5,21660.0,28355.0
2025-06-18 11:08:21.895481,5570.5,21697.0,28307.0
2025-06-18 11:08:27.602422,5570.5,21517.0,28436.0
2025-06-18 11:08:28.177057,5571.5,21517.0,28436.0
2025-06-18 11:08:30.175326,5571.0,21517.0,28436.0
2025-06-18 11:08:33.105700,5571.0,21662.0,28428.0
2025-06-18 11:08:38.407949,5571.0,21675.0,28441.0
2025-06-18 11:08:43.609991,5571.0,21667.0,28456.0
2025-06-18 11:08:48.810026,5571.0,21652.0,28460.0
2025-06-18 11:08:50.172171,5571.0,21652.0,28460.0
2025-06-18 11:08:54.024119,5571.0,21758.0,28452.0
2025-06-18 11:08:54.178732,5570.0,21758.0,28452.0
2025-06-18 11:08:59.216546,5570.0,21688.0,28463.0
2025-06-18 11:09:04.037781,5570.0,21676.0,28463.0
2025-06-18 11:09:06.175553,5570.5,21676.0,28463.0
2025-06-18 11:09:09.120574,5571.0,21650.0,28478.0
2025-06-18 11:09:10.181029,5571.0,21650.0,28478.0
2025-06-18 11:09:12.172248,5570.0,21650.0,28478.0
2025-06-18 11:09:14.825235,5570.0,21945.0,28246.0
2025-06-18 11:09:16.172107,5571.5,21945.0,28246.0
2025-06-18 11:09:18.872761,5573.5,21945.0,28246.0
2025-06-18 11:09:20.423715,5573.5,21784.0,28032.0
2025-06-18 11:09:22.169270,5573.0,21784.0,28032.0
2025-06-18 11:09:24.175796,5572.0,21784.0,28032.0
2025-06-18 11:09:25.830109,5568.0,21284.0,28942.0
2025-06-18 11:09:26.181878,5568.0,21284.0,28942.0
2025-06-18 11:09:31.034375,5568.0,21433.0,28762.0
2025-06-18 11:09:32.182890,5569.5,21433.0,28762.0
2025-06-18 11:09:34.177666,5569.5,21433.0,28762.0
2025-06-18 11:09:36.176294,5572.0,21433.0,28762.0
2025-06-18 11:09:36.437356,5572.0,22008.0,28092.0
2025-06-18 11:09:40.173016,5570.5,22008.0,28092.0
2025-06-18 11:09:41.738084,5570.5,21661.0,28136.0
2025-06-18 11:09:46.942291,5570.0,21776.0,28034.0
2025-06-18 11:09:47.183033,5570.0,21776.0,28034.0
2025-06-18 11:09:48.176992,5570.0,21776.0,28034.0
2025-06-18 11:09:48.247908,5570.0,21776.0,28034.0
2025-06-18 11:09:49.140719,5570.0,21776.0,28034.0
2025-06-18 11:09:50.062860,5570.0,21776.0,28034.0
2025-06-18 11:09:51.641201,5570.0,21776.0,28034.0
2025-06-18 11:09:52.343918,5570.0,21747.0,28067.0
2025-06-18 11:09:52.638351,5570.0,21747.0,28067.0
2025-06-18 11:09:53.230226,5570.0,21747.0,28067.0
2025-06-18 11:09:54.128929,5570.0,21747.0,28067.0
2025-06-18 11:09:54.205342,5570.5,21747.0,28067.0
2025-06-18 11:09:54.469075,5570.5,21747.0,28067.0
2025-06-18 11:09:55.342931,5570.5,21747.0,28067.0
2025-06-18 11:09:56.590679,5570.5,21747.0,28067.0
2025-06-18 11:09:57.591126,5570.5,21747.0,28067.0
2025-06-18 11:09:57.651717,5570.5,21799.0,28031.0
2025-06-18 11:09:58.181191,5572.5,21799.0,28031.0
2025-06-18 11:09:58.983641,5572.5,21799.0,28031.0
2025-06-18 11:10:00.127586,5572.5,21799.0,28031.0
2025-06-18 11:10:01.255352,5572.5,21799.0,28031.0
2025-06-18 11:10:02.546783,5572.5,22207.0,27844.0
2025-06-18 11:10:02.724006,5572.5,22207.0,27844.0
2025-06-18 11:10:07.552333,5572.5,22138.0,27831.0
2025-06-18 11:10:13.154086,5572.5,22098.0,27818.0
2025-06-18 11:10:18.179858,5574.5,22098.0,27818.0
2025-06-18 11:10:18.558538,5574.5,22124.0,27757.0
2025-06-18 11:10:23.558562,5574.5,22297.0,27524.0
2025-06-18 11:10:29.169310,5574.5,22301.0,27524.0
2025-06-18 11:10:34.673058,5574.5,22234.0,27529.0
2025-06-18 11:10:36.176205,5574.5,22234.0,27529.0
2025-06-18 11:10:40.175784,5574.5,22187.0,27538.0
2025-06-18 11:10:44.177145,5577.0,22187.0,27538.0
2025-06-18 11:10:45.675674,5577.0,22197.0,27601.0
2025-06-18 11:10:46.174259,5576.5,22197.0,27601.0
2025-06-18 11:10:50.776979,5576.5,22290.0,27552.0
2025-06-18 11:10:55.881548,5576.5,22299.0,27514.0
2025-06-18 11:10:58.178931,5576.5,22299.0,27514.0
2025-06-18 11:11:01.190447,5576.5,22156.0,27628.0
2025-06-18 11:11:06.591328,5576.5,22154.0,27621.0
2025-06-18 11:11:12.032838,5576.5,22165.0,27639.0
2025-06-18 11:11:12.183251,5576.5,22165.0,27639.0
2025-06-18 11:11:17.396367,5576.5,22264.0,27516.0
2025-06-18 11:11:20.185449,5577.0,22264.0,27516.0
2025-06-18 11:11:22.526270,5577.0,22302.0,27448.0
2025-06-18 11:11:26.186957,5576.5,22302.0,27448.0
2025-06-18 11:11:27.514575,5576.5,22278.0,27483.0
2025-06-18 11:11:32.189370,5574.5,22278.0,27483.0
2025-06-18 11:11:32.704874,5574.5,22327.0,27498.0
2025-06-18 11:11:37.611552,5574.5,22342.0,27513.0
2025-06-18 11:11:38.188601,5574.5,22342.0,27513.0
2025-06-18 11:11:42.709835,5574.5,22336.0,27526.0
2025-06-18 11:11:47.813838,5574.5,22296.0,27529.0
2025-06-18 11:11:48.205251,5574.5,22296.0,27529.0
2025-06-18 11:11:52.817591,5574.5,22317.0,27532.0
2025-06-18 11:11:57.925494,5574.5,22317.0,27527.0
2025-06-18 11:12:02.731935,5574.5,22326.0,27527.0
2025-06-18 11:12:07.426991,5574.5,22297.0,27528.0
2025-06-18 11:12:08.183851,5574.5,22297.0,27528.0
2025-06-18 11:12:12.436581,5574.5,22317.0,27527.0
2025-06-18 11:12:17.736387,5574.5,22287.0,27602.0
2025-06-18 11:12:22.945914,5574.5,22283.0,27635.0
2025-06-18 11:12:27.747279,5574.5,22314.0,27599.0
2025-06-18 11:12:32.951571,5574.5,22309.0,27617.0
2025-06-18 11:12:34.186124,5574.5,22309.0,27617.0
2025-06-18 11:12:38.256751,5574.5,22349.0,27630.0
2025-06-18 11:12:43.460824,5574.5,22355.0,27630.0
2025-06-18 11:12:47.596068,5574.5,22355.0,27630.0
2025-06-18 11:12:48.263703,5574.5,22349.0,27601.0
2025-06-18 11:12:48.630292,5574.5,22349.0,27601.0
2025-06-18 11:12:49.542970,5574.5,22349.0,27601.0
2025-06-18 11:12:50.456044,5574.5,22349.0,27601.0
2025-06-18 11:12:51.318548,5574.5,22349.0,27601.0
2025-06-18 11:12:52.086075,5574.5,22349.0,27601.0
2025-06-18 11:12:53.104962,5574.5,22349.0,27601.0
2025-06-18 11:12:53.969458,5574.5,22338.0,27608.0
2025-06-18 11:12:54.048648,5574.5,22338.0,27608.0
2025-06-18 11:12:55.763800,5574.5,22338.0,27608.0
2025-06-18 11:12:57.015995,5574.5,22338.0,27608.0
2025-06-18 11:12:57.884792,5574.5,22338.0,27608.0
2025-06-18 11:12:59.294433,5574.5,22338.0,27608.0
2025-06-18 11:12:59.475754,5574.5,22324.0,27632.0
2025-06-18 11:13:00.403480,5574.5,22324.0,27632.0
2025-06-18 11:13:01.581453,5574.5,22324.0,27632.0
2025-06-18 11:13:03.042520,5574.5,22324.0,27632.0
2025-06-18 11:13:04.188772,5574.5,22324.0,27632.0
2025-06-18 11:13:04.475978,5574.5,22327.0,27631.0
2025-06-18 11:13:09.377901,5574.5,22317.0,27611.0
2025-06-18 11:13:14.181510,5574.5,22317.0,27611.0
2025-06-18 11:13:18.985421,5574.5,22321.0,27612.0
2025-06-18 11:13:23.987278,5574.5,22326.0,27612.0
2025-06-18 11:13:28.989995,5574.5,22207.0,27932.0
2025-06-18 11:13:30.191859,5574.5,22207.0,27932.0
2025-06-18 11:13:33.791404,5574.5,22208.0,27809.0
2025-06-18 11:13:38.993802,5574.5,22200.0,27841.0
2025-06-18 11:13:44.204119,5574.5,22203.0,27842.0
2025-06-18 11:13:49.097636,5574.5,22237.0,27830.0
2025-06-18 11:13:53.900439,5574.5,22221.0,27820.0
2025-06-18 11:13:59.506564,5574.5,22246.0,27837.0
2025-06-18 11:14:04.306546,5574.5,22250.0,27836.0
2025-06-18 11:14:09.311750,5574.5,22247.0,27836.0
2025-06-18 11:14:14.314092,5574.5,22230.0,27836.0
2025-06-18 11:14:19.316575,5574.5,22240.0,27836.0
2025-06-18 11:14:24.040973,5574.5,22473.0,27289.0
2025-06-18 11:14:24.198861,5574.5,22473.0,27289.0
2025-06-18 11:14:26.192454,5575.0,22473.0,27289.0
2025-06-18 11:14:28.193218,5577.0,22473.0,27289.0
2025-06-18 11:14:29.424433,5577.0,22987.0,27132.0
2025-06-18 11:14:34.731266,5577.0,22941.0,27141.0
2025-06-18 11:14:36.196450,5579.5,22941.0,27141.0
2025-06-18 11:14:38.196906,5579.5,22941.0,27141.0
2025-06-18 11:14:39.732367,5579.5,23084.0,26944.0
2025-06-18 11:14:44.934906,5580.0,23110.0,26901.0
2025-06-18 11:14:46.196818,5580.0,23110.0,26901.0
2025-06-18 11:14:48.197278,5580.0,23110.0,26901.0
2025-06-18 11:14:50.440984,5580.0,23168.0,26887.0
2025-06-18 11:14:56.054610,5580.0,23152.0,26815.0
2025-06-18 11:14:56.195962,5580.0,23152.0,26815.0
2025-06-18 11:15:01.249468,5580.0,23114.0,26813.0
2025-06-18 11:15:06.964138,5580.0,23103.0,26792.0
2025-06-18 11:15:11.857213,5580.0,23116.0,26772.0
2025-06-18 11:15:14.207664,5580.5,23116.0,26772.0
2025-06-18 11:15:16.760384,5580.5,23028.0,26832.0
2025-06-18 11:15:21.670469,5580.5,23032.0,26778.0
2025-06-18 11:15:24.199196,5581.0,23032.0,26778.0
2025-06-18 11:15:26.199270,5580.5,23032.0,26778.0
2025-06-18 11:15:26.865219,5581.0,23029.0,26804.0
2025-06-18 11:15:28.205434,5581.0,23029.0,26804.0
2025-06-18 11:15:32.199061,5580.5,23029.0,26804.0
2025-06-18 11:15:32.569207,5580.5,22981.0,26848.0
2025-06-18 11:15:36.197125,5581.0,22981.0,26848.0
2025-06-18 11:15:37.975911,5581.0,22997.0,26849.0
2025-06-18 11:15:42.199157,5581.0,22997.0,26849.0
2025-06-18 11:15:43.083522,5581.0,23022.0,26915.0
2025-06-18 11:15:48.077762,5581.0,23022.0,26915.0
2025-06-18 11:15:48.382464,5581.0,23060.0,26885.0
2025-06-18 11:15:49.101011,5581.0,23060.0,26885.0
2025-06-18 11:15:50.944698,5581.0,23060.0,26885.0
2025-06-18 11:15:51.785674,5581.0,23060.0,26885.0
2025-06-18 11:15:52.570531,5581.0,23060.0,26885.0
2025-06-18 11:15:53.577343,5581.0,23060.0,26885.0
2025-06-18 11:15:53.888505,5581.0,23083.0,26885.0
2025-06-18 11:15:54.137250,5581.0,23083.0,26885.0
2025-06-18 11:15:55.041406,5581.0,23083.0,26885.0
2025-06-18 11:15:56.302580,5581.0,23083.0,26885.0
2025-06-18 11:15:57.556340,5581.0,23083.0,26885.0
2025-06-18 11:15:58.424910,5581.0,23083.0,26885.0
2025-06-18 11:15:59.086735,5581.0,23082.0,26895.0
2025-06-18 11:16:00.118116,5581.0,23082.0,26895.0
2025-06-18 11:16:01.252043,5581.0,23082.0,26895.0
2025-06-18 11:16:02.404891,5581.0,23082.0,26895.0
2025-06-18 11:16:03.883939,5581.0,23082.0,26895.0
2025-06-18 11:16:04.391813,5581.0,23066.0,26895.0
2025-06-18 11:16:09.695183,5581.0,23092.0,26892.0
2025-06-18 11:16:15.097505,5581.0,23075.0,26905.0
2025-06-18 11:16:16.213058,5578.0,23075.0,26905.0
2025-06-18 11:16:18.207250,5578.0,23075.0,26905.0
2025-06-18 11:16:20.398015,5578.0,22835.0,27359.0
2025-06-18 11:16:22.211306,5579.5,22835.0,27359.0
2025-06-18 11:16:25.403553,5579.5,22957.0,27237.0
2025-06-18 11:16:30.307539,5579.5,22971.0,27108.0
2025-06-18 11:16:34.217085,5580.0,22971.0,27108.0
2025-06-18 11:16:35.510105,5580.0,22958.0,27138.0
2025-06-18 11:16:40.914613,5580.0,22957.0,27180.0
2025-06-18 11:16:44.204417,5580.0,22957.0,27180.0
2025-06-18 11:16:46.016935,5580.0,22984.0,27101.0
2025-06-18 11:16:51.121171,5580.0,22973.0,27125.0
2025-06-18 11:16:56.208944,5577.5,22973.0,27125.0
2025-06-18 11:16:56.223533,5577.5,22718.0,27429.0
2025-06-18 11:17:00.451550,5578.5,22718.0,27429.0
2025-06-18 11:17:01.426938,5578.5,22904.0,27341.0
2025-06-18 11:17:06.527645,5578.5,22914.0,27340.0
2025-06-18 11:17:11.633424,5578.5,22890.0,27354.0
2025-06-18 11:17:12.213181,5579.5,22890.0,27354.0
2025-06-18 11:17:16.208527,5579.0,22890.0,27354.0
2025-06-18 11:17:16.732258,5579.0,22756.0,27400.0
2025-06-18 11:17:21.840228,5579.0,22809.0,27369.0
2025-06-18 11:17:27.040574,5579.0,22808.0,27384.0
2025-06-18 11:17:28.211176,5579.0,22808.0,27384.0
2025-06-18 11:17:32.149895,5579.0,22657.0,27391.0
2025-06-18 11:17:37.057370,5575.5,22771.0,27350.0
2025-06-18 11:17:38.214858,5575.5,22771.0,27350.0
2025-06-18 11:17:42.352092,5575.5,22876.0,27067.0
2025-06-18 11:17:47.151363,5575.5,22895.0,27213.0
2025-06-18 11:17:51.858264,5575.5,22924.0,27176.0
2025-06-18 11:17:56.698205,5575.5,22968.0,27164.0
2025-06-18 11:18:01.066704,5575.5,22998.0,27165.0
2025-06-18 11:18:05.866508,5575.5,22908.0,27188.0
2025-06-18 11:18:06.217346,5578.5,22908.0,27188.0
2025-06-18 11:18:10.491734,5578.5,22908.0,27188.0
2025-06-18 11:18:10.576307,5578.5,22908.0,27185.0
2025-06-18 11:18:16.373162,5578.5,22862.0,27242.0
2025-06-18 11:18:17.207815,5577.0,22862.0,27242.0
2025-06-18 11:18:22.276828,5577.0,22863.0,27252.0
2025-06-18 11:18:27.481287,5577.0,22823.0,27255.0
2025-06-18 11:18:32.595929,5577.0,22819.0,27257.0
2025-06-18 11:18:37.687192,5577.0,22777.0,27268.0
2025-06-18 11:18:42.687796,5577.0,22762.0,27273.0
2025-06-18 11:18:43.216508,5577.5,22762.0,27273.0
2025-06-18 11:18:47.486086,5577.5,22854.0,27231.0
2025-06-18 11:18:48.480135,5577.5,22854.0,27231.0
2025-06-18 11:18:49.595555,5577.5,22854.0,27231.0
2025-06-18 11:18:50.471715,5577.5,22854.0,27231.0
2025-06-18 11:18:51.409392,5577.5,22854.0,27231.0
2025-06-18 11:18:52.101973,5577.5,22857.0,27222.0
2025-06-18 11:18:52.260470,5577.5,22857.0,27222.0
2025-06-18 11:18:53.045844,5577.5,22857.0,27222.0
2025-06-18 11:18:54.060650,5577.5,22857.0,27222.0
2025-06-18 11:18:55.040906,5577.5,22857.0,27222.0
2025-06-18 11:18:56.791589,5577.5,22857.0,27222.0
2025-06-18 11:18:56.794129,5577.5,22843.0,27219.0
2025-06-18 11:18:58.065848,5577.5,22843.0,27219.0
2025-06-18 11:19:00.287021,5577.5,22843.0,27219.0
2025-06-18 11:19:01.493949,5577.5,22889.0,27204.0
2025-06-18 11:19:01.570279,5577.5,22889.0,27204.0
2025-06-18 11:19:02.715288,5577.5,22889.0,27204.0
2025-06-18 11:19:04.188004,5577.5,22889.0,27204.0
2025-06-18 11:19:07.111644,5577.5,22924.0,27172.0
2025-06-18 11:19:12.200028,5577.5,22991.0,27178.0
2025-06-18 11:19:17.406545,5577.5,22996.0,27191.0
2025-06-18 11:19:21.216133,5577.0,22996.0,27191.0
2025-06-18 11:19:22.615472,5577.0,22934.0,27196.0
2025-06-18 11:19:27.711430,5577.0,22899.0,27193.0
2025-06-18 11:19:32.622298,5577.0,22929.0,27199.0
2025-06-18 11:19:37.516356,5577.0,22933.0,27204.0
2025-06-18 11:19:41.217283,5577.0,22933.0,27204.0
2025-06-18 11:19:42.521991,5577.0,22948.0,27180.0
2025-06-18 11:19:47.430309,5577.0,22986.0,27182.0
2025-06-18 11:19:52.726542,5577.0,22988.0,27183.0
2025-06-18 11:19:58.041146,5577.0,22994.0,27180.0
2025-06-18 11:20:07.943762,5577.0,22991.0,27177.0
2025-06-18 11:20:12.545284,5577.0,22980.0,27171.0
2025-06-18 11:20:17.250449,5577.0,22989.0,27171.0
2025-06-18 11:20:20.219425,5577.0,22989.0,27171.0
2025-06-18 11:20:21.236150,5576.5,22989.0,27171.0
2025-06-18 11:20:22.054618,5576.5,22722.0,27214.0
2025-06-18 11:20:22.216920,5574.5,22722.0,27214.0
2025-06-18 11:20:24.214989,5573.0,22722.0,27214.0
2025-06-18 11:20:27.357859,5573.0,21821.0,27671.0
2025-06-18 11:20:28.216013,5573.5,21821.0,27671.0
2025-06-18 11:20:32.263290,5573.5,21964.0,27655.0
2025-06-18 11:20:37.166678,5573.5,21964.0,27656.0
2025-06-18 11:20:41.967248,5573.5,21911.0,27834.0
2025-06-18 11:20:46.874763,5573.5,21994.0,27805.0
2025-06-18 11:20:51.875265,5573.5,22042.0,27776.0
2025-06-18 11:20:57.078331,5573.5,22070.0,27770.0
2025-06-18 11:21:01.675856,5573.5,22015.0,27793.0
2025-06-18 11:21:06.577348,5573.5,21980.0,27823.0
2025-06-18 11:21:11.220477,5570.0,21980.0,27823.0
2025-06-18 11:21:11.483570,5570.0,21885.0,28065.0
2025-06-18 11:21:12.218704,5572.5,21885.0,28065.0
2025-06-18 11:21:16.191136,5572.5,22010.0,27928.0
2025-06-18 11:21:20.789526,5572.5,22061.0,27920.0
2025-06-18 11:21:25.891387,5572.5,22099.0,27922.0
2025-06-18 11:21:30.994617,5572.5,21910.0,27921.0
2025-06-18 11:21:36.103275,5572.5,22015.0,27920.0
2025-06-18 11:21:40.609801,5572.5,22014.0,27923.0
2025-06-18 11:21:45.203154,5572.5,21981.0,27924.0
2025-06-18 11:21:49.086928,5572.5,21981.0,27924.0
2025-06-18 11:21:50.007273,5572.5,21853.0,27949.0
2025-06-18 11:21:50.220185,5572.5,21853.0,27949.0
2025-06-18 11:21:51.090721,5572.5,21853.0,27949.0
2025-06-18 11:21:52.855613,5572.5,21853.0,27949.0
2025-06-18 11:21:53.660815,5572.5,21853.0,27949.0
2025-06-18 11:21:54.669981,5572.5,21853.0,27949.0
2025-06-18 11:21:55.010518,5572.5,21869.0,27964.0
2025-06-18 11:21:55.221231,5572.5,21869.0,27964.0
2025-06-18 11:21:56.126841,5572.5,21869.0,27964.0
2025-06-18 11:21:57.369686,5572.5,21869.0,27964.0
2025-06-18 11:21:58.704831,5572.5,21869.0,27964.0
2025-06-18 11:21:59.512195,5572.5,21869.0,27964.0
2025-06-18 11:22:00.226649,5571.5,21869.0,27964.0
2025-06-18 11:22:00.411883,5571.5,21925.0,27949.0
2025-06-18 11:22:00.913296,5571.5,21925.0,27949.0
2025-06-18 11:22:02.022894,5571.5,21925.0,27949.0
2025-06-18 11:22:03.396986,5571.5,21925.0,27949.0
2025-06-18 11:22:05.229079,5571.5,21925.0,27949.0
2025-06-18 11:22:05.230455,5571.5,21925.0,27974.0
2025-06-18 11:22:10.132506,5572.5,22020.0,27951.0
2025-06-18 11:22:10.220944,5572.5,22020.0,27951.0
2025-06-18 11:22:15.261023,5572.5,22036.0,27939.0
2025-06-18 11:22:20.233153,5572.5,22034.0,27912.0
2025-06-18 11:22:25.223117,5572.5,22079.0,27910.0
2025-06-18 11:22:29.933295,5572.5,22070.0,27920.0
2025-06-18 11:22:34.248072,5571.5,22070.0,27920.0
2025-06-18 11:22:34.832760,5571.5,22005.0,27934.0
2025-06-18 11:22:39.935888,5571.5,22007.0,27934.0
2025-06-18 11:22:45.190018,5571.5,22008.0,27926.0
2025-06-18 11:22:50.545677,5571.5,21973.0,27935.0
2025-06-18 11:22:53.228909,5572.5,21973.0,27935.0
2025-06-18 11:22:55.351118,5572.5,21987.0,27907.0
2025-06-18 11:23:00.053292,5572.5,21971.0,27983.0
2025-06-18 11:23:00.237263,5572.5,21971.0,27983.0
2025-06-18 11:23:04.954774,5572.5,21632.0,28120.0
2025-06-18 11:23:09.956690,5572.5,21509.0,28195.0
2025-06-18 11:23:14.759762,5572.5,21484.0,28288.0
2025-06-18 11:23:20.186839,5570.0,21266.0,28466.0
2025-06-18 11:23:20.231565,5570.0,21266.0,28466.0
2025-06-18 11:23:25.678376,5570.0,21359.0,28432.0
2025-06-18 11:23:30.978146,5570.0,21564.0,28318.0
2025-06-18 11:23:31.279258,5570.0,21564.0,28318.0
2025-06-18 11:23:36.229294,5570.0,21573.0,28325.0
2025-06-18 11:23:41.079218,5571.0,21624.0,28334.0
2025-06-18 11:23:41.246359,5571.0,21624.0,28334.0
2025-06-18 11:23:45.978620,5571.0,21628.0,28351.0
2025-06-18 11:23:47.234173,5570.5,21628.0,28351.0
2025-06-18 11:23:50.882614,5570.5,21629.0,28311.0
2025-06-18 11:23:55.587492,5570.5,21321.0,28463.0
2025-06-18 11:23:57.244084,5570.5,21321.0,28463.0
2025-06-18 11:23:59.238866,5570.5,21321.0,28463.0
2025-06-18 11:24:00.697684,5570.5,21445.0,28450.0
2025-06-18 11:24:01.236717,5570.5,21445.0,28450.0
2025-06-18 11:24:03.238173,5570.5,21445.0,28450.0
2025-06-18 11:24:05.592293,5570.5,21391.0,28620.0
2025-06-18 11:24:10.494447,5570.5,21371.0,28553.0
2025-06-18 11:24:13.235451,5570.0,21371.0,28553.0
2025-06-18 11:24:17.162743,5570.0,21388.0,28544.0
2025-06-18 11:24:19.277285,5570.0,21388.0,28544.0
2025-06-18 11:24:20.402383,5570.0,21389.0,28538.0
2025-06-18 11:24:25.503192,5570.0,21381.0,28605.0
2025-06-18 11:24:27.235607,5569.5,21381.0,28605.0
2025-06-18 11:24:30.806053,5570.0,21459.0,28491.0
2025-06-18 11:24:31.263191,5570.0,21459.0,28491.0
2025-06-18 11:24:33.279928,5568.0,21459.0,28491.0
2025-06-18 11:24:35.242326,5568.0,21459.0,28491.0
2025-06-18 11:24:35.507030,5568.0,21617.0,28395.0
2025-06-18 11:24:37.261886,5571.5,21617.0,28395.0
2025-06-18 11:24:40.409648,5571.5,21480.0,28355.0
2025-06-18 11:24:43.236195,5571.0,21480.0,28355.0
2025-06-18 11:24:45.210495,5571.0,21767.0,27783.0
2025-06-18 11:24:49.525983,5571.0,21767.0,27783.0
2025-06-18 11:24:50.514676,5571.0,21899.0,27686.0
2025-06-18 11:24:50.603152,5571.0,21899.0,27686.0
2025-06-18 11:24:51.253367,5575.0,21899.0,27686.0
2025-06-18 11:24:51.516921,5575.0,21899.0,27686.0
2025-06-18 11:24:52.413092,5575.0,21899.0,27686.0
2025-06-18 11:24:53.266064,5575.0,21899.0,27686.0
2025-06-18 11:24:54.050403,5575.0,21899.0,27686.0
2025-06-18 11:24:55.075061,5575.0,21899.0,27686.0
2025-06-18 11:24:55.374905,5575.0,21822.0,27704.0
2025-06-18 11:24:55.655672,5575.0,21822.0,27704.0
2025-06-18 11:24:56.060865,5575.0,21822.0,27704.0
2025-06-18 11:24:57.791328,5575.0,21822.0,27704.0
2025-06-18 11:24:59.038723,5575.0,21822.0,27704.0
2025-06-18 11:24:59.238520,5574.5,21822.0,27704.0
2025-06-18 11:24:59.913408,5574.5,21822.0,27704.0
2025-06-18 11:25:00.222109,5575.0,21799.0,27637.0
2025-06-18 11:25:01.232645,5575.0,21799.0,27637.0
2025-06-18 11:25:01.293018,5575.0,21799.0,27637.0
2025-06-18 11:25:02.422441,5575.0,21799.0,27637.0
2025-06-18 11:25:03.237915,5575.0,21799.0,27637.0
2025-06-18 11:25:03.557704,5575.0,21799.0,27637.0
2025-06-18 11:25:05.023354,5575.0,21799.0,27637.0
2025-06-18 11:25:05.128045,5575.0,21671.0,28062.0
2025-06-18 11:25:05.245077,5575.0,21671.0,28062.0
2025-06-18 11:25:10.633048,5573.0,21738.0,27985.0
2025-06-18 11:25:11.266274,5573.0,21738.0,27985.0
2025-06-18 11:25:16.139121,5573.0,21743.0,27944.0
2025-06-18 11:25:21.436409,5573.0,21744.0,27938.0
2025-06-18 11:25:26.545076,5573.0,21747.0,27935.0
2025-06-18 11:25:31.440690,5573.0,21750.0,27938.0
2025-06-18 11:25:36.445083,5573.0,21744.0,27853.0
2025-06-18 11:25:41.246117,5573.0,21735.0,27862.0
2025-06-18 11:25:46.048029,5573.0,21738.0,27862.0
2025-06-18 11:25:51.249719,5573.0,21724.0,27831.0
2025-06-18 11:25:55.243049,5573.0,21724.0,27831.0
2025-06-18 11:25:56.450602,5573.0,21742.0,27849.0
2025-06-18 11:26:01.753176,5573.0,21732.0,27880.0
2025-06-18 11:26:06.956741,5573.0,21750.0,27856.0
2025-06-18 11:26:11.402279,5570.5,21750.0,27856.0
2025-06-18 11:26:11.761478,5570.5,21728.0,27879.0
2025-06-18 11:26:16.693846,5570.5,21706.0,27864.0
2025-06-18 11:26:21.293187,5572.5,21706.0,27864.0
2025-06-18 11:26:21.569145,5572.5,21804.0,27872.0
2025-06-18 11:26:26.370960,5572.5,21795.0,27871.0
2025-06-18 11:26:29.261151,5572.5,21795.0,27871.0
2025-06-18 11:26:31.372787,5572.5,21804.0,27871.0
2025-06-18 11:26:36.277565,5572.5,21807.0,27871.0
2025-06-18 11:26:41.283781,5572.5,21621.0,28044.0
2025-06-18 11:26:46.581071,5572.5,21651.0,28042.0
2025-06-18 11:26:51.488960,5572.5,21650.0,28060.0
2025-06-18 11:26:56.487821,5572.5,21643.0,28107.0
2025-06-18 11:27:01.721986,5572.5,21611.0,28280.0
2025-06-18 11:27:06.731911,5572.5,21646.0,28213.0
2025-06-18 11:27:11.602776,5572.5,21608.0,28231.0
2025-06-18 11:27:13.243190,5571.5,21608.0,28231.0
2025-06-18 11:27:16.602753,5568.5,21605.0,28188.0
2025-06-18 11:27:17.255132,5568.5,21605.0,28188.0
2025-06-18 11:27:21.410993,5568.5,21633.0,28170.0
2025-06-18 11:27:25.288834,5571.5,21633.0,28170.0
2025-06-18 11:27:26.309762,5571.5,21512.0,28218.0
2025-06-18 11:27:31.309942,5571.5,21493.0,28203.0
2025-06-18 11:27:36.717971,5571.5,21620.0,28193.0
2025-06-18 11:27:37.254723,5571.5,21620.0,28193.0
2025-06-18 11:27:41.728789,5571.5,21653.0,28236.0
2025-06-18 11:27:47.618436,5571.5,21745.0,28256.0
2025-06-18 11:27:49.243196,5571.5,21745.0,28256.0
2025-06-18 11:27:49.914949,5571.5,21745.0,28256.0
2025-06-18 11:27:51.006396,5571.5,21745.0,28256.0
2025-06-18 11:27:51.924176,5571.5,21745.0,28256.0
2025-06-18 11:27:52.854523,5571.5,21745.0,28256.0
2025-06-18 11:27:53.524154,5571.5,21771.0,28182.0
2025-06-18 11:27:53.766109,5571.5,21771.0,28182.0
2025-06-18 11:27:54.495146,5571.5,21771.0,28182.0
2025-06-18 11:27:55.513926,5571.5,21771.0,28182.0
2025-06-18 11:27:56.068949,5571.5,21771.0,28182.0
2025-06-18 11:27:57.347783,5571.5,21771.0,28182.0
2025-06-18 11:27:58.258203,5571.5,21771.0,28182.0
2025-06-18 11:27:58.624616,5571.5,21757.0,28187.0
2025-06-18 11:27:59.462210,5571.5,21757.0,28187.0
2025-06-18 11:28:00.321344,5571.5,21757.0,28187.0
2025-06-18 11:28:01.730584,5571.5,21757.0,28187.0
2025-06-18 11:28:02.855974,5571.5,21757.0,28187.0
2025-06-18 11:28:03.228944,5571.5,21739.0,28183.0
2025-06-18 11:28:03.979276,5571.5,21739.0,28183.0
2025-06-18 11:28:05.604814,5571.5,21739.0,28183.0
2025-06-18 11:28:10.439505,5571.5,21730.0,28227.0
2025-06-18 11:28:12.833810,5571.5,21730.0,28231.0
2025-06-18 11:28:17.246439,5571.5,21730.0,28231.0
2025-06-18 11:28:17.836838,5571.5,21760.0,28231.0
2025-06-18 11:28:21.243217,5571.0,21760.0,28231.0
2025-06-18 11:28:23.252022,5571.0,21730.0,28184.0
2025-06-18 11:28:28.543019,5571.0,21734.0,28225.0
2025-06-18 11:28:31.244724,5568.0,21734.0,28225.0
2025-06-18 11:28:33.547232,5568.0,21677.0,28209.0
2025-06-18 11:28:37.246892,5570.0,21677.0,28209.0
2025-06-18 11:28:38.450389,5570.0,21691.0,28215.0
2025-06-18 11:28:39.247421,5570.0,21691.0,28215.0
2025-06-18 11:28:43.354712,5570.0,21755.0,28228.0
2025-06-18 11:28:48.460230,5570.0,21747.0,28226.0
2025-06-18 11:28:51.249271,5569.5,21747.0,28226.0
2025-06-18 11:28:53.246438,5569.5,21747.0,28226.0
2025-06-18 11:28:53.463623,5569.5,21659.0,28198.0
2025-06-18 11:28:57.265237,5569.5,21659.0,28198.0
2025-06-18 11:28:58.402553,5569.5,21642.0,28222.0
2025-06-18 11:28:59.245750,5571.5,21642.0,28222.0
2025-06-18 11:29:02.864280,5571.5,21601.0,28234.0
2025-06-18 11:29:05.276002,5571.5,21601.0,28234.0
2025-06-18 11:29:07.568056,5571.5,21714.0,28219.0
2025-06-18 11:29:12.869269,5571.5,21717.0,28206.0
2025-06-18 11:29:18.214507,5571.5,21735.0,28201.0
2025-06-18 11:29:23.503530,5571.5,21754.0,28209.0
2025-06-18 11:29:27.248702,5572.0,21754.0,28209.0
2025-06-18 11:29:28.800479,5572.0,21761.0,28160.0
2025-06-18 11:29:33.985807,5572.0,21627.0,28175.0
2025-06-18 11:29:39.248960,5571.5,21627.0,28175.0
2025-06-18 11:29:39.489457,5571.5,21611.0,28268.0
2025-06-18 11:29:44.591876,5571.5,21610.0,28301.0
2025-06-18 11:29:49.392831,5571.5,21624.0,28281.0
2025-06-18 11:29:54.222320,5571.5,21493.0,28352.0
2025-06-18 11:29:59.503606,5571.5,21513.0,28347.0
2025-06-18 11:30:04.610169,5571.5,21508.0,28347.0
2025-06-18 11:30:10.110161,5571.5,21464.0,28356.0
2025-06-18 11:30:15.625166,5571.5,21342.0,28393.0
2025-06-18 11:30:20.919798,5571.5,21372.0,28362.0
2025-06-18 11:30:26.622410,5566.5,21365.0,28368.0
2025-06-18 11:30:27.253069,5566.5,21365.0,28368.0
2025-06-18 11:30:31.823971,5566.5,21365.0,28381.0
2025-06-18 11:30:37.306060,5566.5,21365.0,28376.0
2025-06-18 11:30:42.236626,5566.5,21360.0,28353.0
2025-06-18 11:30:43.274256,5566.5,21360.0,28353.0
2025-06-18 11:30:47.733239,5566.5,21350.0,28362.0
2025-06-18 11:30:50.347976,5566.5,21350.0,28362.0
2025-06-18 11:30:51.435353,5566.5,21350.0,28362.0
2025-06-18 11:30:52.357775,5566.5,21350.0,28362.0
2025-06-18 11:30:52.836772,5566.5,21377.0,28449.0
2025-06-18 11:30:53.259040,5569.5,21377.0,28449.0
2025-06-18 11:30:53.301791,5569.5,21377.0,28449.0
2025-06-18 11:30:54.168877,5569.5,21377.0,28449.0
2025-06-18 11:30:55.988252,5569.5,21377.0,28449.0
2025-06-18 11:30:56.552368,5569.5,21377.0,28449.0
2025-06-18 11:30:57.457255,5569.5,21377.0,28449.0
2025-06-18 11:30:57.842457,5569.5,21442.0,28462.0
2025-06-18 11:30:58.744839,5569.5,21442.0,28462.0
2025-06-18 11:30:59.963895,5569.5,21442.0,28462.0
2025-06-18 11:31:00.836587,5569.5,21442.0,28462.0
2025-06-18 11:31:02.290206,5569.5,21442.0,28462.0
2025-06-18 11:31:02.652150,5569.5,21465.0,28492.0
2025-06-18 11:31:03.268487,5569.0,21465.0,28492.0
2025-06-18 11:31:03.359887,5569.0,21465.0,28492.0
2025-06-18 11:31:04.498261,5569.0,21465.0,28492.0
2025-06-18 11:31:05.977352,5569.0,21465.0,28492.0
2025-06-18 11:31:07.548491,5569.0,21575.0,28436.0
2025-06-18 11:31:12.755342,5569.0,21629.0,28446.0
2025-06-18 11:31:17.960755,5569.0,21668.0,28447.0
2025-06-18 11:31:19.348003,5567.0,21668.0,28447.0
2025-06-18 11:31:23.275199,5567.0,21344.0,28712.0
2025-06-18 11:31:28.869731,5567.0,21356.0,28629.0
2025-06-18 11:31:34.282337,5567.0,21360.0,28621.0
2025-06-18 11:31:39.317383,5567.0,21353.0,28647.0
2025-06-18 11:31:44.382144,5567.0,21353.0,28650.0
2025-06-18 11:31:47.303524,5568.0,21353.0,28650.0
2025-06-18 11:31:49.484561,5568.0,21359.0,28653.0
2025-06-18 11:31:54.489359,5566.0,20989.0,28969.0
2025-06-18 11:31:55.263296,5566.0,20989.0,28969.0
2025-06-18 11:31:57.445392,5566.5,20989.0,28969.0
2025-06-18 11:31:59.264789,5568.5,20989.0,28969.0
2025-06-18 11:31:59.493670,5568.5,21145.0,28730.0
2025-06-18 11:32:03.265940,5568.0,21145.0,28730.0
2025-06-18 11:32:04.306338,5568.0,21204.0,28682.0
2025-06-18 11:32:10.003017,5568.0,21214.0,28669.0
2025-06-18 11:32:16.108158,5568.0,21280.0,28547.0
2025-06-18 11:32:18.261518,5568.0,21280.0,28547.0
2025-06-18 11:32:20.280751,5568.0,21280.0,28547.0
2025-06-18 11:32:21.415365,5568.0,21034.0,28652.0
2025-06-18 11:32:23.258761,5564.5,21034.0,28652.0
2025-06-18 11:32:27.319991,5564.5,20964.0,28724.0
2025-06-18 11:32:33.022782,5564.5,21018.0,28710.0
2025-06-18 11:32:38.931803,5564.5,21068.0,28695.0
2025-06-18 11:32:41.267512,5563.5,21068.0,28695.0
2025-06-18 11:32:44.529474,5563.5,20980.0,28762.0
2025-06-18 11:32:49.833779,5563.5,21035.0,28741.0
2025-06-18 11:32:54.953339,5563.5,21049.0,28729.0
2025-06-18 11:32:56.295051,5566.0,21049.0,28729.0
2025-06-18 11:33:00.439968,5566.5,20994.0,28803.0
2025-06-18 11:33:02.265301,5565.5,20994.0,28803.0
2025-06-18 11:33:05.280987,5566.5,20994.0,28803.0
2025-06-18 11:33:05.750299,5566.5,20857.0,28885.0
2025-06-18 11:33:08.264071,5566.0,20857.0,28885.0
2025-06-18 11:33:11.264749,5568.5,20857.0,28885.0
2025-06-18 11:33:11.344139,5568.5,21066.0,28687.0
2025-06-18 11:33:16.649592,5568.0,21427.0,28286.0
2025-06-18 11:33:17.279997,5568.0,21427.0,28286.0
2025-06-18 11:33:20.270059,5570.5,21427.0,28286.0
2025-06-18 11:33:21.748456,5570.5,21528.0,28272.0
2025-06-18 11:33:26.313859,5570.5,21528.0,28272.0
2025-06-18 11:33:27.054362,5568.5,21586.0,28171.0
2025-06-18 11:33:29.270017,5568.5,21586.0,28171.0
2025-06-18 11:33:32.854500,5570.0,21586.0,28219.0
2025-06-18 11:33:33.278041,5570.0,21586.0,28219.0
2025-06-18 11:33:36.263880,5569.0,21586.0,28219.0
2025-06-18 11:33:38.760377,5569.0,20520.0,28632.0
2025-06-18 11:33:44.760300,5569.0,21287.0,28416.0
2025-06-18 11:33:50.566786,5569.0,21265.0,28495.0
2025-06-18 11:33:51.120466,5569.0,21265.0,28495.0
2025-06-18 11:33:52.239982,5569.0,21265.0,28495.0
2025-06-18 11:33:53.191266,5569.0,21265.0,28495.0
2025-06-18 11:33:54.108674,5569.0,21265.0,28495.0
2025-06-18 11:33:55.796731,5569.0,21265.0,28495.0
2025-06-18 11:33:56.281695,5569.0,21346.0,28459.0
2025-06-18 11:33:56.899930,5569.0,21346.0,28459.0
2025-06-18 11:33:57.474812,5569.0,21346.0,28459.0
2025-06-18 11:33:58.373098,5569.0,21346.0,28459.0
2025-06-18 11:33:59.740095,5569.0,21346.0,28459.0
2025-06-18 11:34:00.887742,5569.0,21346.0,28459.0
2025-06-18 11:34:01.757630,5569.0,21346.0,28459.0
2025-06-18 11:34:01.875591,5569.0,21449.0,28275.0
2025-06-18 11:34:02.977334,5569.0,21438.0,28301.0
2025-06-18 11:34:03.146056,5569.0,21438.0,28301.0
2025-06-18 11:34:03.977018,5569.0,21347.0,28310.0
2025-06-18 11:34:04.283075,5569.0,21347.0,28310.0
2025-06-18 11:34:05.085219,5569.0,21359.0,28305.0
2025-06-18 11:34:05.549039,5569.0,21359.0,28305.0
2025-06-18 11:34:06.299259,5569.0,21359.0,28293.0
2025-06-18 11:34:06.891931,5569.0,21359.0,28293.0
2025-06-18 11:34:07.176527,5569.0,21365.0,28281.0
2025-06-18 11:34:08.181279,5569.0,21358.0,28275.0
2025-06-18 11:34:09.780259,5569.0,21319.0,28314.0
2025-06-18 11:34:10.878768,5569.0,21375.0,28284.0
2025-06-18 11:34:11.882652,5569.0,21399.0,28280.0
2025-06-18 11:34:12.983810,5569.0,21318.0,28336.0
2025-06-18 11:34:14.083841,5569.0,21340.0,28299.0
2025-06-18 11:34:15.185369,5565.5,21330.0,28226.0
2025-06-18 11:34:15.278961,5565.5,21330.0,28226.0
2025-06-18 11:34:16.289535,5565.5,21297.0,28272.0
2025-06-18 11:34:17.186654,5565.5,21357.0,28263.0
2025-06-18 11:34:18.292388,5565.5,21362.0,28285.0
2025-06-18 11:34:19.386295,5565.5,21368.0,28273.0
2025-06-18 11:34:20.488659,5568.5,21494.0,28254.0
2025-06-18 11:34:21.285181,5568.5,21494.0,28254.0
2025-06-18 11:34:21.588785,5568.5,21521.0,28258.0
2025-06-18 11:34:22.588981,5568.5,21519.0,28258.0
2025-06-18 11:34:23.690152,5568.5,21491.0,28238.0
2025-06-18 11:34:24.694807,5568.5,21524.0,28249.0
2025-06-18 11:34:25.792810,5568.5,21567.0,28206.0
2025-06-18 11:34:26.795479,5568.5,21559.0,28206.0
2025-06-18 11:34:27.737403,5568.5,21566.0,28212.0
2025-06-18 11:34:28.795091,5568.5,21562.0,28206.0
2025-06-18 11:34:29.895107,5568.5,21443.0,28230.0
2025-06-18 11:34:30.996452,5566.5,21384.0,28234.0
2025-06-18 11:34:31.274012,5566.5,21384.0,28234.0
2025-06-18 11:34:32.097349,5566.5,21377.0,28236.0
2025-06-18 11:34:32.998558,5566.5,21368.0,28236.0
2025-06-18 11:34:33.999228,5568.5,21443.0,28215.0
2025-06-18 11:34:34.268955,5568.5,21443.0,28215.0
2025-06-18 11:34:34.997263,5568.5,21464.0,28194.0
2025-06-18 11:34:36.099883,5568.5,21465.0,28206.0
2025-06-18 11:34:37.426715,5568.5,21459.0,28201.0
2025-06-18 11:34:38.203024,5568.5,21461.0,28201.0
2025-06-18 11:34:39.308356,5568.5,21492.0,28151.0
2025-06-18 11:34:40.274194,5568.5,21492.0,28151.0
2025-06-18 11:34:40.401120,5568.5,21497.0,28151.0
2025-06-18 11:34:41.503729,5568.5,21493.0,28154.0
2025-06-18 11:34:42.601161,5568.5,21493.0,28147.0
2025-06-18 11:34:43.274009,5568.5,21493.0,28147.0
2025-06-18 11:34:43.734108,5568.5,21467.0,28060.0
2025-06-18 11:34:44.734192,5568.5,21468.0,28078.0
2025-06-18 11:34:45.804812,5568.5,21450.0,28078.0
2025-06-18 11:34:47.002604,5568.5,21449.0,28066.0
2025-06-18 11:34:47.907652,5568.5,21443.0,27990.0
2025-06-18 11:34:49.006837,5568.5,21431.0,28106.0
2025-06-18 11:34:50.011451,5568.5,21455.0,28106.0
2025-06-18 11:34:51.109662,5568.5,21468.0,28077.0
2025-06-18 11:34:52.220404,5568.5,21463.0,28094.0
2025-06-18 11:34:53.315229,5568.5,21462.0,28096.0
2025-06-18 11:34:54.310872,5568.5,21457.0,28074.0
2025-06-18 11:34:55.412831,5568.5,21465.0,28080.0
2025-06-18 11:34:56.413321,5568.5,21500.0,27988.0
2025-06-18 11:34:57.412730,5568.5,21497.0,27954.0
2025-06-18 11:35:00.483183,5568.5,21461.0,27946.0
2025-06-18 11:35:00.493334,5568.5,21498.0,27996.0
2025-06-18 11:35:00.724849,5568.5,21471.0,28028.0
2025-06-18 11:35:05.916429,5568.5,21543.0,28008.0
2025-06-18 11:35:08.333732,5568.0,21543.0,28008.0
2025-06-18 11:35:11.618151,5568.5,21577.0,27994.0
2025-06-18 11:35:12.499807,5568.5,21577.0,27994.0
2025-06-18 11:35:17.331286,5568.5,21535.0,28040.0
2025-06-18 11:35:22.924167,5568.5,21550.0,28120.0
2025-06-18 11:35:28.930765,5568.5,21294.0,28455.0
2025-06-18 11:35:30.313237,5566.0,21294.0,28455.0
2025-06-18 11:35:34.528214,5569.0,21188.0,28408.0
2025-06-18 11:35:35.299727,5569.0,21188.0,28408.0
2025-06-18 11:35:40.535154,5569.0,21327.0,28328.0
2025-06-18 11:35:41.313936,5566.0,21327.0,28328.0
2025-06-18 11:35:46.538901,5566.0,21285.0,28363.0
2025-06-18 11:35:50.277694,5568.5,21285.0,28363.0
2025-06-18 11:35:52.244410,5565.5,21276.0,28416.0
2025-06-18 11:35:53.276930,5565.5,21276.0,28416.0
2025-06-18 11:35:57.289420,5567.5,21276.0,28416.0
2025-06-18 11:35:57.947656,5567.5,21087.0,28568.0
2025-06-18 11:36:03.280147,5567.5,21087.0,28568.0
2025-06-18 11:36:03.760505,5567.5,21203.0,28448.0
2025-06-18 11:36:09.628962,5567.5,21243.0,28444.0
2025-06-18 11:36:15.162786,5567.5,21209.0,28438.0
2025-06-18 11:36:20.856400,5567.5,21188.0,28513.0
2025-06-18 11:36:26.457524,5567.5,21236.0,28307.0
2025-06-18 11:36:31.293952,5565.0,21236.0,28307.0
2025-06-18 11:36:31.964432,5565.0,21144.0,28339.0
2025-06-18 11:36:33.286042,5568.0,21144.0,28339.0
2025-06-18 11:36:37.263694,5568.0,21192.0,28466.0
2025-06-18 11:36:42.467400,5568.0,21203.0,28472.0
2025-06-18 11:36:47.675017,5568.0,21226.0,28476.0
2025-06-18 11:36:51.358227,5568.0,21226.0,28476.0
2025-06-18 11:36:52.467643,5568.0,21226.0,28476.0
2025-06-18 11:36:53.171071,5568.0,21179.0,28526.0
2025-06-18 11:36:53.402538,5568.0,21179.0,28526.0
2025-06-18 11:36:54.356404,5568.0,21179.0,28526.0
2025-06-18 11:36:55.250064,5568.0,21179.0,28526.0
2025-06-18 11:36:56.044599,5568.0,21179.0,28526.0
2025-06-18 11:36:57.104668,5568.0,21179.0,28526.0
2025-06-18 11:36:58.087050,5568.0,21179.0,28526.0
2025-06-18 11:36:58.483289,5568.0,21190.0,28527.0
2025-06-18 11:36:58.567618,5568.0,21190.0,28527.0
2025-06-18 11:36:59.824898,5568.0,21190.0,28527.0
2025-06-18 11:37:01.084478,5568.0,21190.0,28527.0
2025-06-18 11:37:03.362716,5568.0,21190.0,28527.0
2025-06-18 11:37:03.878940,5568.0,21212.0,28527.0
2025-06-18 11:37:04.498210,5568.0,21212.0,28527.0
2025-06-18 11:37:05.703370,5568.0,21212.0,28527.0
2025-06-18 11:37:07.102669,5568.0,21212.0,28527.0
2025-06-18 11:37:08.980943,5568.0,21202.0,28520.0
2025-06-18 11:37:14.182957,5568.0,21216.0,28499.0
2025-06-18 11:37:19.189757,5568.0,21228.0,28499.0
2025-06-18 11:37:23.328774,5567.0,21228.0,28499.0
2025-06-18 11:37:24.089518,5567.0,21214.0,28523.0
2025-06-18 11:37:29.094050,5567.0,21217.0,28489.0
2025-06-18 11:37:34.398886,5567.0,21249.0,28491.0
2025-06-18 11:37:39.289981,5566.0,21249.0,28491.0
2025-06-18 11:37:39.903791,5566.0,21358.0,28373.0
2025-06-18 11:37:45.309165,5566.0,21329.0,28439.0
2025-06-18 11:37:47.292315,5565.5,21329.0,28439.0
2025-06-18 11:37:50.708621,5565.5,21287.0,28483.0
2025-06-18 11:37:53.291487,5567.5,21287.0,28483.0
2025-06-18 11:37:56.114230,5569.5,21343.0,28223.0
2025-06-18 11:37:57.287941,5569.5,21343.0,28223.0
2025-06-18 11:38:01.516525,5569.5,21374.0,28257.0
2025-06-18 11:38:06.290720,5570.0,21374.0,28257.0
2025-06-18 11:38:07.220085,5570.0,21416.0,28226.0
2025-06-18 11:38:12.818550,5570.0,21397.0,28230.0
2025-06-18 11:38:18.322869,5570.0,21385.0,28235.0
2025-06-18 11:38:23.627946,5570.0,21401.0,28223.0
2025-06-18 11:38:28.769822,5570.0,21340.0,28281.0
2025-06-18 11:38:34.135650,5570.0,21341.0,28254.0
2025-06-18 11:38:39.443751,5570.0,21364.0,28254.0
2025-06-18 11:38:44.541833,5570.0,21328.0,28253.0
2025-06-18 11:38:48.295344,5570.0,21328.0,28253.0
2025-06-18 11:38:49.768582,5570.0,21338.0,28341.0
2025-06-18 11:38:54.776271,5570.0,21331.0,28345.0
2025-06-18 11:38:59.765969,5570.0,21697.0,27796.0
2025-06-18 11:39:00.290608,5571.0,21697.0,27796.0
2025-06-18 11:39:04.573187,5571.0,21793.0,27591.0
2025-06-18 11:39:10.178424,5571.0,21717.0,27699.0
2025-06-18 11:39:15.779340,5571.0,21744.0,27785.0
2025-06-18 11:39:18.295206,5571.0,21744.0,27785.0
2025-06-18 11:39:21.368544,5571.0,21876.0,27676.0
2025-06-18 11:39:26.815243,5571.0,21789.0,27678.0
2025-06-18 11:39:31.675593,5571.0,21777.0,27675.0
2025-06-18 11:39:37.082042,5571.0,21786.0,27681.0
2025-06-18 11:39:42.282028,5571.0,21793.0,27677.0
2025-06-18 11:39:42.292451,5571.0,21793.0,27677.0
2025-06-18 11:39:47.384297,5571.0,21772.0,27677.0
2025-06-18 11:39:48.293816,5571.0,21772.0,27677.0
2025-06-18 11:39:51.777011,5571.0,21772.0,27677.0
2025-06-18 11:39:52.986006,5571.0,21776.0,27708.0
2025-06-18 11:39:53.300698,5571.0,21776.0,27708.0
2025-06-18 11:39:54.233455,5571.0,21776.0,27708.0
2025-06-18 11:39:55.195376,5571.0,21776.0,27708.0
2025-06-18 11:39:56.057069,5571.0,21776.0,27708.0
2025-06-18 11:39:57.940662,5571.0,21776.0,27708.0
2025-06-18 11:39:58.301616,5571.0,21774.0,27701.0
2025-06-18 11:39:58.512925,5571.0,21774.0,27701.0
2025-06-18 11:39:59.412749,5571.0,21774.0,27701.0
2025-06-18 11:40:00.677628,5571.0,21774.0,27701.0
2025-06-18 11:40:01.935149,5571.0,21774.0,27701.0
2025-06-18 11:40:02.804923,5571.0,21774.0,27701.0
2025-06-18 11:40:03.397894,5571.0,21768.0,27727.0
2025-06-18 11:40:04.207998,5571.0,21768.0,27727.0
2025-06-18 11:40:05.353216,5571.0,21768.0,27727.0
2025-06-18 11:40:06.487337,5571.0,21768.0,27727.0
2025-06-18 11:40:07.993350,5571.0,21768.0,27727.0
2025-06-18 11:40:08.296196,5570.5,21768.0,27727.0
2025-06-18 11:40:08.502007,5570.5,21764.0,27743.0
2025-06-18 11:40:13.598954,5570.5,21757.0,27748.0
2025-06-18 11:40:18.802774,5570.5,21742.0,27753.0
2025-06-18 11:40:24.406354,5570.5,21747.0,27759.0
2025-06-18 11:40:30.022504,5570.5,21754.0,27745.0
2025-06-18 11:40:35.414567,5570.5,21748.0,27759.0
2025-06-18 11:40:40.724242,5570.5,21723.0,27755.0
2025-06-18 11:40:46.121708,5570.5,21757.0,27763.0
2025-06-18 11:40:51.330241,5570.5,21714.0,27757.0
2025-06-18 11:40:56.728945,5570.5,21683.0,27733.0
2025-06-18 11:41:02.034142,5570.5,21882.0,27711.0
2025-06-18 11:41:07.436840,5570.5,21912.0,27715.0
2025-06-18 11:41:10.308177,5571.0,21912.0,27715.0
2025-06-18 11:41:12.304739,5571.0,21912.0,27715.0
2025-06-18 11:41:12.639690,5571.0,21922.0,27697.0
2025-06-18 11:41:17.751133,5571.0,21941.0,27744.0
2025-06-18 11:41:22.753987,5571.0,21925.0,27744.0
2025-06-18 11:41:26.316910,5571.0,21925.0,27744.0
2025-06-18 11:41:27.848959,5571.0,21955.0,27750.0
2025-06-18 11:41:33.056458,5571.0,22193.0,27527.0
2025-06-18 11:41:36.304405,5570.5,22193.0,27527.0
2025-06-18 11:41:38.769043,5570.5,22124.0,27616.0
2025-06-18 11:41:40.317210,5570.5,22124.0,27616.0
2025-06-18 11:41:44.076499,5570.5,22127.0,27620.0
2025-06-18 11:41:48.311220,5570.5,22127.0,27620.0
2025-06-18 11:41:49.163645,5570.5,22160.0,27607.0
2025-06-18 11:41:54.173951,5570.5,22152.0,27652.0
2025-06-18 11:41:59.074123,5570.5,22162.0,27661.0
2025-06-18 11:42:00.309093,5570.0,22162.0,27661.0
2025-06-18 11:42:02.321982,5570.0,22162.0,27661.0
2025-06-18 11:42:03.775217,5570.5,22206.0,27499.0
2025-06-18 11:42:04.304521,5570.5,22206.0,27499.0
2025-06-18 11:42:06.350679,5570.5,22206.0,27499.0
2025-06-18 11:42:08.308790,5571.5,22206.0,27499.0
2025-06-18 11:42:09.097089,5571.5,22303.0,27464.0
2025-06-18 11:42:14.082588,5571.5,22472.0,27429.0
2025-06-18 11:42:18.989448,5571.5,22497.0,27435.0
2025-06-18 11:42:24.287779,5571.5,22355.0,27448.0
2025-06-18 11:42:29.493034,5571.5,22338.0,27456.0
2025-06-18 11:42:34.500664,5571.5,22342.0,27458.0
2025-06-18 11:42:38.338552,5573.0,22342.0,27458.0
2025-06-18 11:42:39.805508,5573.0,22347.0,27511.0
2025-06-18 11:42:45.405200,5573.0,22252.0,27562.0
2025-06-18 11:42:48.315504,5573.0,22252.0,27562.0
2025-06-18 11:42:51.110585,5573.0,22488.0,27524.0
2025-06-18 11:42:52.481775,5573.0,22488.0,27524.0
2025-06-18 11:42:53.347642,5573.0,22488.0,27524.0
2025-06-18 11:42:54.562909,5574.5,22488.0,27524.0
2025-06-18 11:42:54.571948,5574.5,22488.0,27524.0
2025-06-18 11:42:55.518127,5574.5,22488.0,27524.0
2025-06-18 11:42:56.352603,5574.5,22488.0,27524.0
2025-06-18 11:42:56.398550,5574.5,22488.0,27524.0
2025-06-18 11:42:56.515278,5574.5,22414.0,27536.0
2025-06-18 11:42:57.225991,5574.5,22414.0,27536.0
2025-06-18 11:42:58.309672,5574.5,22414.0,27536.0
2025-06-18 11:42:58.339201,5571.5,22414.0,27536.0
2025-06-18 11:42:58.881028,5571.5,22414.0,27536.0
2025-06-18 11:42:59.301474,5571.5,22414.0,27536.0
2025-06-18 11:43:00.163230,5571.5,22414.0,27536.0
2025-06-18 11:43:01.045474,5571.5,22414.0,27536.0
2025-06-18 11:43:01.516716,5571.5,22373.0,27543.0
2025-06-18 11:43:02.331464,5571.5,22373.0,27543.0
2025-06-18 11:43:03.172806,5571.5,22373.0,27543.0
2025-06-18 11:43:04.583345,5571.5,22373.0,27543.0
2025-06-18 11:43:05.770792,5571.5,22373.0,27543.0
2025-06-18 11:43:06.619772,5571.5,22451.0,27549.0
2025-06-18 11:43:06.873977,5571.5,22451.0,27549.0
2025-06-18 11:43:08.448649,5571.5,22451.0,27549.0
2025-06-18 11:43:11.720697,5574.0,22322.0,27594.0
2025-06-18 11:43:12.356633,5574.0,22322.0,27594.0
2025-06-18 11:43:17.422435,5574.0,22399.0,27554.0
2025-06-18 11:43:22.825314,5574.0,22358.0,27531.0
2025-06-18 11:43:24.347461,5571.0,22358.0,27531.0
2025-06-18 11:43:27.828390,5571.0,22311.0,27539.0
2025-06-18 11:43:33.159366,5571.0,22359.0,27539.0
2025-06-18 11:43:38.358290,5571.0,22353.0,27561.0
2025-06-18 11:43:43.841287,5571.0,22330.0,27565.0
2025-06-18 11:43:49.924198,5571.0,22330.0,27565.0
2025-06-18 11:43:49.964204,5571.0,22348.0,27540.0
2025-06-18 11:43:54.661627,5571.0,22361.0,27562.0
2025-06-18 11:43:59.857137,5571.0,22354.0,27558.0
2025-06-18 11:44:04.957310,5571.0,22355.0,27552.0
2025-06-18 11:44:09.863284,5571.0,22339.0,27556.0
2025-06-18 11:44:15.180622,5571.0,22301.0,27541.0
2025-06-18 11:44:20.371684,5571.0,22295.0,27537.0
2025-06-18 11:44:25.178027,5571.0,22304.0,27506.0
2025-06-18 11:44:30.287599,5571.0,22272.0,27516.0
2025-06-18 11:44:34.979808,5571.0,22319.0,27514.0
2025-06-18 11:44:40.183808,5571.0,22333.0,27517.0
2025-06-18 11:44:45.586185,5571.0,22282.0,27545.0
2025-06-18 11:44:50.689428,5571.0,22335.0,27532.0
2025-06-18 11:44:55.390149,5571.0,22362.0,27535.0
2025-06-18 11:45:00.540171,5571.0,22398.0,27249.0
2025-06-18 11:45:04.320954,5573.5,22398.0,27249.0
2025-06-18 11:45:05.098008,5573.5,22553.0,27428.0
2025-06-18 11:45:09.998848,5573.5,22565.0,27458.0
2025-06-18 11:45:10.319184,5573.5,22565.0,27458.0
2025-06-18 11:45:14.708362,5573.5,22559.0,27426.0
2025-06-18 11:45:20.005342,5573.5,22562.0,27409.0
2025-06-18 11:45:25.107847,5573.5,22562.0,27415.0
2025-06-18 11:45:29.911842,5573.5,22563.0,27415.0
2025-06-18 11:45:34.716545,5573.5,22554.0,27408.0
2025-06-18 11:45:36.319580,5573.0,22554.0,27408.0
2025-06-18 11:45:39.520826,5573.0,23089.0,27060.0
2025-06-18 11:45:40.314867,5573.0,23089.0,27060.0
2025-06-18 11:45:42.322763,5577.5,23089.0,27060.0
2025-06-18 11:45:44.325390,5577.5,22835.0,27035.0
2025-06-18 11:45:49.025411,5577.5,22766.0,27133.0
2025-06-18 11:45:52.735736,5577.5,22766.0,27133.0
2025-06-18 11:45:53.821237,5577.5,22766.0,27133.0
2025-06-18 11:45:54.331742,5577.5,22783.0,27150.0
2025-06-18 11:45:54.733047,5577.5,22783.0,27150.0
2025-06-18 11:45:55.823285,5577.5,22783.0,27150.0
2025-06-18 11:45:56.314367,5576.5,22783.0,27150.0
2025-06-18 11:45:56.713391,5576.5,22783.0,27150.0
2025-06-18 11:45:57.528096,5576.5,22783.0,27150.0
2025-06-18 11:45:58.640683,5576.5,22783.0,27150.0
2025-06-18 11:45:59.234943,5576.5,22783.0,27150.0
2025-06-18 11:45:59.428190,5576.5,22634.0,27083.0
2025-06-18 11:45:59.582702,5576.5,22634.0,27083.0
2025-06-18 11:46:00.076309,5576.5,22634.0,27083.0
2025-06-18 11:46:01.335228,5576.5,22634.0,27083.0
2025-06-18 11:46:02.603072,5576.5,22634.0,27083.0
2025-06-18 11:46:03.459978,5576.5,22634.0,27083.0
2025-06-18 11:46:04.434326,5576.5,22661.0,27117.0
2025-06-18 11:46:04.864089,5576.5,22661.0,27117.0
2025-06-18 11:46:06.029943,5576.5,22661.0,27117.0
2025-06-18 11:46:07.150603,5576.5,22661.0,27117.0
2025-06-18 11:46:08.624803,5576.5,22661.0,27117.0
2025-06-18 11:46:09.637583,5576.5,22658.0,27164.0
2025-06-18 11:46:14.319947,5577.0,22658.0,27164.0
2025-06-18 11:46:14.837861,5577.0,22651.0,27140.0
2025-06-18 11:46:18.322885,5577.0,22651.0,27140.0
2025-06-18 11:46:19.644061,5577.0,22575.0,27199.0
2025-06-18 11:46:24.745565,5577.0,22635.0,27074.0
2025-06-18 11:46:26.321239,5577.0,22635.0,27074.0
2025-06-18 11:46:29.549444,5577.0,22611.0,27120.0
2025-06-18 11:46:30.321023,5577.0,22611.0,27120.0
2025-06-18 11:46:34.321459,5572.5,22611.0,27120.0
2025-06-18 11:46:34.554693,5572.5,22598.0,27163.0
2025-06-18 11:46:36.316639,5573.5,22598.0,27163.0
2025-06-18 11:46:39.353653,5577.0,22591.0,27073.0
2025-06-18 11:46:40.321224,5577.0,22591.0,27073.0
2025-06-18 11:46:44.160626,5577.0,22609.0,27105.0
2025-06-18 11:46:48.759995,5577.0,22647.0,27142.0
2025-06-18 11:46:53.562681,5577.0,22514.0,27205.0
2025-06-18 11:46:54.323080,5577.0,22514.0,27205.0
2025-06-18 11:46:55.325321,5576.0,22514.0,27205.0
2025-06-18 11:46:58.567230,5576.0,22541.0,27211.0
2025-06-18 11:47:03.166986,5576.0,22525.0,27208.0
2025-06-18 11:47:08.171733,5576.5,22493.0,27222.0
2025-06-18 11:47:08.325063,5576.5,22493.0,27222.0
2025-06-18 11:47:13.677195,5576.5,22530.0,27223.0
2025-06-18 11:47:18.981591,5576.5,22522.0,27181.0
2025-06-18 11:47:23.979304,5576.5,22521.0,27166.0
2025-06-18 11:47:28.342615,5576.5,22521.0,27166.0
2025-06-18 11:47:28.983135,5576.5,22592.0,27141.0
2025-06-18 11:47:34.188098,5576.5,22505.0,27143.0
2025-06-18 11:47:39.686207,5576.5,22508.0,27126.0
2025-06-18 11:47:45.365792,5576.5,22501.0,27133.0
2025-06-18 11:47:48.348509,5573.5,22501.0,27133.0
2025-06-18 11:47:50.594081,5573.5,22457.0,27114.0
2025-06-18 11:47:55.592493,5573.5,22444.0,27132.0
2025-06-18 11:47:58.360990,5576.5,22444.0,27132.0
2025-06-18 11:48:00.700107,5576.5,22513.0,27119.0
2025-06-18 11:48:05.598780,5576.5,22494.0,27122.0
2025-06-18 11:48:10.600197,5576.5,22493.0,27121.0
2025-06-18 11:48:15.808368,5576.5,22455.0,27255.0
2025-06-18 11:48:20.905264,5576.5,22452.0,27252.0
2025-06-18 11:48:24.329028,5576.5,22452.0,27252.0
2025-06-18 11:48:26.007343,5576.5,22463.0,27235.0
2025-06-18 11:48:31.208941,5576.0,22428.0,27173.0
2025-06-18 11:48:32.329671,5576.0,22428.0,27173.0
2025-06-18 11:48:36.514641,5576.0,22433.0,27172.0
2025-06-18 11:48:41.418921,5576.0,22390.0,27168.0
2025-06-18 11:48:46.023514,5576.0,22368.0,27176.0
2025-06-18 11:48:50.330250,5577.0,22368.0,27176.0
2025-06-18 11:48:51.027697,5577.0,22466.0,27171.0
2025-06-18 11:48:53.263307,5577.0,22466.0,27171.0
2025-06-18 11:48:54.350496,5577.0,22466.0,27171.0
2025-06-18 11:48:55.239586,5577.0,22466.0,27171.0
2025-06-18 11:48:56.027699,5577.0,22419.0,27197.0
2025-06-18 11:48:56.210629,5577.0,22419.0,27197.0
2025-06-18 11:48:57.120991,5577.0,22419.0,27197.0
2025-06-18 11:48:59.037825,5577.0,22419.0,27197.0
2025-06-18 11:48:59.609919,5577.0,22419.0,27197.0
2025-06-18 11:49:00.519069,5577.0,22419.0,27197.0
2025-06-18 11:49:00.831821,5577.0,22424.0,27181.0
2025-06-18 11:49:00.892306,5577.0,22424.0,27181.0
2025-06-18 11:49:01.880377,5577.0,22424.0,27181.0
2025-06-18 11:49:03.036263,5577.0,22424.0,27181.0
2025-06-18 11:49:05.310263,5577.0,22424.0,27181.0
2025-06-18 11:49:05.932655,5577.0,22435.0,27186.0
2025-06-18 11:49:06.446479,5577.0,22435.0,27186.0
2025-06-18 11:49:07.579141,5577.0,22435.0,27186.0
2025-06-18 11:49:09.067066,5577.0,22435.0,27186.0
2025-06-18 11:49:10.939534,5577.0,22437.0,27214.0
2025-06-18 11:49:15.840079,5577.0,21433.0,27174.0
2025-06-18 11:49:18.332148,5573.0,21433.0,27174.0
2025-06-18 11:49:20.846836,5573.0,22363.0,27161.0
2025-06-18 11:49:22.335893,5576.5,22363.0,27161.0
2025-06-18 11:49:25.846443,5576.5,22444.0,27149.0
2025-06-18 11:49:30.451517,5576.5,22493.0,27076.0
2025-06-18 11:49:35.757650,5577.5,22488.0,27069.0
2025-06-18 11:49:36.336726,5577.5,22488.0,27069.0
2025-06-18 11:49:40.959359,5577.5,22533.0,27078.0
2025-06-18 11:49:45.962963,5577.5,22459.0,27543.0
2025-06-18 11:49:48.335042,5576.5,22459.0,27543.0
2025-06-18 11:49:50.771807,5576.5,22409.0,27623.0
2025-06-18 11:49:55.470898,5576.5,22417.0,27619.0
2025-06-18 11:49:59.772991,5576.5,22418.0,27657.0
2025-06-18 11:50:04.472273,5576.5,22427.0,27640.0
2025-06-18 11:50:09.673705,5576.5,22427.0,27639.0
2025-06-18 11:50:14.476343,5576.5,22414.0,27643.0
2025-06-18 11:50:19.476993,5576.5,22432.0,27610.0
2025-06-18 11:50:24.580461,5576.5,22368.0,27851.0
2025-06-18 11:50:29.581885,5576.5,22383.0,27874.0
2025-06-18 11:50:34.388792,5576.5,22408.0,27872.0
2025-06-18 11:50:38.346415,5572.5,22408.0,27872.0
2025-06-18 11:50:39.589062,5572.5,22400.0,27805.0
2025-06-18 11:50:40.344740,5575.5,22400.0,27805.0
2025-06-18 11:50:44.799350,5575.5,22481.0,27756.0
2025-06-18 11:50:49.592914,5575.5,22459.0,27784.0
2025-06-18 11:50:54.392839,5575.5,22455.0,27786.0
2025-06-18 11:50:58.898194,5575.5,22304.0,27836.0
2025-06-18 11:51:03.099246,5575.5,22339.0,27826.0
2025-06-18 11:51:07.707528,5575.5,22340.0,27830.0
2025-06-18 11:51:13.109068,5575.5,22289.0,27882.0
2025-06-18 11:51:18.608370,5575.5,22246.0,27972.0
2025-06-18 11:51:23.820863,5575.5,22266.0,27938.0
2025-06-18 11:51:28.711697,5575.5,22254.0,27929.0
2025-06-18 11:51:33.515680,5575.5,22177.0,28031.0
2025-06-18 11:51:38.619638,5575.5,22018.0,28118.0
2025-06-18 11:51:40.375473,5573.5,22018.0,28118.0
2025-06-18 11:51:43.622017,5573.5,22035.0,28096.0
2025-06-18 11:51:44.340623,5573.5,22035.0,28096.0
2025-06-18 11:51:46.339952,5573.5,22035.0,28096.0
2025-06-18 11:51:48.330259,5573.5,22033.0,28051.0
2025-06-18 11:51:50.340870,5573.5,22033.0,28051.0
2025-06-18 11:51:53.030288,5573.5,22051.0,28109.0
2025-06-18 11:51:53.687966,5573.5,22051.0,28109.0
2025-06-18 11:51:54.772091,5573.5,22051.0,28109.0
2025-06-18 11:51:55.694876,5573.5,22051.0,28109.0
2025-06-18 11:51:56.340562,5573.5,22051.0,28109.0
2025-06-18 11:51:56.662259,5573.5,22051.0,28109.0
2025-06-18 11:51:57.686109,5573.5,22051.0,28109.0
2025-06-18 11:51:57.933745,5573.5,22081.0,28160.0
2025-06-18 11:51:58.507313,5573.5,22081.0,28160.0
2025-06-18 11:51:59.612164,5573.5,22081.0,28160.0
2025-06-18 11:52:00.186103,5573.5,22081.0,28160.0
2025-06-18 11:52:00.339997,5571.0,22081.0,28160.0
2025-06-18 11:52:00.596867,5571.0,22081.0,28160.0
2025-06-18 11:52:01.093379,5571.0,22081.0,28160.0
2025-06-18 11:52:02.382628,5571.0,22081.0,28160.0
2025-06-18 11:52:02.639768,5571.0,21988.0,28069.0
2025-06-18 11:52:03.633569,5571.0,21988.0,28069.0
2025-06-18 11:52:04.498567,5571.0,21988.0,28069.0
2025-06-18 11:52:05.897447,5571.0,21988.0,28069.0
2025-06-18 11:52:07.038891,5571.0,21988.0,28069.0
2025-06-18 11:52:07.349006,5571.0,21874.0,28399.0
2025-06-18 11:52:08.189531,5571.0,21874.0,28399.0
2025-06-18 11:52:09.678362,5571.0,21874.0,28399.0
2025-06-18 11:52:12.048063,5571.0,21881.0,28502.0
2025-06-18 11:52:14.361562,5573.5,21881.0,28502.0
2025-06-18 11:52:16.850488,5573.5,21921.0,28465.0
2025-06-18 11:52:21.664514,5573.5,21903.0,28159.0
2025-06-18 11:52:24.350092,5571.5,21903.0,28159.0
2025-06-18 11:52:26.760910,5571.5,21804.0,28159.0
2025-06-18 11:52:31.460524,5571.5,21801.0,28179.0
2025-06-18 11:52:34.420069,5570.0,21801.0,28179.0
2025-06-18 11:52:35.975908,5570.0,21800.0,28230.0
2025-06-18 11:52:38.364874,5572.5,21800.0,28230.0
2025-06-18 11:52:40.674187,5572.5,21800.0,28246.0
2025-06-18 11:52:45.468643,5572.5,21787.0,28284.0
2025-06-18 11:52:46.394917,5571.5,21787.0,28284.0
2025-06-18 11:52:50.210726,5571.5,21798.0,28177.0
2025-06-18 11:52:54.878564,5571.5,21780.0,28198.0
2025-06-18 11:52:59.582180,5571.5,21824.0,28167.0
2025-06-18 11:53:02.354041,5568.0,21824.0,28167.0
2025-06-18 11:53:04.587139,5568.0,21546.0,28573.0
2025-06-18 11:53:06.347779,5568.5,21546.0,28573.0
2025-06-18 11:53:09.788512,5568.5,21346.0,28630.0
2025-06-18 11:53:10.351947,5568.5,21346.0,28630.0
2025-06-18 11:53:14.591457,5568.5,21296.0,28609.0
2025-06-18 11:53:17.881216,5568.5,21296.0,28609.0
2025-06-18 11:53:19.097108,5568.5,21323.0,28632.0
2025-06-18 11:53:20.350207,5568.0,21323.0,28632.0
2025-06-18 11:53:23.817272,5568.0,21300.0,28645.0
2025-06-18 11:53:27.369633,5566.5,21300.0,28645.0
2025-06-18 11:53:28.481289,5566.5,21266.0,28631.0
2025-06-18 11:53:32.707891,5566.5,20837.0,28643.0
2025-06-18 11:53:37.320724,5566.5,20811.0,28640.0
2025-06-18 11:53:42.012106,5566.5,20990.0,28810.0
2025-06-18 11:53:46.713160,5566.5,20999.0,28845.0
2025-06-18 11:53:50.359507,5565.0,20999.0,28845.0
2025-06-18 11:53:51.419044,5565.0,20983.0,28869.0
2025-06-18 11:53:56.122110,5565.0,20881.0,28952.0
2025-06-18 11:54:00.624546,5565.0,20866.0,28984.0
2025-06-18 11:54:01.826463,5565.0,20867.0,28994.0
2025-06-18 11:54:03.386624,5565.0,20861.0,29011.0
2025-06-18 11:54:04.442271,5565.0,20873.0,29010.0
2025-06-18 11:54:06.027389,5567.0,20912.0,28843.0
2025-06-18 11:54:06.413090,5567.0,20912.0,28843.0
2025-06-18 11:54:07.034261,5567.0,20914.0,28844.0
2025-06-18 11:54:08.132868,5567.0,20915.0,28854.0
2025-06-18 11:54:09.133203,5567.0,20917.0,28856.0
2025-06-18 11:54:10.036023,5567.0,20966.0,28835.0
2025-06-18 11:54:11.133466,5567.0,21004.0,28811.0
2025-06-18 11:54:12.032623,5567.0,20996.0,28804.0
2025-06-18 11:54:13.034801,5567.0,20995.0,28809.0
2025-06-18 11:54:13.933850,5567.0,20990.0,28804.0
2025-06-18 11:54:15.033362,5567.0,20991.0,28808.0
2025-06-18 11:54:16.033887,5567.0,20990.0,28829.0
2025-06-18 11:54:17.035080,5567.0,20961.0,28835.0
2025-06-18 11:54:17.935085,5567.0,20968.0,28831.0
2025-06-18 11:54:18.936142,5567.0,20989.0,28830.0
2025-06-18 11:54:19.936869,5567.0,20982.0,28819.0
2025-06-18 11:54:20.945353,5567.0,20981.0,28824.0
2025-06-18 11:54:21.845626,5567.0,21014.0,28793.0
2025-06-18 11:54:22.936700,5567.0,21024.0,28798.0
2025-06-18 11:54:23.938972,5567.0,21010.0,28793.0
2025-06-18 11:54:24.839229,5567.0,21087.0,28458.0
2025-06-18 11:54:25.348504,5567.0,21087.0,28458.0
2025-06-18 11:54:25.841008,5567.0,21182.0,28571.0
2025-06-18 11:54:26.740461,5567.0,21189.0,28581.0
2025-06-18 11:54:27.740696,5567.0,21191.0,28581.0
2025-06-18 11:54:28.639722,5567.0,21191.0,28576.0
2025-06-18 11:54:29.642504,5567.0,21176.0,28630.0
2025-06-18 11:54:30.361788,5567.0,21176.0,28630.0
2025-06-18 11:54:30.644092,5567.0,21177.0,28622.0
2025-06-18 11:54:31.644406,5567.0,21178.0,28622.0
2025-06-18 11:54:32.671130,5567.0,21171.0,28621.0
2025-06-18 11:54:33.648150,5567.0,21265.0,28621.0
2025-06-18 11:54:34.648176,5567.0,21265.0,28626.0
2025-06-18 11:54:35.549183,5567.0,21257.0,28622.0
2025-06-18 11:54:36.650237,5567.0,21243.0,28617.0
2025-06-18 11:54:37.550596,5567.0,21247.0,28626.0
2025-06-18 11:54:38.550466,5567.0,21264.0,28625.0
2025-06-18 11:54:39.550198,5567.0,21233.0,28666.0
2025-06-18 11:54:40.551507,5567.0,21151.0,28813.0
2025-06-18 11:54:41.673778,5567.0,21058.0,28785.0
2025-06-18 11:54:42.658762,5567.0,21141.0,28818.0
2025-06-18 11:54:43.757173,5567.0,21149.0,28859.0
2025-06-18 11:54:44.358750,5567.0,21149.0,28859.0
2025-06-18 11:54:44.854708,5567.0,21157.0,28859.0
2025-06-18 11:54:45.763940,5567.0,21150.0,28859.0
2025-06-18 11:54:46.353731,5567.0,21150.0,28859.0
2025-06-18 11:54:46.756520,5567.0,21142.0,28832.0
2025-06-18 11:54:47.757028,5567.0,21142.0,28832.0
2025-06-18 11:54:48.663655,5567.0,21147.0,28832.0
2025-06-18 11:54:49.662501,5567.0,21163.0,28856.0
2025-06-18 11:54:50.662346,5567.0,21221.0,28765.0
2025-06-18 11:54:51.561092,5567.0,21169.0,28771.0
2025-06-18 11:54:52.560254,5567.0,21171.0,28809.0
2025-06-18 11:54:53.562301,5567.0,21172.0,28809.0
2025-06-18 11:54:54.352238,5567.0,21172.0,28809.0
2025-06-18 11:54:54.560051,5567.0,21182.0,28808.0
2025-06-18 11:54:55.416085,5567.0,21182.0,28808.0
2025-06-18 11:54:55.562796,5567.0,21176.0,28808.0
2025-06-18 11:54:56.376578,5567.0,21176.0,28808.0
2025-06-18 11:54:56.461586,5567.0,21177.0,28808.0
2025-06-18 11:54:57.311509,5567.0,21177.0,28808.0
2025-06-18 11:54:57.562448,5567.0,21182.0,28808.0
2025-06-18 11:54:58.214995,5567.0,21182.0,28808.0
2025-06-18 11:54:58.563256,5567.0,21180.0,28808.0
2025-06-18 11:54:59.183676,5567.0,21180.0,28808.0
2025-06-18 11:54:59.563824,5567.0,21166.0,28819.0
2025-06-18 11:55:00.279895,5567.0,21166.0,28819.0
2025-06-18 11:55:00.565939,5567.0,21218.0,28800.0
2025-06-18 11:55:00.851513,5567.0,21218.0,28800.0
2025-06-18 11:55:01.266040,5567.0,21218.0,28800.0
2025-06-18 11:55:02.139369,5567.0,21218.0,28800.0
2025-06-18 11:55:02.766778,5567.0,21210.0,28796.0
2025-06-18 11:55:03.025857,5567.0,21210.0,28796.0
2025-06-18 11:55:05.180254,5567.0,21210.0,28796.0
2025-06-18 11:55:05.190442,5566.5,21210.0,28796.0
2025-06-18 11:55:05.230109,5566.5,21210.0,28796.0
2025-06-18 11:55:06.552553,5566.5,21210.0,28796.0
2025-06-18 11:55:07.685516,5566.5,21210.0,28796.0
2025-06-18 11:55:07.871312,5566.5,21163.0,28812.0
2025-06-18 11:55:08.361042,5566.5,21163.0,28812.0
2025-06-18 11:55:08.882506,5566.5,21163.0,28812.0
2025-06-18 11:55:10.402701,5566.5,21163.0,28812.0
2025-06-18 11:55:13.172471,5566.5,21141.0,28835.0
2025-06-18 11:55:17.976123,5566.5,21201.0,28774.0
2025-06-18 11:55:22.979656,5566.5,21140.0,28848.0
2025-06-18 11:55:24.355838,5567.0,21140.0,28848.0
2025-06-18 11:55:28.081121,5567.0,21133.0,28866.0
2025-06-18 11:55:33.281394,5567.0,21159.0,28867.0
2025-06-18 11:55:38.400716,5567.0,21063.0,28914.0
2025-06-18 11:55:42.357258,5567.0,21063.0,28914.0
2025-06-18 11:55:43.689098,5566.5,21132.0,28850.0
2025-06-18 11:55:44.390396,5566.5,21132.0,28850.0
2025-06-18 11:55:48.393693,5566.5,21151.0,28867.0
2025-06-18 11:55:50.412646,5567.0,21151.0,28867.0
2025-06-18 11:55:53.295095,5567.0,21167.0,28808.0
2025-06-18 11:55:56.364854,5567.0,21167.0,28808.0
2025-06-18 11:55:58.296126,5567.0,21208.0,28772.0
2025-06-18 11:56:03.200279,5567.0,21261.0,28783.0
2025-06-18 11:56:08.203596,5567.0,21252.0,28733.0
2025-06-18 11:56:13.207877,5567.0,21230.0,28743.0
2025-06-18 11:56:17.710677,5567.0,21224.0,28749.0
2025-06-18 11:56:22.415726,5567.0,21228.0,28785.0
2025-06-18 11:56:27.017019,5567.0,21236.0,28791.0
2025-06-18 11:56:31.720581,5567.0,21231.0,28784.0
2025-06-18 11:56:34.380524,5566.5,21231.0,28784.0
2025-06-18 11:56:36.615542,5566.5,21175.0,28786.0
2025-06-18 11:56:41.626588,5566.5,21185.0,28778.0
2025-06-18 11:56:46.628267,5566.5,21173.0,28777.0
2025-06-18 11:56:50.366694,5566.5,21173.0,28777.0
2025-06-18 11:56:51.230296,5566.5,21171.0,28784.0
2025-06-18 11:56:55.936231,5566.5,21309.0,28671.0
2025-06-18 11:56:56.371343,5567.0,21309.0,28671.0
2025-06-18 11:57:00.537767,5567.0,21485.0,28539.0
2025-06-18 11:57:04.370016,5571.0,21485.0,28539.0
2025-06-18 11:57:05.046258,5571.0,21495.0,28535.0
2025-06-18 11:57:09.672057,5571.0,21732.0,28537.0
2025-06-18 11:57:14.154325,5571.0,21725.0,28531.0
2025-06-18 11:57:19.260372,5571.0,21647.0,28581.0
2025-06-18 11:57:24.554757,5571.0,21644.0,28554.0
2025-06-18 11:57:29.922797,5571.0,21618.0,28523.0
2025-06-18 11:57:34.665774,5571.0,21622.0,28533.0
2025-06-18 11:57:39.458957,5571.0,21665.0,28572.0
2025-06-18 11:57:44.365484,5571.0,21659.0,28567.0
2025-06-18 11:57:48.970937,5571.0,21650.0,28580.0
2025-06-18 11:57:53.472962,5571.0,21625.0,28556.0
2025-06-18 11:57:55.035326,5571.0,21625.0,28556.0
2025-06-18 11:57:56.112296,5571.0,21625.0,28556.0
2025-06-18 11:57:58.008868,5571.0,21625.0,28556.0
2025-06-18 11:57:58.573816,5571.0,21590.0,28580.0
2025-06-18 11:57:58.885397,5571.0,21590.0,28580.0
2025-06-18 11:57:59.716744,5571.0,21590.0,28580.0
2025-06-18 11:58:01.261804,5571.0,21590.0,28580.0
2025-06-18 11:58:02.232143,5571.0,21590.0,28580.0
2025-06-18 11:58:03.084264,5571.0,21590.0,28580.0
2025-06-18 11:58:03.348041,5571.0,21586.0,28610.0
2025-06-18 11:58:03.967493,5571.0,21586.0,28610.0
2025-06-18 11:58:05.250095,5571.0,21586.0,28610.0
2025-06-18 11:58:06.140255,5571.0,21586.0,28610.0
2025-06-18 11:58:07.545813,5571.0,21586.0,28610.0
2025-06-18 11:58:08.399717,5571.0,21629.0,28589.0
2025-06-18 11:58:08.682667,5571.0,21629.0,28589.0
2025-06-18 11:58:09.829035,5571.0,21629.0,28589.0
2025-06-18 11:58:11.297909,5571.0,21629.0,28589.0
2025-06-18 11:58:13.384313,5571.0,21624.0,28574.0
2025-06-18 11:58:18.184589,5571.0,21617.0,28662.0
2025-06-18 11:58:20.376333,5566.0,21617.0,28662.0
2025-06-18 11:58:22.989395,5566.0,21103.0,28952.0
2025-06-18 11:58:24.400542,5567.0,21103.0,28952.0
2025-06-18 11:58:27.400529,5567.0,21152.0,28903.0
2025-06-18 11:58:31.996140,5567.0,21161.0,28902.0
2025-06-18 11:58:36.372627,5567.0,21161.0,28902.0
2025-06-18 11:58:36.601659,5567.0,21066.0,28847.0
2025-06-18 11:58:41.408732,5567.0,21116.0,28859.0
2025-06-18 11:58:46.007717,5567.0,21109.0,28817.0
2025-06-18 11:58:46.367164,5567.0,21109.0,28817.0
2025-06-18 11:58:48.400760,5567.0,21109.0,28817.0
2025-06-18 11:58:50.709551,5567.0,21165.0,28825.0
2025-06-18 11:58:55.213298,5567.0,21155.0,28864.0
2025-06-18 11:58:59.714712,5567.0,21163.0,28863.0
2025-06-18 11:59:04.118124,5567.0,21154.0,28850.0
2025-06-18 11:59:08.376924,5567.0,21154.0,28850.0
2025-06-18 11:59:08.829654,5567.0,21156.0,28740.0
2025-06-18 11:59:12.376868,5567.0,21156.0,28740.0
2025-06-18 11:59:13.624139,5567.0,21204.0,28714.0
2025-06-18 11:59:16.400768,5568.5,21204.0,28714.0
2025-06-18 11:59:18.227199,5568.5,21210.0,28729.0
2025-06-18 11:59:22.727685,5568.5,21185.0,28691.0
2025-06-18 11:59:27.339295,5568.5,20230.0,28711.0
2025-06-18 11:59:32.040267,5569.0,21163.0,28706.0
2025-06-18 11:59:32.446191,5569.0,21163.0,28706.0
2025-06-18 11:59:36.942969,5569.0,21316.0,28525.0
2025-06-18 11:59:40.373313,5569.5,21316.0,28525.0
2025-06-18 11:59:41.750116,5569.5,21275.0,28480.0
2025-06-18 11:59:42.379990,5569.5,21275.0,28480.0
2025-06-18 11:59:46.447547,5569.5,21229.0,28524.0
2025-06-18 11:59:51.653206,5569.5,21251.0,28521.0
2025-06-18 11:59:56.253283,5569.5,21275.0,28514.0
2025-06-18 12:00:00.759496,5569.5,21250.0,28515.0
2025-06-18 12:00:05.380047,5569.5,21254.0,28517.0
2025-06-18 12:00:10.167713,5569.5,21261.0,28515.0
2025-06-18 12:00:14.882386,5569.5,21270.0,28500.0
2025-06-18 12:00:19.771278,5569.5,21286.0,28500.0
2025-06-18 12:00:24.773020,5569.5,21276.0,28500.0
2025-06-18 12:00:29.875678,5569.5,21277.0,28501.0
2025-06-18 12:00:34.578759,5569.5,21661.0,28514.0
2025-06-18 12:00:39.283552,5569.5,21606.0,28540.0
2025-06-18 12:00:43.888875,5569.5,21583.0,28585.0
2025-06-18 12:00:48.687483,5569.5,21589.0,28582.0
2025-06-18 12:00:53.487486,5569.5,21609.0,28542.0
2025-06-18 12:00:55.329583,5569.5,21609.0,28542.0
2025-06-18 12:00:56.405245,5569.5,21609.0,28542.0
2025-06-18 12:00:57.334570,5569.5,21609.0,28542.0
2025-06-18 12:00:57.993647,5569.5,21655.0,28561.0
2025-06-18 12:00:58.293345,5569.5,21655.0,28561.0
2025-06-18 12:00:59.195112,5569.5,21655.0,28561.0
2025-06-18 12:01:01.115877,5569.5,21655.0,28561.0
2025-06-18 12:01:01.380114,5564.5,21655.0,28561.0
2025-06-18 12:01:01.750345,5564.5,21655.0,28561.0
2025-06-18 12:01:01.797983,5564.5,21498.0,28713.0
2025-06-18 12:01:02.231112,5564.5,21498.0,28713.0
2025-06-18 12:01:02.376524,5563.5,21498.0,28713.0
2025-06-18 12:01:02.665773,5563.5,21498.0,28713.0
2025-06-18 12:01:02.897988,5563.5,21476.0,28664.0
2025-06-18 12:01:03.023939,5563.5,21476.0,28664.0
2025-06-18 12:01:03.900349,5563.5,21471.0,28657.0
2025-06-18 12:01:03.912808,5563.5,21471.0,28657.0
2025-06-18 12:01:05.160950,5563.5,21471.0,28657.0
2025-06-18 12:01:05.203834,5563.5,21477.0,28652.0
2025-06-18 12:01:06.049526,5563.5,21477.0,28652.0
2025-06-18 12:01:06.302283,5563.5,21524.0,28549.0
2025-06-18 12:01:07.206988,5563.5,21512.0,28552.0
2025-06-18 12:01:07.428048,5563.5,21512.0,28552.0
2025-06-18 12:01:08.308895,5563.5,21505.0,28579.0
2025-06-18 12:01:08.550412,5563.5,21505.0,28579.0
2025-06-18 12:01:09.505682,5563.5,21508.0,28627.0
2025-06-18 12:01:09.692798,5563.5,21508.0,28627.0
2025-06-18 12:01:10.405746,5563.5,21527.0,28598.0
2025-06-18 12:01:11.134023,5563.5,21527.0,28598.0
2025-06-18 12:01:11.508202,5563.5,21529.0,28578.0
2025-06-18 12:01:12.511384,5563.5,21543.0,28582.0
2025-06-18 12:01:13.400606,5566.5,21543.0,28582.0
2025-06-18 12:01:13.512685,5566.5,21596.0,28572.0
2025-06-18 12:01:14.511676,5566.5,21591.0,28576.0
2025-06-18 12:01:16.014905,5566.5,21569.0,28578.0
2025-06-18 12:01:17.012221,5566.5,21569.0,28578.0
2025-06-18 12:01:18.015829,5566.5,21589.0,28578.0
2025-06-18 12:01:19.016903,5566.5,21594.0,28578.0
2025-06-18 12:01:20.013979,5566.5,21564.0,28609.0
2025-06-18 12:01:20.920613,5566.5,21566.0,28609.0
2025-06-18 12:01:21.918246,5566.5,21568.0,28608.0
2025-06-18 12:01:23.529822,5566.5,21569.0,28596.0
2025-06-18 12:01:24.419679,5566.5,21547.0,28596.0
2025-06-18 12:01:25.520486,5566.5,21561.0,28581.0
2025-06-18 12:01:26.624489,5566.5,21562.0,28587.0
2025-06-18 12:01:27.620495,5566.5,21562.0,28603.0
2025-06-18 12:01:28.724911,5566.5,21562.0,28637.0
2025-06-18 12:01:29.620798,5566.5,21562.0,28637.0
2025-06-18 12:01:30.589562,5566.5,21588.0,28610.0
2025-06-18 12:01:31.392261,5566.5,21588.0,28610.0
2025-06-18 12:01:31.521350,5566.5,21576.0,28624.0
2025-06-18 12:01:32.522797,5566.5,21558.0,28624.0
2025-06-18 12:01:33.382854,5566.5,21558.0,28624.0
2025-06-18 12:01:34.034728,5566.5,21563.0,28615.0
2025-06-18 12:01:35.024258,5566.5,21563.0,28621.0
2025-06-18 12:01:35.383206,5566.0,21563.0,28621.0
2025-06-18 12:01:36.024666,5566.0,21529.0,28754.0
2025-06-18 12:01:37.024097,5566.0,21615.0,28706.0
2025-06-18 12:01:37.400600,5566.0,21615.0,28706.0
2025-06-18 12:01:38.026352,5566.0,21617.0,28702.0
2025-06-18 12:01:39.024862,5566.0,21617.0,28701.0
2025-06-18 12:01:40.031397,5566.0,21630.0,28691.0
2025-06-18 12:01:41.029541,5566.0,21630.0,28691.0
2025-06-18 12:01:42.030081,5566.0,21608.0,28691.0
2025-06-18 12:01:43.029528,5566.0,21629.0,28686.0
2025-06-18 12:01:44.429579,5566.0,21629.0,28685.0
2025-06-18 12:01:45.431263,5566.0,21629.0,28685.0
2025-06-18 12:01:51.332411,5566.0,21643.0,28665.0
2025-06-18 12:01:52.345235,5566.0,21636.0,28668.0
2025-06-18 12:01:53.243171,5566.0,21637.0,28668.0
2025-06-18 12:01:54.241801,5566.0,21632.0,28664.0
2025-06-18 12:01:55.343609,5566.0,21597.0,28672.0
2025-06-18 12:01:56.343849,5566.0,21606.0,28669.0
2025-06-18 12:01:57.342704,5566.0,21606.0,28669.0
2025-06-18 12:01:58.342928,5566.0,21606.0,28669.0
2025-06-18 12:02:03.852458,5566.0,21601.0,28672.0
2025-06-18 12:02:08.450517,5566.0,21601.0,28652.0
2025-06-18 12:02:12.950474,5566.0,21587.0,28690.0
2025-06-18 12:02:17.454724,5566.0,21585.0,28772.0
2025-06-18 12:02:19.380915,5566.5,21585.0,28772.0
2025-06-18 12:02:22.053773,5566.5,21592.0,28707.0
2025-06-18 12:02:26.758856,5566.5,21581.0,28709.0
2025-06-18 12:02:31.164889,5566.5,21596.0,28709.0
2025-06-18 12:02:35.666155,5566.5,21599.0,28719.0
2025-06-18 12:02:40.667260,5566.5,21603.0,28721.0
2025-06-18 12:02:45.571041,5566.5,21599.0,28749.0
2025-06-18 12:02:50.271972,5566.5,21598.0,28742.0
2025-06-18 12:02:51.427988,5567.0,21598.0,28742.0
2025-06-18 12:02:55.174398,5567.0,21659.0,28669.0
2025-06-18 12:02:59.392818,5566.5,21659.0,28669.0
2025-06-18 12:03:00.776463,5566.5,21649.0,28769.0
2025-06-18 12:03:06.079308,5566.5,21640.0,28760.0
2025-06-18 12:03:11.283621,5566.5,21649.0,28760.0
2025-06-18 12:03:16.091578,5566.5,21647.0,28767.0
2025-06-18 12:03:20.989869,5566.5,21542.0,28656.0
2025-06-18 12:03:25.932815,5566.5,21697.0,28665.0
2025-06-18 12:03:30.612993,5566.5,21886.0,28693.0
2025-06-18 12:03:35.703998,5566.5,21908.0,28639.0
2025-06-18 12:03:41.207554,5566.5,21888.0,28640.0
2025-06-18 12:03:46.109406,5566.5,21899.0,28632.0
2025-06-18 12:03:51.112659,5566.5,21901.0,28633.0
2025-06-18 12:03:55.920187,5566.5,21901.0,28633.0
2025-06-18 12:03:57.089003,5566.5,21901.0,28633.0
2025-06-18 12:03:59.002278,5566.5,21901.0,28633.0
2025-06-18 12:03:59.907575,5566.5,21901.0,28633.0
2025-06-18 12:04:00.320495,5566.5,21909.0,28620.0
2025-06-18 12:04:00.807639,5566.5,21909.0,28620.0
2025-06-18 12:04:01.403796,5568.5,21909.0,28620.0
2025-06-18 12:04:01.973230,5568.5,21909.0,28620.0
2025-06-18 12:04:02.552760,5568.5,21909.0,28620.0
2025-06-18 12:04:03.433729,5567.0,21909.0,28620.0
2025-06-18 12:04:03.501633,5567.0,21909.0,28620.0
2025-06-18 12:04:04.725519,5567.0,21833.0,28660.0
2025-06-18 12:04:04.777131,5567.0,21833.0,28660.0
2025-06-18 12:04:06.045062,5567.0,21833.0,28660.0
2025-06-18 12:04:08.348508,5567.0,21833.0,28660.0
2025-06-18 12:04:09.329869,5567.0,21828.0,28661.0
2025-06-18 12:04:09.492085,5567.0,21828.0,28661.0
2025-06-18 12:04:10.637391,5567.0,21828.0,28661.0
2025-06-18 12:04:12.085889,5567.0,21828.0,28661.0
2025-06-18 12:04:13.830592,5567.0,21841.0,28665.0
2025-06-18 12:04:18.636215,5567.0,21859.0,28636.0
2025-06-18 12:04:23.619114,5567.0,22077.0,28326.0
2025-06-18 12:04:27.945994,5567.0,22066.0,28323.0
2025-06-18 12:04:32.849492,5567.0,22065.0,28323.0
2025-06-18 12:04:37.548748,5567.0,22161.0,28299.0
2025-06-18 12:04:42.712970,5567.0,22011.0,28308.0
2025-06-18 12:04:47.460088,5567.0,22027.0,28308.0
2025-06-18 12:04:51.963103,5567.0,22068.0,28313.0
2025-06-18 12:04:56.563081,5567.0,22065.0,28301.0
2025-06-18 12:05:01.467867,5567.0,22103.0,28311.0
2025-06-18 12:05:06.772139,5567.0,22106.0,28311.0
2025-06-18 12:05:11.417374,5568.5,22106.0,28311.0
2025-06-18 12:05:12.177344,5568.5,22123.0,28360.0
2025-06-18 12:05:17.180831,5568.5,22036.0,28509.0
2025-06-18 12:05:21.781716,5568.5,22041.0,28514.0
2025-06-18 12:05:24.406089,5567.0,22041.0,28514.0
2025-06-18 12:05:26.638551,5567.0,22000.0,28653.0
2025-06-18 12:05:27.447732,5568.5,22000.0,28653.0
2025-06-18 12:05:29.631124,5568.5,22000.0,28653.0
2025-06-18 12:05:30.985236,5568.5,21907.0,28707.0
2025-06-18 12:05:34.450051,5568.5,21907.0,28707.0
2025-06-18 12:05:35.696222,5568.5,21916.0,28753.0
2025-06-18 12:05:40.092317,5568.5,21916.0,28923.0
2025-06-18 12:05:42.448729,5568.5,21916.0,28923.0
2025-06-18 12:05:44.693730,5568.5,21920.0,28943.0
2025-06-18 12:05:48.414507,5568.5,21920.0,28943.0
2025-06-18 12:05:49.998429,5568.5,21934.0,28945.0
2025-06-18 12:05:54.414820,5568.5,21934.0,28945.0
2025-06-18 12:05:54.700747,5568.5,21935.0,28944.0
2025-06-18 12:05:58.431829,5568.5,21935.0,28944.0
2025-06-18 12:05:59.305959,5568.5,21988.0,28754.0
2025-06-18 12:06:03.807351,5568.5,21970.0,28771.0
2025-06-18 12:06:04.420572,5568.0,21970.0,28771.0
2025-06-18 12:06:08.309788,5568.0,21984.0,28794.0
2025-06-18 12:06:08.416795,5568.0,21984.0,28794.0
2025-06-18 12:06:13.014782,5568.0,21993.0,28789.0
2025-06-18 12:06:17.615163,5568.0,21968.0,28790.0
2025-06-18 12:06:21.923282,5568.0,21977.0,28795.0
2025-06-18 12:06:24.447299,5568.0,21977.0,28795.0
2025-06-18 12:06:26.719568,5568.0,22003.0,28748.0
2025-06-18 12:06:32.721559,5568.0,21986.0,28737.0
2025-06-18 12:06:37.828729,5568.0,22021.0,28736.0
2025-06-18 12:06:43.028190,5568.0,21992.0,28771.0
2025-06-18 12:06:47.461611,5568.0,21992.0,28771.0
2025-06-18 12:06:48.437371,5568.0,22013.0,28731.0
2025-06-18 12:06:51.437217,5568.0,22013.0,28731.0
2025-06-18 12:06:53.234801,5568.0,22011.0,28708.0
2025-06-18 12:06:56.375890,5568.0,22011.0,28708.0
2025-06-18 12:06:57.439484,5568.0,22011.0,28708.0
2025-06-18 12:06:57.470842,5568.0,22011.0,28708.0
2025-06-18 12:06:57.942164,5568.0,22022.0,28726.0
2025-06-18 12:06:58.479888,5568.0,22022.0,28726.0
2025-06-18 12:06:59.387783,5568.0,22022.0,28726.0
2025-06-18 12:07:00.279777,5568.0,22022.0,28726.0
2025-06-18 12:07:01.113784,5568.0,22022.0,28726.0
2025-06-18 12:07:02.210003,5568.0,22022.0,28726.0
2025-06-18 12:07:02.948778,5568.0,22128.0,28619.0
2025-06-18 12:07:03.288954,5568.0,22128.0,28619.0
2025-06-18 12:07:04.153157,5568.0,22128.0,28619.0
2025-06-18 12:07:05.462009,5567.5,22128.0,28619.0
2025-06-18 12:07:06.308698,5567.5,22128.0,28619.0
2025-06-18 12:07:07.202206,5567.5,22128.0,28619.0
2025-06-18 12:07:07.438490,5568.0,22128.0,28619.0
2025-06-18 12:07:08.149049,5568.0,22114.0,28578.0
2025-06-18 12:07:08.586122,5568.0,22114.0,28578.0
2025-06-18 12:07:09.449276,5568.0,22114.0,28578.0
2025-06-18 12:07:09.743210,5568.0,22114.0,28578.0
2025-06-18 12:07:10.889209,5568.0,22114.0,28578.0
2025-06-18 12:07:12.365019,5568.0,22114.0,28578.0
2025-06-18 12:07:13.419592,5568.0,22114.0,28578.0
2025-06-18 12:07:13.449028,5568.0,22278.0,28239.0
2025-06-18 12:07:18.855678,5568.0,22266.0,28377.0
2025-06-18 12:07:23.618763,5571.0,22266.0,28377.0
2025-06-18 12:07:24.357661,5571.0,22330.0,28375.0
2025-06-18 12:07:27.464799,5571.5,22330.0,28375.0
2025-06-18 12:07:30.458926,5571.5,22330.0,28440.0
2025-06-18 12:07:35.262407,5571.5,22339.0,28420.0
2025-06-18 12:07:36.632689,5571.5,22339.0,28420.0
2025-06-18 12:07:40.632332,5571.5,22339.0,28420.0
2025-06-18 12:07:40.681192,5571.5,22336.0,28493.0
2025-06-18 12:07:42.416389,5571.0,22336.0,28493.0
2025-06-18 12:07:45.364674,5571.0,22222.0,28525.0
2025-06-18 12:07:50.172811,5571.0,22233.0,28471.0
2025-06-18 12:07:55.270706,5571.0,22237.0,28466.0
2025-06-18 12:08:00.185684,5571.0,22242.0,28467.0
2025-06-18 12:08:04.890032,5571.0,22227.0,28483.0
2025-06-18 12:08:09.883999,5571.0,22232.0,28477.0
2025-06-18 12:08:12.416715,5571.5,22232.0,28477.0
2025-06-18 12:08:14.983925,5571.5,22224.0,28454.0
2025-06-18 12:08:18.452916,5571.5,22224.0,28454.0
2025-06-18 12:08:20.500491,5571.5,22254.0,28435.0
2025-06-18 12:08:24.989541,5571.5,22262.0,28445.0
2025-06-18 12:08:30.286840,5571.5,22244.0,28530.0
2025-06-18 12:08:35.295789,5571.5,22266.0,28536.0
2025-06-18 12:08:40.216516,5571.5,22305.0,28498.0
2025-06-18 12:08:45.099435,5571.5,22297.0,28534.0
2025-06-18 12:08:50.105368,5571.5,22295.0,28526.0
2025-06-18 12:08:55.205096,5571.5,22299.0,28516.0
2025-06-18 12:09:00.312273,5571.5,22300.0,28485.0
2025-06-18 12:09:05.873993,5571.5,22300.0,28524.0
2025-06-18 12:09:11.123159,5571.5,22295.0,28519.0
2025-06-18 12:09:16.016811,5571.5,22283.0,28421.0
2025-06-18 12:09:18.476304,5571.5,22283.0,28421.0
2025-06-18 12:09:21.324475,5571.5,22299.0,28411.0
2025-06-18 12:09:26.222856,5571.5,22292.0,28404.0
2025-06-18 12:09:30.935651,5571.5,22296.0,28335.0
2025-06-18 12:09:36.026685,5571.5,22289.0,28330.0
2025-06-18 12:09:40.833157,5571.5,22292.0,28306.0
2025-06-18 12:09:45.954746,5571.5,22288.0,28298.0
2025-06-18 12:09:48.453487,5571.5,22288.0,28298.0
2025-06-18 12:09:51.034811,5571.5,22253.0,28262.0
2025-06-18 12:09:56.335337,5571.5,22263.0,28261.0
2025-06-18 12:09:56.710511,5571.5,22263.0,28261.0
2025-06-18 12:09:57.804137,5571.5,22263.0,28261.0
2025-06-18 12:09:58.786332,5571.5,22263.0,28261.0
2025-06-18 12:09:59.768485,5571.5,22263.0,28261.0
2025-06-18 12:10:00.726266,5571.5,22263.0,28261.0
2025-06-18 12:10:01.240805,5571.5,22287.0,28228.0
2025-06-18 12:10:01.491740,5571.5,22287.0,28228.0
2025-06-18 12:10:02.640684,5571.5,22287.0,28228.0
2025-06-18 12:10:03.223392,5571.5,22287.0,28228.0
2025-06-18 12:10:04.163269,5571.5,22287.0,28228.0
2025-06-18 12:10:05.529026,5571.5,22287.0,28228.0
2025-06-18 12:10:06.726333,5571.5,22287.0,28228.0
2025-06-18 12:10:06.747857,5571.5,22281.0,28285.0
2025-06-18 12:10:07.550825,5571.5,22281.0,28285.0
2025-06-18 12:10:08.422886,5571.5,22281.0,28285.0
2025-06-18 12:10:08.962983,5571.5,22281.0,28285.0
2025-06-18 12:10:10.094419,5571.5,22281.0,28285.0
2025-06-18 12:10:10.416745,5571.0,22281.0,28285.0
2025-06-18 12:10:11.230336,5571.0,22281.0,28285.0
2025-06-18 12:10:11.950803,5571.0,22261.0,28311.0
2025-06-18 12:10:12.715371,5571.0,22261.0,28311.0
2025-06-18 12:10:17.193804,5571.0,22283.0,28284.0
2025-06-18 12:10:22.154517,5571.0,22283.0,28410.0
2025-06-18 12:10:26.855594,5571.0,22253.0,28393.0
2025-06-18 12:10:31.661659,5571.0,22253.0,28435.0
2025-06-18 12:10:36.360684,5571.0,22268.0,28439.0
2025-06-18 12:10:41.071265,5571.0,22271.0,28424.0
2025-06-18 12:10:45.866132,5571.0,22229.0,28412.0
2025-06-18 12:10:50.764458,5571.0,22133.0,28649.0
2025-06-18 12:10:52.420698,5570.0,22133.0,28649.0
2025-06-18 12:10:55.368432,5570.0,22144.0,28754.0
2025-06-18 12:11:00.070759,5570.0,22157.0,28759.0
2025-06-18 12:11:04.773856,5570.0,22156.0,28760.0
2025-06-18 12:11:09.679362,5570.0,22174.0,28764.0
2025-06-18 12:11:12.434454,5569.5,22174.0,28764.0
2025-06-18 12:11:14.378556,5569.5,21882.0,29125.0
2025-06-18 12:11:19.387824,5569.5,21971.0,29060.0
2025-06-18 12:11:20.420775,5569.5,21971.0,29060.0
2025-06-18 12:11:24.284525,5569.5,21927.0,29027.0
2025-06-18 12:11:24.421254,5569.0,21927.0,29027.0
2025-06-18 12:11:29.390437,5569.0,21913.0,28891.0
2025-06-18 12:11:34.491545,5569.0,21874.0,28888.0
2025-06-18 12:11:39.793628,5569.0,22067.0,28923.0
2025-06-18 12:11:44.597986,5569.0,22038.0,28912.0
2025-06-18 12:11:49.701635,5569.0,22239.0,29151.0
2025-06-18 12:11:54.901483,5569.0,21973.0,29112.0
2025-06-18 12:11:58.418293,5567.0,21973.0,29112.0
2025-06-18 12:11:59.605150,5567.0,21911.0,29113.0
2025-06-18 12:12:00.420353,5568.0,21911.0,29113.0
2025-06-18 12:12:04.422492,5568.0,21990.0,29039.0
2025-06-18 12:12:06.419951,5568.0,21990.0,29039.0
2025-06-18 12:12:09.426571,5568.0,22075.0,28829.0
2025-06-18 12:12:10.516791,5571.5,22075.0,28829.0
2025-06-18 12:12:14.318415,5571.5,22098.0,28925.0
2025-06-18 12:12:19.424362,5571.5,22215.0,28905.0
2025-06-18 12:12:24.722495,5571.5,22246.0,28813.0
2025-06-18 12:12:29.624264,5571.5,22187.0,28811.0
2025-06-18 12:12:34.331442,5571.5,22188.0,28827.0
2025-06-18 12:12:39.032039,5571.5,22234.0,28824.0
2025-06-18 12:12:43.733947,5571.5,22181.0,28836.0
2025-06-18 12:12:46.433445,5571.5,22181.0,28836.0
2025-06-18 12:12:48.642984,5571.5,22206.0,28814.0
2025-06-18 12:12:50.425580,5569.5,22206.0,28814.0
2025-06-18 12:12:53.492917,5569.5,22167.0,28890.0
2025-06-18 12:12:56.444312,5571.5,22167.0,28890.0
2025-06-18 12:12:57.203504,5571.5,22167.0,28890.0
2025-06-18 12:12:58.243109,5571.5,22201.0,28798.0
2025-06-18 12:12:58.350295,5571.5,22201.0,28798.0
2025-06-18 12:12:59.275256,5571.5,22201.0,28798.0
2025-06-18 12:13:00.284272,5571.5,22201.0,28798.0
2025-06-18 12:13:01.198475,5571.5,22201.0,28798.0
2025-06-18 12:13:01.843834,5571.5,22171.0,28800.0
2025-06-18 12:13:02.019171,5571.5,22171.0,28800.0
2025-06-18 12:13:02.955615,5571.5,22179.0,28813.0
2025-06-18 12:13:03.126088,5571.5,22179.0,28813.0
2025-06-18 12:13:03.957856,5571.5,22182.0,28813.0
2025-06-18 12:13:04.111615,5571.5,22182.0,28813.0
2025-06-18 12:13:05.079092,5571.5,22182.0,28813.0
2025-06-18 12:13:05.144535,5571.5,22170.0,28826.0
2025-06-18 12:13:05.424816,5571.5,22170.0,28826.0
2025-06-18 12:13:05.993445,5571.5,22170.0,28826.0
2025-06-18 12:13:06.161281,5571.5,22167.0,28798.0
2025-06-18 12:13:07.182749,5571.5,22171.0,28819.0
2025-06-18 12:13:07.259082,5571.5,22171.0,28819.0
2025-06-18 12:13:08.105438,5571.5,22171.0,28819.0
2025-06-18 12:13:08.347992,5571.5,22180.0,28834.0
2025-06-18 12:13:09.351160,5569.0,22158.0,28872.0
2025-06-18 12:13:09.427868,5569.0,22158.0,28872.0
2025-06-18 12:13:09.508786,5569.0,22158.0,28872.0
2025-06-18 12:13:10.350622,5569.0,22196.0,28869.0
2025-06-18 12:13:10.668116,5569.0,22196.0,28869.0
2025-06-18 12:13:11.252007,5569.0,22204.0,28841.0
2025-06-18 12:13:11.788684,5569.0,22204.0,28841.0
2025-06-18 12:13:12.353014,5569.0,22205.0,28850.0
2025-06-18 12:13:13.273726,5569.0,22205.0,28850.0
2025-06-18 12:13:13.553394,5569.0,22174.0,28861.0
2025-06-18 12:13:14.553793,5569.0,21680.0,28814.0
2025-06-18 12:13:15.558870,5569.0,22180.0,28824.0
2025-06-18 12:13:16.556131,5569.0,22180.0,28829.0
2025-06-18 12:13:17.657564,5569.0,22180.0,28833.0
2025-06-18 12:13:18.757683,5569.0,22167.0,28835.0
2025-06-18 12:13:19.758639,5569.0,22186.0,28815.0
2025-06-18 12:13:20.965102,5569.0,22179.0,28831.0
2025-06-18 12:13:21.859102,5569.0,22190.0,28827.0
2025-06-18 12:13:22.862412,5569.0,22190.0,28830.0
2025-06-18 12:13:24.060082,5569.0,22182.0,28825.0
2025-06-18 12:13:25.170295,5569.0,22181.0,28824.0
2025-06-18 12:13:26.178548,5569.0,22180.0,28834.0
2025-06-18 12:13:27.265339,5569.0,22295.0,28831.0
2025-06-18 12:13:28.267531,5569.0,22296.0,28825.0
2025-06-18 12:13:29.367527,5569.0,22289.0,28816.0
2025-06-18 12:13:30.482441,5569.0,22279.0,28825.0
2025-06-18 12:13:31.480798,5569.0,22294.0,28832.0
2025-06-18 12:13:32.483232,5569.0,22287.0,28863.0
2025-06-18 12:13:33.483687,5569.0,22291.0,28911.0
2025-06-18 12:13:34.573043,5569.0,22303.0,28911.0
2025-06-18 12:13:35.572896,5569.0,22293.0,28911.0
2025-06-18 12:13:36.878768,5569.0,22301.0,28911.0
2025-06-18 12:13:38.075548,5569.0,22291.0,28894.0
2025-06-18 12:13:39.075756,5569.0,22293.0,28911.0
2025-06-18 12:13:40.178024,5569.0,22302.0,28911.0
2025-06-18 12:13:41.177282,5569.0,22285.0,28911.0
2025-06-18 12:13:42.079474,5569.0,22288.0,28911.0
2025-06-18 12:13:43.277600,5569.0,22301.0,28903.0
2025-06-18 12:13:44.377581,5569.0,22301.0,28903.0
2025-06-18 12:13:45.378204,5569.0,22312.0,28841.0
2025-06-18 12:13:45.432129,5569.0,22312.0,28841.0
2025-06-18 12:13:46.488215,5569.0,22294.0,28873.0
2025-06-18 12:13:47.581590,5569.0,22294.0,28874.0
2025-06-18 12:13:48.580826,5569.0,22289.0,28881.0
2025-06-18 12:13:49.428997,5569.0,22289.0,28881.0
2025-06-18 12:13:49.578768,5569.0,22240.0,28894.0
2025-06-18 12:13:50.580565,5569.0,22235.0,29148.0
2025-06-18 12:13:51.682934,5569.0,22224.0,29127.0
2025-06-18 12:13:52.780880,5569.0,22244.0,29124.0
2025-06-18 12:13:53.881772,5569.0,22247.0,29154.0
2025-06-18 12:13:54.881360,5569.0,22242.0,29142.0
2025-06-18 12:13:55.428464,5570.5,22242.0,29142.0
2025-06-18 12:13:55.982151,5570.5,22065.0,29176.0
2025-06-18 12:13:57.082723,5570.5,22171.0,29207.0
2025-06-18 12:13:57.478540,5570.5,22171.0,29207.0
2025-06-18 12:13:58.183079,5570.5,22199.0,29230.0
2025-06-18 12:13:59.184392,5570.5,22211.0,29213.0
2025-06-18 12:14:00.184665,5570.5,22213.0,29179.0
2025-06-18 12:14:01.785503,5570.5,22210.0,29179.0
2025-06-18 12:14:02.888287,5570.5,22209.0,29177.0
2025-06-18 12:14:03.789480,5570.5,22213.0,29178.0
2025-06-18 12:14:04.687594,5570.5,22201.0,29214.0
2025-06-18 12:14:05.988202,5570.5,22220.0,29208.0
2025-06-18 12:14:07.089633,5570.5,22217.0,29220.0
2025-06-18 12:14:08.089129,5570.5,22025.0,29240.0
2025-06-18 12:14:08.988167,5570.5,22106.0,29310.0
2025-06-18 12:14:10.690602,5570.5,22149.0,29340.0
2025-06-18 12:14:11.693802,5570.5,22164.0,29321.0
2025-06-18 12:14:12.793045,5570.5,22040.0,29395.0
2025-06-18 12:14:13.794559,5570.5,22173.0,29362.0
2025-06-18 12:14:14.896393,5570.5,21990.0,29412.0
2025-06-18 12:14:16.003043,5570.5,21987.0,29321.0
2025-06-18 12:14:17.099691,5570.5,22051.0,29429.0
2025-06-18 12:14:18.197467,5570.5,22019.0,29428.0
2025-06-18 12:14:19.304278,5570.5,22034.0,29435.0
2025-06-18 12:14:20.400640,5570.5,22037.0,29419.0
2025-06-18 12:14:21.436085,5567.0,22037.0,29419.0
2025-06-18 12:14:21.499706,5567.0,22020.0,29452.0
2025-06-18 12:14:22.601044,5567.0,22069.0,29628.0
2025-06-18 12:14:23.500161,5567.0,22066.0,29652.0
2025-06-18 12:14:24.502011,5567.0,22079.0,29633.0
2025-06-18 12:14:25.503021,5567.0,22073.0,29620.0
2025-06-18 12:14:26.436373,5568.5,22073.0,29620.0
2025-06-18 12:14:26.504292,5568.5,22067.0,29589.0
2025-06-18 12:14:27.603226,5568.5,22067.0,29592.0
2025-06-18 12:14:28.604542,5568.5,22050.0,29565.0
2025-06-18 12:14:29.603453,5568.5,22056.0,29599.0
2025-06-18 12:14:30.605469,5568.5,22046.0,29570.0
2025-06-18 12:14:31.705488,5568.5,22047.0,29581.0
2025-06-18 12:14:32.708300,5568.5,22033.0,29569.0
2025-06-18 12:14:33.810713,5568.5,22030.0,29566.0
2025-06-18 12:14:34.811123,5568.5,22079.0,29535.0
2025-06-18 12:14:36.217154,5568.5,22061.0,29532.0
2025-06-18 12:14:36.911965,5568.5,22068.0,29498.0
2025-06-18 12:14:37.811787,5568.5,22068.0,29508.0
2025-06-18 12:14:38.912962,5568.5,22062.0,29493.0
2025-06-18 12:14:40.014662,5568.5,22048.0,29521.0
2025-06-18 12:14:41.114388,5568.5,22048.0,29530.0
2025-06-18 12:14:42.215554,5568.5,22045.0,29563.0
2025-06-18 12:14:43.214196,5568.5,22042.0,29558.0
2025-06-18 12:14:44.214763,5568.5,22047.0,29581.0
2025-06-18 12:14:45.218783,5568.5,22052.0,29581.0
2025-06-18 12:14:46.316602,5568.5,22025.0,29572.0
2025-06-18 12:14:47.494303,5568.5,22030.0,29600.0
2025-06-18 12:14:48.519668,5568.5,22031.0,29599.0
2025-06-18 12:14:49.619275,5568.5,22013.0,29603.0
2025-06-18 12:14:50.719983,5568.5,22038.0,29586.0
2025-06-18 12:14:51.722180,5568.5,22038.0,29574.0
2025-06-18 12:14:52.826778,5568.5,22032.0,29582.0
2025-06-18 12:14:53.932605,5568.5,22033.0,29582.0
2025-06-18 12:14:54.984164,5568.5,22026.0,29540.0
2025-06-18 12:14:56.024307,5568.5,22053.0,29550.0
2025-06-18 12:14:56.924435,5568.5,22036.0,29545.0
2025-06-18 12:14:58.027324,5568.5,22043.0,29576.0
2025-06-18 12:14:59.129282,5568.5,22043.0,29578.0
2025-06-18 12:15:00.231845,5568.5,22043.0,29579.0
2025-06-18 12:15:03.328462,5568.5,22042.0,29579.0
2025-06-18 12:15:08.733500,5568.5,22047.0,29614.0
2025-06-18 12:15:12.449658,5568.0,22047.0,29614.0
2025-06-18 12:15:13.737345,5568.0,22097.0,29585.0
2025-06-18 12:15:19.143087,5568.0,22184.0,29629.0
2025-06-18 12:15:24.046074,5568.0,22208.0,29669.0
2025-06-18 12:15:24.513968,5568.0,22208.0,29669.0
2025-06-18 12:15:28.452155,5567.5,22208.0,29669.0
2025-06-18 12:15:28.750306,5567.5,22232.0,29675.0
2025-06-18 12:15:30.451465,5568.0,22232.0,29675.0
2025-06-18 12:15:33.854738,5567.5,22219.0,29654.0
2025-06-18 12:15:34.469878,5567.5,22219.0,29654.0
2025-06-18 12:15:38.458364,5568.0,22219.0,29654.0
2025-06-18 12:15:39.062483,5568.0,22212.0,29673.0
2025-06-18 12:15:40.452149,5568.0,22212.0,29673.0
2025-06-18 12:15:43.766509,5568.0,22229.0,29672.0
2025-06-18 12:15:48.569364,5568.0,22225.0,29651.0
2025-06-18 12:15:52.448498,5567.5,22225.0,29651.0
2025-06-18 12:15:53.181431,5567.5,22232.0,29672.0
2025-06-18 12:15:54.456019,5567.5,22232.0,29672.0
2025-06-18 12:15:56.464012,5567.0,22232.0,29672.0
2025-06-18 12:15:57.680806,5567.0,22235.0,29697.0
2025-06-18 12:15:57.746715,5567.0,22235.0,29697.0
2025-06-18 12:15:58.454196,5567.5,22235.0,29697.0
2025-06-18 12:15:58.860814,5567.5,22235.0,29697.0
2025-06-18 12:15:59.804580,5567.5,22235.0,29697.0
2025-06-18 12:16:00.780520,5567.5,22235.0,29697.0
2025-06-18 12:16:01.696056,5567.5,22235.0,29697.0
2025-06-18 12:16:01.983303,5567.5,22239.0,29681.0
2025-06-18 12:16:02.539516,5567.5,22239.0,29681.0
2025-06-18 12:16:03.649978,5567.5,22239.0,29681.0
2025-06-18 12:16:04.229017,5567.5,22239.0,29681.0
2025-06-18 12:16:05.150810,5567.5,22239.0,29681.0
2025-06-18 12:16:06.512514,5567.5,22239.0,29681.0
2025-06-18 12:16:06.564386,5567.5,22239.0,29681.0
2025-06-18 12:16:07.187271,5567.5,22244.0,29668.0
2025-06-18 12:16:07.768441,5567.5,22244.0,29668.0
2025-06-18 12:16:08.638211,5567.5,22244.0,29668.0
2025-06-18 12:16:10.054188,5567.5,22244.0,29668.0
2025-06-18 12:16:11.209641,5567.5,22244.0,29668.0
2025-06-18 12:16:12.084671,5567.5,22198.0,29637.0
2025-06-18 12:16:12.356740,5567.5,22198.0,29637.0
2025-06-18 12:16:12.457033,5567.5,22198.0,29637.0
2025-06-18 12:16:13.824481,5567.5,22198.0,29637.0
2025-06-18 12:16:14.464387,5568.0,22198.0,29637.0
2025-06-18 12:16:16.996240,5568.0,22225.0,29656.0
2025-06-18 12:16:22.091525,5568.0,22249.0,29657.0
2025-06-18 12:16:27.493752,5568.0,22226.0,29652.0
2025-06-18 12:16:32.701239,5568.0,22247.0,29647.0
2025-06-18 12:16:38.445481,5568.0,22244.0,29671.0
2025-06-18 12:16:42.003385,5567.0,22242.0,29692.0
2025-06-18 12:16:42.450009,5567.0,22242.0,29692.0
2025-06-18 12:16:46.604823,5567.0,22239.0,29698.0
2025-06-18 12:16:51.909845,5567.0,22205.0,29657.0
2025-06-18 12:16:56.913043,5567.0,22213.0,29651.0
2025-06-18 12:17:00.452029,5568.0,22213.0,29651.0
2025-06-18 12:17:01.620474,5568.0,22071.0,29637.0
2025-06-18 12:17:04.463012,5568.0,22071.0,29637.0
2025-06-18 12:17:06.719066,5568.0,22086.0,29632.0
2025-06-18 12:17:08.453953,5568.0,22086.0,29632.0
2025-06-18 12:17:11.826704,5568.0,22176.0,29505.0
2025-06-18 12:17:12.499045,5568.0,22176.0,29505.0
2025-06-18 12:17:16.828871,5568.0,22172.0,29486.0
2025-06-18 12:17:21.733530,5568.0,22187.0,29492.0
2025-06-18 12:17:26.633928,5568.0,22196.0,29483.0
2025-06-18 12:17:31.536467,5568.0,22161.0,29520.0
2025-06-18 12:17:36.441670,5568.0,22153.0,29503.0
2025-06-18 12:17:41.047094,5568.0,22052.0,29662.0
2025-06-18 12:17:45.724225,5568.0,22051.0,29683.0
2025-06-18 12:17:50.155653,5568.0,22046.0,29664.0
2025-06-18 12:17:51.457689,5567.0,22046.0,29664.0
2025-06-18 12:17:53.459454,5566.0,22046.0,29664.0
2025-06-18 12:17:55.057216,5566.0,21638.0,30196.0
2025-06-18 12:17:55.454974,5567.0,21638.0,30196.0
2025-06-18 12:17:56.457640,5565.0,21638.0,30196.0
2025-06-18 12:18:00.059536,5565.0,21535.0,30044.0
2025-06-18 12:18:04.563107,5565.0,21428.0,30048.0
2025-06-18 12:18:05.485764,5565.0,21428.0,30048.0
2025-06-18 12:18:06.455003,5565.0,21428.0,30048.0
2025-06-18 12:18:09.365924,5565.0,21486.0,30048.0
2025-06-18 12:18:10.473392,5565.0,21486.0,30048.0
2025-06-18 12:18:13.991693,5565.0,21490.0,30040.0
2025-06-18 12:18:18.673363,5565.0,21479.0,30040.0
2025-06-18 12:18:19.458725,5564.5,21479.0,30040.0
2025-06-18 12:18:23.482562,5564.5,21337.0,30053.0
2025-06-18 12:18:28.179703,5564.5,21355.0,30044.0
2025-06-18 12:18:32.780798,5564.5,21339.0,30063.0
2025-06-18 12:18:37.494367,5564.5,21352.0,30063.0
2025-06-18 12:18:42.223899,5564.5,21340.0,30074.0
2025-06-18 12:18:46.483054,5566.5,21340.0,30074.0
2025-06-18 12:18:47.312654,5565.5,21841.0,29415.0
2025-06-18 12:18:47.485930,5567.0,21841.0,29415.0
2025-06-18 12:18:48.488976,5568.0,21841.0,29415.0
2025-06-18 12:18:51.480077,5567.0,21841.0,29415.0
2025-06-18 12:18:52.101049,5567.0,21662.0,29534.0
2025-06-18 12:18:56.698629,5567.0,21670.0,29545.0
2025-06-18 12:18:58.250973,5567.0,21670.0,29545.0
2025-06-18 12:18:59.364252,5567.0,21670.0,29545.0
2025-06-18 12:19:00.314895,5567.0,21670.0,29545.0
2025-06-18 12:19:00.460806,5568.0,21670.0,29545.0
2025-06-18 12:19:01.288494,5568.0,21670.0,29545.0
2025-06-18 12:19:01.404573,5568.0,21798.0,29456.0
2025-06-18 12:19:02.193210,5568.0,21798.0,29456.0
2025-06-18 12:19:03.471448,5568.0,21798.0,29456.0
2025-06-18 12:19:04.169768,5568.0,21798.0,29456.0
2025-06-18 12:19:05.120081,5568.0,21798.0,29456.0
2025-06-18 12:19:05.460469,5568.0,21798.0,29456.0
2025-06-18 12:19:05.607353,5568.0,21798.0,29456.0
2025-06-18 12:19:06.408713,5568.0,21829.0,29409.0
2025-06-18 12:19:06.874635,5568.0,21829.0,29409.0
2025-06-18 12:19:08.358350,5568.0,21829.0,29409.0
2025-06-18 12:19:09.225463,5568.0,21829.0,29409.0
2025-06-18 12:19:10.645154,5568.0,21829.0,29409.0
2025-06-18 12:19:11.209629,5568.0,22103.0,29405.0
2025-06-18 12:19:11.778004,5568.0,22103.0,29405.0
2025-06-18 12:19:12.919132,5568.0,22103.0,29405.0
2025-06-18 12:19:14.431778,5568.0,22103.0,29405.0
2025-06-18 12:19:15.914556,5568.0,22093.0,29390.0
2025-06-18 12:19:20.618055,5568.0,22119.0,29407.0
2025-06-18 12:19:25.423099,5568.0,22054.0,29396.0
2025-06-18 12:19:30.328646,5568.0,22066.0,29413.0
2025-06-18 12:19:35.230869,5568.0,22091.0,29419.0
2025-06-18 12:19:39.935353,5568.0,22086.0,29399.0
2025-06-18 12:19:43.465965,5568.0,22086.0,29399.0
2025-06-18 12:19:44.737194,5568.0,22054.0,29423.0
2025-06-18 12:19:49.344047,5568.0,22074.0,29396.0
2025-06-18 12:19:51.464435,5569.5,22074.0,29396.0
2025-06-18 12:19:54.146680,5569.5,22026.0,29391.0
2025-06-18 12:19:58.947984,5569.5,22036.0,29403.0
