timestamp,ltp,bid_qty,ask_qty
2025-06-18 11:01:36.649583,389.85,667889.0,1044981.0
2025-06-18 11:01:36.939351,389.85,668792.0,1044927.0
2025-06-18 11:01:38.039770,389.95,669313.0,1045274.0
2025-06-18 11:01:38.131205,389.95,669313.0,1045274.0
2025-06-18 11:01:39.132281,389.95,669313.0,1045274.0
2025-06-18 11:01:39.143917,389.95,668665.0,1044568.0
2025-06-18 11:01:40.147661,389.95,668685.0,1044661.0
2025-06-18 11:01:41.131599,389.95,668685.0,1044661.0
2025-06-18 11:01:41.242882,389.95,668855.0,1044722.0
2025-06-18 11:01:42.136678,389.95,668855.0,1044722.0
2025-06-18 11:01:42.240045,389.95,668442.0,1044721.0
2025-06-18 11:01:43.132891,389.9,668442.0,1044721.0
2025-06-18 11:01:43.341761,389.9,668252.0,1044721.0
2025-06-18 11:01:44.184035,389.95,668252.0,1044721.0
2025-06-18 11:01:44.666810,389.95,667756.0,1044526.0
2025-06-18 11:01:45.147787,389.95,667756.0,1044526.0
2025-06-18 11:01:45.544024,389.95,668328.0,1042394.0
2025-06-18 11:01:46.143227,389.95,668328.0,1042394.0
2025-06-18 11:01:46.548562,389.95,668326.0,1042572.0
2025-06-18 11:01:47.655629,389.95,667760.0,1044218.0
2025-06-18 11:01:48.746176,389.95,667671.0,1045110.0
2025-06-18 11:01:49.174563,389.95,667671.0,1045110.0
2025-06-18 11:01:49.745423,389.95,664027.0,1043746.0
2025-06-18 11:01:50.133504,389.95,664027.0,1043746.0
2025-06-18 11:01:50.747125,389.95,668228.0,1045322.0
2025-06-18 11:01:51.659737,389.95,667959.0,1045010.0
2025-06-18 11:01:52.136575,389.95,667959.0,1045010.0
2025-06-18 11:01:52.749465,389.95,667956.0,1043871.0
2025-06-18 11:01:53.849389,389.95,668194.0,1043561.0
2025-06-18 11:01:54.848179,389.95,668008.0,1043581.0
2025-06-18 11:01:55.144826,389.9,668008.0,1043581.0
2025-06-18 11:01:55.848878,389.95,668001.0,1044992.0
2025-06-18 11:01:56.202465,389.9,668001.0,1044992.0
2025-06-18 11:01:56.962104,389.95,668206.0,1044878.0
2025-06-18 11:01:57.145608,389.95,668206.0,1044878.0
2025-06-18 11:01:58.050387,389.95,668475.0,1043305.0
2025-06-18 11:01:58.136026,389.95,668475.0,1043305.0
2025-06-18 11:01:59.050581,389.95,668004.0,1044788.0
2025-06-18 11:01:59.138694,389.95,668004.0,1044788.0
2025-06-18 11:02:00.051632,389.95,667889.0,1043310.0
2025-06-18 11:02:00.138643,389.95,667889.0,1043310.0
2025-06-18 11:02:01.966410,389.95,668399.0,1043459.0
2025-06-18 11:02:02.141613,389.95,668399.0,1043459.0
2025-06-18 11:02:05.166009,390.05,668399.0,1043459.0
2025-06-18 11:02:06.145587,390.0,668399.0,1043459.0
2025-06-18 11:02:07.261539,390.0,670352.0,1042510.0
2025-06-18 11:02:08.144047,389.95,670352.0,1042510.0
2025-06-18 11:02:10.156398,389.95,670352.0,1042510.0
2025-06-18 11:02:12.146037,389.9,670352.0,1042510.0
2025-06-18 11:02:12.666095,390.0,668814.0,1043052.0
2025-06-18 11:02:14.148151,389.85,668814.0,1043052.0
2025-06-18 11:02:16.190114,389.9,668814.0,1043052.0
2025-06-18 11:02:18.068901,389.85,665852.0,1050453.0
2025-06-18 11:02:18.142354,389.9,665852.0,1050453.0
2025-06-18 11:02:20.142553,389.9,665852.0,1050453.0
2025-06-18 11:02:23.173363,389.9,665184.0,1050387.0
2025-06-18 11:02:24.172807,389.9,665184.0,1050387.0
2025-06-18 11:02:26.153207,389.85,665184.0,1050387.0
2025-06-18 11:02:28.144589,389.9,665184.0,1050387.0
2025-06-18 11:02:28.276911,389.9,664282.0,1049422.0
2025-06-18 11:02:30.160156,389.9,664282.0,1049422.0
2025-06-18 11:02:32.154275,389.9,664282.0,1049422.0
2025-06-18 11:02:33.380434,389.9,666185.0,1048823.0
2025-06-18 11:02:34.147529,389.9,666185.0,1048823.0
2025-06-18 11:02:36.150800,389.9,666185.0,1048823.0
2025-06-18 11:02:38.149360,389.65,666185.0,1048823.0
2025-06-18 11:02:38.882339,389.7,653096.0,1055227.0
2025-06-18 11:02:40.146490,389.85,653096.0,1055227.0
2025-06-18 11:02:42.147370,389.85,653096.0,1055227.0
2025-06-18 11:02:44.087347,389.7,657749.0,1052360.0
2025-06-18 11:02:44.155083,389.7,657749.0,1052360.0
2025-06-18 11:02:46.152092,389.7,657749.0,1052360.0
2025-06-18 11:02:48.148320,389.85,657749.0,1052360.0
2025-06-18 11:02:49.288075,389.85,656610.0,1052914.0
2025-06-18 11:02:50.149264,389.85,656610.0,1052914.0
2025-06-18 11:02:52.151217,389.85,656610.0,1052914.0
2025-06-18 11:02:54.152520,389.85,656610.0,1052914.0
2025-06-18 11:02:54.691946,389.85,655561.0,1053705.0
2025-06-18 11:02:56.151406,389.7,655561.0,1053705.0
2025-06-18 11:02:59.898543,389.85,656003.0,1049418.0
2025-06-18 11:03:00.152464,389.85,656003.0,1049418.0
2025-06-18 11:03:02.142789,389.7,656003.0,1049418.0
2025-06-18 11:03:04.153266,389.85,656003.0,1049418.0
2025-06-18 11:03:05.101739,389.85,657272.0,1049347.0
2025-06-18 11:03:06.145853,389.85,657272.0,1049347.0
2025-06-18 11:03:08.156906,389.85,657272.0,1049347.0
2025-06-18 11:03:10.402737,389.85,657055.0,1049984.0
2025-06-18 11:03:12.149079,389.85,657055.0,1049984.0
2025-06-18 11:03:14.155886,389.85,657055.0,1049984.0
2025-06-18 11:03:15.603655,389.85,658444.0,1047911.0
2025-06-18 11:03:16.159229,389.7,658444.0,1047911.0
2025-06-18 11:03:18.152054,389.85,658444.0,1047911.0
2025-06-18 11:03:20.155553,389.85,658444.0,1047911.0
2025-06-18 11:03:20.809487,389.85,658896.0,1047667.0
2025-06-18 11:03:22.174862,389.85,658896.0,1047667.0
2025-06-18 11:03:24.156284,389.7,658896.0,1047667.0
2025-06-18 11:03:26.110796,389.7,655857.0,1047057.0
2025-06-18 11:03:28.154876,389.85,655857.0,1047057.0
2025-06-18 11:03:30.149560,389.85,655857.0,1047057.0
2025-06-18 11:03:31.313720,389.85,654464.0,1047355.0
2025-06-18 11:03:32.156007,389.85,654464.0,1047355.0
2025-06-18 11:03:34.157626,389.85,654464.0,1047355.0
2025-06-18 11:03:37.020809,389.85,655751.0,1047792.0
2025-06-18 11:03:38.159867,389.85,655751.0,1047792.0
2025-06-18 11:03:40.150139,389.85,655751.0,1047792.0
2025-06-18 11:03:42.161265,389.7,655751.0,1047792.0
2025-06-18 11:03:42.221023,389.7,655463.0,1047871.0
2025-06-18 11:03:46.060656,389.7,655463.0,1047871.0
2025-06-18 11:03:47.123589,389.7,655463.0,1047871.0
2025-06-18 11:03:47.126644,389.75,655769.0,1046975.0
2025-06-18 11:03:47.994977,389.75,655769.0,1046975.0
2025-06-18 11:03:48.168704,389.7,655769.0,1046975.0
2025-06-18 11:03:48.904483,389.7,655769.0,1046975.0
2025-06-18 11:03:49.772097,389.7,655769.0,1046975.0
2025-06-18 11:03:50.222143,389.75,655769.0,1046975.0
2025-06-18 11:03:50.561357,389.75,655769.0,1046975.0
2025-06-18 11:03:51.595013,389.75,655769.0,1046975.0
2025-06-18 11:03:51.825847,389.85,655860.0,1046734.0
2025-06-18 11:03:52.195550,389.85,655860.0,1046734.0
2025-06-18 11:03:52.231217,389.85,655860.0,1046734.0
2025-06-18 11:03:53.076812,389.85,655860.0,1046734.0
2025-06-18 11:03:54.187329,389.85,655860.0,1046734.0
2025-06-18 11:03:54.474719,389.85,655860.0,1046734.0
2025-06-18 11:03:55.732632,389.85,655860.0,1046734.0
2025-06-18 11:03:56.589603,389.85,655860.0,1046734.0
2025-06-18 11:03:56.830632,389.7,655733.0,1047456.0
2025-06-18 11:04:00.465220,389.85,655733.0,1047456.0
2025-06-18 11:04:00.503761,389.85,655733.0,1047456.0
2025-06-18 11:04:00.545603,389.85,655733.0,1047456.0
2025-06-18 11:04:00.549422,389.85,655733.0,1047456.0
2025-06-18 11:04:00.583285,389.85,655733.0,1047456.0
2025-06-18 11:04:01.927373,389.85,655733.0,1047456.0
2025-06-18 11:04:02.030104,389.85,656501.0,1046169.0
2025-06-18 11:04:02.180371,389.85,656501.0,1046169.0
2025-06-18 11:04:04.168117,389.85,656501.0,1046169.0
2025-06-18 11:04:06.166890,389.7,656501.0,1046169.0
2025-06-18 11:04:07.232424,389.85,656672.0,1048635.0
2025-06-18 11:04:08.179404,389.85,656672.0,1048635.0
2025-06-18 11:04:10.239625,389.7,656672.0,1048635.0
2025-06-18 11:04:12.167432,389.75,656672.0,1048635.0
2025-06-18 11:04:12.338202,389.75,655867.0,1048182.0
2025-06-18 11:04:16.163007,389.85,655867.0,1048182.0
2025-06-18 11:04:17.440816,389.85,656053.0,1049942.0
2025-06-18 11:04:18.161321,389.85,656053.0,1049942.0
2025-06-18 11:04:22.857444,389.85,657262.0,1048652.0
2025-06-18 11:04:24.164498,389.85,657262.0,1048652.0
2025-06-18 11:04:27.971510,389.85,657886.0,1047512.0
2025-06-18 11:04:30.156438,389.75,657886.0,1047512.0
2025-06-18 11:04:32.161030,389.85,657886.0,1047512.0
2025-06-18 11:04:33.063293,389.85,657284.0,1047534.0
2025-06-18 11:04:34.201550,389.85,657284.0,1047534.0
2025-06-18 11:04:36.164159,389.85,657284.0,1047534.0
2025-06-18 11:04:37.865729,389.85,657125.0,1050176.0
2025-06-18 11:04:38.154713,389.85,657125.0,1050176.0
2025-06-18 11:04:40.159011,389.85,657125.0,1050176.0
2025-06-18 11:04:42.767117,389.85,657399.0,1050980.0
2025-06-18 11:04:47.871749,389.85,658810.0,1049330.0
2025-06-18 11:04:48.166935,389.85,658810.0,1049330.0
2025-06-18 11:04:50.170943,389.75,658810.0,1049330.0
2025-06-18 11:04:52.674511,389.85,658437.0,1049350.0
2025-06-18 11:04:54.192518,389.85,658437.0,1049350.0
2025-06-18 11:04:56.152358,389.85,658437.0,1049350.0
2025-06-18 11:04:57.488026,389.85,658047.0,1049770.0
2025-06-18 11:05:00.162645,389.85,658047.0,1049770.0
2025-06-18 11:05:02.077061,389.85,658837.0,1050748.0
2025-06-18 11:05:05.175696,389.85,658837.0,1050748.0
2025-06-18 11:05:06.880245,389.85,659348.0,1049757.0
2025-06-18 11:05:08.164953,389.9,659348.0,1049757.0
2025-06-18 11:05:10.160554,389.95,659348.0,1049757.0
2025-06-18 11:05:11.990433,390.0,664969.0,1042436.0
2025-06-18 11:05:12.204407,390.0,664969.0,1042436.0
2025-06-18 11:05:16.690510,390.0,664969.0,1042436.0
2025-06-18 11:05:17.496554,390.0,664548.0,1040728.0
2025-06-18 11:05:20.177434,389.9,664548.0,1040728.0
2025-06-18 11:05:22.173754,390.0,664548.0,1040728.0
2025-06-18 11:05:22.791825,390.0,665489.0,1040959.0
2025-06-18 11:05:24.208495,390.0,665489.0,1040959.0
2025-06-18 11:05:26.168609,390.05,665489.0,1040959.0
2025-06-18 11:05:27.501782,390.0,665778.0,1039843.0
2025-06-18 11:05:28.200337,390.0,665778.0,1039843.0
2025-06-18 11:05:30.159058,390.0,665778.0,1039843.0
2025-06-18 11:05:32.196483,390.0,665778.0,1039843.0
2025-06-18 11:05:32.397187,389.95,659746.0,1044720.0
2025-06-18 11:05:35.171977,389.95,659746.0,1044720.0
2025-06-18 11:05:36.191043,389.95,659746.0,1044720.0
2025-06-18 11:05:38.005137,390.0,660909.0,1041825.0
2025-06-18 11:05:38.160257,390.0,660909.0,1041825.0
2025-06-18 11:05:40.193412,389.95,660909.0,1041825.0
2025-06-18 11:05:42.159901,390.0,660909.0,1041825.0
2025-06-18 11:05:43.101617,390.0,660984.0,1043919.0
2025-06-18 11:05:44.167095,390.0,660984.0,1043919.0
2025-06-18 11:05:48.106162,389.9,659074.0,1047099.0
2025-06-18 11:05:48.209452,389.9,659074.0,1047099.0
2025-06-18 11:05:50.168699,389.9,659074.0,1047099.0
2025-06-18 11:05:52.184987,389.8,659074.0,1047099.0
2025-06-18 11:05:53.208666,389.9,660399.0,1047655.0
2025-06-18 11:05:54.386110,389.9,660399.0,1047655.0
2025-06-18 11:05:58.177857,389.9,660399.0,1047655.0
2025-06-18 11:05:58.413238,389.9,659261.0,1048398.0
2025-06-18 11:06:00.157970,389.8,659261.0,1048398.0
2025-06-18 11:06:02.170547,389.85,659261.0,1048398.0
2025-06-18 11:06:03.015230,389.85,655044.0,1053287.0
2025-06-18 11:06:04.178650,389.75,655044.0,1053287.0
2025-06-18 11:06:06.163941,389.8,655044.0,1053287.0
2025-06-18 11:06:07.925535,389.8,654629.0,1054588.0
2025-06-18 11:06:08.173782,389.75,654629.0,1054588.0
2025-06-18 11:06:10.198894,389.75,654629.0,1054588.0
2025-06-18 11:06:12.174463,389.65,654629.0,1054588.0
2025-06-18 11:06:12.819226,389.65,654395.0,1055552.0
2025-06-18 11:06:16.165885,389.75,654395.0,1055552.0
2025-06-18 11:06:18.023128,389.75,653593.0,1054667.0
2025-06-18 11:06:20.157897,389.75,653593.0,1054667.0
2025-06-18 11:06:22.165740,389.75,653593.0,1054667.0
2025-06-18 11:06:22.826362,389.8,656841.0,1054568.0
2025-06-18 11:06:24.171830,389.85,656841.0,1054568.0
2025-06-18 11:06:26.216896,389.85,656841.0,1054568.0
2025-06-18 11:06:27.825956,389.85,655682.0,1053558.0
2025-06-18 11:06:30.166213,389.8,655682.0,1053558.0
2025-06-18 11:06:32.172281,389.8,655682.0,1053558.0
2025-06-18 11:06:32.530824,389.8,655977.0,1053470.0
2025-06-18 11:06:34.231453,389.8,655977.0,1053470.0
2025-06-18 11:06:36.240868,389.8,655977.0,1053470.0
2025-06-18 11:06:37.239180,389.8,656297.0,1053510.0
2025-06-18 11:06:38.164455,389.8,656297.0,1053510.0
2025-06-18 11:06:42.163392,389.8,656297.0,1053510.0
2025-06-18 11:06:42.338045,389.8,654188.0,1054130.0
2025-06-18 11:06:46.169330,389.7,654188.0,1054130.0
2025-06-18 11:06:46.764492,389.7,654188.0,1054130.0
2025-06-18 11:06:47.343750,389.8,654221.0,1054675.0
2025-06-18 11:06:47.623144,389.8,654221.0,1054675.0
2025-06-18 11:06:48.190968,389.8,654221.0,1054675.0
2025-06-18 11:06:48.562713,389.8,654221.0,1054675.0
2025-06-18 11:06:49.801090,389.8,654221.0,1054675.0
2025-06-18 11:06:50.171379,389.7,654221.0,1054675.0
2025-06-18 11:06:50.288977,389.7,654221.0,1054675.0
2025-06-18 11:06:51.080814,389.7,654221.0,1054675.0
2025-06-18 11:06:52.045173,389.7,654221.0,1054675.0
2025-06-18 11:06:52.180676,389.8,654221.0,1054675.0
2025-06-18 11:06:52.343993,389.8,654588.0,1053229.0
2025-06-18 11:06:52.607029,389.8,654588.0,1053229.0
2025-06-18 11:06:53.524473,389.8,654588.0,1053229.0
2025-06-18 11:06:54.213678,389.8,654588.0,1053229.0
2025-06-18 11:06:54.763723,389.8,654588.0,1053229.0
2025-06-18 11:06:56.205174,389.8,654588.0,1053229.0
2025-06-18 11:06:56.273759,389.8,654588.0,1053229.0
2025-06-18 11:06:57.110229,389.8,654588.0,1053229.0
2025-06-18 11:06:57.150291,389.8,654538.0,1053064.0
2025-06-18 11:06:58.545188,389.8,654538.0,1053064.0
2025-06-18 11:06:59.668743,389.8,654538.0,1053064.0
2025-06-18 11:07:00.836166,389.8,654538.0,1053064.0
2025-06-18 11:07:01.950204,389.8,655226.0,1053045.0
2025-06-18 11:07:02.165434,389.8,655226.0,1053045.0
2025-06-18 11:07:02.296411,389.8,655226.0,1053045.0
2025-06-18 11:07:05.088297,389.7,655226.0,1053045.0
2025-06-18 11:07:06.167755,389.55,655226.0,1053045.0
2025-06-18 11:07:06.860649,389.55,650637.0,1061283.0
2025-06-18 11:07:10.534245,389.65,650637.0,1061283.0
2025-06-18 11:07:12.171963,389.4,650637.0,1061283.0
2025-06-18 11:07:12.561703,389.4,647143.0,1066001.0
2025-06-18 11:07:14.170213,389.4,647143.0,1066001.0
2025-06-18 11:07:18.061979,389.4,648107.0,1065226.0
2025-06-18 11:07:23.259301,389.5,648603.0,1065490.0
2025-06-18 11:07:24.168467,389.5,648603.0,1065490.0
2025-06-18 11:07:26.259599,389.5,648603.0,1065490.0
2025-06-18 11:07:28.173927,389.5,648419.0,1065652.0
2025-06-18 11:07:30.200233,389.6,648419.0,1065652.0
2025-06-18 11:07:32.192953,389.6,648419.0,1065652.0
2025-06-18 11:07:33.067228,389.6,648573.0,1063941.0
2025-06-18 11:07:34.173305,389.6,648573.0,1063941.0
2025-06-18 11:07:37.975506,389.6,650099.0,1065342.0
2025-06-18 11:07:38.171132,389.6,650099.0,1065342.0
2025-06-18 11:07:40.201026,389.55,650099.0,1065342.0
2025-06-18 11:07:42.175344,389.55,650099.0,1065342.0
2025-06-18 11:07:43.273775,389.55,649196.0,1066285.0
2025-06-18 11:07:44.795737,389.55,649196.0,1066285.0
2025-06-18 11:07:46.180725,389.55,649196.0,1066285.0
2025-06-18 11:07:48.173378,389.5,649196.0,1066285.0
2025-06-18 11:07:48.573207,389.5,649313.0,1064906.0
2025-06-18 11:07:51.176031,389.5,649313.0,1064906.0
2025-06-18 11:07:53.574464,389.5,648622.0,1067670.0
2025-06-18 11:07:54.171040,389.4,648622.0,1067670.0
2025-06-18 11:07:57.171001,389.5,648622.0,1067670.0
2025-06-18 11:07:58.576632,389.5,650537.0,1066632.0
2025-06-18 11:08:01.248592,389.5,650537.0,1066632.0
2025-06-18 11:08:03.177528,389.55,650537.0,1066632.0
2025-06-18 11:08:03.581165,389.55,649438.0,1065251.0
2025-06-18 11:08:07.184102,389.55,649438.0,1065251.0
2025-06-18 11:08:09.221033,389.55,649827.0,1067091.0
2025-06-18 11:08:09.244267,389.55,649827.0,1067091.0
2025-06-18 11:08:15.127596,389.55,648772.0,1065975.0
2025-06-18 11:08:20.484180,389.5,648772.0,1065975.0
2025-06-18 11:08:20.532962,389.55,648772.0,1065975.0
2025-06-18 11:08:20.534576,389.65,650997.0,1061807.0
2025-06-18 11:08:21.184625,389.65,650997.0,1061807.0
2025-06-18 11:08:24.172543,389.6,650997.0,1061807.0
2025-06-18 11:08:25.008867,389.65,656763.0,1055660.0
2025-06-18 11:08:26.175491,389.65,656763.0,1055660.0
2025-06-18 11:08:30.703890,389.65,658394.0,1054599.0
2025-06-18 11:08:31.196256,389.65,658394.0,1054599.0
2025-06-18 11:08:33.180719,389.65,658394.0,1054599.0
2025-06-18 11:08:36.106520,389.65,659803.0,1055127.0
2025-06-18 11:08:37.177894,389.7,659803.0,1055127.0
2025-06-18 11:08:41.182253,389.85,659803.0,1055127.0
2025-06-18 11:08:41.208103,389.85,662770.0,1052519.0
2025-06-18 11:08:43.170799,389.8,662770.0,1052519.0
2025-06-18 11:08:45.187949,389.8,662770.0,1052519.0
2025-06-18 11:08:46.516464,389.65,661479.0,1052874.0
2025-06-18 11:08:47.176364,389.65,661479.0,1052874.0
2025-06-18 11:08:51.214621,389.8,661479.0,1052874.0
2025-06-18 11:08:51.710984,389.8,661542.0,1051309.0
2025-06-18 11:08:53.180939,389.8,661542.0,1051309.0
2025-06-18 11:08:55.171210,389.8,661542.0,1051309.0
2025-06-18 11:08:56.913133,389.7,660283.0,1050836.0
2025-06-18 11:08:57.175820,389.7,660283.0,1050836.0
2025-06-18 11:08:59.179016,389.7,660283.0,1050836.0
2025-06-18 11:09:01.337650,389.7,660283.0,1050836.0
2025-06-18 11:09:01.715263,389.7,659359.0,1053885.0
2025-06-18 11:09:03.204078,389.65,659359.0,1053885.0
2025-06-18 11:09:06.852193,389.65,659550.0,1054670.0
2025-06-18 11:09:07.176084,389.7,659550.0,1054670.0
2025-06-18 11:09:11.173743,389.7,659550.0,1054670.0
2025-06-18 11:09:12.122311,389.7,663696.0,1051609.0
2025-06-18 11:09:14.309988,389.8,663696.0,1051609.0
2025-06-18 11:09:17.175246,389.85,663696.0,1051609.0
2025-06-18 11:09:18.827947,389.85,661609.0,1051992.0
2025-06-18 11:09:19.166781,389.7,661609.0,1051992.0
2025-06-18 11:09:21.174103,389.8,661609.0,1051992.0
2025-06-18 11:09:23.175722,389.55,661609.0,1051992.0
2025-06-18 11:09:23.427968,389.55,659887.0,1056364.0
2025-06-18 11:09:25.180374,389.7,659887.0,1056364.0
2025-06-18 11:09:27.170356,389.75,659887.0,1056364.0
2025-06-18 11:09:28.729303,389.75,661409.0,1058469.0
2025-06-18 11:09:31.172230,389.55,661409.0,1058469.0
2025-06-18 11:09:34.139228,389.55,662042.0,1058432.0
2025-06-18 11:09:35.177026,389.55,662042.0,1058432.0
2025-06-18 11:09:37.182434,389.7,662042.0,1058432.0
2025-06-18 11:09:39.899994,389.8,662042.0,1058432.0
2025-06-18 11:09:39.902197,389.8,671401.0,1057477.0
2025-06-18 11:09:41.171860,389.8,671401.0,1057477.0
2025-06-18 11:09:44.642698,389.8,672149.0,1057774.0
2025-06-18 11:09:45.182615,389.8,672149.0,1057774.0
2025-06-18 11:09:47.187004,389.8,672149.0,1057774.0
2025-06-18 11:09:47.226113,389.8,672149.0,1057774.0
2025-06-18 11:09:48.246786,389.8,672149.0,1057774.0
2025-06-18 11:09:49.139769,389.8,672149.0,1057774.0
2025-06-18 11:09:49.842387,389.8,672426.0,1057269.0
2025-06-18 11:09:50.059039,389.8,672426.0,1057269.0
2025-06-18 11:09:51.171338,389.8,672426.0,1057269.0
2025-06-18 11:09:51.672149,389.8,672426.0,1057269.0
2025-06-18 11:09:52.675762,389.8,672426.0,1057269.0
2025-06-18 11:09:53.181398,389.8,672426.0,1057269.0
2025-06-18 11:09:53.222140,389.8,672426.0,1057269.0
2025-06-18 11:09:54.128103,389.8,672426.0,1057269.0
2025-06-18 11:09:55.184313,389.8,672426.0,1057269.0
2025-06-18 11:09:55.345007,389.8,672426.0,1057269.0
2025-06-18 11:09:55.443944,389.8,672066.0,1057202.0
2025-06-18 11:09:56.618589,389.8,672066.0,1057202.0
2025-06-18 11:09:57.183591,389.8,672066.0,1057202.0
2025-06-18 11:09:57.568719,389.8,672066.0,1057202.0
2025-06-18 11:09:58.978344,389.8,672066.0,1057202.0
2025-06-18 11:09:59.179549,389.8,672066.0,1057202.0
2025-06-18 11:10:00.124519,389.8,672066.0,1057202.0
2025-06-18 11:10:00.446083,389.8,675036.0,1057882.0
2025-06-18 11:10:01.178247,389.8,675036.0,1057882.0
2025-06-18 11:10:01.253649,389.8,675036.0,1057882.0
2025-06-18 11:10:02.751333,389.8,675036.0,1057882.0
2025-06-18 11:10:03.220298,389.8,675036.0,1057882.0
2025-06-18 11:10:05.172271,389.8,675036.0,1057882.0
2025-06-18 11:10:05.551053,389.8,676856.0,1057453.0
2025-06-18 11:10:07.180717,389.85,676856.0,1057453.0
2025-06-18 11:10:10.752853,389.8,675506.0,1049644.0
2025-06-18 11:10:11.207350,389.8,675506.0,1049644.0
2025-06-18 11:10:15.176591,389.8,675506.0,1049644.0
2025-06-18 11:10:16.270785,389.85,673938.0,1053039.0
2025-06-18 11:10:17.188764,389.85,673938.0,1053039.0
2025-06-18 11:10:19.178814,389.8,673938.0,1053039.0
2025-06-18 11:10:21.192717,389.8,673938.0,1053039.0
2025-06-18 11:10:21.356947,389.8,673841.0,1051936.0
2025-06-18 11:10:23.181027,389.85,673841.0,1051936.0
2025-06-18 11:10:25.186287,389.8,673841.0,1051936.0
2025-06-18 11:10:26.762125,389.8,673747.0,1051108.0
2025-06-18 11:10:32.178143,389.85,673747.0,1051108.0
2025-06-18 11:10:32.265562,389.85,674024.0,1052222.0
2025-06-18 11:10:34.191789,389.85,674024.0,1052222.0
2025-06-18 11:10:37.181599,389.8,674024.0,1052222.0
2025-06-18 11:10:37.868470,389.85,672786.0,1051146.0
2025-06-18 11:10:39.178266,389.85,672786.0,1051146.0
2025-06-18 11:10:43.270956,389.85,673706.0,1052562.0
2025-06-18 11:10:47.177823,389.85,673706.0,1052562.0
2025-06-18 11:10:48.473671,389.85,674011.0,1052469.0
2025-06-18 11:10:49.178840,389.8,674011.0,1052469.0
2025-06-18 11:10:51.178733,389.85,674011.0,1052469.0
2025-06-18 11:10:53.185630,389.85,674011.0,1052469.0
2025-06-18 11:10:53.577961,389.85,673013.0,1054769.0
2025-06-18 11:10:57.174029,389.8,673013.0,1054769.0
2025-06-18 11:10:58.884701,389.8,669246.0,1052044.0
2025-06-18 11:10:59.177347,389.8,669246.0,1052044.0
2025-06-18 11:11:01.177733,389.85,669246.0,1052044.0
2025-06-18 11:11:03.178966,389.85,669246.0,1052044.0
2025-06-18 11:11:04.193171,389.85,671585.0,1050961.0
2025-06-18 11:11:05.176034,389.85,671585.0,1050961.0
2025-06-18 11:11:07.182402,389.85,671585.0,1050961.0
2025-06-18 11:11:09.693732,389.85,672745.0,1050730.0
2025-06-18 11:11:11.186719,389.85,672745.0,1050730.0
2025-06-18 11:11:13.190545,389.7,672745.0,1050730.0
2025-06-18 11:11:15.004006,389.7,672187.0,1056292.0
2025-06-18 11:11:15.175989,389.7,672187.0,1056292.0
2025-06-18 11:11:19.193013,389.8,672187.0,1056292.0
2025-06-18 11:11:20.297198,389.8,672323.0,1056131.0
2025-06-18 11:11:21.197024,389.7,672323.0,1056131.0
2025-06-18 11:11:23.177707,389.7,672323.0,1056131.0
2025-06-18 11:11:25.220084,389.7,672323.0,1056131.0
2025-06-18 11:11:25.399481,389.7,672743.0,1055404.0
2025-06-18 11:11:27.183525,389.8,672743.0,1055404.0
2025-06-18 11:11:30.524830,389.8,674442.0,1054950.0
2025-06-18 11:11:31.181040,389.85,674442.0,1054950.0
2025-06-18 11:11:33.180191,389.85,674442.0,1054950.0
2025-06-18 11:11:35.185624,389.85,674442.0,1054950.0
2025-06-18 11:11:35.408347,389.85,675382.0,1053455.0
2025-06-18 11:11:37.200102,389.85,675382.0,1053455.0
2025-06-18 11:11:39.191047,389.7,675382.0,1053455.0
2025-06-18 11:11:40.409710,389.7,674279.0,1053140.0
2025-06-18 11:11:43.204237,389.85,674279.0,1053140.0
2025-06-18 11:11:45.522438,389.85,674770.0,1052987.0
2025-06-18 11:11:50.541447,389.85,674874.0,1051189.0
2025-06-18 11:11:53.198670,389.85,674874.0,1051189.0
2025-06-18 11:11:55.205258,389.85,674874.0,1051189.0
2025-06-18 11:11:55.722770,389.85,674489.0,1048077.0
2025-06-18 11:11:57.188063,389.85,674489.0,1048077.0
2025-06-18 11:11:59.181123,389.85,674489.0,1048077.0
2025-06-18 11:12:00.724942,389.85,676029.0,1047808.0
2025-06-18 11:12:03.193956,389.85,676029.0,1047808.0
2025-06-18 11:12:05.181494,389.85,676029.0,1047808.0
2025-06-18 11:12:05.326995,389.85,676279.0,1048556.0
2025-06-18 11:12:10.118317,389.85,676279.0,1048556.0
2025-06-18 11:12:10.242212,389.85,676087.0,1048562.0
2025-06-18 11:12:15.179281,389.8,676087.0,1048562.0
2025-06-18 11:12:15.435225,389.8,677964.0,1047408.0
2025-06-18 11:12:17.182566,389.85,677964.0,1047408.0
2025-06-18 11:12:20.739384,389.9,681326.0,1047319.0
2025-06-18 11:12:21.183150,389.9,681326.0,1047319.0
2025-06-18 11:12:23.180978,389.9,681326.0,1047319.0
2025-06-18 11:12:25.181903,389.9,681326.0,1047319.0
2025-06-18 11:12:25.649199,389.9,680349.0,1046954.0
2025-06-18 11:12:29.182584,389.9,680349.0,1046954.0
2025-06-18 11:12:30.656877,389.9,678851.0,1047134.0
2025-06-18 11:12:33.184678,389.9,678851.0,1047134.0
2025-06-18 11:12:35.203276,389.9,678851.0,1047134.0
2025-06-18 11:12:35.954272,389.9,679466.0,1047530.0
2025-06-18 11:12:37.183391,389.7,679466.0,1047530.0
2025-06-18 11:12:39.186025,389.8,679466.0,1047530.0
2025-06-18 11:12:41.225754,389.8,679466.0,1047530.0
2025-06-18 11:12:41.255811,389.8,673907.0,1053196.0
2025-06-18 11:12:43.186547,389.85,673907.0,1053196.0
2025-06-18 11:12:46.167664,389.85,673305.0,1053266.0
2025-06-18 11:12:47.568429,389.85,673305.0,1053266.0
2025-06-18 11:12:48.634886,389.85,673305.0,1053266.0
2025-06-18 11:12:49.542298,389.85,673305.0,1053266.0
2025-06-18 11:12:50.454592,389.85,673305.0,1053266.0
2025-06-18 11:12:51.345007,389.85,673305.0,1053266.0
2025-06-18 11:12:51.364048,389.85,679847.0,1047751.0
2025-06-18 11:12:52.084160,389.85,679847.0,1047751.0
2025-06-18 11:12:53.113878,389.85,679847.0,1047751.0
2025-06-18 11:12:53.182826,389.85,679847.0,1047751.0
2025-06-18 11:12:53.638931,389.85,679847.0,1047751.0
2025-06-18 11:12:54.052862,389.85,679847.0,1047751.0
2025-06-18 11:12:55.180147,390.0,679847.0,1047751.0
2025-06-18 11:12:55.803815,390.0,679847.0,1047751.0
2025-06-18 11:12:57.056917,390.0,679847.0,1047751.0
2025-06-18 11:12:57.071695,390.0,680952.0,1045070.0
2025-06-18 11:12:57.887897,390.0,680952.0,1045070.0
2025-06-18 11:12:59.193241,390.0,680952.0,1045070.0
2025-06-18 11:12:59.293363,390.0,680952.0,1045070.0
2025-06-18 11:13:00.402578,390.0,680952.0,1045070.0
2025-06-18 11:13:01.580877,390.0,680952.0,1045070.0
2025-06-18 11:13:02.272755,390.0,678075.0,1047989.0
2025-06-18 11:13:03.041768,390.0,678075.0,1047989.0
2025-06-18 11:13:03.214148,389.95,678075.0,1047989.0
2025-06-18 11:13:05.187685,389.95,678075.0,1047989.0
2025-06-18 11:13:07.177116,389.9,675693.0,1047183.0
2025-06-18 11:13:07.186746,389.9,675693.0,1047183.0
2025-06-18 11:13:11.188295,389.85,675693.0,1047183.0
2025-06-18 11:13:12.081653,389.85,673477.0,1046913.0
2025-06-18 11:13:13.187690,389.9,673477.0,1046913.0
2025-06-18 11:13:15.192003,389.9,673477.0,1046913.0
2025-06-18 11:13:16.880712,389.9,677112.0,1046911.0
2025-06-18 11:13:17.189953,389.9,677112.0,1046911.0
2025-06-18 11:13:19.190188,389.9,677112.0,1046911.0
2025-06-18 11:13:21.784642,389.9,677410.0,1046714.0
2025-06-18 11:13:23.186251,389.9,677410.0,1046714.0
2025-06-18 11:13:25.188969,389.8,677410.0,1046714.0
2025-06-18 11:13:26.790279,389.85,670688.0,1051852.0
2025-06-18 11:13:27.187039,389.85,670688.0,1051852.0
2025-06-18 11:13:29.187995,389.85,670688.0,1051852.0
2025-06-18 11:13:31.690305,389.85,676180.0,1050040.0
2025-06-18 11:13:35.189519,389.85,676180.0,1050040.0
2025-06-18 11:13:36.596300,389.85,677069.0,1049459.0
2025-06-18 11:13:39.188902,389.85,677069.0,1049459.0
2025-06-18 11:13:41.192575,389.8,677069.0,1049459.0
2025-06-18 11:13:41.896921,389.8,675926.0,1050097.0
2025-06-18 11:13:43.190527,389.85,675926.0,1050097.0
2025-06-18 11:13:45.188235,389.85,675926.0,1050097.0
2025-06-18 11:13:47.002561,389.85,676180.0,1049767.0
2025-06-18 11:13:47.196625,389.85,676180.0,1049767.0
2025-06-18 11:13:49.189691,389.85,676180.0,1049767.0
2025-06-18 11:13:51.186802,389.85,676180.0,1049767.0
2025-06-18 11:13:51.698749,389.85,677093.0,1050715.0
2025-06-18 11:13:53.191024,389.85,677093.0,1050715.0
2025-06-18 11:13:57.004325,389.7,677362.0,1050432.0
2025-06-18 11:13:57.189146,389.7,677362.0,1050432.0
2025-06-18 11:13:59.187383,389.85,677362.0,1050432.0
2025-06-18 11:14:02.108499,389.85,679135.0,1048912.0
2025-06-18 11:14:03.191295,389.85,679135.0,1048912.0
2025-06-18 11:14:07.110457,389.85,686632.0,1048290.0
2025-06-18 11:14:07.190158,389.85,686632.0,1048290.0
2025-06-18 11:14:09.196256,389.85,686632.0,1048290.0
2025-06-18 11:14:11.188065,389.85,686632.0,1048290.0
2025-06-18 11:14:12.114096,389.85,688578.0,1047587.0
2025-06-18 11:14:13.228949,389.85,688578.0,1047587.0
2025-06-18 11:14:15.192998,389.9,688578.0,1047587.0
2025-06-18 11:14:17.199916,389.9,688578.0,1047587.0
2025-06-18 11:14:17.219310,389.9,684958.0,1049072.0
2025-06-18 11:14:19.194720,389.75,684958.0,1049072.0
2025-06-18 11:14:21.918961,389.75,686853.0,1048567.0
2025-06-18 11:14:23.192414,389.9,686853.0,1048567.0
2025-06-18 11:14:25.196947,389.8,686853.0,1048567.0
2025-06-18 11:14:27.053864,389.95,687825.0,1046063.0
2025-06-18 11:14:27.205934,389.95,687825.0,1046063.0
2025-06-18 11:14:29.193845,390.0,687825.0,1046063.0
2025-06-18 11:14:32.327613,390.0,695437.0,1040167.0
2025-06-18 11:14:37.222836,390.0,695437.0,1040167.0
2025-06-18 11:14:37.564476,390.0,698839.0,1036913.0
2025-06-18 11:14:39.191692,390.0,698839.0,1036913.0
2025-06-18 11:14:42.545295,390.1,700458.0,1031693.0
2025-06-18 11:14:43.205365,390.0,700458.0,1031693.0
2025-06-18 11:14:45.190826,390.0,700458.0,1031693.0
2025-06-18 11:14:47.197659,390.15,700458.0,1031693.0
2025-06-18 11:14:48.043396,390.15,698797.0,1034919.0
2025-06-18 11:14:49.192647,390.15,698797.0,1034919.0
2025-06-18 11:14:51.196007,390.0,698797.0,1034919.0
2025-06-18 11:14:53.214915,390.15,698797.0,1034919.0
2025-06-18 11:14:53.550655,390.15,699824.0,1035020.0
2025-06-18 11:14:57.190220,390.0,699824.0,1035020.0
2025-06-18 11:14:59.049430,390.0,695989.0,1034537.0
2025-06-18 11:15:03.194117,390.15,695989.0,1034537.0
2025-06-18 11:15:04.251697,390.15,696872.0,1032477.0
2025-06-18 11:15:05.196907,390.1,696872.0,1032477.0
2025-06-18 11:15:07.193143,390.1,696872.0,1032477.0
2025-06-18 11:15:10.476151,390.15,696872.0,1032477.0
2025-06-18 11:15:10.477101,390.15,697493.0,1035153.0
2025-06-18 11:15:11.196227,390.0,697493.0,1035153.0
2025-06-18 11:15:13.194530,390.1,697493.0,1035153.0
2025-06-18 11:15:14.564982,390.1,695016.0,1037816.0
2025-06-18 11:15:15.210780,390.1,695016.0,1037816.0
2025-06-18 11:15:17.207011,390.0,695016.0,1037816.0
2025-06-18 11:15:19.202420,390.0,695016.0,1037816.0
2025-06-18 11:15:19.565616,390.0,694948.0,1036905.0
2025-06-18 11:15:21.196116,390.0,694948.0,1036905.0
2025-06-18 11:15:23.198815,390.15,694948.0,1036905.0
2025-06-18 11:15:24.464273,390.0,695608.0,1036647.0
2025-06-18 11:15:25.200705,390.0,695608.0,1036647.0
2025-06-18 11:15:27.197701,390.0,695608.0,1036647.0
2025-06-18 11:15:29.207343,390.1,695608.0,1036647.0
2025-06-18 11:15:29.967540,390.1,694737.0,1037542.0
2025-06-18 11:15:31.199228,390.1,694737.0,1037542.0
2025-06-18 11:15:33.197190,390.1,694737.0,1037542.0
2025-06-18 11:15:35.198562,390.0,694737.0,1037542.0
2025-06-18 11:15:35.574346,390.0,694878.0,1037711.0
2025-06-18 11:15:37.235122,390.0,694878.0,1037711.0
2025-06-18 11:15:39.207867,390.0,694878.0,1037711.0
2025-06-18 11:15:40.879912,390.0,695963.0,1037630.0
2025-06-18 11:15:41.199983,389.95,695963.0,1037630.0
2025-06-18 11:15:43.202405,389.95,695963.0,1037630.0
2025-06-18 11:15:45.879068,389.95,691383.0,1039688.0
2025-06-18 11:15:48.075830,389.95,691383.0,1039688.0
2025-06-18 11:15:49.100248,389.95,691383.0,1039688.0
2025-06-18 11:15:49.199990,390.1,691383.0,1039688.0
2025-06-18 11:15:50.000789,390.1,691383.0,1039688.0
2025-06-18 11:15:50.943886,390.1,691383.0,1039688.0
2025-06-18 11:15:51.202405,390.1,691383.0,1039688.0
2025-06-18 11:15:51.584009,390.1,691127.0,1041650.0
2025-06-18 11:15:51.784709,390.1,691127.0,1041650.0
2025-06-18 11:15:52.574269,390.1,691127.0,1041650.0
2025-06-18 11:15:53.196022,390.1,691127.0,1041650.0
2025-06-18 11:15:53.582047,390.1,691127.0,1041650.0
2025-06-18 11:15:54.139800,390.1,691127.0,1041650.0
2025-06-18 11:15:55.040800,390.1,691127.0,1041650.0
2025-06-18 11:15:56.298521,390.1,691127.0,1041650.0
2025-06-18 11:15:56.786876,390.1,693039.0,1039751.0
2025-06-18 11:15:57.202137,390.1,693039.0,1039751.0
2025-06-18 11:15:57.589055,390.1,693039.0,1039751.0
2025-06-18 11:15:58.414889,390.1,693039.0,1039751.0
2025-06-18 11:15:59.196731,390.05,693039.0,1039751.0
2025-06-18 11:16:00.117471,390.05,693039.0,1039751.0
2025-06-18 11:16:01.211319,390.05,693039.0,1039751.0
2025-06-18 11:16:01.281730,390.05,693039.0,1039751.0
2025-06-18 11:16:01.988359,390.05,692278.0,1039757.0
2025-06-18 11:16:02.404200,390.05,692278.0,1039757.0
2025-06-18 11:16:03.201076,390.05,692278.0,1039757.0
2025-06-18 11:16:03.888991,390.05,692278.0,1039757.0
2025-06-18 11:16:05.205132,390.0,692278.0,1039757.0
2025-06-18 11:16:07.204445,390.0,692278.0,1039757.0
2025-06-18 11:16:07.393176,390.0,692818.0,1040928.0
2025-06-18 11:16:09.200262,390.0,692818.0,1040928.0
2025-06-18 11:16:12.599102,390.0,691306.0,1046034.0
2025-06-18 11:16:13.206377,390.0,691306.0,1046034.0
2025-06-18 11:16:15.200210,390.0,691306.0,1046034.0
2025-06-18 11:16:18.099294,390.0,692041.0,1044212.0
2025-06-18 11:16:19.206503,390.0,692041.0,1044212.0
2025-06-18 11:16:21.231194,389.95,692041.0,1044212.0
2025-06-18 11:16:23.201654,389.95,692041.0,1044212.0
2025-06-18 11:16:23.203522,389.95,686682.0,1048304.0
2025-06-18 11:16:25.202654,389.95,686682.0,1048304.0
2025-06-18 11:16:27.202689,389.95,686682.0,1048304.0
2025-06-18 11:16:28.217114,389.95,687978.0,1048309.0
2025-06-18 11:16:29.208931,389.95,687978.0,1048309.0
2025-06-18 11:16:31.205612,389.95,687978.0,1048309.0
2025-06-18 11:16:33.204409,389.95,687978.0,1048309.0
2025-06-18 11:16:33.210853,389.95,686875.0,1048312.0
2025-06-18 11:16:37.207195,389.95,686875.0,1048312.0
2025-06-18 11:16:38.612158,389.95,687976.0,1049429.0
2025-06-18 11:16:41.213144,389.9,687976.0,1049429.0
2025-06-18 11:16:43.735475,389.9,687664.0,1049518.0
2025-06-18 11:16:45.213599,389.95,687664.0,1049518.0
2025-06-18 11:16:48.917194,389.95,687406.0,1047154.0
2025-06-18 11:16:49.208100,389.95,687406.0,1047154.0
2025-06-18 11:16:51.216170,389.95,687406.0,1047154.0
2025-06-18 11:16:53.213583,389.95,687406.0,1047154.0
2025-06-18 11:16:54.021228,389.95,687344.0,1048513.0
2025-06-18 11:16:55.212246,389.95,687344.0,1048513.0
2025-06-18 11:16:57.211991,389.85,687344.0,1048513.0
2025-06-18 11:17:00.420317,389.85,684968.0,1051161.0
2025-06-18 11:17:03.209698,389.85,684968.0,1051161.0
2025-06-18 11:17:04.230615,389.85,685963.0,1049791.0
2025-06-18 11:17:07.211506,389.9,685963.0,1049791.0
2025-06-18 11:17:09.209465,389.9,685963.0,1049791.0
2025-06-18 11:17:09.330787,389.9,687617.0,1046993.0
2025-06-18 11:17:11.214542,389.9,687617.0,1046993.0
2025-06-18 11:17:13.206322,389.85,687617.0,1046993.0
2025-06-18 11:17:14.433100,389.9,687437.0,1049139.0
2025-06-18 11:17:15.213956,389.9,687437.0,1049139.0
2025-06-18 11:17:17.209646,389.85,687437.0,1049139.0
2025-06-18 11:17:19.209686,389.9,687437.0,1049139.0
2025-06-18 11:17:19.535374,389.9,690763.0,1046026.0
2025-06-18 11:17:21.209458,389.9,690763.0,1046026.0
2025-06-18 11:17:23.210391,389.9,690763.0,1046026.0
2025-06-18 11:17:24.847546,389.75,685513.0,1051116.0
2025-06-18 11:17:25.213703,389.75,685513.0,1051116.0
2025-06-18 11:17:27.212487,389.9,685513.0,1051116.0
2025-06-18 11:17:29.213671,389.9,685513.0,1051116.0
2025-06-18 11:17:29.946061,389.9,686789.0,1051130.0
2025-06-18 11:17:31.213234,389.9,686789.0,1051130.0
2025-06-18 11:17:33.214844,389.9,686789.0,1051130.0
2025-06-18 11:17:34.847828,389.9,687230.0,1051130.0
2025-06-18 11:17:39.212610,389.9,687230.0,1051130.0
2025-06-18 11:17:40.056004,389.9,686145.0,1051324.0
2025-06-18 11:17:41.218835,389.8,686145.0,1051324.0
2025-06-18 11:17:43.214698,389.9,686145.0,1051324.0
2025-06-18 11:17:45.053183,389.9,686335.0,1053569.0
2025-06-18 11:17:49.856957,389.9,685135.0,1054526.0
2025-06-18 11:17:51.234539,389.85,685135.0,1054526.0
2025-06-18 11:17:53.211010,389.85,685135.0,1054526.0
2025-06-18 11:17:54.565353,389.85,685396.0,1054702.0
2025-06-18 11:17:55.213910,389.85,685396.0,1054702.0
2025-06-18 11:17:57.215482,389.85,685396.0,1054702.0
2025-06-18 11:17:58.967723,389.85,686059.0,1054676.0
2025-06-18 11:17:59.213635,389.85,686059.0,1054676.0
2025-06-18 11:18:01.209967,389.75,686059.0,1054676.0
2025-06-18 11:18:03.210338,389.85,686059.0,1054676.0
2025-06-18 11:18:03.765071,389.85,686336.0,1054178.0
2025-06-18 11:18:05.221341,389.85,686336.0,1054178.0
2025-06-18 11:18:07.219109,389.85,686336.0,1054178.0
2025-06-18 11:18:08.469724,389.85,687305.0,1054749.0
2025-06-18 11:18:11.219938,389.6,687305.0,1054749.0
2025-06-18 11:18:13.778175,389.6,665091.0,1067090.0
2025-06-18 11:18:15.209253,389.5,665091.0,1067090.0
2025-06-18 11:18:18.211339,389.4,665091.0,1067090.0
2025-06-18 11:18:19.675033,389.4,666017.0,1067174.0
2025-06-18 11:18:22.209658,389.55,666017.0,1067174.0
2025-06-18 11:18:24.213715,389.55,666017.0,1067174.0
2025-06-18 11:18:25.278802,389.55,671554.0,1069768.0
2025-06-18 11:18:26.213571,389.55,671554.0,1069768.0
2025-06-18 11:18:28.262022,389.45,671554.0,1069768.0
2025-06-18 11:18:30.211852,389.45,671554.0,1069768.0
2025-06-18 11:18:30.286734,389.45,674906.0,1066647.0
2025-06-18 11:18:32.217381,389.55,674906.0,1066647.0
2025-06-18 11:18:34.925274,389.55,674906.0,1066647.0
2025-06-18 11:18:35.487878,389.45,673639.0,1069773.0
2025-06-18 11:18:36.209105,389.45,673639.0,1069773.0
2025-06-18 11:18:38.222397,389.55,673639.0,1069773.0
2025-06-18 11:18:40.489483,389.55,675024.0,1069779.0
2025-06-18 11:18:44.217398,389.5,675024.0,1069779.0
2025-06-18 11:18:45.389252,389.5,675013.0,1070038.0
2025-06-18 11:18:46.208428,389.5,675013.0,1070038.0
2025-06-18 11:18:48.210840,389.55,675013.0,1070038.0
2025-06-18 11:18:48.479488,389.55,675013.0,1070038.0
2025-06-18 11:18:49.599234,389.55,675013.0,1070038.0
2025-06-18 11:18:49.891285,389.55,674369.0,1069606.0
2025-06-18 11:18:50.479252,389.55,674369.0,1069606.0
2025-06-18 11:18:51.413190,389.55,674369.0,1069606.0
2025-06-18 11:18:52.217634,389.55,674369.0,1069606.0
2025-06-18 11:18:52.263801,389.55,674369.0,1069606.0
2025-06-18 11:18:53.045120,389.55,674369.0,1069606.0
2025-06-18 11:18:54.053909,389.55,674369.0,1069606.0
2025-06-18 11:18:54.210209,389.55,674369.0,1069606.0
2025-06-18 11:18:54.626149,389.55,674369.0,1069606.0
2025-06-18 11:18:54.693169,389.55,674555.0,1069523.0
2025-06-18 11:18:55.040298,389.55,674555.0,1069523.0
2025-06-18 11:18:56.218434,389.5,674555.0,1069523.0
2025-06-18 11:18:56.789176,389.5,674555.0,1069523.0
2025-06-18 11:18:58.038153,389.5,674555.0,1069523.0
2025-06-18 11:18:58.215312,389.55,674555.0,1069523.0
2025-06-18 11:18:58.901127,389.55,674555.0,1069523.0
2025-06-18 11:18:59.495432,389.55,671995.0,1070115.0
2025-06-18 11:19:00.215396,389.55,671995.0,1070115.0
2025-06-18 11:19:00.285905,389.55,671995.0,1070115.0
2025-06-18 11:19:01.579836,389.55,671995.0,1070115.0
2025-06-18 11:19:02.719740,389.55,671995.0,1070115.0
2025-06-18 11:19:04.193161,389.55,671995.0,1070115.0
2025-06-18 11:19:04.223726,389.55,671995.0,1070115.0
2025-06-18 11:19:04.498529,389.55,680380.0,1068769.0
2025-06-18 11:19:06.213650,389.55,680380.0,1068769.0
2025-06-18 11:19:08.217967,389.55,680380.0,1068769.0
2025-06-18 11:19:09.999546,389.5,678728.0,1068210.0
2025-06-18 11:19:10.218571,389.5,678728.0,1068210.0
2025-06-18 11:19:12.213836,389.6,678728.0,1068210.0
2025-06-18 11:19:14.213331,389.6,678728.0,1068210.0
2025-06-18 11:19:15.112102,389.6,681216.0,1066308.0
2025-06-18 11:19:16.218073,389.55,681216.0,1066308.0
2025-06-18 11:19:20.310152,389.55,681254.0,1068476.0
2025-06-18 11:19:22.217432,389.55,681254.0,1068476.0
2025-06-18 11:19:24.217692,389.6,681254.0,1068476.0
2025-06-18 11:19:25.619753,389.6,681643.0,1068138.0
2025-06-18 11:19:26.218372,389.55,681643.0,1068138.0
2025-06-18 11:19:28.219452,389.6,681643.0,1068138.0
2025-06-18 11:19:30.217676,389.55,681643.0,1068138.0
2025-06-18 11:19:30.417338,389.55,681085.0,1068319.0
2025-06-18 11:19:32.211643,389.6,681085.0,1068319.0
2025-06-18 11:19:34.250214,389.6,681085.0,1068319.0
2025-06-18 11:19:35.418108,389.6,684646.0,1062327.0
2025-06-18 11:19:36.218469,389.6,684646.0,1062327.0
2025-06-18 11:19:38.239233,389.55,684646.0,1062327.0
2025-06-18 11:19:40.219621,389.55,684646.0,1062327.0
2025-06-18 11:19:40.227637,389.55,683924.0,1062912.0
2025-06-18 11:19:42.259194,389.55,683924.0,1062912.0
2025-06-18 11:19:45.226627,389.55,682413.0,1062882.0
2025-06-18 11:19:48.223456,389.55,682413.0,1062882.0
2025-06-18 11:19:50.226015,389.55,682413.0,1062882.0
2025-06-18 11:19:50.323232,389.55,683767.0,1063071.0
2025-06-18 11:19:52.224951,389.6,683767.0,1063071.0
2025-06-18 11:19:54.216465,389.6,683767.0,1063071.0
2025-06-18 11:19:55.728510,389.6,680741.0,1064028.0
2025-06-18 11:19:58.221135,389.6,680741.0,1064028.0
2025-06-18 11:20:00.520389,389.55,680741.0,1064028.0
2025-06-18 11:20:00.934020,389.55,681874.0,1063545.0
2025-06-18 11:20:05.841588,389.55,682025.0,1063374.0
2025-06-18 11:20:06.223809,389.6,682025.0,1063374.0
2025-06-18 11:20:07.223076,389.6,682025.0,1063374.0
2025-06-18 11:20:08.222375,389.6,682025.0,1063374.0
2025-06-18 11:20:09.222219,389.6,682025.0,1063374.0
2025-06-18 11:20:10.546527,389.6,682420.0,1063314.0
2025-06-18 11:20:12.222874,389.6,682420.0,1063314.0
2025-06-18 11:20:13.224943,389.6,682420.0,1063314.0
2025-06-18 11:20:14.218639,389.55,682420.0,1063314.0
2025-06-18 11:20:15.193211,389.6,682066.0,1064308.0
2025-06-18 11:20:15.217809,389.6,682066.0,1064308.0
2025-06-18 11:20:17.224065,389.6,682066.0,1064308.0
2025-06-18 11:20:18.226340,389.6,682066.0,1064308.0
2025-06-18 11:20:19.247849,389.55,682066.0,1064308.0
2025-06-18 11:20:19.851798,389.55,681630.0,1063558.0
2025-06-18 11:20:22.221290,389.6,681630.0,1063558.0
2025-06-18 11:20:23.255526,389.6,681630.0,1063558.0
2025-06-18 11:20:25.055895,389.6,683004.0,1063740.0
2025-06-18 11:20:26.224815,389.6,683004.0,1063740.0
2025-06-18 11:20:27.223423,389.6,683004.0,1063740.0
2025-06-18 11:20:29.227457,389.55,683004.0,1063740.0
2025-06-18 11:20:30.060282,389.55,682737.0,1063528.0
2025-06-18 11:20:34.224910,389.55,682737.0,1063528.0
2025-06-18 11:20:35.065959,389.6,680972.0,1064290.0
2025-06-18 11:20:35.220646,389.6,680972.0,1064290.0
2025-06-18 11:20:38.223474,389.6,680972.0,1064290.0
2025-06-18 11:20:39.880562,389.55,680293.0,1064785.0
2025-06-18 11:20:40.232468,389.55,680293.0,1064785.0
2025-06-18 11:20:43.240189,389.55,680293.0,1064785.0
2025-06-18 11:20:44.670242,389.55,680809.0,1066558.0
2025-06-18 11:20:45.225229,389.5,680809.0,1066558.0
2025-06-18 11:20:46.223457,389.5,680809.0,1066558.0
2025-06-18 11:20:47.297874,389.55,680809.0,1066558.0
2025-06-18 11:20:48.222468,389.5,680809.0,1066558.0
2025-06-18 11:20:49.222398,389.55,680809.0,1066558.0
2025-06-18 11:20:49.771855,389.5,680977.0,1065483.0
2025-06-18 11:20:50.226994,389.5,680977.0,1065483.0
2025-06-18 11:20:53.227027,389.6,680977.0,1065483.0
2025-06-18 11:20:54.227525,389.6,680977.0,1065483.0
2025-06-18 11:20:54.775666,389.5,677918.0,1069825.0
2025-06-18 11:20:55.224319,389.5,677918.0,1069825.0
2025-06-18 11:20:56.261250,389.6,677918.0,1069825.0
2025-06-18 11:20:58.226644,389.6,677918.0,1069825.0
2025-06-18 11:20:59.224659,389.6,677918.0,1069825.0
2025-06-18 11:20:59.776094,389.6,680130.0,1067718.0
2025-06-18 11:21:00.225875,389.5,680130.0,1067718.0
2025-06-18 11:21:04.225767,389.6,680130.0,1067718.0
2025-06-18 11:21:04.381822,389.6,680642.0,1067492.0
2025-06-18 11:21:07.221296,389.55,680642.0,1067492.0
2025-06-18 11:21:08.224189,389.5,680642.0,1067492.0
2025-06-18 11:21:09.282044,389.5,679952.0,1068633.0
2025-06-18 11:21:10.222424,389.5,679952.0,1068633.0
2025-06-18 11:21:11.225181,389.5,679952.0,1068633.0
2025-06-18 11:21:12.226887,389.55,679952.0,1068633.0
2025-06-18 11:21:13.989297,389.55,680509.0,1068292.0
2025-06-18 11:21:14.219053,389.55,680509.0,1068292.0
2025-06-18 11:21:15.238869,389.55,680509.0,1068292.0
2025-06-18 11:21:16.235956,389.55,680509.0,1068292.0
2025-06-18 11:21:18.689629,389.55,681256.0,1068196.0
2025-06-18 11:21:20.224844,389.5,681256.0,1068196.0
2025-06-18 11:21:21.233847,389.6,681256.0,1068196.0
2025-06-18 11:21:23.690811,389.6,681326.0,1067626.0
2025-06-18 11:21:25.229575,389.6,681326.0,1067626.0
2025-06-18 11:21:27.233324,389.55,681326.0,1067626.0
2025-06-18 11:21:28.891282,389.55,682110.0,1069245.0
2025-06-18 11:21:30.225221,389.6,682110.0,1069245.0
2025-06-18 11:21:33.226424,389.6,682110.0,1069245.0
2025-06-18 11:21:33.893878,389.6,682980.0,1068895.0
2025-06-18 11:21:34.223116,389.6,682980.0,1068895.0
2025-06-18 11:21:35.228129,389.6,682980.0,1068895.0
2025-06-18 11:21:38.233578,389.6,682980.0,1068895.0
2025-06-18 11:21:38.607977,389.6,682982.0,1068695.0
2025-06-18 11:21:39.250984,389.6,682982.0,1068695.0
2025-06-18 11:21:42.228491,389.6,682982.0,1068695.0
2025-06-18 11:21:43.109896,389.6,682606.0,1065184.0
2025-06-18 11:21:47.237486,389.6,682606.0,1065184.0
2025-06-18 11:21:47.804790,389.6,684194.0,1066608.0
2025-06-18 11:21:48.232096,389.6,684194.0,1066608.0
2025-06-18 11:21:49.089725,389.6,684194.0,1066608.0
2025-06-18 11:21:49.228981,389.6,684194.0,1066608.0
2025-06-18 11:21:50.224857,389.6,684194.0,1066608.0
2025-06-18 11:21:51.061855,389.6,684194.0,1066608.0
2025-06-18 11:21:52.644857,389.6,684194.0,1066608.0
2025-06-18 11:21:52.807954,389.6,684123.0,1066176.0
2025-06-18 11:21:52.859221,389.6,684123.0,1066176.0
2025-06-18 11:21:53.259620,389.55,684123.0,1066176.0
2025-06-18 11:21:53.694212,389.55,684123.0,1066176.0
2025-06-18 11:21:54.675234,389.55,684123.0,1066176.0
2025-06-18 11:21:55.219998,389.55,684123.0,1066176.0
2025-06-18 11:21:55.245412,389.55,684123.0,1066176.0
2025-06-18 11:21:55.650780,389.55,684123.0,1066176.0
2025-06-18 11:21:56.136387,389.55,684123.0,1066176.0
2025-06-18 11:21:57.239511,389.6,684123.0,1066176.0
2025-06-18 11:21:57.369143,389.6,684123.0,1066176.0
2025-06-18 11:21:58.015543,389.6,685015.0,1066186.0
2025-06-18 11:21:58.709454,389.6,685015.0,1066186.0
2025-06-18 11:21:59.261441,389.6,685015.0,1066186.0
2025-06-18 11:21:59.521689,389.6,685015.0,1066186.0
2025-06-18 11:22:00.228984,389.55,685015.0,1066186.0
2025-06-18 11:22:00.919252,389.55,685015.0,1066186.0
2025-06-18 11:22:01.230935,389.6,685015.0,1066186.0
2025-06-18 11:22:02.022072,389.6,685015.0,1066186.0
2025-06-18 11:22:02.914949,389.6,684556.0,1066255.0
2025-06-18 11:22:03.235359,389.6,684556.0,1066255.0
2025-06-18 11:22:03.401805,389.6,684556.0,1066255.0
2025-06-18 11:22:05.190283,389.55,684556.0,1066255.0
2025-06-18 11:22:05.228632,389.55,684556.0,1066255.0
2025-06-18 11:22:07.230320,389.35,684556.0,1066255.0
2025-06-18 11:22:07.821994,389.5,677066.0,1071736.0
2025-06-18 11:22:08.227324,389.5,677066.0,1071736.0
2025-06-18 11:22:09.225093,389.55,677066.0,1071736.0
2025-06-18 11:22:12.920539,389.55,677192.0,1069995.0
2025-06-18 11:22:15.260199,389.5,677192.0,1069995.0
2025-06-18 11:22:17.257601,389.55,677192.0,1069995.0
2025-06-18 11:22:18.027326,389.5,679477.0,1068218.0
2025-06-18 11:22:18.228481,389.5,679477.0,1068218.0
2025-06-18 11:22:21.258917,389.55,679477.0,1068218.0
2025-06-18 11:22:22.254374,389.5,679477.0,1068218.0
2025-06-18 11:22:22.934299,389.55,680171.0,1066456.0
2025-06-18 11:22:23.232666,389.55,680171.0,1066456.0
2025-06-18 11:22:24.260298,389.55,680171.0,1066456.0
2025-06-18 11:22:27.271176,389.55,680171.0,1066456.0
2025-06-18 11:22:27.832639,389.55,680573.0,1067857.0
2025-06-18 11:22:29.226647,389.55,680573.0,1067857.0
2025-06-18 11:22:30.231774,389.55,680573.0,1067857.0
2025-06-18 11:22:31.230193,389.55,680573.0,1067857.0
2025-06-18 11:22:32.644817,389.55,681798.0,1066896.0
2025-06-18 11:22:34.251719,389.5,681798.0,1066896.0
2025-06-18 11:22:35.231137,389.55,681798.0,1066896.0
2025-06-18 11:22:36.230544,389.55,681798.0,1066896.0
2025-06-18 11:22:37.227008,389.55,681798.0,1066896.0
2025-06-18 11:22:37.734896,389.55,680083.0,1066384.0
2025-06-18 11:22:38.259882,389.55,680083.0,1066384.0
2025-06-18 11:22:40.353649,389.55,680083.0,1066384.0
2025-06-18 11:22:42.230344,389.55,680083.0,1066384.0
2025-06-18 11:22:42.738728,389.55,683685.0,1064924.0
2025-06-18 11:22:43.226522,389.6,683685.0,1064924.0
2025-06-18 11:22:45.182592,389.75,683685.0,1064924.0
2025-06-18 11:22:48.154946,389.8,695180.0,1055669.0
2025-06-18 11:22:48.236122,389.8,695180.0,1055669.0
2025-06-18 11:22:53.235783,389.8,695180.0,1055669.0
2025-06-18 11:22:53.350884,389.8,693710.0,1056678.0
2025-06-18 11:22:54.235326,389.8,693710.0,1056678.0
2025-06-18 11:22:56.233142,389.6,693710.0,1056678.0
2025-06-18 11:22:57.953019,389.8,693951.0,1056643.0
2025-06-18 11:22:58.244897,389.8,693951.0,1056643.0
2025-06-18 11:23:00.243740,389.75,693951.0,1056643.0
2025-06-18 11:23:02.757091,389.75,693899.0,1055545.0
2025-06-18 11:23:07.234937,389.75,693899.0,1055545.0
2025-06-18 11:23:07.670089,389.75,693725.0,1056466.0
2025-06-18 11:23:08.236988,389.65,693725.0,1056466.0
2025-06-18 11:23:11.238128,389.75,693725.0,1056466.0
2025-06-18 11:23:12.579473,389.75,693725.0,1056466.0
2025-06-18 11:23:12.669741,389.75,685298.0,1058526.0
2025-06-18 11:23:13.245154,389.75,685298.0,1058526.0
2025-06-18 11:23:17.674342,389.75,684040.0,1059507.0
2025-06-18 11:23:22.224499,389.7,684040.0,1059507.0
2025-06-18 11:23:23.263502,389.7,685614.0,1058410.0
2025-06-18 11:23:24.267693,389.7,685614.0,1058410.0
2025-06-18 11:23:26.223370,389.65,685614.0,1058410.0
2025-06-18 11:23:28.237041,389.7,685614.0,1058410.0
2025-06-18 11:23:28.571540,389.7,685347.0,1058833.0
2025-06-18 11:23:32.244769,389.65,685347.0,1058833.0
2025-06-18 11:23:33.874383,389.65,685061.0,1060205.0
2025-06-18 11:23:34.230387,389.65,685061.0,1060205.0
2025-06-18 11:23:38.233645,389.65,685061.0,1060205.0
2025-06-18 11:23:38.979171,389.65,685318.0,1060695.0
2025-06-18 11:23:42.235528,389.7,685318.0,1060695.0
2025-06-18 11:23:43.980485,389.7,687377.0,1060386.0
2025-06-18 11:23:44.253167,389.7,687377.0,1060386.0
2025-06-18 11:23:49.299804,389.7,687377.0,1060386.0
2025-06-18 11:23:49.345055,389.7,689120.0,1059470.0
2025-06-18 11:23:50.233411,389.7,689120.0,1059470.0
2025-06-18 11:23:52.237364,389.65,689120.0,1059470.0
2025-06-18 11:23:53.488926,389.65,687869.0,1062606.0
2025-06-18 11:23:54.239898,389.65,687869.0,1062606.0
2025-06-18 11:23:56.240419,389.65,687869.0,1062606.0
2025-06-18 11:23:58.256423,389.65,687869.0,1062606.0
2025-06-18 11:23:58.287882,389.65,684340.0,1061198.0
2025-06-18 11:24:00.234627,389.65,684340.0,1061198.0
2025-06-18 11:24:02.242099,389.55,684340.0,1061198.0
2025-06-18 11:24:03.392408,389.55,686643.0,1061341.0
2025-06-18 11:24:06.273012,389.7,686643.0,1061341.0
2025-06-18 11:24:08.231528,389.7,686643.0,1061341.0
2025-06-18 11:24:08.294317,389.7,687997.0,1060965.0
2025-06-18 11:24:10.235977,389.55,687997.0,1060965.0
2025-06-18 11:24:12.249034,389.65,687997.0,1060965.0
2025-06-18 11:24:13.302020,389.6,683239.0,1062109.0
2025-06-18 11:24:14.244701,389.6,683239.0,1062109.0
2025-06-18 11:24:18.207544,389.6,684407.0,1061025.0
2025-06-18 11:24:18.232830,389.6,684407.0,1061025.0
2025-06-18 11:24:23.102008,389.6,683589.0,1062413.0
2025-06-18 11:24:24.242712,389.6,683589.0,1062413.0
2025-06-18 11:24:26.237173,389.6,683589.0,1062413.0
2025-06-18 11:24:28.234605,389.6,683589.0,1062413.0
2025-06-18 11:24:28.606266,389.6,683700.0,1062232.0
2025-06-18 11:24:32.243206,389.55,683700.0,1062232.0
2025-06-18 11:24:33.410722,389.55,683425.0,1062212.0
2025-06-18 11:24:38.250550,389.6,683425.0,1062212.0
2025-06-18 11:24:38.307136,389.6,685929.0,1063716.0
2025-06-18 11:24:42.236571,389.55,685929.0,1063716.0
2025-06-18 11:24:43.011402,389.6,684650.0,1064865.0
2025-06-18 11:24:44.236892,389.55,684650.0,1064865.0
2025-06-18 11:24:46.230940,389.6,684650.0,1064865.0
2025-06-18 11:24:48.212245,389.6,685063.0,1063757.0
2025-06-18 11:24:49.521327,389.6,685063.0,1063757.0
2025-06-18 11:24:50.261452,389.6,685063.0,1063757.0
2025-06-18 11:24:50.606726,389.6,685063.0,1063757.0
2025-06-18 11:24:51.514833,389.6,685063.0,1063757.0
2025-06-18 11:24:52.235179,389.55,685063.0,1063757.0
2025-06-18 11:24:52.449985,389.55,685063.0,1063757.0
2025-06-18 11:24:53.220491,389.55,683353.0,1060971.0
2025-06-18 11:24:53.276484,389.55,683353.0,1060971.0
2025-06-18 11:24:54.081735,389.55,683353.0,1060971.0
2025-06-18 11:24:54.233222,389.6,683353.0,1060971.0
2025-06-18 11:24:55.074379,389.6,683353.0,1060971.0
2025-06-18 11:24:56.060063,389.6,683353.0,1060971.0
2025-06-18 11:24:56.231143,389.55,683353.0,1060971.0
2025-06-18 11:24:56.533577,389.55,683353.0,1060971.0
2025-06-18 11:24:57.794299,389.55,683353.0,1060971.0
2025-06-18 11:24:58.118781,389.85,694223.0,1052071.0
2025-06-18 11:24:58.232409,389.85,694223.0,1052071.0
2025-06-18 11:24:59.042283,389.85,694223.0,1052071.0
2025-06-18 11:25:00.232572,389.85,694223.0,1052071.0
2025-06-18 11:25:01.289901,389.85,694223.0,1052071.0
2025-06-18 11:25:01.823289,389.85,693802.0,1052368.0
2025-06-18 11:25:02.245008,389.85,693802.0,1052368.0
2025-06-18 11:25:02.425455,389.85,693802.0,1052368.0
2025-06-18 11:25:02.726778,389.85,694357.0,1051204.0
2025-06-18 11:25:03.227710,389.85,694357.0,1051204.0
2025-06-18 11:25:03.554335,389.85,694357.0,1051204.0
2025-06-18 11:25:03.728527,389.85,694225.0,1050948.0
2025-06-18 11:25:04.630940,389.85,694145.0,1051417.0
2025-06-18 11:25:05.022834,389.85,694145.0,1051417.0
2025-06-18 11:25:05.526117,389.85,694799.0,1051249.0
2025-06-18 11:25:06.429698,389.8,695392.0,1050731.0
2025-06-18 11:25:07.227550,389.85,695392.0,1050731.0
2025-06-18 11:25:07.328814,389.85,695995.0,1051255.0
2025-06-18 11:25:08.227162,389.85,695995.0,1051255.0
2025-06-18 11:25:09.031410,389.85,694554.0,1051781.0
2025-06-18 11:25:10.226409,389.8,694554.0,1051781.0
2025-06-18 11:25:10.236194,389.8,695934.0,1053310.0
2025-06-18 11:25:13.255013,389.8,695934.0,1053310.0
2025-06-18 11:25:13.836114,389.8,693011.0,1052999.0
2025-06-18 11:25:14.230315,389.8,693011.0,1052999.0
2025-06-18 11:25:14.833698,389.8,693537.0,1052979.0
2025-06-18 11:25:16.226400,389.8,693537.0,1052979.0
2025-06-18 11:25:16.649710,389.8,695499.0,1052454.0
2025-06-18 11:25:17.535253,389.8,695384.0,1052787.0
2025-06-18 11:25:18.434626,389.8,695404.0,1053206.0
2025-06-18 11:25:19.229152,389.8,695404.0,1053206.0
2025-06-18 11:25:19.434750,389.8,695393.0,1053203.0
2025-06-18 11:25:20.433116,389.8,695353.0,1053068.0
2025-06-18 11:25:22.137989,389.8,694697.0,1053207.0
2025-06-18 11:25:23.360114,389.8,694861.0,1053147.0
2025-06-18 11:25:23.364427,389.8,694861.0,1053147.0
2025-06-18 11:25:24.230456,389.8,694861.0,1053147.0
2025-06-18 11:25:24.246663,389.8,695498.0,1053696.0
2025-06-18 11:25:25.244686,389.8,695113.0,1053117.0
2025-06-18 11:25:26.240924,389.8,695290.0,1053170.0
2025-06-18 11:25:27.228167,389.8,695290.0,1053170.0
2025-06-18 11:25:27.247093,389.8,694780.0,1053324.0
2025-06-18 11:25:28.148096,389.8,694679.0,1052970.0
2025-06-18 11:25:28.228045,389.8,694679.0,1052970.0
2025-06-18 11:25:29.156712,389.8,694252.0,1053241.0
2025-06-18 11:25:30.222807,389.8,694411.0,1053364.0
2025-06-18 11:25:31.153185,389.8,694340.0,1053369.0
2025-06-18 11:25:32.152671,389.8,694396.0,1053359.0
2025-06-18 11:25:33.151907,389.8,694183.0,1053339.0
2025-06-18 11:25:33.227568,389.8,694183.0,1053339.0
2025-06-18 11:25:34.151742,389.8,694799.0,1053340.0
2025-06-18 11:25:34.230061,389.8,694799.0,1053340.0
2025-06-18 11:25:35.049263,389.8,694694.0,1053391.0
2025-06-18 11:25:36.151583,389.8,694560.0,1053515.0
2025-06-18 11:25:36.229928,389.8,694560.0,1053515.0
2025-06-18 11:25:37.169983,389.8,694439.0,1053461.0
2025-06-18 11:25:37.228351,389.8,694439.0,1053461.0
2025-06-18 11:25:39.854947,389.8,694245.0,1053483.0
2025-06-18 11:25:39.940219,389.8,693863.0,1054664.0
2025-06-18 11:25:40.154748,389.8,693192.0,1054664.0
2025-06-18 11:25:41.151329,389.8,693192.0,1054664.0
2025-06-18 11:25:42.228031,389.8,693192.0,1054664.0
2025-06-18 11:25:42.248399,389.8,693747.0,1054657.0
2025-06-18 11:25:43.225756,389.8,693747.0,1054657.0
2025-06-18 11:25:43.343662,389.8,692814.0,1054861.0
2025-06-18 11:25:44.347565,389.8,693009.0,1054735.0
2025-06-18 11:25:45.229968,389.8,693009.0,1054735.0
2025-06-18 11:25:45.448624,389.8,692053.0,1053484.0
2025-06-18 11:25:46.547928,389.8,692553.0,1053274.0
2025-06-18 11:25:47.230808,389.75,692553.0,1053274.0
2025-06-18 11:25:47.746724,389.75,692486.0,1053194.0
2025-06-18 11:25:48.847850,389.75,693243.0,1053301.0
2025-06-18 11:25:49.749571,389.75,692933.0,1053089.0
2025-06-18 11:25:50.224768,389.8,692933.0,1053089.0
2025-06-18 11:25:50.852553,389.8,693191.0,1053088.0
2025-06-18 11:25:51.951314,389.8,692495.0,1053013.0
2025-06-18 11:25:52.949224,389.8,691863.0,1052471.0
2025-06-18 11:25:53.229979,389.8,691863.0,1052471.0
2025-06-18 11:25:54.051656,389.8,691512.0,1053358.0
2025-06-18 11:25:54.229179,389.8,691512.0,1053358.0
2025-06-18 11:25:55.049945,389.8,691309.0,1053258.0
2025-06-18 11:25:56.185078,389.8,691183.0,1053459.0
2025-06-18 11:25:57.144680,389.8,691593.0,1053459.0
2025-06-18 11:25:57.243137,389.8,691593.0,1053459.0
2025-06-18 11:25:58.055854,389.8,691698.0,1053232.0
2025-06-18 11:25:58.231627,389.8,691698.0,1053232.0
2025-06-18 11:25:59.188758,389.8,691391.0,1053087.0
2025-06-18 11:26:00.160291,389.8,691993.0,1052595.0
2025-06-18 11:26:00.231389,389.8,691993.0,1052595.0
2025-06-18 11:26:02.243775,389.75,691993.0,1052595.0
2025-06-18 11:26:04.233730,389.8,691993.0,1052595.0
2025-06-18 11:26:04.755471,389.8,691491.0,1052778.0
2025-06-18 11:26:06.240328,389.8,691491.0,1052778.0
2025-06-18 11:26:08.250889,389.8,691491.0,1052778.0
2025-06-18 11:26:09.695056,389.8,691590.0,1052633.0
2025-06-18 11:26:10.261488,389.8,691590.0,1052633.0
2025-06-18 11:26:12.253392,389.8,691590.0,1052633.0
2025-06-18 11:26:14.564809,389.8,691956.0,1052974.0
2025-06-18 11:26:18.247015,389.8,691956.0,1052974.0
2025-06-18 11:26:19.466060,389.8,691570.0,1052692.0
2025-06-18 11:26:20.451221,389.75,691570.0,1052692.0
2025-06-18 11:26:22.231087,389.8,691570.0,1052692.0
2025-06-18 11:26:24.236695,389.65,691570.0,1052692.0
2025-06-18 11:26:24.268644,389.65,693229.0,1051766.0
2025-06-18 11:26:26.256233,389.8,693229.0,1051766.0
2025-06-18 11:26:28.239106,389.7,693229.0,1051766.0
2025-06-18 11:26:29.252613,389.65,692918.0,1053685.0
2025-06-18 11:26:30.244849,389.65,692918.0,1053685.0
2025-06-18 11:26:32.235902,389.8,692918.0,1053685.0
2025-06-18 11:26:34.188312,389.65,692023.0,1053354.0
2025-06-18 11:26:34.245128,389.65,692023.0,1053354.0
2025-06-18 11:26:36.246591,389.65,692023.0,1053354.0
2025-06-18 11:26:38.246672,389.8,692023.0,1053354.0
2025-06-18 11:26:39.012702,389.8,695121.0,1052895.0
2025-06-18 11:26:40.250938,389.65,695121.0,1052895.0
2025-06-18 11:26:44.264166,389.8,695121.0,1052895.0
2025-06-18 11:26:44.378549,389.8,694051.0,1054411.0
2025-06-18 11:26:46.250214,389.8,694051.0,1054411.0
2025-06-18 11:26:48.234569,389.8,694051.0,1054411.0
2025-06-18 11:26:49.283759,389.8,696163.0,1047601.0
2025-06-18 11:26:50.237189,389.8,696163.0,1047601.0
2025-06-18 11:26:52.245420,389.9,696163.0,1047601.0
2025-06-18 11:26:54.261580,389.9,696163.0,1047601.0
2025-06-18 11:26:54.286316,389.9,696941.0,1046387.0
2025-06-18 11:26:59.392421,389.9,695801.0,1046440.0
2025-06-18 11:27:04.497749,389.75,695874.0,1047810.0
2025-06-18 11:27:06.270707,389.75,695874.0,1047810.0
2025-06-18 11:27:08.256716,389.9,695874.0,1047810.0
2025-06-18 11:27:09.402443,389.9,695835.0,1046287.0
2025-06-18 11:27:10.248941,389.9,695835.0,1046287.0
2025-06-18 11:27:12.237121,389.9,695835.0,1046287.0
2025-06-18 11:27:14.258230,389.9,695835.0,1046287.0
2025-06-18 11:27:14.403966,389.9,695742.0,1048229.0
2025-06-18 11:27:16.255479,389.9,695742.0,1048229.0
2025-06-18 11:27:20.481206,389.9,695949.0,1048990.0
2025-06-18 11:27:24.212435,389.9,695776.0,1047594.0
2025-06-18 11:27:24.308482,389.9,695776.0,1047594.0
2025-06-18 11:27:28.284009,389.9,695776.0,1047594.0
2025-06-18 11:27:29.111987,389.9,695822.0,1047103.0
2025-06-18 11:27:32.273963,389.9,695822.0,1047103.0
2025-06-18 11:27:34.248666,389.8,695822.0,1047103.0
2025-06-18 11:27:34.314773,389.8,696329.0,1048003.0
2025-06-18 11:27:38.249799,389.9,696329.0,1048003.0
2025-06-18 11:27:39.417015,389.9,699382.0,1047006.0
2025-06-18 11:27:44.244633,389.9,699382.0,1047006.0
2025-06-18 11:27:44.919628,389.9,698929.0,1045079.0
2025-06-18 11:27:46.243834,389.9,698929.0,1045079.0
2025-06-18 11:27:48.241721,389.9,698929.0,1045079.0
2025-06-18 11:27:49.951524,389.9,698929.0,1045079.0
2025-06-18 11:27:51.005357,389.9,698929.0,1045079.0
2025-06-18 11:27:51.120940,389.9,699442.0,1044972.0
2025-06-18 11:27:51.921407,389.9,699442.0,1044972.0
2025-06-18 11:27:52.246125,389.9,699442.0,1044972.0
2025-06-18 11:27:52.857686,389.9,699442.0,1044972.0
2025-06-18 11:27:53.765813,389.9,699442.0,1044972.0
2025-06-18 11:27:54.240820,389.8,699442.0,1044972.0
2025-06-18 11:27:54.497734,389.8,699442.0,1044972.0
2025-06-18 11:27:55.516695,389.8,699442.0,1044972.0
2025-06-18 11:27:56.072258,389.8,699442.0,1044972.0
2025-06-18 11:27:56.243904,389.9,699442.0,1044972.0
2025-06-18 11:27:56.477156,389.9,699442.0,1044972.0
2025-06-18 11:27:56.529426,389.9,699612.0,1046477.0
2025-06-18 11:27:56.954440,389.9,699612.0,1046477.0
2025-06-18 11:27:57.346653,389.9,699612.0,1046477.0
2025-06-18 11:27:58.262204,389.9,699612.0,1046477.0
2025-06-18 11:27:58.270209,389.9,699612.0,1046477.0
2025-06-18 11:27:59.464840,389.9,699612.0,1046477.0
2025-06-18 11:28:00.256182,389.9,699612.0,1046477.0
2025-06-18 11:28:00.325637,389.9,699612.0,1046477.0
2025-06-18 11:28:01.227869,389.9,700033.0,1047512.0
2025-06-18 11:28:01.728453,389.9,700033.0,1047512.0
2025-06-18 11:28:02.130529,389.9,700047.0,1047560.0
2025-06-18 11:28:02.859305,389.9,700047.0,1047560.0
2025-06-18 11:28:03.337728,389.9,700253.0,1047465.0
2025-06-18 11:28:03.974744,389.9,700253.0,1047465.0
2025-06-18 11:28:04.238720,389.85,700253.0,1047465.0
2025-06-18 11:28:04.328065,389.85,699989.0,1047528.0
2025-06-18 11:28:05.338043,389.85,701606.0,1045689.0
2025-06-18 11:28:05.608469,389.85,701606.0,1045689.0
2025-06-18 11:28:06.330211,389.85,701419.0,1045781.0
2025-06-18 11:28:07.238163,389.9,701419.0,1045781.0
2025-06-18 11:28:07.339751,389.9,701823.0,1045906.0
2025-06-18 11:28:10.442663,389.85,701823.0,1045906.0
2025-06-18 11:28:10.447066,389.85,700781.0,1047216.0
2025-06-18 11:28:10.486781,389.9,700781.0,1047216.0
2025-06-18 11:28:10.493195,389.9,700949.0,1047137.0
2025-06-18 11:28:10.532203,389.9,700968.0,1047052.0
2025-06-18 11:28:11.241078,389.9,700968.0,1047052.0
2025-06-18 11:28:11.532769,389.9,701049.0,1046987.0
2025-06-18 11:28:12.237441,389.9,701049.0,1046987.0
2025-06-18 11:28:12.634723,389.9,703237.0,1047317.0
2025-06-18 11:28:13.239638,389.95,703237.0,1047317.0
2025-06-18 11:28:13.735438,389.95,703491.0,1046412.0
2025-06-18 11:28:14.740907,389.95,706754.0,1040708.0
2025-06-18 11:28:15.238857,389.95,706754.0,1040708.0
2025-06-18 11:28:15.736134,390.0,706561.0,1041616.0
2025-06-18 11:28:16.237359,390.0,706561.0,1041616.0
2025-06-18 11:28:16.640628,390.0,706661.0,1041183.0
2025-06-18 11:28:17.741582,390.0,707225.0,1041402.0
2025-06-18 11:28:18.836907,390.0,707351.0,1041575.0
2025-06-18 11:28:19.240952,390.0,707351.0,1041575.0
2025-06-18 11:28:19.838543,390.0,707355.0,1042055.0
2025-06-18 11:28:20.244877,390.0,707355.0,1042055.0
2025-06-18 11:28:20.839052,390.0,715433.0,1031011.0
2025-06-18 11:28:21.238723,390.0,715433.0,1031011.0
2025-06-18 11:28:21.742247,390.0,715928.0,1031126.0
2025-06-18 11:28:22.705003,390.0,715928.0,1031126.0
2025-06-18 11:28:22.743071,390.1,716451.0,1031513.0
2025-06-18 11:28:23.243733,390.05,716451.0,1031513.0
2025-06-18 11:28:23.741462,390.05,716421.0,1031312.0
2025-06-18 11:28:24.240167,390.05,716421.0,1031312.0
2025-06-18 11:28:24.741344,390.05,716310.0,1031838.0
2025-06-18 11:28:25.239168,390.1,716310.0,1031838.0
2025-06-18 11:28:25.842214,390.05,715551.0,1028809.0
2025-06-18 11:28:26.256137,390.05,715551.0,1028809.0
2025-06-18 11:28:26.940677,390.05,715416.0,1029786.0
2025-06-18 11:28:27.240161,390.15,715416.0,1029786.0
2025-06-18 11:28:27.942350,390.3,719093.0,1023194.0
2025-06-18 11:28:28.237880,390.3,719093.0,1023194.0
2025-06-18 11:28:29.042834,390.15,716747.0,1026044.0
2025-06-18 11:28:29.242978,390.15,716747.0,1026044.0
2025-06-18 11:28:30.043585,390.3,716114.0,1026271.0
2025-06-18 11:28:30.241520,390.3,716114.0,1026271.0
2025-06-18 11:28:31.042126,390.15,716274.0,1025386.0
2025-06-18 11:28:31.241690,390.15,716274.0,1025386.0
2025-06-18 11:28:32.043409,390.15,717000.0,1025240.0
2025-06-18 11:28:32.241893,390.15,717000.0,1025240.0
2025-06-18 11:28:33.048632,390.3,716519.0,1026382.0
2025-06-18 11:28:33.238721,390.15,716519.0,1026382.0
2025-06-18 11:28:34.150094,390.15,716817.0,1026295.0
2025-06-18 11:28:34.252871,390.15,716817.0,1026295.0
2025-06-18 11:28:35.239718,390.15,716817.0,1026295.0
2025-06-18 11:28:35.273335,390.15,716041.0,1027754.0
2025-06-18 11:28:36.245334,390.15,716041.0,1027754.0
2025-06-18 11:28:36.251307,390.15,717033.0,1025886.0
2025-06-18 11:28:37.242596,390.15,717033.0,1025886.0
2025-06-18 11:28:37.251831,390.15,716650.0,1025998.0
2025-06-18 11:28:38.245681,390.25,716650.0,1025998.0
2025-06-18 11:28:38.254977,390.25,716852.0,1026356.0
2025-06-18 11:28:39.244045,390.0,716852.0,1026356.0
2025-06-18 11:28:39.252631,390.0,708242.0,1032240.0
2025-06-18 11:28:40.241386,390.0,708242.0,1032240.0
2025-06-18 11:28:40.253860,390.0,707406.0,1032139.0
2025-06-18 11:28:41.245345,390.0,707406.0,1032139.0
2025-06-18 11:28:41.258330,390.0,707371.0,1032661.0
2025-06-18 11:28:42.156983,390.0,707541.0,1032803.0
2025-06-18 11:28:43.159081,390.0,704929.0,1032462.0
2025-06-18 11:28:44.226943,390.0,705368.0,1030463.0
2025-06-18 11:28:45.161467,390.0,705816.0,1030398.0
2025-06-18 11:28:45.241576,390.0,705816.0,1030398.0
2025-06-18 11:28:46.163409,390.0,705816.0,1030700.0
2025-06-18 11:28:47.056398,390.0,705658.0,1030166.0
2025-06-18 11:28:47.339722,390.0,705658.0,1030166.0
2025-06-18 11:28:48.058406,390.0,705657.0,1030288.0
2025-06-18 11:28:49.057731,390.0,705658.0,1030300.0
2025-06-18 11:28:50.059333,389.95,704881.0,1030777.0
2025-06-18 11:28:50.241464,389.95,704881.0,1030777.0
2025-06-18 11:28:51.062242,389.95,704778.0,1030982.0
2025-06-18 11:28:52.062447,389.95,705319.0,1030982.0
2025-06-18 11:28:52.962607,389.95,704591.0,1033971.0
2025-06-18 11:28:53.239789,390.05,704591.0,1033971.0
2025-06-18 11:28:53.865042,389.95,706360.0,1033960.0
2025-06-18 11:28:54.239453,389.95,706360.0,1033960.0
2025-06-18 11:28:54.965049,389.95,706362.0,1033934.0
2025-06-18 11:28:55.245898,390.05,706362.0,1033934.0
2025-06-18 11:28:56.176056,390.0,706370.0,1034622.0
2025-06-18 11:28:56.242819,390.0,706370.0,1034622.0
2025-06-18 11:28:57.178773,390.0,706189.0,1034144.0
2025-06-18 11:28:58.405912,389.95,706189.0,1034144.0
2025-06-18 11:28:58.672128,389.95,706231.0,1034330.0
2025-06-18 11:28:59.768306,389.95,705450.0,1034274.0
2025-06-18 11:29:00.865249,389.95,705269.0,1034078.0
2025-06-18 11:29:02.265783,390.2,703660.0,1032596.0
2025-06-18 11:29:02.271684,390.2,703660.0,1032596.0
2025-06-18 11:29:03.256020,390.0,703660.0,1032596.0
2025-06-18 11:29:03.269043,390.0,704100.0,1033094.0
2025-06-18 11:29:04.463704,390.0,704153.0,1033267.0
2025-06-18 11:29:05.467192,390.0,703974.0,1033635.0
2025-06-18 11:29:06.255333,390.0,703974.0,1033635.0
2025-06-18 11:29:06.564802,390.0,704521.0,1033427.0
2025-06-18 11:29:07.245337,390.0,704521.0,1033427.0
2025-06-18 11:29:08.204224,390.0,705313.0,1033514.0
2025-06-18 11:29:09.272259,389.95,705313.0,1033514.0
2025-06-18 11:29:09.280323,389.95,704522.0,1033340.0
2025-06-18 11:29:10.247490,390.0,704522.0,1033340.0
2025-06-18 11:29:10.366405,390.0,704832.0,1033470.0
2025-06-18 11:29:11.267686,390.0,704832.0,1033470.0
2025-06-18 11:29:11.367107,390.0,705050.0,1033725.0
2025-06-18 11:29:12.246298,390.0,705050.0,1033725.0
2025-06-18 11:29:12.366729,390.0,705050.0,1033774.0
2025-06-18 11:29:13.248836,390.0,705050.0,1033774.0
2025-06-18 11:29:13.367390,390.0,705689.0,1035676.0
2025-06-18 11:29:14.475761,390.0,705612.0,1035830.0
2025-06-18 11:29:15.480145,390.0,705822.0,1035734.0
2025-06-18 11:29:16.571786,390.0,705301.0,1035733.0
2025-06-18 11:29:17.250037,390.0,705301.0,1035733.0
2025-06-18 11:29:17.683787,390.0,705822.0,1035306.0
2025-06-18 11:29:18.778719,390.0,706982.0,1035080.0
2025-06-18 11:29:19.253942,390.0,706982.0,1035080.0
2025-06-18 11:29:19.874347,390.0,706981.0,1035193.0
2025-06-18 11:29:20.876102,389.95,705645.0,1033779.0
2025-06-18 11:29:21.250289,389.95,705645.0,1033779.0
2025-06-18 11:29:21.914608,389.95,705362.0,1033946.0
2025-06-18 11:29:22.878649,390.0,705324.0,1033812.0
2025-06-18 11:29:23.246133,390.0,705324.0,1033812.0
2025-06-18 11:29:23.978762,389.95,705440.0,1033867.0
2025-06-18 11:29:24.252421,389.95,705440.0,1033867.0
2025-06-18 11:29:24.983904,389.95,705536.0,1033738.0
2025-06-18 11:29:25.979448,389.95,705910.0,1033961.0
2025-06-18 11:29:26.878954,389.95,702795.0,1033531.0
2025-06-18 11:29:27.881575,389.95,702795.0,1033580.0
2025-06-18 11:29:28.757847,389.95,702795.0,1033580.0
2025-06-18 11:29:28.881953,389.95,704307.0,1032822.0
2025-06-18 11:29:29.980999,389.95,704703.0,1033246.0
2025-06-18 11:29:30.981920,390.0,704942.0,1033240.0
2025-06-18 11:29:31.242929,390.0,704942.0,1033240.0
2025-06-18 11:29:31.981948,389.95,704945.0,1032986.0
2025-06-18 11:29:32.419939,389.95,704945.0,1032986.0
2025-06-18 11:29:32.983453,389.95,704396.0,1033031.0
2025-06-18 11:29:33.254288,389.95,704396.0,1033031.0
2025-06-18 11:29:33.984398,389.95,704059.0,1035229.0
2025-06-18 11:29:34.249016,390.0,704059.0,1035229.0
2025-06-18 11:29:34.986312,389.95,703985.0,1035954.0
2025-06-18 11:29:35.250089,389.95,703985.0,1035954.0
2025-06-18 11:29:36.086552,390.0,704140.0,1035865.0
2025-06-18 11:29:36.247233,389.95,704140.0,1035865.0
2025-06-18 11:29:36.987904,389.95,704563.0,1033604.0
2025-06-18 11:29:37.988260,390.0,704647.0,1035092.0
2025-06-18 11:29:38.247562,390.0,704647.0,1035092.0
2025-06-18 11:29:39.090357,390.0,704046.0,1034943.0
2025-06-18 11:29:39.245917,389.95,704046.0,1034943.0
2025-06-18 11:29:40.209440,390.0,703953.0,1035048.0
2025-06-18 11:29:40.247193,390.0,703953.0,1035048.0
2025-06-18 11:29:41.289698,390.0,699842.0,1035326.0
2025-06-18 11:29:42.389954,390.0,703840.0,1035616.0
2025-06-18 11:29:43.391363,390.0,703342.0,1035435.0
2025-06-18 11:29:44.247633,390.0,703342.0,1035435.0
2025-06-18 11:29:44.491828,390.0,703522.0,1035432.0
2025-06-18 11:29:45.250823,390.0,703522.0,1035432.0
2025-06-18 11:29:45.493245,390.0,703392.0,1036988.0
2025-06-18 11:29:46.592557,390.0,703392.0,1036912.0
2025-06-18 11:29:47.704463,390.0,702817.0,1036622.0
2025-06-18 11:29:48.258803,390.0,702817.0,1036622.0
2025-06-18 11:29:48.724352,390.0,703659.0,1036246.0
2025-06-18 11:29:49.244212,389.95,703659.0,1036246.0
2025-06-18 11:29:49.799637,389.95,703649.0,1036542.0
2025-06-18 11:29:50.896890,389.95,703368.0,1036536.0
2025-06-18 11:29:52.095191,390.0,703523.0,1036258.0
2025-06-18 11:29:52.246383,390.0,703523.0,1036258.0
2025-06-18 11:29:52.996523,390.0,702443.0,1036395.0
2025-06-18 11:29:54.000600,389.95,698591.0,1038547.0
2025-06-18 11:29:54.249751,389.95,698591.0,1038547.0
2025-06-18 11:29:55.710441,389.95,696441.0,1040089.0
2025-06-18 11:29:56.805902,389.95,698768.0,1038197.0
2025-06-18 11:29:57.809125,389.95,699349.0,1037825.0
2025-06-18 11:29:58.807931,389.95,699506.0,1038000.0
2025-06-18 11:29:59.905395,389.95,699540.0,1037751.0
2025-06-18 11:30:00.246829,389.9,699540.0,1037751.0
2025-06-18 11:30:02.250032,390.0,699540.0,1037751.0
2025-06-18 11:30:02.307044,390.0,698188.0,1038607.0
2025-06-18 11:30:04.258096,389.8,698188.0,1038607.0
2025-06-18 11:30:07.621504,389.7,682394.0,1047041.0
2025-06-18 11:30:08.277294,389.7,682394.0,1047041.0
2025-06-18 11:30:13.113642,389.8,690308.0,1048455.0
2025-06-18 11:30:14.263478,389.7,690308.0,1048455.0
2025-06-18 11:30:17.253607,389.7,690308.0,1048455.0
2025-06-18 11:30:18.523779,389.7,690251.0,1049483.0
2025-06-18 11:30:23.253318,389.8,690251.0,1049483.0
2025-06-18 11:30:24.119341,389.8,692036.0,1049279.0
2025-06-18 11:30:25.279237,389.75,692036.0,1049279.0
2025-06-18 11:30:28.256921,389.85,692036.0,1049279.0
2025-06-18 11:30:29.519739,389.85,694644.0,1046646.0
2025-06-18 11:30:30.255849,389.7,694644.0,1046646.0
2025-06-18 11:30:32.253755,389.7,694644.0,1046646.0
2025-06-18 11:30:34.251563,389.7,694644.0,1046646.0
2025-06-18 11:30:34.633000,389.7,692940.0,1049624.0
2025-06-18 11:30:37.273943,389.85,692940.0,1049624.0
2025-06-18 11:30:38.263283,389.85,692940.0,1049624.0
2025-06-18 11:30:39.826644,389.85,694834.0,1047101.0
2025-06-18 11:30:40.266050,389.85,694834.0,1047101.0
2025-06-18 11:30:42.266149,389.7,694834.0,1047101.0
2025-06-18 11:30:44.255253,389.85,694834.0,1047101.0
2025-06-18 11:30:45.331590,389.85,695298.0,1046282.0
2025-06-18 11:30:46.283374,389.85,695298.0,1046282.0
2025-06-18 11:30:50.252269,389.85,695298.0,1046282.0
2025-06-18 11:30:50.347335,389.85,695298.0,1046282.0
2025-06-18 11:30:50.536734,389.85,699741.0,1040998.0
2025-06-18 11:30:51.429558,389.85,699741.0,1040998.0
2025-06-18 11:30:52.258633,389.85,699741.0,1040998.0
2025-06-18 11:30:52.376165,389.85,699741.0,1040998.0
2025-06-18 11:30:53.300448,389.85,699741.0,1040998.0
2025-06-18 11:30:54.171983,389.85,699741.0,1040998.0
2025-06-18 11:30:54.259086,389.85,699741.0,1040998.0
2025-06-18 11:30:54.941504,389.85,699741.0,1040998.0
2025-06-18 11:30:55.642810,389.85,699570.0,1040921.0
2025-06-18 11:30:55.986948,389.85,699570.0,1040921.0
2025-06-18 11:30:56.556162,389.85,699570.0,1040921.0
2025-06-18 11:30:57.460696,389.85,699570.0,1040921.0
2025-06-18 11:30:58.257190,389.85,699570.0,1040921.0
2025-06-18 11:30:58.761173,389.85,699570.0,1040921.0
2025-06-18 11:30:59.966287,389.85,699570.0,1040921.0
2025-06-18 11:31:00.293855,389.85,699570.0,1040921.0
2025-06-18 11:31:00.742756,389.85,699704.0,1041564.0
2025-06-18 11:31:00.836300,389.85,699704.0,1041564.0
2025-06-18 11:31:02.286378,389.85,699704.0,1041564.0
2025-06-18 11:31:02.297411,389.85,699704.0,1041564.0
2025-06-18 11:31:03.357912,389.85,699704.0,1041564.0
2025-06-18 11:31:04.497815,389.85,699704.0,1041564.0
2025-06-18 11:31:05.447170,389.7,700276.0,1042530.0
2025-06-18 11:31:05.981636,389.7,700276.0,1042530.0
2025-06-18 11:31:06.295814,389.7,700276.0,1042530.0
2025-06-18 11:31:08.263573,389.85,700276.0,1042530.0
2025-06-18 11:31:10.257389,389.85,700276.0,1042530.0
2025-06-18 11:31:10.554776,389.85,701762.0,1042407.0
2025-06-18 11:31:12.256448,389.85,701762.0,1042407.0
2025-06-18 11:31:14.264977,389.85,701762.0,1042407.0
2025-06-18 11:31:15.671097,389.7,698702.0,1040220.0
2025-06-18 11:31:16.266767,389.7,698702.0,1040220.0
2025-06-18 11:31:20.266440,389.85,698702.0,1040220.0
2025-06-18 11:31:20.865074,389.85,697681.0,1039396.0
2025-06-18 11:31:22.258165,389.85,697681.0,1039396.0
2025-06-18 11:31:24.265088,389.8,697681.0,1039396.0
2025-06-18 11:31:26.260626,389.8,697681.0,1039396.0
2025-06-18 11:31:26.465023,389.8,694542.0,1045743.0
2025-06-18 11:31:30.283643,389.65,694542.0,1045743.0
2025-06-18 11:31:31.868589,389.8,695085.0,1047962.0
2025-06-18 11:31:32.271056,389.8,695085.0,1047962.0
2025-06-18 11:31:36.260752,389.8,695085.0,1047962.0
2025-06-18 11:31:36.973953,389.8,695161.0,1048257.0
2025-06-18 11:31:38.265111,389.75,695161.0,1048257.0
2025-06-18 11:31:40.265503,389.75,695161.0,1048257.0
2025-06-18 11:31:42.078532,389.75,694798.0,1048661.0
2025-06-18 11:31:44.258982,389.75,694798.0,1048661.0
2025-06-18 11:31:46.276611,389.65,694798.0,1048661.0
2025-06-18 11:31:47.314507,389.65,694013.0,1052388.0
2025-06-18 11:31:48.288559,389.75,694013.0,1052388.0
2025-06-18 11:31:50.260204,389.75,694013.0,1052388.0
2025-06-18 11:31:52.277559,389.75,694013.0,1052388.0
2025-06-18 11:31:52.292007,389.75,694367.0,1052396.0
2025-06-18 11:31:54.307617,389.75,694367.0,1052396.0
2025-06-18 11:31:56.416215,389.75,694367.0,1052396.0
2025-06-18 11:31:57.449623,389.75,693033.0,1050633.0
2025-06-18 11:31:58.275198,389.75,693033.0,1050633.0
2025-06-18 11:32:02.099531,389.7,685714.0,1058576.0
2025-06-18 11:32:02.272220,389.7,685714.0,1058576.0
2025-06-18 11:32:07.301266,389.5,685714.0,1058576.0
2025-06-18 11:32:07.305389,389.5,678759.0,1061926.0
2025-06-18 11:32:11.261829,389.45,678759.0,1061926.0
2025-06-18 11:32:13.506414,389.25,671419.0,1068034.0
2025-06-18 11:32:16.271045,389.3,671419.0,1068034.0
2025-06-18 11:32:19.112069,389.3,668626.0,1069974.0
2025-06-18 11:32:22.257094,389.35,668626.0,1069974.0
2025-06-18 11:32:24.818585,389.35,670997.0,1070725.0
2025-06-18 11:32:25.260836,389.35,670997.0,1070725.0
2025-06-18 11:32:28.262928,389.2,670997.0,1070725.0
2025-06-18 11:32:30.424946,389.25,668309.0,1073110.0
2025-06-18 11:32:31.257196,389.2,668309.0,1073110.0
2025-06-18 11:32:34.258245,389.2,668309.0,1073110.0
2025-06-18 11:32:36.265716,389.2,666598.0,1073733.0
2025-06-18 11:32:36.274991,389.2,666598.0,1073733.0
2025-06-18 11:32:39.264392,389.3,666598.0,1073733.0
2025-06-18 11:32:42.154335,389.4,675185.0,1069363.0
2025-06-18 11:32:43.264455,389.4,675185.0,1069363.0
2025-06-18 11:32:46.309558,389.4,675185.0,1069363.0
2025-06-18 11:32:47.538252,389.4,674666.0,1068703.0
2025-06-18 11:32:49.275067,389.4,674666.0,1068703.0
2025-06-18 11:32:52.261713,389.4,674666.0,1068703.0
2025-06-18 11:32:52.654317,389.4,674613.0,1067649.0
2025-06-18 11:32:55.260678,389.3,674613.0,1067649.0
2025-06-18 11:32:57.950303,389.4,677237.0,1065943.0
2025-06-18 11:32:58.263448,389.4,677237.0,1065943.0
2025-06-18 11:33:00.274925,389.4,677237.0,1065943.0
2025-06-18 11:33:03.437309,389.4,677679.0,1067517.0
2025-06-18 11:33:04.266238,389.2,677679.0,1067517.0
2025-06-18 11:33:07.264682,389.2,677679.0,1067517.0
2025-06-18 11:33:08.843390,389.2,668517.0,1069010.0
2025-06-18 11:33:10.263888,389.15,668517.0,1069010.0
2025-06-18 11:33:14.248926,389.2,668350.0,1068770.0
2025-06-18 11:33:15.270602,389.2,668350.0,1068770.0
2025-06-18 11:33:19.265767,389.35,668350.0,1068770.0
2025-06-18 11:33:19.553630,389.35,673082.0,1068713.0
2025-06-18 11:33:22.260048,389.25,673082.0,1068713.0
2025-06-18 11:33:24.655165,389.2,673444.0,1068366.0
2025-06-18 11:33:25.260681,389.2,673444.0,1068366.0
2025-06-18 11:33:28.276978,389.2,673444.0,1068366.0
2025-06-18 11:33:30.262585,389.05,661198.0,1076473.0
2025-06-18 11:33:31.267183,389.2,661198.0,1076473.0
2025-06-18 11:33:34.349139,389.05,661198.0,1076473.0
2025-06-18 11:33:36.156272,389.2,657682.0,1077840.0
2025-06-18 11:33:37.274632,389.1,657682.0,1077840.0
2025-06-18 11:33:40.266775,389.0,657682.0,1077840.0
2025-06-18 11:33:42.064690,389.05,658405.0,1082042.0
2025-06-18 11:33:43.267106,389.05,658405.0,1082042.0
2025-06-18 11:33:45.271468,389.0,658405.0,1082042.0
2025-06-18 11:33:48.101605,389.15,656531.0,1075235.0
2025-06-18 11:33:49.269341,389.15,656531.0,1075235.0
2025-06-18 11:33:51.123244,389.15,656531.0,1075235.0
2025-06-18 11:33:52.238855,389.15,656531.0,1075235.0
2025-06-18 11:33:52.273080,389.15,656531.0,1075235.0
2025-06-18 11:33:53.157405,389.15,656531.0,1075235.0
2025-06-18 11:33:53.768468,389.15,657839.0,1074823.0
2025-06-18 11:33:54.114633,389.15,657839.0,1074823.0
2025-06-18 11:33:55.281639,389.2,657839.0,1074823.0
2025-06-18 11:33:55.796350,389.2,657839.0,1074823.0
2025-06-18 11:33:56.903483,389.2,657839.0,1074823.0
2025-06-18 11:33:57.473781,389.2,657839.0,1074823.0
2025-06-18 11:33:58.291255,389.3,657839.0,1074823.0
2025-06-18 11:33:58.370904,389.3,657839.0,1074823.0
2025-06-18 11:33:59.572384,389.3,669184.0,1069740.0
2025-06-18 11:33:59.744319,389.3,669184.0,1069740.0
2025-06-18 11:34:00.889428,389.3,669184.0,1069740.0
2025-06-18 11:34:01.675329,389.3,669661.0,1070062.0
2025-06-18 11:34:01.786048,389.3,669661.0,1070062.0
2025-06-18 11:34:02.676457,389.3,669734.0,1070210.0
2025-06-18 11:34:03.144631,389.3,669734.0,1070210.0
2025-06-18 11:34:03.274688,389.15,669734.0,1070210.0
2025-06-18 11:34:03.777700,389.15,669208.0,1069686.0
2025-06-18 11:34:04.280114,389.15,669208.0,1069686.0
2025-06-18 11:34:04.877168,389.15,665238.0,1074463.0
2025-06-18 11:34:05.548226,389.15,665238.0,1074463.0
2025-06-18 11:34:05.779703,389.15,666453.0,1075064.0
2025-06-18 11:34:06.295960,389.25,666453.0,1075064.0
2025-06-18 11:34:06.891277,389.25,666453.0,1075064.0
2025-06-18 11:34:06.976913,389.25,666446.0,1072592.0
2025-06-18 11:34:07.978366,389.1,666327.0,1076339.0
2025-06-18 11:34:08.266637,389.1,666327.0,1076339.0
2025-06-18 11:34:09.077656,389.1,666345.0,1076399.0
2025-06-18 11:34:10.180444,389.05,661342.0,1079166.0
2025-06-18 11:34:10.277832,389.05,661342.0,1079166.0
2025-06-18 11:34:11.274610,389.15,661342.0,1079166.0
2025-06-18 11:34:11.781938,389.15,662562.0,1074413.0
2025-06-18 11:34:12.277198,389.05,662562.0,1074413.0
2025-06-18 11:34:12.880666,389.05,662804.0,1074582.0
2025-06-18 11:34:13.984187,389.05,662797.0,1074425.0
2025-06-18 11:34:15.084265,389.05,662528.0,1074236.0
2025-06-18 11:34:16.193222,389.05,662511.0,1074992.0
2025-06-18 11:34:17.085621,389.05,662942.0,1075907.0
2025-06-18 11:34:18.183917,389.15,662708.0,1075783.0
2025-06-18 11:34:18.270630,389.05,662708.0,1075783.0
2025-06-18 11:34:19.270155,389.15,662708.0,1075783.0
2025-06-18 11:34:19.292890,389.15,661748.0,1076692.0
2025-06-18 11:34:20.387470,389.15,659522.0,1076120.0
2025-06-18 11:34:21.486641,389.05,659346.0,1076216.0
2025-06-18 11:34:22.278373,389.1,659346.0,1076216.0
2025-06-18 11:34:22.490366,389.1,659567.0,1074683.0
2025-06-18 11:34:23.304293,389.05,659567.0,1074683.0
2025-06-18 11:34:23.590954,389.05,659751.0,1074740.0
2025-06-18 11:34:24.288554,389.05,659751.0,1074740.0
2025-06-18 11:34:24.590712,389.05,661462.0,1074474.0
2025-06-18 11:34:25.272034,389.1,661462.0,1074474.0
2025-06-18 11:34:25.710148,389.1,661179.0,1074626.0
2025-06-18 11:34:26.695509,389.1,659816.0,1074780.0
2025-06-18 11:34:27.592299,389.1,661142.0,1074167.0
2025-06-18 11:34:28.268973,389.05,661142.0,1074167.0
2025-06-18 11:34:28.697306,389.0,657654.0,1075347.0
2025-06-18 11:34:29.273865,389.0,657654.0,1075347.0
2025-06-18 11:34:29.808672,389.1,659451.0,1074736.0
2025-06-18 11:34:30.295599,389.1,659451.0,1074736.0
2025-06-18 11:34:30.895956,389.0,658524.0,1074823.0
2025-06-18 11:34:31.267647,389.0,658524.0,1074823.0
2025-06-18 11:34:31.994553,389.05,659670.0,1074724.0
2025-06-18 11:34:32.269100,389.05,659670.0,1074724.0
2025-06-18 11:34:32.897116,389.05,658939.0,1075768.0
2025-06-18 11:34:33.277627,389.05,658939.0,1075768.0
2025-06-18 11:34:33.895471,389.0,658033.0,1078063.0
2025-06-18 11:34:34.267895,389.0,658033.0,1078063.0
2025-06-18 11:34:34.894987,389.0,658065.0,1077718.0
2025-06-18 11:34:35.995929,389.0,658320.0,1077718.0
2025-06-18 11:34:37.097538,389.0,656970.0,1078026.0
2025-06-18 11:34:37.431641,389.05,656970.0,1078026.0
2025-06-18 11:34:38.098074,389.0,642116.0,1078636.0
2025-06-18 11:34:38.268153,389.0,642116.0,1078636.0
2025-06-18 11:34:39.204834,389.0,642436.0,1077750.0
2025-06-18 11:34:39.274051,389.0,642436.0,1077750.0
2025-06-18 11:34:40.269145,388.95,642436.0,1077750.0
2025-06-18 11:34:40.298738,388.95,643399.0,1077947.0
2025-06-18 11:34:41.277451,388.95,643399.0,1077947.0
2025-06-18 11:34:41.399376,388.95,643201.0,1077941.0
2025-06-18 11:34:42.402549,388.95,643702.0,1077802.0
2025-06-18 11:34:43.269422,388.95,643702.0,1077802.0
2025-06-18 11:34:43.503090,388.95,643569.0,1078107.0
2025-06-18 11:34:44.271293,388.95,643569.0,1078107.0
2025-06-18 11:34:44.604169,388.95,640387.0,1082583.0
2025-06-18 11:34:45.274828,388.95,640387.0,1082583.0
2025-06-18 11:34:45.732618,388.95,641043.0,1082402.0
2025-06-18 11:34:46.278917,389.0,641043.0,1082402.0
2025-06-18 11:34:46.803602,388.95,641526.0,1079685.0
2025-06-18 11:34:47.276407,388.95,641526.0,1079685.0
2025-06-18 11:34:47.807164,388.95,641645.0,1080592.0
2025-06-18 11:34:48.267588,388.95,641645.0,1080592.0
2025-06-18 11:34:48.905136,389.0,641008.0,1080452.0
2025-06-18 11:34:49.274900,389.0,641008.0,1080452.0
2025-06-18 11:34:49.907236,389.0,641017.0,1079063.0
2025-06-18 11:34:50.268391,389.0,641017.0,1079063.0
2025-06-18 11:34:51.008585,389.0,641843.0,1080370.0
2025-06-18 11:34:52.107622,389.0,641788.0,1080508.0
2025-06-18 11:34:53.109829,389.0,641788.0,1080367.0
2025-06-18 11:34:53.282012,388.95,641788.0,1080367.0
2025-06-18 11:34:54.225416,389.0,642261.0,1080456.0
2025-06-18 11:34:54.283239,389.0,642261.0,1080456.0
2025-06-18 11:34:55.311946,389.0,643072.0,1080693.0
2025-06-18 11:34:56.283216,389.0,643072.0,1080693.0
2025-06-18 11:34:56.312415,389.0,641097.0,1080784.0
2025-06-18 11:34:57.314074,389.0,641498.0,1080976.0
2025-06-18 11:35:00.444505,388.95,641498.0,1080976.0
2025-06-18 11:35:00.482712,388.95,642193.0,1080557.0
2025-06-18 11:35:00.492932,388.95,642193.0,1080212.0
2025-06-18 11:35:00.517745,389.0,642193.0,1080212.0
2025-06-18 11:35:00.522023,389.0,642641.0,1080127.0
2025-06-18 11:35:03.283514,388.95,642641.0,1080127.0
2025-06-18 11:35:03.413073,388.95,643353.0,1081370.0
2025-06-18 11:35:05.281247,388.95,643353.0,1081370.0
2025-06-18 11:35:07.331184,388.95,643353.0,1081370.0
2025-06-18 11:35:09.016760,388.95,646724.0,1075451.0
2025-06-18 11:35:09.292511,389.05,646724.0,1075451.0
2025-06-18 11:35:11.296386,388.9,646724.0,1075451.0
2025-06-18 11:35:13.318995,388.9,646724.0,1075451.0
2025-06-18 11:35:14.821169,388.95,643625.0,1078393.0
2025-06-18 11:35:15.294331,388.9,643625.0,1078393.0
2025-06-18 11:35:17.324597,388.9,643625.0,1078393.0
2025-06-18 11:35:19.336184,388.85,643625.0,1078393.0
2025-06-18 11:35:20.521851,388.9,643227.0,1078105.0
2025-06-18 11:35:21.296112,388.95,643227.0,1078105.0
2025-06-18 11:35:23.294986,388.9,643227.0,1078105.0
2025-06-18 11:35:26.277931,388.9,646153.0,1078227.0
2025-06-18 11:35:29.333112,388.9,646153.0,1078227.0
2025-06-18 11:35:31.287657,389.0,646153.0,1078227.0
2025-06-18 11:35:32.126311,389.0,653980.0,1070994.0
2025-06-18 11:35:34.289109,389.0,653980.0,1070994.0
2025-06-18 11:35:37.306949,389.1,653980.0,1070994.0
2025-06-18 11:35:37.743544,389.25,662074.0,1065604.0
2025-06-18 11:35:40.278169,389.25,662074.0,1065604.0
2025-06-18 11:35:42.322318,389.1,662074.0,1065604.0
2025-06-18 11:35:44.035046,389.05,662490.0,1066040.0
2025-06-18 11:35:45.282903,389.05,662490.0,1066040.0
2025-06-18 11:35:48.283391,389.05,662490.0,1066040.0
2025-06-18 11:35:49.749361,389.2,661093.0,1067219.0
2025-06-18 11:35:51.274574,389.2,661093.0,1067219.0
2025-06-18 11:35:55.333681,389.15,661093.0,1067219.0
2025-06-18 11:35:55.344986,389.15,658380.0,1070597.0
2025-06-18 11:35:58.283020,389.0,658380.0,1070597.0
2025-06-18 11:36:00.287253,389.0,658380.0,1070597.0
2025-06-18 11:36:01.149188,389.0,652322.0,1071156.0
2025-06-18 11:36:04.279922,389.0,652322.0,1071156.0
2025-06-18 11:36:06.953328,389.0,652537.0,1074050.0
2025-06-18 11:36:09.599721,389.0,652537.0,1074050.0
2025-06-18 11:36:12.281762,389.0,652537.0,1074050.0
2025-06-18 11:36:12.662369,388.95,652702.0,1073797.0
2025-06-18 11:36:14.286338,388.95,652702.0,1073797.0
2025-06-18 11:36:18.278129,388.95,652702.0,1073797.0
2025-06-18 11:36:18.364900,388.95,652159.0,1075081.0
2025-06-18 11:36:20.287476,388.95,652159.0,1075081.0
2025-06-18 11:36:22.288886,389.0,652159.0,1075081.0
2025-06-18 11:36:23.959145,388.85,647652.0,1077248.0
2025-06-18 11:36:24.282921,388.85,647652.0,1077248.0
2025-06-18 11:36:26.280993,389.0,647652.0,1077248.0
2025-06-18 11:36:28.277518,388.85,647652.0,1077248.0
2025-06-18 11:36:29.459754,388.85,647695.0,1075352.0
2025-06-18 11:36:30.280259,388.95,647695.0,1075352.0
2025-06-18 11:36:34.282683,388.95,647695.0,1075352.0
2025-06-18 11:36:34.863212,389.0,649922.0,1073709.0
2025-06-18 11:36:36.281192,389.0,649922.0,1073709.0
2025-06-18 11:36:38.279982,389.0,649922.0,1073709.0
2025-06-18 11:36:40.169656,389.0,650095.0,1074877.0
2025-06-18 11:36:40.283105,389.0,650095.0,1074877.0
2025-06-18 11:36:44.282591,388.95,650095.0,1074877.0
2025-06-18 11:36:45.366451,388.95,647674.0,1075714.0
2025-06-18 11:36:48.288927,388.85,647674.0,1075714.0
2025-06-18 11:36:50.286828,388.85,647674.0,1075714.0
2025-06-18 11:36:50.773051,388.85,648120.0,1075488.0
2025-06-18 11:36:51.348346,388.85,648120.0,1075488.0
2025-06-18 11:36:52.467027,388.85,648120.0,1075488.0
2025-06-18 11:36:53.401840,388.85,648120.0,1075488.0
2025-06-18 11:36:54.280249,389.0,648120.0,1075488.0
2025-06-18 11:36:54.355187,389.0,648120.0,1075488.0
2025-06-18 11:36:55.248619,389.0,648120.0,1075488.0
2025-06-18 11:36:56.046449,389.0,648120.0,1075488.0
2025-06-18 11:36:56.174896,388.95,647199.0,1076350.0
2025-06-18 11:36:56.283226,388.95,647199.0,1076350.0
2025-06-18 11:36:57.103876,388.95,647199.0,1076350.0
2025-06-18 11:36:58.086415,388.95,647199.0,1076350.0
2025-06-18 11:36:59.826444,388.95,647199.0,1076350.0
2025-06-18 11:37:01.087564,388.95,647199.0,1076350.0
2025-06-18 11:37:01.483694,388.95,646685.0,1075756.0
2025-06-18 11:37:01.951241,388.95,646685.0,1075756.0
2025-06-18 11:37:02.281360,388.95,646685.0,1075756.0
2025-06-18 11:37:03.360617,388.95,646685.0,1075756.0
2025-06-18 11:37:04.305063,388.85,646685.0,1075756.0
2025-06-18 11:37:04.497215,388.85,646685.0,1075756.0
2025-06-18 11:37:05.702794,388.85,646685.0,1075756.0
2025-06-18 11:37:06.283899,388.9,646685.0,1075756.0
2025-06-18 11:37:06.782696,388.9,647022.0,1077040.0
2025-06-18 11:37:07.107322,388.9,647022.0,1077040.0
2025-06-18 11:37:08.285924,388.8,647022.0,1077040.0
2025-06-18 11:37:11.984873,388.8,647815.0,1081236.0
2025-06-18 11:37:12.284781,388.9,647815.0,1081236.0
2025-06-18 11:37:14.291980,388.8,647815.0,1081236.0
2025-06-18 11:37:16.312739,388.8,647815.0,1081236.0
2025-06-18 11:37:16.989919,388.8,650023.0,1079084.0
2025-06-18 11:37:18.283320,388.8,650023.0,1079084.0
2025-06-18 11:37:20.285262,388.8,650023.0,1079084.0
2025-06-18 11:37:21.891104,389.0,659569.0,1066699.0
2025-06-18 11:37:22.288062,389.0,659569.0,1066699.0
2025-06-18 11:37:24.291693,389.2,659569.0,1066699.0
2025-06-18 11:37:26.284997,389.05,659569.0,1066699.0
2025-06-18 11:37:26.790763,389.05,660704.0,1068028.0
2025-06-18 11:37:28.287318,389.05,660704.0,1068028.0
2025-06-18 11:37:31.995837,389.05,661097.0,1068592.0
2025-06-18 11:37:34.300025,389.05,661097.0,1068592.0
2025-06-18 11:37:37.493597,389.2,661097.0,1068592.0
2025-06-18 11:37:37.533025,389.2,662419.0,1067139.0
2025-06-18 11:37:38.287493,389.05,662419.0,1067139.0
2025-06-18 11:37:43.006951,389.05,660154.0,1067926.0
2025-06-18 11:37:45.183816,389.2,660154.0,1067926.0
2025-06-18 11:37:48.288772,389.2,660154.0,1067926.0
2025-06-18 11:37:48.310317,389.2,663991.0,1062825.0
2025-06-18 11:37:50.286187,389.2,663991.0,1062825.0
2025-06-18 11:37:52.286937,389.25,663991.0,1062825.0
2025-06-18 11:37:53.710924,389.25,666129.0,1059465.0
2025-06-18 11:37:54.289176,389.35,666129.0,1059465.0
2025-06-18 11:37:56.287273,389.25,666129.0,1059465.0
2025-06-18 11:37:59.291071,389.4,670541.0,1053212.0
2025-06-18 11:37:59.296014,389.4,670541.0,1053212.0
2025-06-18 11:38:01.284562,389.4,670541.0,1053212.0
2025-06-18 11:38:02.312727,389.4,671583.0,1052623.0
2025-06-18 11:38:03.283477,389.3,671583.0,1052623.0
2025-06-18 11:38:03.313418,389.3,671407.0,1053191.0
2025-06-18 11:38:04.321753,389.3,671417.0,1053059.0
2025-06-18 11:38:05.314206,389.3,669912.0,1053099.0
2025-06-18 11:38:06.324048,389.3,670094.0,1053062.0
2025-06-18 11:38:07.416071,389.3,669772.0,1052994.0
2025-06-18 11:38:08.287620,389.4,669772.0,1052994.0
2025-06-18 11:38:08.516309,389.4,671625.0,1051985.0
2025-06-18 11:38:09.289764,389.4,671625.0,1051985.0
2025-06-18 11:38:09.521477,389.4,670620.0,1053805.0
2025-06-18 11:38:10.285916,389.45,670620.0,1053805.0
2025-06-18 11:38:10.622266,389.45,670362.0,1053979.0
2025-06-18 11:38:11.517855,389.45,668984.0,1053615.0
2025-06-18 11:38:12.770063,389.45,669101.0,1053481.0
2025-06-18 11:38:13.286768,389.45,669101.0,1053481.0
2025-06-18 11:38:13.825558,389.35,664944.0,1056170.0
2025-06-18 11:38:14.284499,389.35,664944.0,1056170.0
2025-06-18 11:38:14.821719,389.35,664206.0,1055427.0
2025-06-18 11:38:15.920361,389.35,665342.0,1054646.0
2025-06-18 11:38:16.283501,389.45,665342.0,1054646.0
2025-06-18 11:38:17.021794,389.45,665796.0,1054662.0
2025-06-18 11:38:18.122332,389.45,665654.0,1054934.0
2025-06-18 11:38:18.282976,389.4,665654.0,1054934.0
2025-06-18 11:38:19.232157,389.4,665062.0,1055079.0
2025-06-18 11:38:20.229488,389.4,665181.0,1055602.0
2025-06-18 11:38:20.280535,389.4,665181.0,1055602.0
2025-06-18 11:38:21.233914,389.4,666420.0,1054765.0
2025-06-18 11:38:22.229821,389.4,666209.0,1054967.0
2025-06-18 11:38:22.279316,389.4,666209.0,1054967.0
2025-06-18 11:38:23.233659,389.35,665334.0,1055067.0
2025-06-18 11:38:23.282472,389.35,665334.0,1055067.0
2025-06-18 11:38:24.258673,389.35,665588.0,1054656.0
2025-06-18 11:38:25.330258,389.35,665422.0,1054906.0
2025-06-18 11:38:26.295247,389.35,665422.0,1054906.0
2025-06-18 11:38:26.427054,389.35,665093.0,1054974.0
2025-06-18 11:38:27.284807,389.4,665093.0,1054974.0
2025-06-18 11:38:27.329375,389.4,665600.0,1054904.0
2025-06-18 11:38:28.286182,389.35,665600.0,1054904.0
2025-06-18 11:38:28.430033,389.35,666455.0,1054034.0
2025-06-18 11:38:29.532147,389.35,664753.0,1054788.0
2025-06-18 11:38:30.632376,389.35,665788.0,1054623.0
2025-06-18 11:38:31.309270,389.35,665788.0,1054623.0
2025-06-18 11:38:31.762094,389.35,665986.0,1054847.0
2025-06-18 11:38:32.284804,389.4,665986.0,1054847.0
2025-06-18 11:38:32.634144,389.4,665943.0,1054362.0
2025-06-18 11:38:33.284722,389.4,665943.0,1054362.0
2025-06-18 11:38:33.741454,389.4,666021.0,1054553.0
2025-06-18 11:38:34.284935,389.4,666021.0,1054553.0
2025-06-18 11:38:34.835557,389.4,665833.0,1054682.0
2025-06-18 11:38:35.285599,389.4,665833.0,1054682.0
2025-06-18 11:38:35.936485,389.4,665867.0,1054702.0
2025-06-18 11:38:37.042793,389.4,663034.0,1054862.0
2025-06-18 11:38:37.286045,389.4,663034.0,1054862.0
2025-06-18 11:38:38.045484,389.4,665616.0,1054989.0
2025-06-18 11:38:38.286890,389.35,665616.0,1054989.0
2025-06-18 11:38:39.142677,389.35,664740.0,1054716.0
2025-06-18 11:38:40.248350,389.35,664914.0,1054977.0
2025-06-18 11:38:40.329720,389.35,664914.0,1054977.0
2025-06-18 11:38:41.250796,389.35,665168.0,1054808.0
2025-06-18 11:38:42.341787,389.35,664579.0,1054757.0
2025-06-18 11:38:43.252282,389.35,664414.0,1054741.0
2025-06-18 11:38:43.287436,389.35,664414.0,1054741.0
2025-06-18 11:38:44.340524,389.35,664575.0,1054668.0
2025-06-18 11:38:45.441273,389.35,664974.0,1055165.0
2025-06-18 11:38:46.541339,389.35,664985.0,1055223.0
2025-06-18 11:38:47.645574,389.35,659902.0,1055409.0
2025-06-18 11:38:48.288854,389.35,659902.0,1055409.0
2025-06-18 11:38:48.659810,389.35,664068.0,1055366.0
2025-06-18 11:38:49.767497,389.4,665344.0,1054333.0
2025-06-18 11:38:50.285711,389.35,665344.0,1054333.0
2025-06-18 11:38:50.843038,389.35,666260.0,1054738.0
2025-06-18 11:38:51.946261,389.35,665935.0,1055034.0
2025-06-18 11:38:53.046862,389.4,664858.0,1054772.0
2025-06-18 11:38:53.285514,389.35,664858.0,1054772.0
2025-06-18 11:38:54.150633,389.35,664077.0,1054649.0
2025-06-18 11:38:55.258395,389.35,663928.0,1054900.0
2025-06-18 11:38:57.481334,389.35,663928.0,1055003.0
2025-06-18 11:38:57.520208,389.4,663928.0,1055003.0
2025-06-18 11:38:57.524137,389.4,664643.0,1054613.0
2025-06-18 11:38:58.291747,389.35,664643.0,1054613.0
2025-06-18 11:38:58.452524,389.35,665201.0,1054614.0
2025-06-18 11:38:59.286192,389.45,665201.0,1054614.0
2025-06-18 11:38:59.552752,389.45,665791.0,1055181.0
2025-06-18 11:39:00.285905,389.45,665791.0,1055181.0
2025-06-18 11:39:00.552897,389.45,665655.0,1055159.0
2025-06-18 11:39:01.306009,389.45,665655.0,1055159.0
2025-06-18 11:39:02.353637,389.45,665918.0,1054601.0
2025-06-18 11:39:05.304480,389.5,665918.0,1054601.0
2025-06-18 11:39:07.561756,389.5,675716.0,1048192.0
2025-06-18 11:39:09.311299,389.6,675716.0,1048192.0
2025-06-18 11:39:13.270380,389.45,675087.0,1048989.0
2025-06-18 11:39:13.298098,389.45,675087.0,1048989.0
2025-06-18 11:39:17.533094,389.45,675087.0,1048989.0
2025-06-18 11:39:18.870092,389.45,674705.0,1049204.0
2025-06-18 11:39:19.294481,389.45,674705.0,1049204.0
2025-06-18 11:39:23.296814,389.45,674705.0,1049204.0
2025-06-18 11:39:24.371146,389.45,674555.0,1046350.0
2025-06-18 11:39:29.306256,389.45,674555.0,1046350.0
2025-06-18 11:39:29.475852,389.45,674701.0,1048424.0
2025-06-18 11:39:33.292316,389.45,674701.0,1048424.0
2025-06-18 11:39:34.579176,389.6,673224.0,1048267.0
2025-06-18 11:39:35.299038,389.6,673224.0,1048267.0
2025-06-18 11:39:37.294277,389.45,673224.0,1048267.0
2025-06-18 11:39:39.297050,389.45,673224.0,1048267.0
2025-06-18 11:39:40.083156,389.45,674415.0,1047970.0
2025-06-18 11:39:43.296540,389.45,674415.0,1047970.0
2025-06-18 11:39:45.084357,389.45,673589.0,1048276.0
2025-06-18 11:39:47.294793,389.6,673589.0,1048276.0
2025-06-18 11:39:49.301572,389.45,673589.0,1048276.0
2025-06-18 11:39:50.486751,389.6,672429.0,1048646.0
2025-06-18 11:39:51.330245,389.6,672429.0,1048646.0
2025-06-18 11:39:51.774468,389.6,672429.0,1048646.0
2025-06-18 11:39:53.304429,389.6,672429.0,1048646.0
2025-06-18 11:39:53.327737,389.45,672429.0,1048646.0
2025-06-18 11:39:54.232830,389.45,672429.0,1048646.0
2025-06-18 11:39:55.194506,389.45,672429.0,1048646.0
2025-06-18 11:39:55.295278,389.6,672429.0,1048646.0
2025-06-18 11:39:55.989544,389.6,673476.0,1048615.0
2025-06-18 11:39:56.056142,389.6,673476.0,1048615.0
2025-06-18 11:39:57.296202,389.6,673476.0,1048615.0
2025-06-18 11:39:57.944463,389.6,673476.0,1048615.0
2025-06-18 11:39:58.512389,389.6,673476.0,1048615.0
2025-06-18 11:39:59.295991,389.45,673476.0,1048615.0
2025-06-18 11:39:59.412258,389.45,673476.0,1048615.0
2025-06-18 11:40:00.681862,389.45,673476.0,1048615.0
2025-06-18 11:40:01.094044,389.45,674682.0,1048399.0
2025-06-18 11:40:01.303561,389.6,674682.0,1048399.0
2025-06-18 11:40:01.941414,389.6,674682.0,1048399.0
2025-06-18 11:40:02.804039,389.6,674682.0,1048399.0
2025-06-18 11:40:03.295277,389.6,674682.0,1048399.0
2025-06-18 11:40:04.207098,389.6,674682.0,1048399.0
2025-06-18 11:40:05.314024,389.5,674682.0,1048399.0
2025-06-18 11:40:05.350662,389.5,674682.0,1048399.0
2025-06-18 11:40:06.205842,389.5,675856.0,1045541.0
2025-06-18 11:40:06.485575,389.5,675856.0,1045541.0
2025-06-18 11:40:07.992879,389.5,675856.0,1045541.0
2025-06-18 11:40:09.299363,389.6,675856.0,1045541.0
2025-06-18 11:40:11.296810,389.5,675856.0,1045541.0
2025-06-18 11:40:11.302327,389.5,673803.0,1048084.0
2025-06-18 11:40:13.299226,389.5,673803.0,1048084.0
2025-06-18 11:40:15.298947,389.65,673803.0,1048084.0
2025-06-18 11:40:16.398998,389.65,673675.0,1047955.0
2025-06-18 11:40:17.300081,389.65,673675.0,1047955.0
2025-06-18 11:40:21.295951,389.65,673675.0,1047955.0
2025-06-18 11:40:21.915089,389.65,674188.0,1046571.0
2025-06-18 11:40:23.318335,389.6,674188.0,1046571.0
2025-06-18 11:40:25.294263,389.6,674188.0,1046571.0
2025-06-18 11:40:27.314151,389.6,668480.0,1048367.0
2025-06-18 11:40:29.296596,389.55,668480.0,1048367.0
2025-06-18 11:40:33.112511,389.55,669422.0,1048341.0
2025-06-18 11:40:33.296305,389.5,669422.0,1048341.0
2025-06-18 11:40:35.299236,389.55,669422.0,1048341.0
2025-06-18 11:40:37.295650,389.55,669422.0,1048341.0
2025-06-18 11:40:38.416446,389.45,670458.0,1049261.0
2025-06-18 11:40:39.300030,389.45,670458.0,1049261.0
2025-06-18 11:40:41.335671,389.55,670458.0,1049261.0
2025-06-18 11:40:43.296287,389.45,670458.0,1049261.0
2025-06-18 11:40:43.721365,389.45,670502.0,1050054.0
2025-06-18 11:40:49.122056,389.4,667836.0,1051955.0
2025-06-18 11:40:49.301013,389.4,667836.0,1051955.0
2025-06-18 11:40:51.304427,389.45,667836.0,1051955.0
2025-06-18 11:40:53.300511,389.4,667836.0,1051955.0
2025-06-18 11:40:54.343652,389.4,668158.0,1048783.0
2025-06-18 11:40:57.303550,389.45,668158.0,1048783.0
2025-06-18 11:40:59.296946,389.45,668158.0,1048783.0
2025-06-18 11:40:59.832021,389.5,669826.0,1044961.0
2025-06-18 11:41:01.307689,389.55,669826.0,1044961.0
2025-06-18 11:41:04.936843,389.45,677855.0,1047731.0
2025-06-18 11:41:05.305209,389.45,677855.0,1047731.0
