timestamp,ltp,bid_qty,ask_qty
2025-06-18 11:01:36.666532,1314.5,156696.0,146064.0
2025-06-18 11:01:38.647638,1314.3,156161.0,147152.0
2025-06-18 11:01:39.136810,1314.2,156161.0,147152.0
2025-06-18 11:01:41.138205,1314.2,156161.0,147152.0
2025-06-18 11:01:43.653723,1314.2,155315.0,147679.0
2025-06-18 11:01:45.161201,1314.0,155315.0,147679.0
2025-06-18 11:01:47.146686,1314.0,155315.0,147679.0
2025-06-18 11:01:48.954546,1314.0,155796.0,146482.0
2025-06-18 11:01:49.181864,1314.1,155796.0,146482.0
2025-06-18 11:01:51.151236,1314.1,155796.0,146482.0
2025-06-18 11:01:54.659412,1314.1,155180.0,146670.0
2025-06-18 11:01:55.150058,1314.1,155180.0,146670.0
2025-06-18 11:01:57.153926,1314.1,155180.0,146670.0
2025-06-18 11:01:59.144271,1314.0,155180.0,146670.0
2025-06-18 11:01:59.965380,1314.0,155993.0,146670.0
2025-06-18 11:02:01.147313,1314.2,155993.0,146670.0
2025-06-18 11:02:03.144240,1314.2,155993.0,146670.0
2025-06-18 11:02:05.202654,1314.2,155934.0,146719.0
2025-06-18 11:02:07.144788,1314.6,155934.0,146719.0
2025-06-18 11:02:09.142610,1314.6,155934.0,146719.0
2025-06-18 11:02:10.364843,1314.6,158338.0,145321.0
2025-06-18 11:02:11.147346,1314.9,158338.0,145321.0
2025-06-18 11:02:13.148724,1314.5,158338.0,145321.0
2025-06-18 11:02:15.987752,1314.5,157058.0,145241.0
2025-06-18 11:02:17.148700,1314.6,157058.0,145241.0
2025-06-18 11:02:19.140481,1314.3,157058.0,145241.0
2025-06-18 11:02:20.984936,1314.3,155980.0,145643.0
2025-06-18 11:02:21.140146,1314.3,155980.0,145643.0
2025-06-18 11:02:23.145975,1314.6,155980.0,145643.0
2025-06-18 11:02:26.186065,1314.6,158238.0,145364.0
2025-06-18 11:02:27.151554,1314.6,158238.0,145364.0
2025-06-18 11:02:29.153149,1314.6,158238.0,145364.0
2025-06-18 11:02:31.179729,1314.5,157527.0,145635.0
2025-06-18 11:02:33.149844,1314.6,157527.0,145635.0
2025-06-18 11:02:36.704212,1314.6,158283.0,145611.0
2025-06-18 11:02:37.152137,1314.6,158283.0,145611.0
2025-06-18 11:02:39.196808,1314.5,158283.0,145611.0
2025-06-18 11:02:41.884853,1314.5,156422.0,145260.0
2025-06-18 11:02:43.152604,1314.5,156422.0,145260.0
2025-06-18 11:02:45.148887,1314.7,156422.0,145260.0
2025-06-18 11:02:47.192726,1314.7,157323.0,144499.0
2025-06-18 11:02:49.152398,1314.7,157323.0,144499.0
2025-06-18 11:02:51.231717,1315.0,157323.0,144499.0
2025-06-18 11:02:52.500415,1314.6,156694.0,144543.0
2025-06-18 11:02:53.153099,1314.8,156694.0,144543.0
2025-06-18 11:02:55.149916,1314.8,156694.0,144543.0
2025-06-18 11:02:57.795170,1315.1,156731.0,144438.0
2025-06-18 11:02:59.152146,1314.6,156731.0,144438.0
2025-06-18 11:03:01.147200,1314.8,156731.0,144438.0
2025-06-18 11:03:02.901133,1314.8,157203.0,144520.0
2025-06-18 11:03:05.145970,1314.8,157203.0,144520.0
2025-06-18 11:03:08.304583,1315.1,157142.0,144637.0
2025-06-18 11:03:09.152974,1314.8,157142.0,144637.0
2025-06-18 11:03:12.145104,1315.1,157142.0,144637.0
2025-06-18 11:03:13.503627,1315.1,156732.0,144400.0
2025-06-18 11:03:15.145409,1314.8,156732.0,144400.0
2025-06-18 11:03:17.153834,1315.0,156732.0,144400.0
2025-06-18 11:03:18.705118,1315.0,157515.0,144661.0
2025-06-18 11:03:19.153791,1314.8,157515.0,144661.0
2025-06-18 11:03:21.210883,1314.8,157515.0,144661.0
2025-06-18 11:03:24.009137,1314.8,157110.0,144649.0
2025-06-18 11:03:25.149391,1315.0,157110.0,144649.0
2025-06-18 11:03:27.150464,1315.0,157110.0,144649.0
2025-06-18 11:03:29.155299,1315.1,157110.0,144649.0
2025-06-18 11:03:29.212355,1315.1,157252.0,144969.0
2025-06-18 11:03:31.157877,1314.2,157252.0,144969.0
2025-06-18 11:03:34.716250,1314.2,154229.0,147725.0
2025-06-18 11:03:35.152898,1314.0,154229.0,147725.0
2025-06-18 11:03:37.157217,1314.0,154229.0,147725.0
2025-06-18 11:03:39.153095,1314.2,154229.0,147725.0
2025-06-18 11:03:40.215771,1314.2,154625.0,147774.0
2025-06-18 11:03:41.172271,1314.0,154625.0,147774.0
2025-06-18 11:03:43.160252,1314.0,154625.0,147774.0
2025-06-18 11:03:45.128701,1314.0,154523.0,147809.0
2025-06-18 11:03:45.169371,1314.0,154523.0,147809.0
2025-06-18 11:03:46.027832,1314.0,154523.0,147809.0
2025-06-18 11:03:47.075725,1314.0,154523.0,147809.0
2025-06-18 11:03:47.177276,1314.0,154523.0,147809.0
2025-06-18 11:03:47.991662,1314.0,154523.0,147809.0
2025-06-18 11:03:48.902448,1314.0,154523.0,147809.0
2025-06-18 11:03:49.169330,1314.2,154523.0,147809.0
2025-06-18 11:03:49.745171,1314.2,154523.0,147809.0
2025-06-18 11:03:49.923379,1314.2,154394.0,147799.0
2025-06-18 11:03:50.563898,1314.2,154394.0,147799.0
2025-06-18 11:03:51.170953,1314.0,154394.0,147799.0
2025-06-18 11:03:51.589714,1314.0,154394.0,147799.0
2025-06-18 11:03:52.202638,1314.0,154394.0,147799.0
2025-06-18 11:03:53.074865,1314.0,154394.0,147799.0
2025-06-18 11:03:53.203262,1314.2,154394.0,147799.0
2025-06-18 11:03:53.443379,1314.2,154394.0,147799.0
2025-06-18 11:03:54.453314,1314.2,154394.0,147799.0
2025-06-18 11:03:54.725712,1314.2,154385.0,147825.0
2025-06-18 11:03:55.172456,1314.0,154385.0,147825.0
2025-06-18 11:03:55.725890,1314.0,154385.0,147825.0
2025-06-18 11:03:56.587667,1314.0,154385.0,147825.0
2025-06-18 11:04:00.454224,1314.0,154385.0,147825.0
2025-06-18 11:04:00.506982,1314.0,154385.0,147825.0
2025-06-18 11:04:00.513300,1314.0,154385.0,147825.0
2025-06-18 11:04:00.541042,1314.0,154385.0,147825.0
2025-06-18 11:04:00.547486,1314.0,154273.0,147730.0
2025-06-18 11:04:00.552239,1314.0,154273.0,147730.0
2025-06-18 11:04:01.184496,1314.0,154273.0,147730.0
2025-06-18 11:04:01.922992,1314.0,154273.0,147730.0
2025-06-18 11:04:03.215104,1314.0,154273.0,147730.0
2025-06-18 11:04:05.138760,1314.2,154168.0,147728.0
2025-06-18 11:04:05.196955,1314.2,154168.0,147728.0
2025-06-18 11:04:07.200240,1314.0,154168.0,147728.0
2025-06-18 11:04:09.158355,1314.0,154168.0,147728.0
2025-06-18 11:04:10.240029,1314.0,154101.0,147722.0
2025-06-18 11:04:11.162667,1314.0,154101.0,147722.0
2025-06-18 11:04:13.158503,1314.0,154101.0,147722.0
2025-06-18 11:04:15.244000,1314.0,153927.0,147737.0
2025-06-18 11:04:19.189859,1314.0,153927.0,147737.0
2025-06-18 11:04:20.754288,1314.0,153752.0,147736.0
2025-06-18 11:04:21.188040,1314.0,153752.0,147736.0
2025-06-18 11:04:23.162155,1314.0,153752.0,147736.0
2025-06-18 11:04:25.163081,1314.0,153752.0,147736.0
2025-06-18 11:04:25.857757,1314.0,153626.0,147891.0
2025-06-18 11:04:27.160180,1314.0,153626.0,147891.0
2025-06-18 11:04:29.157792,1314.2,153626.0,147891.0
2025-06-18 11:04:30.969039,1314.2,153600.0,147893.0
2025-06-18 11:04:31.159772,1314.0,153600.0,147893.0
2025-06-18 11:04:33.169135,1314.0,153600.0,147893.0
2025-06-18 11:04:35.865997,1314.0,153564.0,147876.0
2025-06-18 11:04:37.176493,1314.2,153564.0,147876.0
2025-06-18 11:04:39.164298,1314.0,153564.0,147876.0
2025-06-18 11:04:40.874438,1314.0,153597.0,147851.0
2025-06-18 11:04:41.154571,1314.0,153597.0,147851.0
2025-06-18 11:04:43.175423,1314.5,153597.0,147851.0
2025-06-18 11:04:45.198675,1315.7,153597.0,147851.0
2025-06-18 11:04:45.770550,1315.7,156774.0,141425.0
2025-06-18 11:04:47.171678,1315.4,156774.0,141425.0
2025-06-18 11:04:49.160791,1314.9,156774.0,141425.0
2025-06-18 11:04:50.674353,1314.9,155618.0,141899.0
2025-06-18 11:04:51.162484,1315.4,155618.0,141899.0
2025-06-18 11:04:53.158906,1315.0,155618.0,141899.0
2025-06-18 11:04:55.576723,1315.0,155997.0,142438.0
2025-06-18 11:04:57.212574,1315.4,155997.0,142438.0
2025-06-18 11:04:59.162897,1315.0,155997.0,142438.0
2025-06-18 11:05:00.279773,1315.0,155992.0,142392.0
2025-06-18 11:05:01.183268,1315.4,155992.0,142392.0
2025-06-18 11:05:05.169620,1315.0,155992.0,142392.0
2025-06-18 11:05:05.176533,1315.0,155892.0,142381.0
2025-06-18 11:05:05.207582,1315.0,155892.0,142381.0
2025-06-18 11:05:07.390778,1315.0,155892.0,142381.0
2025-06-18 11:05:09.191388,1315.4,155892.0,142381.0
2025-06-18 11:05:09.784340,1315.4,155455.0,141382.0
2025-06-18 11:05:11.162175,1315.0,155455.0,141382.0
2025-06-18 11:05:13.162614,1315.0,155455.0,141382.0
2025-06-18 11:05:15.281835,1315.0,155124.0,141597.0
2025-06-18 11:05:17.173839,1315.0,155124.0,141597.0
2025-06-18 11:05:19.202192,1315.0,155124.0,141597.0
2025-06-18 11:05:20.686123,1315.0,155614.0,141787.0
2025-06-18 11:05:21.187227,1315.0,155614.0,141787.0
2025-06-18 11:05:23.204570,1315.0,155614.0,141787.0
2025-06-18 11:05:25.157067,1315.0,155614.0,141787.0
2025-06-18 11:05:25.592937,1315.0,155752.0,143141.0
2025-06-18 11:05:27.180375,1314.6,155752.0,143141.0
2025-06-18 11:05:29.171977,1314.5,155752.0,143141.0
2025-06-18 11:05:30.396586,1314.5,152456.0,145961.0
2025-06-18 11:05:31.167487,1314.2,152456.0,145961.0
2025-06-18 11:05:35.212329,1314.1,152456.0,145961.0
2025-06-18 11:05:35.698558,1314.1,154474.0,145152.0
2025-06-18 11:05:37.174165,1314.5,154474.0,145152.0
2025-06-18 11:05:39.278867,1314.4,154474.0,145152.0
2025-06-18 11:05:41.197186,1314.4,155119.0,145157.0
2025-06-18 11:05:43.174620,1314.4,155119.0,145157.0
2025-06-18 11:05:45.164567,1314.4,155119.0,145157.0
2025-06-18 11:05:46.104018,1314.4,155086.0,145192.0
2025-06-18 11:05:47.191730,1314.4,155086.0,145192.0
2025-06-18 11:05:49.181421,1314.8,155086.0,145192.0
2025-06-18 11:05:51.107180,1314.4,155704.0,145364.0
2025-06-18 11:05:51.176805,1314.4,155704.0,145364.0
2025-06-18 11:05:55.166474,1314.4,155704.0,145364.0
2025-06-18 11:05:56.412293,1314.4,155850.0,145219.0
2025-06-18 11:05:59.169064,1314.4,155850.0,145219.0
2025-06-18 11:06:01.113007,1314.4,156485.0,145273.0
2025-06-18 11:06:05.163158,1314.4,156485.0,145273.0
2025-06-18 11:06:05.821274,1314.4,156778.0,145195.0
2025-06-18 11:06:09.170235,1314.5,156778.0,145195.0
2025-06-18 11:06:10.719426,1314.5,156774.0,145213.0
2025-06-18 11:06:11.210065,1314.5,156774.0,145213.0
2025-06-18 11:06:15.192817,1314.5,156774.0,145213.0
2025-06-18 11:06:15.822576,1314.5,156700.0,145174.0
2025-06-18 11:06:17.169476,1314.5,156700.0,145174.0
2025-06-18 11:06:19.164157,1314.6,156700.0,145174.0
2025-06-18 11:06:20.825216,1314.6,156860.0,144095.0
2025-06-18 11:06:21.162692,1314.5,156860.0,144095.0
2025-06-18 11:06:25.176262,1314.5,156860.0,144095.0
2025-06-18 11:06:25.833027,1314.5,156824.0,144149.0
2025-06-18 11:06:27.168284,1314.5,156824.0,144149.0
2025-06-18 11:06:29.175630,1314.6,156824.0,144149.0
2025-06-18 11:06:30.533884,1314.5,156916.0,144278.0
2025-06-18 11:06:31.194273,1314.5,156916.0,144278.0
2025-06-18 11:06:33.172994,1314.6,156916.0,144278.0
2025-06-18 11:06:35.189314,1314.5,156916.0,144278.0
2025-06-18 11:06:35.236626,1314.5,156222.0,144288.0
2025-06-18 11:06:37.167632,1314.5,156222.0,144288.0
2025-06-18 11:06:39.171129,1314.5,156222.0,144288.0
2025-06-18 11:06:40.238043,1314.5,155625.0,145313.0
2025-06-18 11:06:41.167432,1314.6,155625.0,145313.0
2025-06-18 11:06:45.164512,1314.5,155625.0,145313.0
2025-06-18 11:06:45.241659,1314.5,157179.0,145286.0
2025-06-18 11:06:46.764767,1314.5,157179.0,145286.0
2025-06-18 11:06:47.617976,1314.5,157179.0,145286.0
2025-06-18 11:06:48.552953,1314.5,157179.0,145286.0
2025-06-18 11:06:49.760958,1314.5,157179.0,145286.0
2025-06-18 11:06:49.767520,1314.5,157179.0,145286.0
2025-06-18 11:06:50.246528,1314.5,157408.0,145264.0
2025-06-18 11:06:50.287207,1314.5,157408.0,145264.0
2025-06-18 11:06:51.081142,1314.5,157408.0,145264.0
2025-06-18 11:06:51.160987,1314.5,157408.0,145264.0
2025-06-18 11:06:52.039888,1314.5,157408.0,145264.0
2025-06-18 11:06:53.503960,1314.5,157408.0,145264.0
2025-06-18 11:06:54.756421,1314.5,157408.0,145264.0
2025-06-18 11:06:55.153300,1314.6,157761.0,145137.0
2025-06-18 11:06:55.174020,1314.6,157761.0,145137.0
2025-06-18 11:06:56.262923,1314.6,157761.0,145137.0
2025-06-18 11:06:57.111473,1314.6,157761.0,145137.0
2025-06-18 11:06:57.163930,1314.5,157761.0,145137.0
2025-06-18 11:06:58.543017,1314.5,157761.0,145137.0
2025-06-18 11:06:59.163658,1314.5,157761.0,145137.0
2025-06-18 11:06:59.693142,1314.5,157761.0,145137.0
2025-06-18 11:07:00.049754,1314.5,157436.0,145224.0
2025-06-18 11:07:00.823148,1314.5,157436.0,145224.0
2025-06-18 11:07:01.166038,1314.5,157436.0,145224.0
2025-06-18 11:07:02.284422,1314.5,157436.0,145224.0
2025-06-18 11:07:03.165593,1314.5,157436.0,145224.0
2025-06-18 11:07:05.115842,1314.5,157605.0,145234.0
2025-06-18 11:07:10.485605,1314.6,157605.0,145234.0
2025-06-18 11:07:10.579371,1314.6,156286.0,144491.0
2025-06-18 11:07:11.165803,1314.6,156286.0,144491.0
2025-06-18 11:07:13.179028,1314.6,156286.0,144491.0
2025-06-18 11:07:15.962499,1314.6,157602.0,143252.0
2025-06-18 11:07:17.172559,1314.7,157602.0,143252.0
2025-06-18 11:07:20.165497,1314.8,157602.0,143252.0
2025-06-18 11:07:21.170339,1314.8,157011.0,143156.0
2025-06-18 11:07:23.166234,1314.7,157011.0,143156.0
2025-06-18 11:07:26.215659,1314.7,157693.0,143274.0
2025-06-18 11:07:26.222327,1314.7,157693.0,143274.0
2025-06-18 11:07:29.181089,1314.7,157693.0,143274.0
2025-06-18 11:07:31.067950,1314.7,157525.0,143450.0
2025-06-18 11:07:31.179484,1314.7,157525.0,143450.0
2025-06-18 11:07:33.175779,1314.7,157525.0,143450.0
2025-06-18 11:07:35.164563,1314.7,157525.0,143450.0
2025-06-18 11:07:35.969790,1314.7,157501.0,143634.0
2025-06-18 11:07:37.175942,1314.7,157501.0,143634.0
2025-06-18 11:07:39.210059,1314.7,157501.0,143634.0
2025-06-18 11:07:40.973384,1314.7,157742.0,143560.0
2025-06-18 11:07:41.174001,1314.7,157742.0,143560.0
2025-06-18 11:07:43.175352,1314.8,157742.0,143560.0
2025-06-18 11:07:45.175798,1314.7,157742.0,143560.0
2025-06-18 11:07:46.374827,1314.7,157499.0,143688.0
2025-06-18 11:07:47.181057,1314.7,157499.0,143688.0
2025-06-18 11:07:50.172780,1314.8,157499.0,143688.0
2025-06-18 11:07:51.483573,1314.7,157443.0,143726.0
2025-06-18 11:07:53.171877,1314.7,157443.0,143726.0
2025-06-18 11:07:56.178894,1314.7,157443.0,143726.0
2025-06-18 11:07:56.477993,1314.7,156701.0,143774.0
2025-06-18 11:07:58.191370,1314.8,156701.0,143774.0
2025-06-18 11:08:00.439343,1314.7,156701.0,143774.0
2025-06-18 11:08:01.485711,1314.7,157164.0,143712.0
2025-06-18 11:08:03.171509,1314.7,157164.0,143712.0
2025-06-18 11:08:04.187503,1314.7,157164.0,143712.0
2025-06-18 11:08:06.178446,1315.1,157164.0,143712.0
2025-06-18 11:08:06.883805,1315.1,156151.0,144491.0
2025-06-18 11:08:08.184174,1314.8,156151.0,144491.0
2025-06-18 11:08:10.201173,1314.7,156151.0,144491.0
2025-06-18 11:08:12.287371,1314.7,156503.0,145183.0
2025-06-18 11:08:14.217885,1314.5,156503.0,145183.0
2025-06-18 11:08:16.201165,1314.5,156503.0,145183.0
2025-06-18 11:08:20.486719,1314.7,157116.0,145123.0
2025-06-18 11:08:20.497632,1314.5,157116.0,145123.0
2025-06-18 11:08:20.568458,1314.5,157116.0,145123.0
2025-06-18 11:08:22.696522,1314.7,157077.0,143887.0
2025-06-18 11:08:23.181078,1314.5,157077.0,143887.0
2025-06-18 11:08:28.402620,1314.7,157174.0,144747.0
2025-06-18 11:08:29.170622,1314.5,157174.0,144747.0
2025-06-18 11:08:32.177474,1314.5,157174.0,144747.0
2025-06-18 11:08:33.904826,1314.7,157142.0,143128.0
2025-06-18 11:08:34.177484,1314.6,157142.0,143128.0
2025-06-18 11:08:36.176578,1314.6,157142.0,143128.0
2025-06-18 11:08:38.179412,1314.7,157142.0,143128.0
2025-06-18 11:08:39.207344,1314.7,157191.0,144171.0
2025-06-18 11:08:40.191404,1314.6,157191.0,144171.0
2025-06-18 11:08:42.184853,1314.6,157191.0,144171.0
2025-06-18 11:08:44.309513,1314.6,157264.0,144375.0
2025-06-18 11:08:46.204482,1314.6,157264.0,144375.0
2025-06-18 11:08:48.175494,1314.7,157264.0,144375.0
2025-06-18 11:08:49.609572,1314.7,157278.0,144381.0
2025-06-18 11:08:50.175258,1314.6,157278.0,144381.0
2025-06-18 11:08:52.178995,1314.6,157278.0,144381.0
2025-06-18 11:08:54.821560,1314.6,156735.0,144750.0
2025-06-18 11:08:56.183978,1314.7,156735.0,144750.0
2025-06-18 11:08:58.175776,1314.7,156735.0,144750.0
2025-06-18 11:08:59.914085,1314.7,156725.0,144817.0
2025-06-18 11:09:00.175651,1314.6,156725.0,144817.0
2025-06-18 11:09:02.212617,1314.6,156725.0,144817.0
2025-06-18 11:09:04.717486,1314.6,156745.0,144736.0
2025-06-18 11:09:08.177672,1314.7,156745.0,144736.0
2025-06-18 11:09:09.833852,1314.7,156695.0,144739.0
2025-06-18 11:09:10.182053,1314.6,156695.0,144739.0
2025-06-18 11:09:14.305695,1314.6,156695.0,144739.0
2025-06-18 11:09:15.732592,1314.6,156658.0,144702.0
2025-06-18 11:09:16.173666,1314.6,156658.0,144702.0
2025-06-18 11:09:18.873359,1314.7,156658.0,144702.0
2025-06-18 11:09:20.199121,1314.6,156658.0,144702.0
2025-06-18 11:09:21.325675,1315.2,156680.0,143942.0
2025-06-18 11:09:22.170511,1314.6,156680.0,143942.0
2025-06-18 11:09:24.176743,1314.6,156680.0,143942.0
2025-06-18 11:09:26.529883,1314.6,155993.0,143793.0
2025-06-18 11:09:28.185444,1314.8,155993.0,143793.0
2025-06-18 11:09:30.187936,1314.8,155993.0,143793.0
2025-06-18 11:09:31.831107,1314.8,156673.0,143812.0
2025-06-18 11:09:32.217378,1314.6,156673.0,143812.0
2025-06-18 11:09:36.177637,1315.0,156673.0,143812.0
2025-06-18 11:09:37.143318,1315.0,156891.0,143755.0
2025-06-18 11:09:38.207864,1314.8,156891.0,143755.0
2025-06-18 11:09:40.174331,1314.6,156891.0,143755.0
2025-06-18 11:09:42.183949,1314.6,156891.0,143755.0
2025-06-18 11:09:42.444822,1314.8,157201.0,143766.0
2025-06-18 11:09:44.208242,1315.1,157201.0,143766.0
2025-06-18 11:09:46.255944,1314.6,157201.0,143766.0
2025-06-18 11:09:47.143726,1314.6,157201.0,143766.0
2025-06-18 11:09:47.740522,1315.1,157516.0,143479.0
2025-06-18 11:09:48.177739,1314.6,157516.0,143479.0
2025-06-18 11:09:48.226688,1314.6,157516.0,143479.0
2025-06-18 11:09:49.104533,1314.6,157516.0,143479.0
2025-06-18 11:09:50.059763,1314.6,157516.0,143479.0
2025-06-18 11:09:50.173989,1314.6,157516.0,143479.0
2025-06-18 11:09:50.864295,1314.6,157516.0,143479.0
2025-06-18 11:09:51.637557,1314.6,157516.0,143479.0
2025-06-18 11:09:52.636986,1314.6,157516.0,143479.0
2025-06-18 11:09:53.155333,1314.6,157409.0,143572.0
2025-06-18 11:09:53.222638,1314.6,157409.0,143572.0
2025-06-18 11:09:54.095019,1314.6,157409.0,143572.0
2025-06-18 11:09:54.216432,1314.6,157409.0,143572.0
2025-06-18 11:09:54.464016,1314.6,157409.0,143572.0
2025-06-18 11:09:55.336121,1314.6,157409.0,143572.0
2025-06-18 11:09:56.178015,1314.6,157409.0,143572.0
2025-06-18 11:09:56.593009,1314.6,157409.0,143572.0
2025-06-18 11:09:57.593094,1314.6,157409.0,143572.0
2025-06-18 11:09:58.182585,1315.1,157409.0,143572.0
2025-06-18 11:09:58.444618,1315.1,157462.0,143432.0
2025-06-18 11:09:58.986015,1315.1,157462.0,143432.0
2025-06-18 11:10:00.121745,1315.1,157462.0,143432.0
2025-06-18 11:10:00.176461,1314.6,157462.0,143432.0
2025-06-18 11:10:01.251149,1314.6,157462.0,143432.0
2025-06-18 11:10:02.179204,1315.1,157462.0,143432.0
2025-06-18 11:10:02.718543,1315.1,157462.0,143432.0
2025-06-18 11:10:03.447809,1315.1,157956.0,143547.0
2025-06-18 11:10:09.458297,1315.1,157956.0,143547.0
2025-06-18 11:10:09.504403,1315.1,158074.0,143529.0
2025-06-18 11:10:10.190684,1314.6,158074.0,143529.0
2025-06-18 11:10:12.179239,1314.6,158074.0,143529.0
2025-06-18 11:10:14.059778,1314.6,157943.0,143551.0
2025-06-18 11:10:16.179844,1315.1,157943.0,143551.0
2025-06-18 11:10:18.180967,1315.1,157943.0,143551.0
2025-06-18 11:10:19.254708,1315.1,157991.0,143404.0
2025-06-18 11:10:20.178500,1314.6,157991.0,143404.0
2025-06-18 11:10:22.179656,1314.6,157991.0,143404.0
2025-06-18 11:10:24.358447,1314.6,157822.0,143666.0
2025-06-18 11:10:25.180121,1314.6,157822.0,143666.0
2025-06-18 11:10:28.186443,1315.1,157822.0,143666.0
2025-06-18 11:10:29.962168,1315.1,158817.0,143265.0
2025-06-18 11:10:31.186923,1314.7,158817.0,143265.0
2025-06-18 11:10:34.182053,1315.1,158817.0,143265.0
2025-06-18 11:10:35.568529,1314.8,156347.0,143431.0
2025-06-18 11:10:37.177034,1314.8,156347.0,143431.0
2025-06-18 11:10:38.180488,1314.8,156347.0,143431.0
2025-06-18 11:10:41.090103,1314.8,157015.0,143225.0
2025-06-18 11:10:42.184987,1314.8,157015.0,143225.0
2025-06-18 11:10:44.178835,1314.8,157015.0,143225.0
2025-06-18 11:10:46.176554,1315.1,157015.0,143225.0
2025-06-18 11:10:46.373768,1315.1,157047.0,143447.0
2025-06-18 11:10:48.211181,1315.1,157047.0,143447.0
2025-06-18 11:10:50.183415,1314.8,157047.0,143447.0
2025-06-18 11:10:51.477155,1314.8,156877.0,143490.0
2025-06-18 11:10:52.182324,1314.8,156877.0,143490.0
2025-06-18 11:10:54.188538,1314.8,156877.0,143490.0
2025-06-18 11:10:56.683463,1314.8,157033.0,143347.0
2025-06-18 11:10:58.179637,1315.1,157033.0,143347.0
2025-06-18 11:11:00.177589,1314.8,157033.0,143347.0
2025-06-18 11:11:01.888820,1314.8,157015.0,143362.0
2025-06-18 11:11:04.178077,1314.8,157015.0,143362.0
2025-06-18 11:11:06.182714,1314.8,157015.0,143362.0
2025-06-18 11:11:07.393231,1314.8,157003.0,142912.0
2025-06-18 11:11:08.188606,1315.1,157003.0,142912.0
2025-06-18 11:11:10.179790,1314.8,157003.0,142912.0
2025-06-18 11:11:12.183829,1314.3,157003.0,142912.0
2025-06-18 11:11:12.795330,1314.3,153023.0,147418.0
2025-06-18 11:11:14.197967,1314.0,153023.0,147418.0
2025-06-18 11:11:16.177842,1313.5,153023.0,147418.0
2025-06-18 11:11:18.111055,1313.5,153170.0,148484.0
2025-06-18 11:11:18.197804,1313.5,153170.0,148484.0
2025-06-18 11:11:20.187749,1313.9,153170.0,148484.0
2025-06-18 11:11:22.187838,1313.5,153170.0,148484.0
2025-06-18 11:11:23.205239,1313.5,153281.0,148356.0
2025-06-18 11:11:24.182132,1313.5,153281.0,148356.0
2025-06-18 11:11:26.187732,1313.5,153281.0,148356.0
2025-06-18 11:11:28.201116,1314.0,153281.0,148356.0
2025-06-18 11:11:28.301268,1314.0,153036.0,148280.0
2025-06-18 11:11:30.180902,1313.5,153036.0,148280.0
2025-06-18 11:11:32.190444,1313.5,153036.0,148280.0
2025-06-18 11:11:33.516750,1313.5,152778.0,148539.0
2025-06-18 11:11:34.182664,1313.2,152778.0,148539.0
2025-06-18 11:11:36.183844,1313.6,152778.0,148539.0
2025-06-18 11:11:38.191685,1314.0,152778.0,148539.0
2025-06-18 11:11:38.408438,1314.0,153103.0,146874.0
2025-06-18 11:11:40.180664,1313.7,153103.0,146874.0
2025-06-18 11:11:42.191786,1313.5,153103.0,146874.0
2025-06-18 11:11:43.546159,1313.5,152516.0,148871.0
2025-06-18 11:11:44.204878,1313.5,152516.0,148871.0
2025-06-18 11:11:46.180840,1313.5,152516.0,148871.0
2025-06-18 11:11:48.205810,1313.9,152516.0,148871.0
2025-06-18 11:11:48.522290,1313.9,153142.0,148079.0
2025-06-18 11:11:50.197516,1313.5,153142.0,148079.0
2025-06-18 11:11:52.221659,1313.5,153142.0,148079.0
2025-06-18 11:11:53.619187,1313.9,153403.0,148060.0
2025-06-18 11:11:54.207604,1313.5,153403.0,148060.0
2025-06-18 11:11:56.197515,1313.6,153403.0,148060.0
2025-06-18 11:11:58.424765,1313.9,153403.0,148060.0
2025-06-18 11:11:58.726068,1313.9,153489.0,147162.0
2025-06-18 11:12:00.183625,1313.9,153489.0,147162.0
2025-06-18 11:12:02.336212,1313.5,153489.0,147162.0
2025-06-18 11:12:03.426561,1313.5,152849.0,147174.0
2025-06-18 11:12:04.185184,1313.6,152849.0,147174.0
2025-06-18 11:12:06.182884,1313.6,152849.0,147174.0
2025-06-18 11:12:08.129891,1313.9,153520.0,146985.0
2025-06-18 11:12:08.184948,1313.9,153520.0,146985.0
2025-06-18 11:12:10.192495,1313.8,153520.0,146985.0
2025-06-18 11:12:12.200630,1313.5,153520.0,146985.0
2025-06-18 11:12:13.243965,1313.5,153443.0,147103.0
2025-06-18 11:12:14.186683,1313.6,153443.0,147103.0
2025-06-18 11:12:16.185682,1313.6,153443.0,147103.0
2025-06-18 11:12:18.214509,1313.9,153443.0,147103.0
2025-06-18 11:12:18.641167,1313.9,152757.0,147283.0
2025-06-18 11:12:20.181172,1313.5,152757.0,147283.0
2025-06-18 11:12:22.181317,1313.5,152757.0,147283.0
2025-06-18 11:12:23.648622,1313.5,153457.0,147259.0
2025-06-18 11:12:24.188123,1313.6,153457.0,147259.0
2025-06-18 11:12:26.186235,1313.6,153457.0,147259.0
2025-06-18 11:12:28.556837,1313.9,153212.0,147295.0
2025-06-18 11:12:29.177882,1313.6,153212.0,147295.0
2025-06-18 11:12:30.193930,1313.8,153212.0,147295.0
2025-06-18 11:12:32.209269,1313.5,153212.0,147295.0
2025-06-18 11:12:33.752904,1313.5,153085.0,147347.0
2025-06-18 11:12:34.186649,1313.6,153085.0,147347.0
2025-06-18 11:12:38.190754,1313.9,153085.0,147347.0
2025-06-18 11:12:39.054117,1313.6,152500.0,147338.0
2025-06-18 11:12:40.186975,1313.5,152500.0,147338.0
2025-06-18 11:12:42.185485,1313.6,152500.0,147338.0
2025-06-18 11:12:44.161922,1313.6,153071.0,147314.0
2025-06-18 11:12:44.184468,1313.6,153071.0,147314.0
2025-06-18 11:12:47.570364,1313.6,153071.0,147314.0
2025-06-18 11:12:48.187017,1313.9,153071.0,147314.0
2025-06-18 11:12:48.635685,1313.9,153071.0,147314.0
2025-06-18 11:12:49.063053,1313.9,152628.0,147329.0
2025-06-18 11:12:49.538693,1313.9,152628.0,147329.0
2025-06-18 11:12:50.188998,1313.6,152628.0,147329.0
2025-06-18 11:12:50.447660,1313.6,152628.0,147329.0
2025-06-18 11:12:51.317458,1313.6,152628.0,147329.0
2025-06-18 11:12:52.088626,1313.6,152628.0,147329.0
2025-06-18 11:12:52.186808,1313.6,152628.0,147329.0
2025-06-18 11:12:53.114420,1313.6,152628.0,147329.0
2025-06-18 11:12:54.046907,1313.6,152628.0,147329.0
2025-06-18 11:12:54.187436,1313.9,152628.0,147329.0
2025-06-18 11:12:54.522931,1313.9,152628.0,147329.0
2025-06-18 11:12:54.769623,1313.9,152602.0,147232.0
2025-06-18 11:12:54.882011,1313.9,152602.0,147232.0
2025-06-18 11:12:55.799814,1313.9,152602.0,147232.0
2025-06-18 11:12:56.187239,1313.6,152602.0,147232.0
2025-06-18 11:12:57.011674,1313.6,152602.0,147232.0
2025-06-18 11:12:57.888024,1313.6,152602.0,147232.0
2025-06-18 11:12:58.191258,1313.9,152602.0,147232.0
2025-06-18 11:12:59.288457,1313.9,152602.0,147232.0
2025-06-18 11:13:00.272175,1313.9,152595.0,147235.0
2025-06-18 11:13:00.400391,1313.9,152595.0,147235.0
2025-06-18 11:13:01.573736,1313.9,152595.0,147235.0
2025-06-18 11:13:02.185961,1313.6,152595.0,147235.0
2025-06-18 11:13:03.035285,1313.6,152595.0,147235.0
2025-06-18 11:13:04.190168,1313.6,152595.0,147235.0
2025-06-18 11:13:05.178298,1313.6,152660.0,147267.0
2025-06-18 11:13:06.187603,1313.6,152660.0,147267.0
2025-06-18 11:13:08.186798,1313.6,152660.0,147267.0
2025-06-18 11:13:10.178444,1313.6,152528.0,146571.0
2025-06-18 11:13:12.190087,1313.6,152528.0,146571.0
2025-06-18 11:13:14.880534,1313.6,152501.0,146578.0
2025-06-18 11:13:16.193724,1313.6,152501.0,146578.0
2025-06-18 11:13:18.194360,1313.9,152501.0,146578.0
2025-06-18 11:13:19.784807,1313.9,152658.0,146844.0
2025-06-18 11:13:20.189626,1313.6,152658.0,146844.0
2025-06-18 11:13:24.190459,1313.6,152658.0,146844.0
2025-06-18 11:13:24.685741,1313.6,152438.0,146929.0
2025-06-18 11:13:26.189853,1313.6,152438.0,146929.0
2025-06-18 11:13:28.190104,1313.9,152438.0,146929.0
2025-06-18 11:13:29.692426,1313.9,152303.0,146955.0
2025-06-18 11:13:30.193512,1313.6,152303.0,146955.0
2025-06-18 11:13:34.193236,1313.9,152303.0,146955.0
2025-06-18 11:13:34.494187,1313.9,152366.0,146868.0
2025-06-18 11:13:36.190809,1313.6,152366.0,146868.0
2025-06-18 11:13:38.188573,1313.9,152366.0,146868.0
2025-06-18 11:13:39.794511,1313.9,152474.0,146647.0
2025-06-18 11:13:40.195115,1313.6,152474.0,146647.0
2025-06-18 11:13:44.196056,1313.6,152474.0,146647.0
2025-06-18 11:13:44.898813,1313.6,152421.0,146637.0
2025-06-18 11:13:48.191409,1313.7,152421.0,146637.0
2025-06-18 11:13:49.797593,1313.7,152375.0,146603.0
2025-06-18 11:13:50.203491,1313.6,152375.0,146603.0
2025-06-18 11:13:54.702203,1313.6,152557.0,146606.0
2025-06-18 11:13:58.190464,1313.7,152557.0,146606.0
2025-06-18 11:14:00.209362,1313.7,152482.0,146524.0
2025-06-18 11:14:02.191662,1313.7,152482.0,146524.0
2025-06-18 11:14:04.195905,1313.7,152482.0,146524.0
2025-06-18 11:14:05.016275,1313.7,152059.0,146377.0
2025-06-18 11:14:06.192543,1313.7,152059.0,146377.0
2025-06-18 11:14:08.195289,1313.6,152059.0,146377.0
2025-06-18 11:14:10.021762,1313.6,152648.0,146043.0
2025-06-18 11:14:10.193651,1313.6,152648.0,146043.0
2025-06-18 11:14:14.195797,1313.6,152648.0,146043.0
2025-06-18 11:14:15.113399,1313.6,152808.0,146132.0
2025-06-18 11:14:16.202812,1313.6,152808.0,146132.0
2025-06-18 11:14:20.030929,1313.7,153106.0,145732.0
2025-06-18 11:14:20.196605,1313.6,153106.0,145732.0
2025-06-18 11:14:22.240128,1313.9,153106.0,145732.0
2025-06-18 11:14:24.822022,1314.0,153482.0,145418.0
2025-06-18 11:14:25.189810,1313.8,153482.0,145418.0
2025-06-18 11:14:27.190559,1314.0,153482.0,145418.0
2025-06-18 11:14:28.194759,1314.3,153482.0,145418.0
2025-06-18 11:14:30.131205,1314.3,152713.0,145059.0
2025-06-18 11:14:30.195832,1314.0,152713.0,145059.0
2025-06-18 11:14:32.205557,1314.0,152713.0,145059.0
2025-06-18 11:14:34.202081,1314.6,152713.0,145059.0
2025-06-18 11:14:35.542210,1314.6,156624.0,142076.0
2025-06-18 11:14:36.201270,1314.6,156624.0,142076.0
2025-06-18 11:14:38.197428,1314.8,156624.0,142076.0
2025-06-18 11:14:40.194435,1315.4,156624.0,142076.0
2025-06-18 11:14:40.540820,1315.4,155259.0,141469.0
2025-06-18 11:14:42.191831,1314.8,155259.0,141469.0
2025-06-18 11:14:44.193429,1314.5,155259.0,141469.0
2025-06-18 11:14:45.738989,1314.8,156369.0,142468.0
2025-06-18 11:14:46.197317,1314.5,156369.0,142468.0
2025-06-18 11:14:48.201115,1314.8,156369.0,142468.0
2025-06-18 11:14:50.202545,1314.4,156369.0,142468.0
2025-06-18 11:14:51.342805,1314.4,156476.0,142703.0
2025-06-18 11:14:52.216135,1314.4,156476.0,142703.0
2025-06-18 11:14:54.193558,1314.4,156476.0,142703.0
2025-06-18 11:14:56.846474,1314.4,156359.0,143160.0
2025-06-18 11:14:58.214532,1314.8,156359.0,143160.0
2025-06-18 11:15:00.194545,1314.4,156359.0,143160.0
2025-06-18 11:15:02.155922,1314.4,156307.0,143112.0
2025-06-18 11:15:02.199322,1314.5,156307.0,143112.0
2025-06-18 11:15:06.959113,1314.5,156307.0,143112.0
2025-06-18 11:15:07.354385,1314.5,156824.0,143290.0
2025-06-18 11:15:08.196563,1314.8,156824.0,143290.0
2025-06-18 11:15:10.513479,1314.5,156824.0,143290.0
2025-06-18 11:15:12.559007,1314.5,156375.0,143141.0
2025-06-18 11:15:14.208402,1314.5,156375.0,143141.0
2025-06-18 11:15:17.562618,1314.8,156316.0,143122.0
2025-06-18 11:15:18.200687,1314.5,156316.0,143122.0
2025-06-18 11:15:20.200499,1314.5,156316.0,143122.0
2025-06-18 11:15:22.463762,1314.5,156620.0,142738.0
2025-06-18 11:15:24.201818,1314.6,156620.0,142738.0
2025-06-18 11:15:27.678623,1314.8,156645.0,142789.0
2025-06-18 11:15:28.208492,1314.6,156645.0,142789.0
2025-06-18 11:15:30.200082,1314.6,156645.0,142789.0
2025-06-18 11:15:33.370344,1314.8,156826.0,143657.0
2025-06-18 11:15:34.215780,1314.5,156826.0,143657.0
2025-06-18 11:15:36.198503,1314.5,156826.0,143657.0
2025-06-18 11:15:38.212666,1314.7,156826.0,143657.0
2025-06-18 11:15:38.699624,1314.7,156279.0,143878.0
2025-06-18 11:15:40.199232,1314.7,156279.0,143878.0
2025-06-18 11:15:42.200407,1314.5,156279.0,143878.0
2025-06-18 11:15:43.781310,1314.5,156501.0,143841.0
2025-06-18 11:15:44.205138,1314.8,156501.0,143841.0
2025-06-18 11:15:46.217723,1314.6,156501.0,143841.0
2025-06-18 11:15:48.072393,1314.6,156501.0,143841.0
2025-06-18 11:15:48.203008,1314.8,156501.0,143841.0
2025-06-18 11:15:49.094817,1314.8,156501.0,143841.0
2025-06-18 11:15:49.184488,1314.8,156652.0,143396.0
2025-06-18 11:15:49.997666,1314.8,156652.0,143396.0
2025-06-18 11:15:50.204887,1314.6,156652.0,143396.0
2025-06-18 11:15:50.938131,1314.6,156652.0,143396.0
2025-06-18 11:15:51.787339,1314.6,156652.0,143396.0
2025-06-18 11:15:52.201569,1314.6,156652.0,143396.0
2025-06-18 11:15:52.567894,1314.6,156652.0,143396.0
2025-06-18 11:15:53.574726,1314.6,156652.0,143396.0
2025-06-18 11:15:54.130937,1314.6,156652.0,143396.0
2025-06-18 11:15:54.200811,1314.8,156652.0,143396.0
2025-06-18 11:15:54.539948,1314.8,156652.0,143396.0
2025-06-18 11:15:54.688187,1314.8,156712.0,143308.0
2025-06-18 11:15:55.033572,1314.8,156712.0,143308.0
2025-06-18 11:15:56.203714,1314.6,156712.0,143308.0
2025-06-18 11:15:56.294597,1314.6,156712.0,143308.0
2025-06-18 11:15:57.586493,1314.6,156712.0,143308.0
2025-06-18 11:15:58.246625,1314.8,156712.0,143308.0
2025-06-18 11:15:58.428590,1314.8,156712.0,143308.0
2025-06-18 11:15:59.886189,1314.8,156270.0,143471.0
2025-06-18 11:16:00.107699,1314.8,156270.0,143471.0
2025-06-18 11:16:00.198390,1314.5,156270.0,143471.0
2025-06-18 11:16:01.250835,1314.5,156270.0,143471.0
2025-06-18 11:16:02.204076,1314.5,156270.0,143471.0
2025-06-18 11:16:02.398596,1314.5,156270.0,143471.0
2025-06-18 11:16:03.882712,1314.5,156270.0,143471.0
2025-06-18 11:16:05.189399,1314.5,156435.0,143378.0
2025-06-18 11:16:08.729827,1314.5,156435.0,143378.0
2025-06-18 11:16:10.477902,1314.5,156250.0,142964.0
2025-06-18 11:16:12.205352,1314.5,156250.0,142964.0
2025-06-18 11:16:14.201786,1314.5,156250.0,142964.0
2025-06-18 11:16:15.998013,1314.5,154892.0,144843.0
2025-06-18 11:16:16.215676,1314.5,154892.0,144843.0
2025-06-18 11:16:18.208560,1314.5,154892.0,144843.0
2025-06-18 11:16:21.102110,1314.5,154576.0,144809.0
2025-06-18 11:16:22.213271,1314.5,154576.0,144809.0
2025-06-18 11:16:24.208330,1314.5,154576.0,144809.0
2025-06-18 11:16:26.236958,1314.5,154588.0,144813.0
2025-06-18 11:16:28.207677,1314.5,154588.0,144813.0
2025-06-18 11:16:31.110349,1314.5,154900.0,144489.0
2025-06-18 11:16:32.207207,1314.5,154900.0,144489.0
2025-06-18 11:16:36.372570,1314.5,154545.0,144674.0
2025-06-18 11:16:38.239239,1314.5,154545.0,144674.0
2025-06-18 11:16:40.330464,1314.5,154545.0,144674.0
2025-06-18 11:16:41.617944,1314.5,153502.0,146215.0
2025-06-18 11:16:42.212901,1313.7,153502.0,146215.0
2025-06-18 11:16:44.206157,1313.6,153502.0,146215.0
2025-06-18 11:16:46.208288,1313.6,153502.0,146215.0
2025-06-18 11:16:46.722959,1313.6,153715.0,146731.0
2025-06-18 11:16:48.220762,1313.6,153715.0,146731.0
2025-06-18 11:16:51.832376,1313.6,153567.0,146701.0
2025-06-18 11:16:52.221789,1313.6,153567.0,146701.0
2025-06-18 11:16:56.211111,1313.6,153567.0,146701.0
2025-06-18 11:16:57.025459,1313.6,153492.0,146310.0
2025-06-18 11:16:58.211659,1313.6,153492.0,146310.0
2025-06-18 11:17:02.130511,1313.6,153703.0,146709.0
2025-06-18 11:17:02.213464,1313.6,153703.0,146709.0
2025-06-18 11:17:04.214696,1313.6,153703.0,146709.0
2025-06-18 11:17:06.215376,1314.0,153703.0,146709.0
2025-06-18 11:17:07.330968,1314.0,153769.0,146696.0
2025-06-18 11:17:08.209651,1313.6,153769.0,146696.0
2025-06-18 11:17:12.214614,1313.6,153769.0,146696.0
2025-06-18 11:17:12.332066,1313.6,153657.0,146686.0
2025-06-18 11:17:14.213197,1313.6,153657.0,146686.0
2025-06-18 11:17:17.434364,1313.6,153752.0,146713.0
2025-06-18 11:17:18.248535,1314.0,153752.0,146713.0
2025-06-18 11:17:20.214904,1313.6,153752.0,146713.0
2025-06-18 11:17:22.642561,1313.6,153712.0,146849.0
2025-06-18 11:17:24.214931,1314.0,153712.0,146849.0
2025-06-18 11:17:27.843849,1314.0,153831.0,146334.0
2025-06-18 11:17:28.213117,1314.0,153831.0,146334.0
2025-06-18 11:17:30.213459,1314.0,153831.0,146334.0
2025-06-18 11:17:32.213792,1313.6,153831.0,146334.0
2025-06-18 11:17:32.946593,1314.0,153966.0,146365.0
2025-06-18 11:17:34.212175,1313.6,153966.0,146365.0
2025-06-18 11:17:36.214690,1313.6,153966.0,146365.0
2025-06-18 11:17:37.849979,1314.0,153823.0,146303.0
2025-06-18 11:17:38.215698,1313.6,153823.0,146303.0
2025-06-18 11:17:40.215983,1313.6,153823.0,146303.0
2025-06-18 11:17:43.055572,1314.0,153997.0,145952.0
2025-06-18 11:17:44.212349,1314.0,153997.0,145952.0
2025-06-18 11:17:47.856113,1314.1,154174.0,145696.0
2025-06-18 11:17:48.215370,1314.0,154174.0,145696.0
2025-06-18 11:17:50.218671,1314.0,154174.0,145696.0
2025-06-18 11:17:52.560106,1314.0,154102.0,145518.0
2025-06-18 11:17:54.216121,1314.0,154102.0,145518.0
2025-06-18 11:17:56.211784,1314.1,154102.0,145518.0
2025-06-18 11:17:57.260895,1314.1,154401.0,144748.0
2025-06-18 11:17:58.211466,1314.1,154401.0,144748.0
2025-06-18 11:18:00.238955,1314.3,154401.0,144748.0
2025-06-18 11:18:01.765165,1314.3,154455.0,144429.0
2025-06-18 11:18:02.248063,1314.1,154455.0,144429.0
2025-06-18 11:18:04.217471,1314.0,154455.0,144429.0
2025-06-18 11:18:06.580915,1314.0,154399.0,144737.0
2025-06-18 11:18:08.236012,1314.1,154399.0,144737.0
2025-06-18 11:18:11.371787,1314.0,144435.0,145827.0
2025-06-18 11:18:13.242050,1314.0,144435.0,145827.0
2025-06-18 11:18:17.208824,1314.1,144435.0,145827.0
2025-06-18 11:18:17.272793,1314.1,154157.0,145905.0
2025-06-18 11:18:19.215497,1314.0,154157.0,145905.0
2025-06-18 11:18:23.086620,1314.0,154364.0,145555.0
2025-06-18 11:18:23.210499,1314.0,154364.0,145555.0
2025-06-18 11:18:25.215227,1314.0,154364.0,145555.0
2025-06-18 11:18:28.257601,1314.1,154379.0,145544.0
2025-06-18 11:18:29.230963,1314.0,154379.0,145544.0
2025-06-18 11:18:33.385469,1314.0,154351.0,145507.0
2025-06-18 11:18:37.219730,1314.1,154351.0,145507.0
2025-06-18 11:18:38.488930,1314.1,154310.0,145348.0
2025-06-18 11:18:39.215354,1314.0,154310.0,145348.0
2025-06-18 11:18:41.213314,1314.1,154310.0,145348.0
2025-06-18 11:18:43.388304,1314.1,154335.0,145340.0
2025-06-18 11:18:45.212253,1314.0,154335.0,145340.0
2025-06-18 11:18:48.097116,1314.1,154280.0,144558.0
2025-06-18 11:18:48.475849,1314.1,154280.0,144558.0
2025-06-18 11:18:49.216725,1314.0,154280.0,144558.0
2025-06-18 11:18:49.550848,1314.0,154280.0,144558.0
2025-06-18 11:18:50.461852,1314.0,154280.0,144558.0
2025-06-18 11:18:51.408049,1314.0,154280.0,144558.0
2025-06-18 11:18:52.254737,1314.0,154280.0,144558.0
2025-06-18 11:18:52.693741,1314.1,154282.0,144851.0
2025-06-18 11:18:53.042362,1314.1,154282.0,144851.0
2025-06-18 11:18:53.215052,1314.0,154282.0,144851.0
2025-06-18 11:18:54.054361,1314.0,154282.0,144851.0
2025-06-18 11:18:55.038094,1314.0,154282.0,144851.0
2025-06-18 11:18:55.213078,1314.0,154282.0,144851.0
2025-06-18 11:18:55.519796,1314.0,154282.0,144851.0
2025-06-18 11:18:56.785458,1314.0,154282.0,144851.0
2025-06-18 11:18:57.216801,1314.3,154282.0,144851.0
2025-06-18 11:18:57.497829,1314.3,154354.0,144997.0
2025-06-18 11:18:58.033042,1314.3,154354.0,144997.0
2025-06-18 11:18:58.902545,1314.3,154354.0,144997.0
2025-06-18 11:18:59.216072,1314.1,154354.0,144997.0
2025-06-18 11:19:00.281702,1314.1,154354.0,144997.0
2025-06-18 11:19:01.218921,1314.2,154354.0,144997.0
2025-06-18 11:19:01.569065,1314.2,154354.0,144997.0
2025-06-18 11:19:02.294039,1314.1,155148.0,144459.0
2025-06-18 11:19:02.713041,1314.1,155148.0,144459.0
2025-06-18 11:19:03.217116,1314.0,155148.0,144459.0
2025-06-18 11:19:04.184216,1314.0,155148.0,144459.0
2025-06-18 11:19:07.899727,1314.1,155808.0,143813.0
2025-06-18 11:19:09.216200,1314.2,155808.0,143813.0
2025-06-18 11:19:13.007965,1314.1,155295.0,143857.0
2025-06-18 11:19:13.224261,1314.1,155295.0,143857.0
2025-06-18 11:19:15.215307,1314.6,155295.0,143857.0
2025-06-18 11:19:18.169670,1314.6,156206.0,143877.0
2025-06-18 11:19:19.217382,1314.3,156206.0,143877.0
2025-06-18 11:19:21.218146,1314.3,156206.0,143877.0
2025-06-18 11:19:23.409738,1314.3,155977.0,143958.0
2025-06-18 11:19:25.217875,1314.3,155977.0,143958.0
2025-06-18 11:19:27.217800,1314.7,155977.0,143958.0
2025-06-18 11:19:28.416064,1314.6,156853.0,143948.0
2025-06-18 11:19:29.217797,1314.3,156853.0,143948.0
2025-06-18 11:19:33.416545,1314.3,157113.0,143944.0
2025-06-18 11:19:35.224679,1314.3,157113.0,143944.0
2025-06-18 11:19:37.220865,1314.3,157113.0,143944.0
2025-06-18 11:19:38.240937,1314.7,157241.0,143732.0
2025-06-18 11:19:39.228631,1314.3,157241.0,143732.0
2025-06-18 11:19:43.261775,1314.3,156801.0,143675.0
2025-06-18 11:19:45.217490,1314.3,156801.0,143675.0
2025-06-18 11:19:47.225413,1314.7,156801.0,143675.0
2025-06-18 11:19:48.231250,1314.7,157019.0,143548.0
2025-06-18 11:19:49.279088,1314.3,157019.0,143548.0
2025-06-18 11:19:53.527958,1314.3,157041.0,143563.0
2025-06-18 11:19:55.225412,1314.3,157041.0,143563.0
2025-06-18 11:20:00.435819,1314.7,157019.0,143679.0
2025-06-18 11:20:00.484908,1314.3,157019.0,143679.0
2025-06-18 11:20:01.228676,1314.7,157019.0,143679.0
2025-06-18 11:20:03.838521,1314.7,156784.0,143627.0
2025-06-18 11:20:05.225931,1314.3,156784.0,143627.0
2025-06-18 11:20:06.217310,1314.3,156784.0,143627.0
2025-06-18 11:20:08.217861,1314.7,156784.0,143627.0
2025-06-18 11:20:08.749694,1314.7,156992.0,144406.0
2025-06-18 11:20:09.218881,1314.3,156992.0,144406.0
2025-06-18 11:20:13.260703,1314.3,156894.0,144350.0
2025-06-18 11:20:14.214755,1314.7,156894.0,144350.0
2025-06-18 11:20:17.219727,1314.7,156894.0,144350.0
2025-06-18 11:20:17.850626,1314.7,157305.0,144391.0
2025-06-18 11:20:18.224178,1314.3,157305.0,144391.0
2025-06-18 11:20:22.853879,1314.3,157589.0,144386.0
2025-06-18 11:20:23.251098,1314.3,157589.0,144386.0
2025-06-18 11:20:24.216576,1314.3,157589.0,144386.0
2025-06-18 11:20:28.057892,1314.7,157217.0,144460.0
2025-06-18 11:20:28.217350,1314.2,157217.0,144460.0
2025-06-18 11:20:29.225018,1314.2,157217.0,144460.0
2025-06-18 11:20:32.960810,1314.2,157289.0,144475.0
2025-06-18 11:20:36.222495,1314.2,157289.0,144475.0
2025-06-18 11:20:37.866452,1314.7,157166.0,144462.0
2025-06-18 11:20:38.219101,1314.2,157166.0,144462.0
2025-06-18 11:20:39.217204,1314.2,157166.0,144462.0
2025-06-18 11:20:42.668100,1314.2,157130.0,144482.0
2025-06-18 11:20:43.238629,1314.2,157130.0,144482.0
2025-06-18 11:20:44.228246,1314.7,157130.0,144482.0
2025-06-18 11:20:45.221589,1314.8,157130.0,144482.0
2025-06-18 11:20:47.670737,1314.8,157476.0,144532.0
2025-06-18 11:20:48.218336,1314.2,157476.0,144532.0
2025-06-18 11:20:49.219289,1314.2,157476.0,144532.0
2025-06-18 11:20:51.229100,1314.8,157476.0,144532.0
2025-06-18 11:20:52.672287,1314.8,157056.0,144534.0
2025-06-18 11:20:53.223392,1314.2,157056.0,144534.0
2025-06-18 11:20:54.225371,1314.7,157056.0,144534.0
2025-06-18 11:20:56.257215,1314.2,157056.0,144534.0
2025-06-18 11:20:57.778521,1314.8,157243.0,144568.0
2025-06-18 11:20:58.224365,1314.2,157243.0,144568.0
2025-06-18 11:20:59.221113,1314.2,157243.0,144568.0
2025-06-18 11:21:02.376822,1314.2,156821.0,144614.0
2025-06-18 11:21:03.239610,1314.2,156821.0,144614.0
2025-06-18 11:21:07.279491,1314.2,157330.0,144581.0
2025-06-18 11:21:08.217963,1314.2,157330.0,144581.0
2025-06-18 11:21:11.221294,1314.2,157330.0,144581.0
2025-06-18 11:21:12.185001,1314.2,156982.0,144668.0
2025-06-18 11:21:12.220813,1314.2,156982.0,144668.0
2025-06-18 11:21:13.251737,1314.2,156982.0,144668.0
2025-06-18 11:21:16.891027,1314.2,157006.0,144786.0
2025-06-18 11:21:17.262759,1314.2,157006.0,144786.0
2025-06-18 11:21:18.220321,1314.2,157006.0,144786.0
2025-06-18 11:21:20.220416,1314.2,157006.0,144786.0
2025-06-18 11:21:21.229680,1314.2,157006.0,144786.0
2025-06-18 11:21:21.595763,1314.2,158051.0,144445.0
2025-06-18 11:21:22.221324,1314.3,158051.0,144445.0
2025-06-18 11:21:23.218217,1314.4,158051.0,144445.0
2025-06-18 11:21:26.691716,1314.4,157362.0,144461.0
2025-06-18 11:21:27.229245,1314.3,157362.0,144461.0
2025-06-18 11:21:28.219703,1314.7,157362.0,144461.0
2025-06-18 11:21:31.795800,1314.7,158005.0,144257.0
2025-06-18 11:21:32.218417,1314.4,158005.0,144257.0
2025-06-18 11:21:33.219909,1314.4,158005.0,144257.0
2025-06-18 11:21:34.220425,1314.8,158005.0,144257.0
2025-06-18 11:21:36.797846,1314.8,157960.0,144340.0
2025-06-18 11:21:37.222716,1314.4,157960.0,144340.0
2025-06-18 11:21:38.227876,1314.4,157960.0,144340.0
2025-06-18 11:21:40.220453,1314.4,157960.0,144340.0
2025-06-18 11:21:41.301117,1314.4,157880.0,144339.0
2025-06-18 11:21:42.225534,1314.4,157880.0,144339.0
2025-06-18 11:21:43.226832,1314.4,157880.0,144339.0
2025-06-18 11:21:45.906024,1314.4,157731.0,144339.0
2025-06-18 11:21:48.226294,1314.8,157731.0,144339.0
2025-06-18 11:21:49.054814,1314.8,157731.0,144339.0
2025-06-18 11:21:50.216740,1314.8,157731.0,144339.0
2025-06-18 11:21:50.706021,1314.8,157875.0,144392.0
2025-06-18 11:21:51.058772,1314.8,157875.0,144392.0
2025-06-18 11:21:51.253423,1314.4,157875.0,144392.0
2025-06-18 11:21:52.584469,1314.4,157875.0,144392.0
2025-06-18 11:21:52.596838,1314.4,157875.0,144392.0
2025-06-18 11:21:52.853767,1314.4,157875.0,144392.0
2025-06-18 11:21:53.255044,1314.8,157875.0,144392.0
2025-06-18 11:21:53.636580,1314.8,157875.0,144392.0
2025-06-18 11:21:54.662018,1314.8,157875.0,144392.0
2025-06-18 11:21:55.246344,1314.8,157875.0,144392.0
2025-06-18 11:21:55.810745,1314.8,157893.0,144406.0
2025-06-18 11:21:56.113608,1314.8,157893.0,144406.0
2025-06-18 11:21:56.218756,1314.4,157893.0,144406.0
2025-06-18 11:21:56.484488,1314.4,157893.0,144406.0
2025-06-18 11:21:57.364261,1314.4,157893.0,144406.0
2025-06-18 11:21:58.226184,1314.8,157893.0,144406.0
2025-06-18 11:21:58.709671,1314.8,157893.0,144406.0
2025-06-18 11:21:59.514693,1314.8,157893.0,144406.0
2025-06-18 11:22:00.227408,1314.4,157893.0,144406.0
2025-06-18 11:22:00.886532,1314.4,157893.0,144406.0
2025-06-18 11:22:01.015028,1314.4,157875.0,144379.0
2025-06-18 11:22:01.220307,1314.4,157875.0,144379.0
2025-06-18 11:22:02.019313,1314.4,157875.0,144379.0
2025-06-18 11:22:02.226793,1314.4,157875.0,144379.0
2025-06-18 11:22:03.394930,1314.4,157875.0,144379.0
2025-06-18 11:22:05.225657,1314.4,157875.0,144379.0
2025-06-18 11:22:05.717484,1314.4,157770.0,144641.0
2025-06-18 11:22:08.222283,1314.8,157770.0,144641.0
2025-06-18 11:22:10.820172,1314.4,157909.0,144659.0
2025-06-18 11:22:11.305241,1314.4,157909.0,144659.0
2025-06-18 11:22:12.226188,1314.4,157909.0,144659.0
2025-06-18 11:22:13.228693,1314.4,157909.0,144659.0
2025-06-18 11:22:14.222613,1314.8,157909.0,144659.0
2025-06-18 11:22:16.022075,1314.8,156932.0,145197.0
2025-06-18 11:22:16.233350,1314.4,156932.0,145197.0
2025-06-18 11:22:17.253922,1314.4,156932.0,145197.0
2025-06-18 11:22:18.226157,1313.9,156932.0,145197.0
2025-06-18 11:22:19.360343,1314.0,156932.0,145197.0
2025-06-18 11:22:20.931780,1314.0,156023.0,145717.0
2025-06-18 11:22:21.223446,1314.0,156023.0,145717.0
2025-06-18 11:22:22.251704,1314.0,156023.0,145717.0
2025-06-18 11:22:24.229110,1314.0,156023.0,145717.0
2025-06-18 11:22:25.834038,1314.0,155361.0,146179.0
2025-06-18 11:22:26.233850,1314.0,155361.0,146179.0
2025-06-18 11:22:27.269597,1313.7,155361.0,146179.0
2025-06-18 11:22:29.221939,1314.0,155361.0,146179.0
2025-06-18 11:22:30.856799,1314.0,155372.0,145749.0
2025-06-18 11:22:31.228052,1314.0,155372.0,145749.0
2025-06-18 11:22:32.249624,1314.0,155372.0,145749.0
2025-06-18 11:22:35.699701,1314.0,155095.0,146271.0
2025-06-18 11:22:36.228020,1314.0,155095.0,146271.0
2025-06-18 11:22:37.223017,1314.6,155095.0,146271.0
2025-06-18 11:22:38.254949,1314.6,155095.0,146271.0
2025-06-18 11:22:40.740109,1314.6,155908.0,146134.0
2025-06-18 11:22:41.228612,1314.1,155908.0,146134.0
2025-06-18 11:22:45.943323,1314.1,155111.0,146310.0
2025-06-18 11:22:48.233455,1314.1,155111.0,146310.0
2025-06-18 11:22:49.225794,1314.1,155111.0,146310.0
2025-06-18 11:22:51.228032,1314.6,155111.0,146310.0
2025-06-18 11:22:51.253916,1314.6,158550.0,142920.0
2025-06-18 11:22:52.259123,1314.5,158550.0,142920.0
2025-06-18 11:22:53.231529,1314.6,158550.0,142920.0
2025-06-18 11:22:56.058343,1314.6,158113.0,143278.0
2025-06-18 11:22:56.231209,1314.5,158113.0,143278.0
2025-06-18 11:22:57.225136,1314.5,158113.0,143278.0
2025-06-18 11:22:58.233393,1314.6,158113.0,143278.0
2025-06-18 11:22:59.238031,1314.5,158113.0,143278.0
2025-06-18 11:23:00.755336,1314.5,157616.0,143809.0
2025-06-18 11:23:01.226831,1314.5,157616.0,143809.0
2025-06-18 11:23:02.244883,1314.5,157616.0,143809.0
2025-06-18 11:23:05.684353,1314.5,157651.0,143789.0
2025-06-18 11:23:06.238572,1314.5,157651.0,143789.0
2025-06-18 11:23:07.228635,1314.1,157651.0,143789.0
2025-06-18 11:23:09.227874,1313.8,157651.0,143789.0
2025-06-18 11:23:10.689282,1313.8,154637.0,145474.0
2025-06-18 11:23:11.236081,1313.8,154637.0,145474.0
2025-06-18 11:23:13.242343,1314.5,154637.0,145474.0
2025-06-18 11:23:15.234416,1314.0,154637.0,145474.0
2025-06-18 11:23:15.458608,1314.0,155510.0,145438.0
2025-06-18 11:23:18.231186,1314.4,155510.0,145438.0
2025-06-18 11:23:20.965143,1314.4,153846.0,145932.0
2025-06-18 11:23:21.225787,1313.6,153846.0,145932.0
2025-06-18 11:23:24.259536,1313.5,153846.0,145932.0
2025-06-18 11:23:26.467042,1313.5,154339.0,147093.0
2025-06-18 11:23:27.236528,1313.6,154339.0,147093.0
2025-06-18 11:23:29.247801,1314.0,154339.0,147093.0
2025-06-18 11:23:31.280642,1313.5,154339.0,147093.0
2025-06-18 11:23:31.686837,1313.5,154391.0,147069.0
2025-06-18 11:23:33.238055,1313.5,154391.0,147069.0
2025-06-18 11:23:36.978241,1313.5,153903.0,147430.0
2025-06-18 11:23:37.237989,1313.5,153903.0,147430.0
2025-06-18 11:23:39.236070,1313.9,153903.0,147430.0
2025-06-18 11:23:41.881902,1313.5,153998.0,147204.0
2025-06-18 11:23:43.237790,1313.5,153998.0,147204.0
2025-06-18 11:23:45.234343,1313.5,153998.0,147204.0
2025-06-18 11:23:46.781328,1313.5,154674.0,147524.0
2025-06-18 11:23:47.234606,1313.5,154674.0,147524.0
2025-06-18 11:23:49.351163,1313.9,154674.0,147524.0
2025-06-18 11:23:51.242253,1313.9,154674.0,147524.0
2025-06-18 11:23:51.587215,1313.9,154719.0,147565.0
2025-06-18 11:23:53.237967,1313.5,154719.0,147565.0
2025-06-18 11:23:56.289276,1313.5,154403.0,147680.0
2025-06-18 11:23:59.248960,1313.9,154403.0,147680.0
2025-06-18 11:24:01.388418,1313.9,154322.0,147775.0
2025-06-18 11:24:03.239087,1313.5,154322.0,147775.0
2025-06-18 11:24:06.292419,1313.5,154431.0,147590.0
2025-06-18 11:24:09.241380,1313.9,154431.0,147590.0
2025-06-18 11:24:11.247219,1313.9,154431.0,147590.0
2025-06-18 11:24:11.296985,1313.9,154597.0,147522.0
2025-06-18 11:24:13.236801,1313.5,154597.0,147522.0
2025-06-18 11:24:17.205654,1313.5,154664.0,147526.0
2025-06-18 11:24:19.279539,1313.9,154664.0,147526.0
2025-06-18 11:24:21.099707,1313.9,154634.0,147477.0
2025-06-18 11:24:21.263517,1313.5,154634.0,147477.0
2025-06-18 11:24:23.262928,1313.5,154634.0,147477.0
2025-06-18 11:24:26.301013,1313.5,154599.0,147593.0
2025-06-18 11:24:27.254888,1313.5,154599.0,147593.0
2025-06-18 11:24:29.248659,1313.5,154599.0,147593.0
2025-06-18 11:24:31.505669,1313.5,154586.0,147632.0
2025-06-18 11:24:33.280983,1313.5,154586.0,147632.0
2025-06-18 11:24:36.212297,1313.5,154330.0,147679.0
2025-06-18 11:24:37.262769,1313.5,154330.0,147679.0
2025-06-18 11:24:39.271303,1313.8,154330.0,147679.0
2025-06-18 11:24:41.107638,1313.8,154561.0,147693.0
2025-06-18 11:24:41.235004,1313.5,154561.0,147693.0
2025-06-18 11:24:43.236476,1313.5,154561.0,147693.0
2025-06-18 11:24:45.232000,1313.5,154561.0,147693.0
2025-06-18 11:24:46.014603,1313.5,154549.0,147671.0
2025-06-18 11:24:47.242620,1313.5,154549.0,147671.0
2025-06-18 11:24:49.451706,1313.9,154549.0,147671.0
2025-06-18 11:24:49.495545,1313.9,154549.0,147671.0
2025-06-18 11:24:50.572252,1313.9,154549.0,147671.0
2025-06-18 11:24:51.254553,1313.9,154549.0,147671.0
2025-06-18 11:24:51.313475,1313.9,154601.0,147717.0
2025-06-18 11:24:51.483221,1313.9,154601.0,147717.0
2025-06-18 11:24:52.410802,1313.9,154601.0,147717.0
2025-06-18 11:24:53.235753,1313.5,154601.0,147717.0
2025-06-18 11:24:53.274090,1313.5,154601.0,147717.0
2025-06-18 11:24:54.045875,1313.5,154601.0,147717.0
2025-06-18 11:24:55.066282,1313.5,154601.0,147717.0
2025-06-18 11:24:56.037069,1313.5,154585.0,147702.0
2025-06-18 11:24:56.062552,1313.5,154585.0,147702.0
2025-06-18 11:24:57.232720,1313.5,154585.0,147702.0
2025-06-18 11:24:57.790321,1313.5,154585.0,147702.0
2025-06-18 11:24:59.033064,1313.5,154585.0,147702.0
2025-06-18 11:24:59.239115,1313.9,154585.0,147702.0
2025-06-18 11:24:59.912230,1313.9,154585.0,147702.0
2025-06-18 11:25:00.933739,1313.5,154519.0,147780.0
2025-06-18 11:25:01.233276,1313.5,154519.0,147780.0
2025-06-18 11:25:01.284366,1313.5,154519.0,147780.0
2025-06-18 11:25:02.425676,1313.5,154519.0,147780.0
2025-06-18 11:25:03.239381,1313.4,154519.0,147780.0
2025-06-18 11:25:03.554972,1313.4,154519.0,147780.0
2025-06-18 11:25:05.014529,1313.4,154519.0,147780.0
2025-06-18 11:25:05.246106,1313.2,154519.0,147780.0
2025-06-18 11:25:05.952097,1313.1,152493.0,149415.0
2025-06-18 11:25:07.236529,1313.1,152493.0,149415.0
2025-06-18 11:25:09.232021,1313.5,152493.0,149415.0
2025-06-18 11:25:11.532129,1313.1,152804.0,153664.0
2025-06-18 11:25:13.259711,1313.0,152804.0,153664.0
2025-06-18 11:25:15.232718,1313.0,152804.0,153664.0
2025-06-18 11:25:16.945700,1313.0,152652.0,153746.0
2025-06-18 11:25:17.233375,1313.0,152652.0,153746.0
2025-06-18 11:25:19.233063,1313.1,152652.0,153746.0
2025-06-18 11:25:21.231810,1313.0,152652.0,153746.0
2025-06-18 11:25:22.243375,1313.0,151451.0,155135.0
2025-06-18 11:25:23.369416,1312.7,151451.0,155135.0
2025-06-18 11:25:27.234758,1312.7,151451.0,155135.0
2025-06-18 11:25:27.248631,1312.7,150682.0,155456.0
2025-06-18 11:25:29.235650,1312.6,150682.0,155456.0
2025-06-18 11:25:31.236383,1313.8,150682.0,155456.0
2025-06-18 11:25:32.153831,1312.9,151348.0,153480.0
2025-06-18 11:25:33.236108,1312.8,151348.0,153480.0
2025-06-18 11:25:37.235682,1312.7,151348.0,153480.0
2025-06-18 11:25:37.248150,1312.7,151008.0,154251.0
2025-06-18 11:25:39.938582,1312.7,151008.0,154251.0
2025-06-18 11:25:41.229550,1312.5,151008.0,154251.0
2025-06-18 11:25:42.053083,1312.5,151638.0,153833.0
2025-06-18 11:25:43.234011,1312.6,151638.0,153833.0
2025-06-18 11:25:46.747314,1312.6,151424.0,153866.0
2025-06-18 11:25:47.238990,1312.6,151424.0,153866.0
2025-06-18 11:25:49.228908,1312.9,151424.0,153866.0
2025-06-18 11:25:51.236736,1312.6,151424.0,153866.0
2025-06-18 11:25:52.050602,1312.6,151491.0,153969.0
2025-06-18 11:25:53.237023,1312.6,151491.0,153969.0
2025-06-18 11:25:57.246394,1312.8,151491.0,153969.0
2025-06-18 11:25:57.256664,1312.8,150828.0,153978.0
2025-06-18 11:25:59.230074,1312.6,150828.0,153978.0
2025-06-18 11:26:02.552329,1312.6,150991.0,153699.0
2025-06-18 11:26:03.258610,1312.6,150991.0,153699.0
2025-06-18 11:26:07.238368,1312.4,150991.0,153699.0
2025-06-18 11:26:07.670654,1312.4,150309.0,154199.0
2025-06-18 11:26:11.403110,1312.6,150309.0,154199.0
2025-06-18 11:26:12.563242,1312.6,151517.0,154142.0
2025-06-18 11:26:13.243208,1312.7,151517.0,154142.0
2025-06-18 11:26:15.252808,1312.6,151517.0,154142.0
2025-06-18 11:26:17.232696,1312.3,151517.0,154142.0
2025-06-18 11:26:17.367354,1312.3,151586.0,154558.0
2025-06-18 11:26:19.251307,1312.9,151586.0,154558.0
2025-06-18 11:26:21.294314,1312.6,151586.0,154558.0
2025-06-18 11:26:22.268046,1312.6,151102.0,154020.0
2025-06-18 11:26:23.271852,1312.6,151102.0,154020.0
2025-06-18 11:26:27.077598,1312.7,149342.0,154864.0
2025-06-18 11:26:27.254513,1313.2,149342.0,154864.0
2025-06-18 11:26:29.262204,1312.9,149342.0,154864.0
2025-06-18 11:26:31.238703,1313.4,149342.0,154864.0
2025-06-18 11:26:32.203145,1313.4,150097.0,152565.0
2025-06-18 11:26:33.268945,1312.8,150097.0,152565.0
2025-06-18 11:26:35.235432,1312.8,150097.0,152565.0
2025-06-18 11:26:36.877458,1312.8,150775.0,152822.0
2025-06-18 11:26:37.256855,1312.8,150775.0,152822.0
2025-06-18 11:26:39.274575,1313.4,150775.0,152822.0
2025-06-18 11:26:41.246691,1312.9,150775.0,152822.0
2025-06-18 11:26:42.077757,1312.9,150957.0,152533.0
2025-06-18 11:26:43.262750,1312.9,150957.0,152533.0
2025-06-18 11:26:47.242827,1312.9,150957.0,152533.0
2025-06-18 11:26:47.383176,1312.9,151154.0,152547.0
2025-06-18 11:26:49.241978,1313.5,151154.0,152547.0
2025-06-18 11:26:51.238194,1312.8,151154.0,152547.0
2025-06-18 11:26:52.285784,1312.8,151363.0,152737.0
2025-06-18 11:26:53.244233,1312.8,151363.0,152737.0
2025-06-18 11:26:57.205780,1312.8,151218.0,153369.0
2025-06-18 11:26:57.237464,1312.8,151218.0,153369.0
2025-06-18 11:26:59.250311,1313.3,151218.0,153369.0
2025-06-18 11:27:01.244099,1312.8,151218.0,153369.0
2025-06-18 11:27:02.497597,1312.8,151195.0,153469.0
2025-06-18 11:27:03.241423,1312.8,151195.0,153469.0
2025-06-18 11:27:07.269826,1312.8,151195.0,153469.0
2025-06-18 11:27:07.402569,1312.8,151309.0,153252.0
2025-06-18 11:27:09.279216,1313.3,151309.0,153252.0
2025-06-18 11:27:11.258604,1312.9,151309.0,153252.0
2025-06-18 11:27:12.402570,1312.9,151501.0,153433.0
2025-06-18 11:27:13.245244,1312.8,151501.0,153433.0
2025-06-18 11:27:17.303479,1312.8,151400.0,153221.0
2025-06-18 11:27:20.478790,1312.8,151400.0,153221.0
2025-06-18 11:27:21.259339,1312.8,151400.0,153221.0
2025-06-18 11:27:22.220588,1312.8,151506.0,153231.0
2025-06-18 11:27:23.291491,1312.8,151506.0,153231.0
2025-06-18 11:27:25.296370,1312.8,151506.0,153231.0
2025-06-18 11:27:27.011277,1312.8,151311.0,153457.0
2025-06-18 11:27:27.302839,1312.8,151311.0,153457.0
2025-06-18 11:27:29.295800,1312.8,151311.0,153457.0
2025-06-18 11:27:31.297905,1312.9,151311.0,153457.0
2025-06-18 11:27:32.112723,1313.5,151400.0,151751.0
2025-06-18 11:27:33.261517,1312.9,151400.0,151751.0
2025-06-18 11:27:37.255795,1312.9,151400.0,151751.0
2025-06-18 11:27:37.413623,1312.9,150879.0,152705.0
2025-06-18 11:27:39.245644,1313.2,150879.0,152705.0
2025-06-18 11:27:41.255157,1312.8,150879.0,152705.0
2025-06-18 11:27:42.417686,1312.8,151421.0,152808.0
2025-06-18 11:27:43.251246,1312.9,151421.0,152808.0
2025-06-18 11:27:45.244299,1313.4,151421.0,152808.0
2025-06-18 11:27:47.244842,1312.9,151421.0,152808.0
2025-06-18 11:27:48.619829,1313.2,150990.0,152824.0
2025-06-18 11:27:49.245402,1312.8,150990.0,152824.0
2025-06-18 11:27:49.920174,1312.8,150990.0,152824.0
2025-06-18 11:27:51.004547,1312.8,150990.0,152824.0
2025-06-18 11:27:51.243901,1312.8,150990.0,152824.0
2025-06-18 11:27:51.921889,1312.8,150990.0,152824.0
2025-06-18 11:27:52.853217,1312.8,150990.0,152824.0
2025-06-18 11:27:53.245413,1313.2,150990.0,152824.0
2025-06-18 11:27:53.764454,1313.2,150990.0,152824.0
2025-06-18 11:27:54.323183,1313.2,151736.0,152820.0
2025-06-18 11:27:54.491977,1313.2,151736.0,152820.0
2025-06-18 11:27:55.247636,1312.9,151736.0,152820.0
2025-06-18 11:27:55.511804,1312.9,151736.0,152820.0
2025-06-18 11:27:56.070176,1312.9,151736.0,152820.0
2025-06-18 11:27:57.330135,1312.9,151736.0,152820.0
2025-06-18 11:27:58.263852,1312.9,151736.0,152820.0
2025-06-18 11:27:59.243169,1312.8,151736.0,152820.0
2025-06-18 11:27:59.426233,1312.8,151916.0,154922.0
2025-06-18 11:27:59.459050,1312.8,151916.0,154922.0
2025-06-18 11:28:00.327782,1312.8,151916.0,154922.0
2025-06-18 11:28:01.237929,1312.9,151916.0,154922.0
2025-06-18 11:28:01.723834,1312.9,151916.0,154922.0
2025-06-18 11:28:02.861308,1312.9,151916.0,154922.0
2025-06-18 11:28:03.245056,1312.9,151916.0,154922.0
2025-06-18 11:28:03.970923,1312.9,151916.0,154922.0
2025-06-18 11:28:04.028982,1312.9,151864.0,154900.0
2025-06-18 11:28:05.241794,1312.9,151864.0,154900.0
2025-06-18 11:28:05.604292,1312.9,151864.0,154900.0
2025-06-18 11:28:07.242061,1313.1,151864.0,154900.0
2025-06-18 11:28:10.481031,1313.1,152614.0,150971.0
2025-06-18 11:28:10.489849,1313.1,152614.0,150971.0
2025-06-18 11:28:11.244896,1313.7,152614.0,150971.0
2025-06-18 11:28:13.248287,1313.1,152614.0,150971.0
2025-06-18 11:28:13.635853,1313.1,152091.0,150965.0
2025-06-18 11:28:15.246952,1313.1,152091.0,150965.0
2025-06-18 11:28:17.266623,1313.0,152091.0,150965.0
2025-06-18 11:28:18.640948,1313.0,151839.0,151322.0
2025-06-18 11:28:19.245180,1313.0,151839.0,151322.0
2025-06-18 11:28:23.249708,1313.1,151839.0,151322.0
2025-06-18 11:28:24.144228,1313.1,151336.0,151230.0
2025-06-18 11:28:25.249519,1313.6,151336.0,151230.0
2025-06-18 11:28:27.246976,1313.1,151336.0,151230.0
2025-06-18 11:28:29.249844,1313.7,151336.0,151230.0
2025-06-18 11:28:29.254704,1313.7,151795.0,150821.0
2025-06-18 11:28:31.246796,1313.1,151795.0,150821.0
2025-06-18 11:28:33.246985,1313.1,151795.0,150821.0
2025-06-18 11:28:34.263596,1313.7,152131.0,151078.0
2025-06-18 11:28:35.247790,1313.1,152131.0,151078.0
2025-06-18 11:28:37.247872,1313.1,152131.0,151078.0
2025-06-18 11:28:39.154644,1313.7,151484.0,150914.0
2025-06-18 11:28:39.249267,1313.1,151484.0,150914.0
2025-06-18 11:28:43.254844,1313.0,151484.0,150914.0
2025-06-18 11:28:44.230455,1313.0,153119.0,152178.0
2025-06-18 11:28:45.247195,1313.1,153119.0,152178.0
2025-06-18 11:28:47.343333,1313.1,153119.0,152178.0
2025-06-18 11:28:49.172409,1313.6,153876.0,152225.0
2025-06-18 11:28:49.245405,1313.1,153876.0,152225.0
2025-06-18 11:28:53.247591,1313.1,153876.0,152225.0
2025-06-18 11:28:54.173844,1313.6,153960.0,152382.0
2025-06-18 11:28:55.248736,1313.1,153960.0,152382.0
2025-06-18 11:28:57.266847,1313.1,153960.0,152382.0
2025-06-18 11:28:58.864702,1313.6,152585.0,152334.0
2025-06-18 11:28:59.248411,1313.1,152585.0,152334.0
2025-06-18 11:29:03.259962,1313.1,152585.0,152334.0
2025-06-18 11:29:03.565388,1313.1,152756.0,152166.0
2025-06-18 11:29:07.252150,1313.6,152756.0,152166.0
2025-06-18 11:29:08.370085,1313.6,152813.0,152094.0
2025-06-18 11:29:09.276422,1313.1,152813.0,152094.0
2025-06-18 11:29:13.252017,1313.2,152813.0,152094.0
2025-06-18 11:29:13.694579,1313.2,152363.0,152700.0
2025-06-18 11:29:15.273018,1313.1,152363.0,152700.0
2025-06-18 11:29:17.254378,1313.1,152363.0,152700.0
2025-06-18 11:29:18.975512,1313.2,151795.0,152449.0
2025-06-18 11:29:19.259738,1313.2,151795.0,152449.0
2025-06-18 11:29:21.255087,1313.2,151795.0,152449.0
2025-06-18 11:29:23.252348,1313.2,151795.0,152449.0
2025-06-18 11:29:24.279510,1313.2,152428.0,152638.0
2025-06-18 11:29:25.268773,1313.2,152428.0,152638.0
2025-06-18 11:29:29.248642,1313.5,152428.0,152638.0
2025-06-18 11:29:29.585148,1313.5,152301.0,152681.0
2025-06-18 11:29:31.247054,1313.1,152301.0,152681.0
2025-06-18 11:29:33.257545,1313.1,152301.0,152681.0
2025-06-18 11:29:34.889030,1313.1,152009.0,154286.0
2025-06-18 11:29:35.258703,1313.1,152009.0,154286.0
2025-06-18 11:29:39.250752,1313.2,152009.0,154286.0
2025-06-18 11:29:40.294180,1313.5,150936.0,154062.0
2025-06-18 11:29:41.261091,1313.2,150936.0,154062.0
2025-06-18 11:29:45.252204,1313.2,150936.0,154062.0
2025-06-18 11:29:45.394587,1313.2,150680.0,154075.0
2025-06-18 11:29:47.249948,1313.2,150680.0,154075.0
2025-06-18 11:29:49.246204,1313.1,150680.0,154075.0
2025-06-18 11:29:50.105447,1313.1,150444.0,154756.0
2025-06-18 11:29:51.249868,1312.8,150444.0,154756.0
2025-06-18 11:29:55.000928,1312.6,151378.0,155450.0
2025-06-18 11:29:55.264483,1312.6,151378.0,155450.0
2025-06-18 11:29:59.250650,1312.5,151378.0,155450.0
2025-06-18 11:30:00.307606,1312.6,150750.0,155559.0
2025-06-18 11:30:01.249681,1312.6,150750.0,155559.0
2025-06-18 11:30:04.250361,1312.6,150750.0,155559.0
2025-06-18 11:30:05.408322,1312.5,150400.0,156264.0
2025-06-18 11:30:07.251153,1312.5,150400.0,156264.0
2025-06-18 11:30:10.250395,1312.5,150400.0,156264.0
2025-06-18 11:30:10.914493,1312.5,150705.0,156449.0
2025-06-18 11:30:13.256697,1312.5,150705.0,156449.0
2025-06-18 11:30:16.252957,1312.5,150705.0,156449.0
2025-06-18 11:30:16.313976,1312.5,151691.0,156247.0
2025-06-18 11:30:19.256094,1312.6,151691.0,156247.0
2025-06-18 11:30:21.729585,1312.5,151467.0,155418.0
2025-06-18 11:30:22.249557,1313.3,151467.0,155418.0
2025-06-18 11:30:25.272648,1312.8,151467.0,155418.0
2025-06-18 11:30:27.255094,1312.8,151467.0,155418.0
2025-06-18 11:30:27.421744,1312.8,153175.0,153788.0
2025-06-18 11:30:29.254767,1312.8,153175.0,153788.0
2025-06-18 11:30:31.252221,1312.8,153175.0,153788.0
2025-06-18 11:30:32.521871,1312.8,152859.0,153782.0
2025-06-18 11:30:33.252260,1312.6,152859.0,153782.0
2025-06-18 11:30:35.268553,1312.7,152859.0,153782.0
2025-06-18 11:30:37.314462,1312.6,152859.0,153782.0
2025-06-18 11:30:37.739118,1312.7,151182.0,154813.0
2025-06-18 11:30:39.272722,1312.8,151182.0,154813.0
2025-06-18 11:30:41.260168,1312.8,151182.0,154813.0
2025-06-18 11:30:43.031166,1312.8,152404.0,154327.0
2025-06-18 11:30:43.275339,1312.5,152404.0,154327.0
2025-06-18 11:30:47.288572,1312.5,152404.0,154327.0
2025-06-18 11:30:48.437625,1312.5,152070.0,154359.0
2025-06-18 11:30:49.255957,1312.5,152070.0,154359.0
2025-06-18 11:30:50.341133,1312.5,152070.0,154359.0
2025-06-18 11:30:51.273062,1312.5,152070.0,154359.0
2025-06-18 11:30:51.431333,1312.5,152070.0,154359.0
2025-06-18 11:30:52.380214,1312.5,152070.0,154359.0
2025-06-18 11:30:53.294687,1312.5,152070.0,154359.0
2025-06-18 11:30:53.539400,1312.5,152507.0,154351.0
2025-06-18 11:30:54.164196,1312.5,152507.0,154351.0
2025-06-18 11:30:55.263877,1312.5,152507.0,154351.0
2025-06-18 11:30:55.980320,1312.5,152507.0,154351.0
2025-06-18 11:30:56.548145,1312.5,152507.0,154351.0
2025-06-18 11:30:57.265217,1312.5,152507.0,154351.0
2025-06-18 11:30:57.452080,1312.5,152507.0,154351.0
2025-06-18 11:30:58.648790,1312.6,151435.0,154317.0
2025-06-18 11:30:58.718880,1312.6,151435.0,154317.0
2025-06-18 11:30:59.296027,1312.4,151435.0,154317.0
2025-06-18 11:30:59.959840,1312.4,151435.0,154317.0
2025-06-18 11:31:00.833698,1312.4,151435.0,154317.0
2025-06-18 11:31:01.263221,1312.5,151435.0,154317.0
2025-06-18 11:31:02.229910,1312.5,151435.0,154317.0
2025-06-18 11:31:03.346497,1312.5,152012.0,154366.0
2025-06-18 11:31:03.385056,1312.5,152012.0,154366.0
2025-06-18 11:31:04.496056,1312.5,152012.0,154366.0
2025-06-18 11:31:05.266744,1312.5,152012.0,154366.0
2025-06-18 11:31:05.973368,1312.5,152012.0,154366.0
2025-06-18 11:31:08.352009,1312.6,151797.0,154357.0
2025-06-18 11:31:09.257916,1312.4,151797.0,154357.0
2025-06-18 11:31:13.267424,1312.5,151797.0,154357.0
2025-06-18 11:31:13.555557,1312.5,151733.0,154993.0
2025-06-18 11:31:15.260385,1312.7,151733.0,154993.0
2025-06-18 11:31:17.268496,1312.5,151733.0,154993.0
2025-06-18 11:31:18.671900,1312.7,151571.0,154510.0
2025-06-18 11:31:19.463823,1312.6,151571.0,154510.0
2025-06-18 11:31:21.267067,1312.6,151571.0,154510.0
2025-06-18 11:31:23.273382,1312.5,151571.0,154510.0
2025-06-18 11:31:24.176630,1312.5,151579.0,156271.0
2025-06-18 11:31:25.269262,1312.0,151579.0,156271.0
2025-06-18 11:31:27.259082,1312.0,151579.0,156271.0
2025-06-18 11:31:29.489426,1312.5,151579.0,156271.0
2025-06-18 11:31:29.670161,1312.5,151694.0,155851.0
2025-06-18 11:31:31.267896,1312.1,151694.0,155851.0
2025-06-18 11:31:33.260586,1312.0,151694.0,155851.0
2025-06-18 11:31:34.972888,1312.0,151410.0,157338.0
2025-06-18 11:31:35.267312,1312.0,151410.0,157338.0
2025-06-18 11:31:39.314682,1312.1,151410.0,157338.0
2025-06-18 11:31:39.978738,1312.1,151504.0,156920.0
2025-06-18 11:31:41.265579,1312.5,151504.0,156920.0
2025-06-18 11:31:43.274416,1312.4,151504.0,156920.0
2025-06-18 11:31:45.189880,1312.4,152200.0,157029.0
2025-06-18 11:31:45.272986,1312.1,152200.0,157029.0
2025-06-18 11:31:49.285850,1312.1,152200.0,157029.0
2025-06-18 11:31:50.189689,1312.1,152465.0,157093.0
2025-06-18 11:31:51.275303,1312.1,152465.0,157093.0
2025-06-18 11:31:55.199933,1312.1,151643.0,157078.0
2025-06-18 11:31:57.447648,1312.1,151643.0,157078.0
2025-06-18 11:31:59.267089,1311.5,151643.0,157078.0
2025-06-18 11:32:00.207445,1311.5,146090.0,160213.0
2025-06-18 11:32:01.285467,1311.3,146090.0,160213.0
2025-06-18 11:32:03.266686,1311.2,146090.0,160213.0
2025-06-18 11:32:05.101174,1311.1,148743.0,161340.0
2025-06-18 11:32:05.261525,1311.1,148743.0,161340.0
2025-06-18 11:32:10.263853,1310.5,148743.0,161340.0
2025-06-18 11:32:10.905361,1310.4,146297.0,162014.0
2025-06-18 11:32:15.267619,1310.4,146297.0,162014.0
2025-06-18 11:32:17.009235,1310.4,146581.0,162155.0
2025-06-18 11:32:18.262818,1310.4,146581.0,162155.0
2025-06-18 11:32:21.261483,1310.4,146581.0,162155.0
2025-06-18 11:32:22.314757,1310.4,145451.0,162336.0
2025-06-18 11:32:27.266987,1310.5,145451.0,162336.0
2025-06-18 11:32:28.120717,1311.2,145429.0,160230.0
2025-06-18 11:32:30.260150,1310.7,145429.0,160230.0
2025-06-18 11:32:33.262682,1310.5,145429.0,160230.0
2025-06-18 11:32:33.832208,1310.5,147564.0,161125.0
2025-06-18 11:32:36.271341,1310.7,147564.0,161125.0
2025-06-18 11:32:39.259129,1310.5,147564.0,161125.0
2025-06-18 11:32:39.747759,1310.5,147439.0,161376.0
2025-06-18 11:32:42.264412,1310.4,147439.0,161376.0
2025-06-18 11:32:45.263462,1310.4,147439.0,161376.0
2025-06-18 11:32:45.432080,1310.4,147581.0,161824.0
2025-06-18 11:32:48.272557,1310.5,147581.0,161824.0
2025-06-18 11:32:50.639586,1310.5,147415.0,161686.0
2025-06-18 11:32:51.263982,1310.4,147415.0,161686.0
2025-06-18 11:32:54.262238,1310.1,147415.0,161686.0
2025-06-18 11:32:55.741406,1310.1,145260.0,163213.0
2025-06-18 11:32:57.278626,1310.1,145260.0,163213.0
2025-06-18 11:33:00.266354,1310.4,145260.0,163213.0
2025-06-18 11:33:01.140736,1310.4,145026.0,163106.0
2025-06-18 11:33:03.259971,1310.5,145026.0,163106.0
2025-06-18 11:33:06.259705,1310.1,145026.0,163106.0
2025-06-18 11:33:06.541919,1310.1,145212.0,162778.0
2025-06-18 11:33:09.263738,1310.5,145212.0,162778.0
2025-06-18 11:33:12.147757,1310.1,146099.0,161842.0
2025-06-18 11:33:12.266077,1310.1,146099.0,161842.0
2025-06-18 11:33:17.346541,1310.1,146146.0,161772.0
2025-06-18 11:33:18.263339,1310.5,146146.0,161772.0
2025-06-18 11:33:21.271899,1310.5,146146.0,161772.0
2025-06-18 11:33:22.547365,1310.1,146637.0,161735.0
2025-06-18 11:33:24.266810,1310.9,146637.0,161735.0
2025-06-18 11:33:27.278201,1310.6,146637.0,161735.0
2025-06-18 11:33:27.858057,1310.6,147235.0,160833.0
2025-06-18 11:33:30.274886,1310.2,147235.0,160833.0
2025-06-18 11:33:33.279118,1310.2,147235.0,160833.0
2025-06-18 11:33:33.753520,1310.2,146977.0,161358.0
2025-06-18 11:33:36.264966,1310.2,146977.0,161358.0
2025-06-18 11:33:39.271626,1310.2,146977.0,161358.0
2025-06-18 11:33:39.660998,1310.5,145334.0,161882.0
2025-06-18 11:33:42.268213,1310.5,145334.0,161882.0
2025-06-18 11:33:45.267159,1310.2,145334.0,161882.0
2025-06-18 11:33:45.668468,1310.2,147302.0,161533.0
2025-06-18 11:33:48.267119,1310.5,147302.0,161533.0
2025-06-18 11:33:51.103080,1310.5,147302.0,161533.0
2025-06-18 11:33:51.269320,1310.2,147302.0,161533.0
2025-06-18 11:33:51.365579,1310.2,147007.0,161667.0
2025-06-18 11:33:52.227091,1310.2,147007.0,161667.0
2025-06-18 11:33:53.157623,1310.2,147007.0,161667.0
2025-06-18 11:33:54.104987,1310.2,147007.0,161667.0
2025-06-18 11:33:54.299355,1310.2,147007.0,161667.0
2025-06-18 11:33:54.979209,1310.2,147007.0,161667.0
2025-06-18 11:33:55.793410,1310.2,147007.0,161667.0
2025-06-18 11:33:56.895731,1310.2,147007.0,161667.0
2025-06-18 11:33:57.172380,1310.2,147979.0,161286.0
2025-06-18 11:33:57.265712,1310.3,147979.0,161286.0
2025-06-18 11:33:57.468216,1310.3,147979.0,161286.0
2025-06-18 11:33:58.376255,1310.3,147979.0,161286.0
2025-06-18 11:33:59.624679,1310.3,147979.0,161286.0
2025-06-18 11:34:00.273032,1310.5,147979.0,161286.0
2025-06-18 11:34:00.885843,1310.5,147979.0,161286.0
2025-06-18 11:34:01.760217,1310.5,147979.0,161286.0
2025-06-18 11:34:03.081666,1310.5,147793.0,161170.0
2025-06-18 11:34:03.142118,1310.5,147793.0,161170.0
2025-06-18 11:34:03.277544,1310.5,147793.0,161170.0
2025-06-18 11:34:04.287925,1310.5,147793.0,161170.0
2025-06-18 11:34:05.550125,1310.5,147793.0,161170.0
2025-06-18 11:34:06.879086,1310.5,147793.0,161170.0
2025-06-18 11:34:08.682663,1310.5,147899.0,161162.0
2025-06-18 11:34:09.273256,1310.5,147899.0,161162.0
2025-06-18 11:34:14.084549,1310.5,147990.0,161146.0
2025-06-18 11:34:15.279694,1310.5,147990.0,161146.0
2025-06-18 11:34:18.281202,1310.6,147990.0,161146.0
2025-06-18 11:34:19.296106,1310.5,148137.0,161144.0
2025-06-18 11:34:21.285638,1310.5,148137.0,161144.0
2025-06-18 11:34:24.290279,1310.5,148137.0,161144.0
2025-06-18 11:34:24.493438,1310.5,148216.0,161155.0
2025-06-18 11:34:27.285802,1310.6,148216.0,161155.0
2025-06-18 11:34:29.999095,1310.5,148063.0,161165.0
2025-06-18 11:34:30.299261,1310.5,148063.0,161165.0
2025-06-18 11:34:32.279537,1310.6,148063.0,161165.0
2025-06-18 11:34:34.275574,1310.5,148063.0,161165.0
2025-06-18 11:34:35.096899,1310.5,147919.0,161204.0
2025-06-18 11:34:36.315278,1310.5,147919.0,161204.0
2025-06-18 11:34:38.274135,1310.6,147919.0,161204.0
2025-06-18 11:34:40.100367,1310.5,147675.0,161521.0
2025-06-18 11:34:41.280315,1310.5,147675.0,161521.0
2025-06-18 11:34:44.278607,1310.0,147675.0,161521.0
2025-06-18 11:34:44.907729,1310.0,145346.0,162614.0
2025-06-18 11:34:48.275849,1310.0,145346.0,162614.0
2025-06-18 11:34:50.276763,1310.0,145346.0,162614.0
2025-06-18 11:34:50.407643,1310.0,146233.0,161827.0
2025-06-18 11:34:52.271570,1310.0,146233.0,161827.0
2025-06-18 11:34:55.819014,1310.0,146690.0,161880.0
2025-06-18 11:34:56.292196,1310.0,146690.0,161880.0
2025-06-18 11:35:00.479524,1310.1,146690.0,161880.0
2025-06-18 11:35:01.114050,1310.4,146961.0,161825.0
2025-06-18 11:35:02.277075,1310.0,146961.0,161825.0
2025-06-18 11:35:06.312729,1310.1,146961.0,161825.0
2025-06-18 11:35:06.817700,1310.1,147152.0,161850.0
2025-06-18 11:35:08.334929,1310.4,147152.0,161850.0
2025-06-18 11:35:12.501133,1310.0,147152.0,161850.0
2025-06-18 11:35:12.530306,1310.0,145563.0,161584.0
2025-06-18 11:35:14.323991,1310.4,145563.0,161584.0
2025-06-18 11:35:17.318802,1310.1,145563.0,161584.0
2025-06-18 11:35:18.243005,1310.1,146258.0,161610.0
2025-06-18 11:35:18.304501,1310.0,146258.0,161610.0
2025-06-18 11:35:22.320541,1310.0,146258.0,161610.0
2025-06-18 11:35:23.827949,1310.0,146313.0,161506.0
2025-06-18 11:35:24.332689,1310.0,146313.0,161506.0
2025-06-18 11:35:27.300566,1310.1,146313.0,161506.0
2025-06-18 11:35:28.338554,1310.2,146313.0,161506.0
2025-06-18 11:35:29.826683,1310.2,146023.0,161537.0
2025-06-18 11:35:30.322631,1310.2,146023.0,161537.0
2025-06-18 11:35:33.281726,1310.1,146023.0,161537.0
2025-06-18 11:35:35.431348,1310.1,145993.0,161618.0
2025-06-18 11:35:36.284833,1310.1,145993.0,161618.0
2025-06-18 11:35:39.279397,1310.1,145993.0,161618.0
2025-06-18 11:35:41.434763,1310.2,145995.0,161621.0
2025-06-18 11:35:42.320176,1310.2,145995.0,161621.0
2025-06-18 11:35:45.277162,1310.2,145995.0,161621.0
2025-06-18 11:35:47.439850,1310.2,146054.0,162040.0
2025-06-18 11:35:48.278132,1310.4,146054.0,162040.0
2025-06-18 11:35:53.145648,1310.4,145322.0,162244.0
2025-06-18 11:35:54.274751,1310.2,145322.0,162244.0
2025-06-18 11:35:57.292077,1310.2,145322.0,162244.0
2025-06-18 11:35:58.858187,1310.4,144604.0,162261.0
2025-06-18 11:36:00.278311,1310.2,144604.0,162261.0
2025-06-18 11:36:03.281206,1310.2,144604.0,162261.0
2025-06-18 11:36:04.549521,1310.2,146277.0,161706.0
2025-06-18 11:36:05.279174,1310.2,146277.0,161706.0
2025-06-18 11:36:09.628274,1310.2,146277.0,161706.0
2025-06-18 11:36:10.375707,1310.2,146618.0,161761.0
2025-06-18 11:36:12.275805,1310.5,146618.0,161761.0
2025-06-18 11:36:13.280113,1310.4,146618.0,161761.0
2025-06-18 11:36:15.278241,1310.4,146618.0,161761.0
2025-06-18 11:36:16.059125,1310.4,147638.0,159660.0
2025-06-18 11:36:17.282682,1310.4,147638.0,159660.0
2025-06-18 11:36:19.289623,1310.6,147638.0,159660.0
2025-06-18 11:36:21.284926,1310.6,147638.0,159660.0
2025-06-18 11:36:21.757676,1310.6,148381.0,158873.0
2025-06-18 11:36:23.280296,1310.7,148381.0,158873.0
2025-06-18 11:36:25.284889,1310.7,148381.0,158873.0
2025-06-18 11:36:27.259568,1310.7,148391.0,157045.0
2025-06-18 11:36:27.292758,1310.7,148391.0,157045.0
2025-06-18 11:36:29.282267,1310.8,148391.0,157045.0
2025-06-18 11:36:31.294273,1310.8,148391.0,157045.0
2025-06-18 11:36:32.764773,1310.7,148786.0,158159.0
2025-06-18 11:36:33.287231,1310.7,148786.0,158159.0
2025-06-18 11:36:35.294625,1310.7,148786.0,158159.0
2025-06-18 11:36:37.282968,1310.8,148786.0,158159.0
2025-06-18 11:36:37.963972,1311.0,148238.0,158033.0
2025-06-18 11:36:39.281037,1310.8,148238.0,158033.0
2025-06-18 11:36:41.319002,1310.8,148238.0,158033.0
2025-06-18 11:36:43.172643,1310.8,148656.0,157995.0
2025-06-18 11:36:43.288540,1310.8,148656.0,157995.0
2025-06-18 11:36:45.317154,1311.1,148656.0,157995.0
2025-06-18 11:36:48.571951,1310.9,148741.0,158541.0
2025-06-18 11:36:49.281696,1310.9,148741.0,158541.0
2025-06-18 11:36:51.347358,1310.9,148741.0,158541.0
2025-06-18 11:36:52.460258,1310.9,148741.0,158541.0
2025-06-18 11:36:53.284077,1310.9,148741.0,158541.0
2025-06-18 11:36:53.395823,1310.9,148741.0,158541.0
2025-06-18 11:36:53.969754,1310.9,148740.0,158595.0
2025-06-18 11:36:54.349557,1310.9,148740.0,158595.0
2025-06-18 11:36:55.244413,1310.9,148740.0,158595.0
2025-06-18 11:36:55.282916,1311.3,148740.0,158595.0
2025-06-18 11:36:56.042684,1311.3,148740.0,158595.0
2025-06-18 11:36:57.098277,1311.3,148740.0,158595.0
2025-06-18 11:36:57.285907,1310.9,148740.0,158595.0
2025-06-18 11:36:57.680782,1310.9,148740.0,158595.0
2025-06-18 11:36:58.083563,1310.9,148740.0,158595.0
2025-06-18 11:36:59.283641,1310.8,148740.0,158595.0
2025-06-18 11:36:59.375728,1310.8,148782.0,158821.0
2025-06-18 11:36:59.822529,1310.8,148782.0,158821.0
2025-06-18 11:37:01.081755,1310.8,148782.0,158821.0
2025-06-18 11:37:01.286930,1310.8,148782.0,158821.0
2025-06-18 11:37:01.952129,1310.8,148782.0,158821.0
2025-06-18 11:37:03.356990,1310.8,148782.0,158821.0
2025-06-18 11:37:04.489641,1310.8,148782.0,158821.0
2025-06-18 11:37:04.579832,1310.8,148853.0,158844.0
2025-06-18 11:37:05.289878,1310.8,148853.0,158844.0
2025-06-18 11:37:05.696189,1310.8,148853.0,158844.0
2025-06-18 11:37:07.090012,1310.8,148853.0,158844.0
2025-06-18 11:37:09.283746,1310.9,148853.0,158844.0
2025-06-18 11:37:09.783895,1310.9,148974.0,158521.0
2025-06-18 11:37:13.290546,1311.5,148974.0,158521.0
2025-06-18 11:37:14.985540,1311.1,150489.0,156988.0
2025-06-18 11:37:15.284910,1311.1,150489.0,156988.0
2025-06-18 11:37:19.295039,1311.4,150489.0,156988.0
2025-06-18 11:37:19.891983,1311.4,150058.0,156933.0
2025-06-18 11:37:21.313485,1311.3,150058.0,156933.0
2025-06-18 11:37:24.791400,1311.2,149922.0,156966.0
2025-06-18 11:37:25.288009,1311.2,149922.0,156966.0
2025-06-18 11:37:27.287455,1311.2,149922.0,156966.0
2025-06-18 11:37:29.286068,1311.2,149922.0,156966.0
2025-06-18 11:37:29.798358,1311.2,151116.0,157205.0
2025-06-18 11:37:31.290442,1311.2,151116.0,157205.0
2025-06-18 11:37:35.199180,1311.2,151123.0,157331.0
2025-06-18 11:37:35.290543,1311.2,151123.0,157331.0
2025-06-18 11:37:39.291442,1311.2,151123.0,157331.0
2025-06-18 11:37:40.805883,1311.2,150981.0,157054.0
2025-06-18 11:37:41.328767,1311.2,150981.0,157054.0
2025-06-18 11:37:46.108454,1311.2,150936.0,157076.0
2025-06-18 11:37:47.293944,1311.2,150936.0,157076.0
2025-06-18 11:37:49.297543,1311.7,150936.0,157076.0
2025-06-18 11:37:51.287172,1311.2,150936.0,157076.0
2025-06-18 11:37:51.510371,1311.2,151066.0,157107.0
2025-06-18 11:37:53.292708,1311.2,151066.0,157107.0
2025-06-18 11:37:56.915071,1311.5,151547.0,156920.0
2025-06-18 11:37:58.292783,1311.7,151547.0,156920.0
2025-06-18 11:38:01.285315,1312.0,151547.0,156920.0
2025-06-18 11:38:02.316381,1311.7,150625.0,156800.0
2025-06-18 11:38:04.294307,1312.0,150625.0,156800.0
2025-06-18 11:38:07.284961,1311.7,150625.0,156800.0
2025-06-18 11:38:08.116879,1312.1,150381.0,156578.0
2025-06-18 11:38:08.295937,1311.7,150381.0,156578.0
2025-06-18 11:38:13.826428,1311.8,149566.0,156686.0
2025-06-18 11:38:14.308011,1311.8,149566.0,156686.0
2025-06-18 11:38:18.294747,1312.1,149566.0,156686.0
2025-06-18 11:38:19.125265,1311.8,149608.0,156626.0
2025-06-18 11:38:20.289050,1311.8,149608.0,156626.0
2025-06-18 11:38:22.287044,1312.1,149608.0,156626.0
2025-06-18 11:38:24.310979,1311.8,149608.0,156626.0
2025-06-18 11:38:24.337763,1311.8,149613.0,156817.0
2025-06-18 11:38:26.308402,1311.8,149613.0,156817.0
2025-06-18 11:38:28.293470,1312.1,149613.0,156817.0
2025-06-18 11:38:29.535763,1311.8,150209.0,156737.0
2025-06-18 11:38:30.295148,1311.8,150209.0,156737.0
2025-06-18 11:38:35.035209,1311.8,150282.0,156412.0
2025-06-18 11:38:36.291076,1312.2,150282.0,156412.0
2025-06-18 11:38:38.293064,1311.8,150282.0,156412.0
2025-06-18 11:38:40.253237,1311.5,149582.0,157854.0
2025-06-18 11:38:40.337831,1311.2,149582.0,157854.0
2025-06-18 11:38:45.342272,1311.1,150033.0,158125.0
2025-06-18 11:38:46.296209,1311.2,150033.0,158125.0
2025-06-18 11:38:48.296067,1311.5,150033.0,158125.0
2025-06-18 11:38:50.293516,1310.9,150033.0,158125.0
2025-06-18 11:38:50.542435,1310.9,148367.0,158372.0
2025-06-18 11:38:52.298690,1310.9,148367.0,158372.0
2025-06-18 11:38:54.295790,1311.1,148367.0,158372.0
2025-06-18 11:38:55.451209,1311.1,149974.0,158401.0
2025-06-18 11:38:57.478904,1311.1,149974.0,158401.0
2025-06-18 11:38:58.297202,1311.4,149974.0,158401.0
2025-06-18 11:39:00.292118,1311.3,149974.0,158401.0
2025-06-18 11:39:00.456380,1311.5,151512.0,156306.0
2025-06-18 11:39:02.301805,1311.5,151512.0,156306.0
2025-06-18 11:39:04.543336,1311.5,151512.0,156306.0
2025-06-18 11:39:05.267793,1311.6,151182.0,156483.0
2025-06-18 11:39:06.443374,1311.6,151182.0,156483.0
2025-06-18 11:39:08.311473,1312.0,151182.0,156483.0
2025-06-18 11:39:11.060138,1311.6,151014.0,156113.0
2025-06-18 11:39:12.295444,1311.6,151014.0,156113.0
2025-06-18 11:39:16.299337,1311.6,151014.0,156113.0
2025-06-18 11:39:17.483647,1311.6,151178.0,156145.0
2025-06-18 11:39:18.297626,1312.0,151178.0,156145.0
2025-06-18 11:39:22.187402,1311.6,151268.0,156043.0
2025-06-18 11:39:22.302393,1311.6,151268.0,156043.0
2025-06-18 11:39:27.373973,1311.6,151807.0,156141.0
2025-06-18 11:39:28.300176,1312.0,151807.0,156141.0
2025-06-18 11:39:32.475754,1312.0,151308.0,156128.0
2025-06-18 11:39:34.302307,1311.6,151308.0,156128.0
2025-06-18 11:39:36.296587,1311.6,151308.0,156128.0
2025-06-18 11:39:37.880396,1312.0,151139.0,156134.0
2025-06-18 11:39:38.294693,1311.6,151139.0,156134.0
2025-06-18 11:39:42.294173,1313.9,151139.0,156134.0
2025-06-18 11:39:43.084531,1312.6,151839.0,149146.0
2025-06-18 11:39:44.305049,1312.5,151839.0,149146.0
2025-06-18 11:39:48.189703,1312.4,152805.0,150184.0
2025-06-18 11:39:48.294693,1312.4,152805.0,150184.0
2025-06-18 11:39:50.302441,1312.3,152805.0,150184.0
2025-06-18 11:39:51.767954,1312.3,152805.0,150184.0
2025-06-18 11:39:52.301846,1313.7,152805.0,150184.0
2025-06-18 11:39:53.293357,1313.7,152805.0,150184.0
2025-06-18 11:39:53.789707,1313.0,151791.0,148558.0
2025-06-18 11:39:54.220855,1313.0,151791.0,148558.0
2025-06-18 11:39:54.298855,1313.0,151791.0,148558.0
2025-06-18 11:39:55.186723,1313.0,151791.0,148558.0
2025-06-18 11:39:56.055097,1313.0,151791.0,148558.0
2025-06-18 11:39:57.936359,1313.0,151791.0,148558.0
2025-06-18 11:39:58.297085,1314.6,151791.0,148558.0
2025-06-18 11:39:58.504239,1314.6,151791.0,148558.0
2025-06-18 11:39:59.094585,1314.3,153996.0,141929.0
2025-06-18 11:39:59.401220,1314.3,153996.0,141929.0
2025-06-18 11:40:00.296162,1314.3,153996.0,141929.0
2025-06-18 11:40:00.675718,1314.3,153996.0,141929.0
2025-06-18 11:40:01.929814,1314.3,153996.0,141929.0
2025-06-18 11:40:02.300260,1314.4,153996.0,141929.0
2025-06-18 11:40:02.807767,1314.4,153996.0,141929.0
2025-06-18 11:40:04.209560,1314.4,153996.0,141929.0
2025-06-18 11:40:04.212286,1314.5,155174.0,143067.0
2025-06-18 11:40:04.301639,1314.5,155174.0,143067.0
2025-06-18 11:40:05.346447,1314.5,155174.0,143067.0
2025-06-18 11:40:06.480003,1314.5,155174.0,143067.0
2025-06-18 11:40:07.987888,1314.5,155174.0,143067.0
2025-06-18 11:40:08.297043,1315.0,155174.0,143067.0
2025-06-18 11:40:09.306084,1315.0,155552.0,141957.0
2025-06-18 11:40:12.305907,1315.6,155552.0,141957.0
2025-06-18 11:40:14.301523,1315.6,155552.0,141957.0
2025-06-18 11:40:14.330603,1315.6,156423.0,141253.0
2025-06-18 11:40:16.303892,1315.3,156423.0,141253.0
2025-06-18 11:40:18.300579,1315.2,156423.0,141253.0
2025-06-18 11:40:19.702078,1315.2,156055.0,141608.0
2025-06-18 11:40:22.299884,1315.6,156055.0,141608.0
2025-06-18 11:40:24.304271,1315.1,156055.0,141608.0
2025-06-18 11:40:25.107166,1315.1,152470.0,141951.0
2025-06-18 11:40:30.302383,1315.4,152470.0,141951.0
2025-06-18 11:40:30.815987,1315.4,156415.0,141155.0
2025-06-18 11:40:32.307189,1315.9,156415.0,141155.0
2025-06-18 11:40:36.217110,1315.9,158106.0,141557.0
2025-06-18 11:40:38.301400,1316.0,158106.0,141557.0
2025-06-18 11:40:40.311586,1316.0,158106.0,141557.0
2025-06-18 11:40:41.520204,1315.9,158698.0,139514.0
2025-06-18 11:40:42.306941,1315.8,158698.0,139514.0
2025-06-18 11:40:47.022832,1315.8,157546.0,140549.0
2025-06-18 11:40:48.316811,1315.8,157546.0,140549.0
2025-06-18 11:40:52.127477,1315.8,155799.0,141621.0
2025-06-18 11:40:54.304529,1315.8,155799.0,141621.0
2025-06-18 11:40:56.303125,1315.4,155799.0,141621.0
2025-06-18 11:40:57.632670,1315.4,156544.0,144691.0
2025-06-18 11:41:02.304203,1315.8,156544.0,144691.0
2025-06-18 11:41:02.836280,1315.8,161227.0,144405.0
2025-06-18 11:41:06.312251,1315.9,161227.0,144405.0
2025-06-18 11:41:08.266686,1316.0,163817.0,139108.0
2025-06-18 11:41:08.307657,1316.0,163817.0,139108.0
2025-06-18 11:41:13.441042,1316.3,164710.0,139221.0
2025-06-18 11:41:14.304526,1316.3,164710.0,139221.0
2025-06-18 11:41:18.319048,1316.5,164710.0,139221.0
2025-06-18 11:41:18.544048,1316.5,165985.0,137639.0
2025-06-18 11:41:20.305572,1316.5,165985.0,137639.0
2025-06-18 11:41:23.446246,1316.5,165155.0,138000.0
2025-06-18 11:41:26.317878,1316.7,165155.0,138000.0
2025-06-18 11:41:28.315630,1316.7,165155.0,138000.0
2025-06-18 11:41:28.550241,1316.7,165338.0,138313.0
2025-06-18 11:41:32.308101,1317.2,165338.0,138313.0
2025-06-18 11:41:33.851818,1317.0,164177.0,136272.0
2025-06-18 11:41:34.308598,1317.0,164177.0,136272.0
2025-06-18 11:41:36.314521,1317.0,164177.0,136272.0
2025-06-18 11:41:38.304073,1316.9,164177.0,136272.0
2025-06-18 11:41:39.557314,1316.9,162986.0,139206.0
2025-06-18 11:41:40.319246,1316.9,162986.0,139206.0
2025-06-18 11:41:42.346075,1316.9,162986.0,139206.0
2025-06-18 11:41:44.310029,1316.9,162986.0,139206.0
2025-06-18 11:41:44.861512,1316.9,163089.0,139291.0
2025-06-18 11:41:48.312096,1316.9,163089.0,139291.0
2025-06-18 11:41:49.862778,1316.9,163001.0,139078.0
2025-06-18 11:41:54.965863,1316.9,162137.0,139062.0
2025-06-18 11:41:58.309418,1316.9,162137.0,139062.0
2025-06-18 11:41:59.783291,1316.9,162757.0,138921.0
2025-06-18 11:42:02.323078,1317.0,162757.0,138921.0
2025-06-18 11:42:04.575111,1317.0,162526.0,138777.0
2025-06-18 11:42:08.310478,1316.9,162526.0,138777.0
2025-06-18 11:42:10.416668,1316.9,163108.0,138641.0
2025-06-18 11:42:10.461309,1316.9,163108.0,138641.0
2025-06-18 11:42:14.312328,1317.2,163108.0,138641.0
2025-06-18 11:42:14.797219,1317.0,163272.0,138675.0
2025-06-18 11:42:16.305895,1317.0,163272.0,138675.0
2025-06-18 11:42:18.337118,1317.2,163272.0,138675.0
2025-06-18 11:42:19.787932,1317.2,163388.0,138769.0
2025-06-18 11:42:20.325288,1317.0,163388.0,138769.0
2025-06-18 11:42:25.090101,1317.0,162327.0,139250.0
2025-06-18 11:42:28.371771,1317.0,162327.0,139250.0
2025-06-18 11:42:30.305660,1317.1,162721.0,139091.0
2025-06-18 11:42:30.339302,1317.1,162721.0,139091.0
2025-06-18 11:42:32.319196,1317.1,162721.0,139091.0
2025-06-18 11:42:35.204499,1317.1,163066.0,139070.0
2025-06-18 11:42:38.339419,1317.0,163066.0,139070.0
2025-06-18 11:42:40.322068,1317.1,163066.0,139070.0
2025-06-18 11:42:40.605163,1317.1,163913.0,138877.0
2025-06-18 11:42:42.325538,1317.2,163913.0,138877.0
2025-06-18 11:42:44.312476,1317.0,163913.0,138877.0
2025-06-18 11:42:46.322738,1317.1,163913.0,138877.0
2025-06-18 11:42:46.351891,1317.1,163107.0,138851.0
2025-06-18 11:42:48.317054,1317.0,163107.0,138851.0
2025-06-18 11:42:51.910591,1317.0,163296.0,139091.0
2025-06-18 11:42:52.298788,1317.0,163296.0,139091.0
2025-06-18 11:42:52.518147,1317.0,163296.0,139091.0
2025-06-18 11:42:53.342252,1317.0,163296.0,139091.0
2025-06-18 11:42:54.572967,1317.0,163296.0,139091.0
2025-06-18 11:42:55.522489,1317.0,163296.0,139091.0
2025-06-18 11:42:56.389634,1317.0,163296.0,139091.0
2025-06-18 11:42:57.228329,1317.0,163296.0,139091.0
2025-06-18 11:42:57.230780,1317.0,163116.0,139095.0
2025-06-18 11:42:58.296763,1317.0,163116.0,139095.0
2025-06-18 11:42:58.339733,1317.1,163116.0,139095.0
2025-06-18 11:42:58.878638,1317.1,163116.0,139095.0
2025-06-18 11:42:59.297102,1317.1,163116.0,139095.0
2025-06-18 11:43:00.159842,1317.1,163116.0,139095.0
2025-06-18 11:43:01.039776,1317.1,163116.0,139095.0
2025-06-18 11:43:02.222134,1317.1,163353.0,138977.0
2025-06-18 11:43:02.323668,1317.1,163353.0,138977.0
2025-06-18 11:43:03.174567,1317.1,163353.0,138977.0
2025-06-18 11:43:04.580805,1317.1,163353.0,138977.0
2025-06-18 11:43:05.731942,1317.1,163353.0,138977.0
2025-06-18 11:43:06.871873,1317.1,163353.0,138977.0
2025-06-18 11:43:07.328804,1317.1,163864.0,138918.0
2025-06-18 11:43:08.406281,1317.1,163864.0,138918.0
2025-06-18 11:43:08.442501,1317.1,163864.0,138918.0
2025-06-18 11:43:12.621068,1317.1,165015.0,138047.0
2025-06-18 11:43:18.363138,1317.1,165015.0,138047.0
2025-06-18 11:43:18.364172,1317.1,165083.0,137639.0
2025-06-18 11:43:22.321544,1316.6,165083.0,137639.0
2025-06-18 11:43:23.526556,1316.6,164415.0,138673.0
2025-06-18 11:43:28.370418,1317.0,164415.0,138673.0
2025-06-18 11:43:28.530795,1317.0,164708.0,138641.0
2025-06-18 11:43:30.352778,1317.0,164708.0,138641.0
2025-06-18 11:43:33.934742,1317.0,164685.0,138539.0
2025-06-18 11:43:38.329823,1317.0,164685.0,138539.0
2025-06-18 11:43:39.141428,1317.0,164821.0,137769.0
2025-06-18 11:43:42.845960,1316.4,164821.0,137769.0
2025-06-18 11:43:44.645787,1316.4,164141.0,138509.0
2025-06-18 11:43:49.926334,1317.0,164141.0,138509.0
2025-06-18 11:43:50.048388,1317.0,164788.0,138735.0
2025-06-18 11:43:55.459636,1317.0,165278.0,139019.0
2025-06-18 11:43:58.313170,1316.9,165278.0,139019.0
2025-06-18 11:44:00.663562,1316.9,165072.0,139030.0
2025-06-18 11:44:05.667113,1316.9,164993.0,139347.0
2025-06-18 11:44:08.325597,1316.9,164993.0,139347.0
2025-06-18 11:44:10.328456,1316.3,164993.0,139347.0
2025-06-18 11:44:10.563496,1316.3,165046.0,139553.0
2025-06-18 11:44:15.672077,1316.9,165064.0,139433.0
2025-06-18 11:44:16.320164,1316.9,165064.0,139433.0
2025-06-18 11:44:18.331876,1316.8,165064.0,139433.0
2025-06-18 11:44:20.329242,1316.3,165064.0,139433.0
2025-06-18 11:44:21.074370,1316.3,165427.0,139579.0
2025-06-18 11:44:22.336989,1316.9,165427.0,139579.0
2025-06-18 11:44:25.978090,1316.9,165018.0,139535.0
2025-06-18 11:44:28.325963,1316.9,165018.0,139535.0
2025-06-18 11:44:30.317299,1316.3,165018.0,139535.0
2025-06-18 11:44:30.879693,1316.3,164959.0,139119.0
2025-06-18 11:44:35.681734,1316.3,165120.0,139778.0
2025-06-18 11:44:38.315936,1316.8,165120.0,139778.0
2025-06-18 11:44:40.985660,1316.8,165886.0,140094.0
2025-06-18 11:44:46.297476,1316.8,163448.0,141140.0
2025-06-18 11:44:48.352349,1316.8,163448.0,141140.0
2025-06-18 11:44:51.299152,1316.8,163448.0,141199.0
2025-06-18 11:44:52.320001,1316.8,163448.0,141199.0
2025-06-18 11:44:54.347034,1316.8,163448.0,141199.0
2025-06-18 11:44:57.624236,1316.7,163277.0,141122.0
2025-06-18 11:44:57.682033,1316.7,163277.0,141122.0
2025-06-18 11:44:58.322304,1316.7,163277.0,141122.0
2025-06-18 11:45:01.092785,1316.7,163376.0,141071.0
2025-06-18 11:45:04.321823,1316.7,163376.0,141071.0
2025-06-18 11:45:05.698808,1316.7,163517.0,141101.0
2025-06-18 11:45:06.347764,1316.1,163517.0,141101.0
2025-06-18 11:45:08.320921,1316.7,163517.0,141101.0
2025-06-18 11:45:10.321537,1316.1,163517.0,141101.0
2025-06-18 11:45:10.702931,1316.1,163284.0,141302.0
2025-06-18 11:45:14.365869,1316.7,163284.0,141302.0
2025-06-18 11:45:15.405431,1316.7,163337.0,140713.0
2025-06-18 11:45:18.322008,1316.6,163337.0,140713.0
2025-06-18 11:45:20.706654,1316.6,164254.0,140598.0
2025-06-18 11:45:24.320503,1316.1,164254.0,140598.0
2025-06-18 11:45:25.810948,1316.1,163464.0,140999.0
2025-06-18 11:45:28.316960,1316.1,163464.0,140999.0
2025-06-18 11:45:30.613179,1316.1,163382.0,140996.0
2025-06-18 11:45:32.322297,1316.7,163382.0,140996.0
2025-06-18 11:45:35.322128,1316.7,163663.0,140513.0
2025-06-18 11:45:38.591861,1316.7,163663.0,140513.0
2025-06-18 11:45:40.222026,1316.7,163344.0,140822.0
2025-06-18 11:45:42.323518,1316.1,163344.0,140822.0
2025-06-18 11:45:45.021416,1316.1,161851.0,142935.0
2025-06-18 11:45:48.328713,1316.3,161851.0,142935.0
2025-06-18 11:45:49.830129,1316.3,162039.0,142451.0
2025-06-18 11:45:52.732223,1316.3,162039.0,142451.0
2025-06-18 11:45:53.814227,1316.3,162039.0,142451.0
2025-06-18 11:45:54.731956,1316.3,162039.0,142451.0
2025-06-18 11:45:55.128164,1316.3,162405.0,142356.0
2025-06-18 11:45:55.829714,1316.3,162405.0,142356.0
2025-06-18 11:45:56.707734,1316.3,162405.0,142356.0
2025-06-18 11:45:57.526382,1316.3,162405.0,142356.0
2025-06-18 11:45:58.322491,1316.4,162405.0,142356.0
2025-06-18 11:45:58.635883,1316.4,162405.0,142356.0
2025-06-18 11:45:59.230403,1316.4,162405.0,142356.0
2025-06-18 11:46:00.074927,1316.4,162405.0,142356.0
2025-06-18 11:46:00.130983,1316.4,161552.0,140151.0
2025-06-18 11:46:00.455305,1316.4,161552.0,140151.0
2025-06-18 11:46:01.334576,1316.4,161552.0,140151.0
2025-06-18 11:46:02.599070,1316.4,161552.0,140151.0
2025-06-18 11:46:03.467482,1316.4,161552.0,140151.0
2025-06-18 11:46:04.857252,1316.4,161552.0,140151.0
2025-06-18 11:46:05.132876,1316.4,161559.0,141361.0
2025-06-18 11:46:06.026115,1316.4,161559.0,141361.0
2025-06-18 11:46:07.146048,1316.4,161559.0,141361.0
2025-06-18 11:46:08.321626,1316.3,161559.0,141361.0
2025-06-18 11:46:08.615677,1316.3,161559.0,141361.0
2025-06-18 11:46:10.353175,1316.3,161607.0,141305.0
2025-06-18 11:46:15.537846,1316.3,161770.0,140512.0
2025-06-18 11:46:18.324197,1316.3,161770.0,140512.0
2025-06-18 11:46:20.441527,1316.3,161485.0,141161.0
2025-06-18 11:46:25.446007,1316.3,161658.0,141325.0
2025-06-18 11:46:26.324527,1316.3,161658.0,141325.0
2025-06-18 11:46:28.326588,1316.3,161658.0,141325.0
2025-06-18 11:46:30.251614,1316.3,162627.0,141224.0
2025-06-18 11:46:34.321908,1316.3,162627.0,141224.0
2025-06-18 11:46:35.160540,1316.3,162448.0,141224.0
2025-06-18 11:46:38.318869,1316.3,162448.0,141224.0
2025-06-18 11:46:40.055912,1316.3,162483.0,141155.0
2025-06-18 11:46:44.760095,1316.3,163692.0,141048.0
2025-06-18 11:46:47.684511,1316.3,163692.0,141048.0
2025-06-18 11:46:48.323782,1316.3,163692.0,141048.0
2025-06-18 11:46:49.462027,1316.3,163528.0,141129.0
2025-06-18 11:46:54.271571,1316.3,164092.0,140953.0
2025-06-18 11:46:56.324535,1316.3,164092.0,140953.0
2025-06-18 11:46:58.327661,1316.3,164092.0,140953.0
2025-06-18 11:46:59.272630,1316.3,164208.0,140830.0
2025-06-18 11:47:03.870114,1316.3,164202.0,140697.0
2025-06-18 11:47:09.070860,1316.3,160665.0,141770.0
2025-06-18 11:47:09.323173,1316.3,160665.0,141770.0
2025-06-18 11:47:14.477064,1316.3,162348.0,141674.0
2025-06-18 11:47:18.327617,1316.3,162348.0,141674.0
2025-06-18 11:47:19.828238,1316.3,162478.0,141682.0
2025-06-18 11:47:22.329418,1316.1,162478.0,141682.0
2025-06-18 11:47:24.324051,1316.3,162478.0,141682.0
2025-06-18 11:47:24.789274,1316.3,162990.0,141614.0
2025-06-18 11:47:28.357603,1316.3,162990.0,141614.0
2025-06-18 11:47:29.807040,1316.1,161764.0,141235.0
2025-06-18 11:47:30.332388,1316.1,161764.0,141235.0
2025-06-18 11:47:34.327110,1316.3,161764.0,141235.0
2025-06-18 11:47:34.985400,1316.3,161159.0,141319.0
2025-06-18 11:47:38.324090,1316.3,161159.0,141319.0
2025-06-18 11:47:40.586245,1316.1,161030.0,141298.0
2025-06-18 11:47:42.387398,1316.1,161030.0,141298.0
2025-06-18 11:47:44.325634,1316.3,161030.0,141298.0
2025-06-18 11:47:46.091193,1316.3,162753.0,140910.0
2025-06-18 11:47:48.350232,1316.3,162753.0,140910.0
2025-06-18 11:47:51.304470,1316.3,162703.0,140312.0
2025-06-18 11:47:53.119524,1316.3,162703.0,140312.0
2025-06-18 11:47:56.318869,1316.3,161000.0,141269.0
2025-06-18 11:47:58.371480,1316.3,161000.0,141269.0
2025-06-18 11:48:01.307144,1316.3,161294.0,141747.0
2025-06-18 11:48:06.298196,1316.3,162739.0,140832.0
2025-06-18 11:48:08.328023,1316.3,162739.0,140832.0
2025-06-18 11:48:11.304014,1316.3,162685.0,141613.0
2025-06-18 11:48:16.603141,1316.3,161173.0,141899.0
2025-06-18 11:48:18.331428,1316.2,161173.0,141899.0
2025-06-18 11:48:20.327445,1316.0,161173.0,141899.0
2025-06-18 11:48:21.603553,1316.0,162033.0,142038.0
2025-06-18 11:48:22.332932,1316.0,162033.0,142038.0
2025-06-18 11:48:26.815427,1316.0,162141.0,141810.0
2025-06-18 11:48:28.328985,1316.0,162141.0,141810.0
2025-06-18 11:48:31.913638,1316.0,161918.0,141885.0
2025-06-18 11:48:37.315027,1315.4,161313.0,142368.0
2025-06-18 11:48:38.331423,1315.4,161313.0,142368.0
2025-06-18 11:48:40.359115,1316.0,161313.0,142368.0
2025-06-18 11:48:42.021840,1315.5,160593.0,142426.0
2025-06-18 11:48:42.334247,1315.5,160593.0,142426.0
2025-06-18 11:48:46.842863,1315.5,160014.0,142456.0
2025-06-18 11:48:48.362262,1316.0,160014.0,142456.0
2025-06-18 11:48:50.331104,1316.0,160014.0,142456.0
2025-06-18 11:48:51.825832,1316.0,160451.0,142092.0
2025-06-18 11:48:52.332442,1316.0,160451.0,142092.0
2025-06-18 11:48:53.266894,1316.0,160451.0,142092.0
2025-06-18 11:48:54.313144,1316.0,160451.0,142092.0
2025-06-18 11:48:54.361160,1316.0,160451.0,142092.0
2025-06-18 11:48:55.241729,1316.0,160451.0,142092.0
2025-06-18 11:48:56.207245,1316.0,160451.0,142092.0
2025-06-18 11:48:56.363588,1316.0,160451.0,142092.0
2025-06-18 11:48:56.728928,1316.0,159819.0,142578.0
2025-06-18 11:48:57.124563,1316.0,159819.0,142578.0
2025-06-18 11:48:58.332135,1316.0,159819.0,142578.0
2025-06-18 11:48:59.039516,1316.0,159819.0,142578.0
2025-06-18 11:49:00.517674,1316.0,159819.0,142578.0
2025-06-18 11:49:01.431205,1316.0,160867.0,142765.0
2025-06-18 11:49:01.876522,1316.0,160867.0,142765.0
2025-06-18 11:49:03.038342,1316.0,160867.0,142765.0
2025-06-18 11:49:03.902170,1316.0,160867.0,142765.0
2025-06-18 11:49:05.304119,1316.0,160867.0,142765.0
2025-06-18 11:49:06.478811,1316.0,160867.0,142765.0
2025-06-18 11:49:06.732837,1316.0,160735.0,142768.0
2025-06-18 11:49:07.577704,1316.0,160735.0,142768.0
2025-06-18 11:49:08.333864,1316.0,160735.0,142768.0
2025-06-18 11:49:09.062304,1316.0,160735.0,142768.0
2025-06-18 11:49:11.637952,1316.0,160695.0,142826.0
2025-06-18 11:49:14.338985,1315.4,160695.0,142826.0
2025-06-18 11:49:16.538396,1315.4,159593.0,142902.0
2025-06-18 11:49:21.544404,1316.0,160082.0,142892.0
2025-06-18 11:49:22.337734,1316.0,160082.0,142892.0
2025-06-18 11:49:26.446903,1316.0,160055.0,142866.0
2025-06-18 11:49:28.334351,1316.0,160055.0,142866.0
2025-06-18 11:49:30.339660,1315.4,160055.0,142866.0
2025-06-18 11:49:31.252494,1315.4,161796.0,142406.0
2025-06-18 11:49:36.337263,1315.5,161796.0,142406.0
2025-06-18 11:49:36.455799,1315.5,160932.0,142498.0
2025-06-18 11:49:38.334832,1316.0,160932.0,142498.0
2025-06-18 11:49:41.758808,1315.5,161655.0,142480.0
2025-06-18 11:49:42.343330,1315.5,161655.0,142480.0
2025-06-18 11:49:46.335852,1315.6,161655.0,142480.0
2025-06-18 11:49:46.562248,1315.6,161610.0,142502.0
2025-06-18 11:49:48.335669,1316.0,161610.0,142502.0
2025-06-18 11:49:51.468804,1316.0,161775.0,142472.0
2025-06-18 11:49:52.337911,1316.0,161775.0,142472.0
2025-06-18 11:49:56.071635,1316.0,161539.0,142682.0
2025-06-18 11:49:58.350375,1316.0,161539.0,142682.0
2025-06-18 11:50:00.472463,1316.0,161527.0,142575.0
2025-06-18 11:50:04.334752,1315.6,161527.0,142575.0
2025-06-18 11:50:05.273466,1315.6,161352.0,142556.0
2025-06-18 11:50:08.334963,1316.0,161352.0,142556.0
2025-06-18 11:50:10.498106,1316.0,161136.0,142714.0
2025-06-18 11:50:12.336148,1315.4,161136.0,142714.0
2025-06-18 11:50:15.278050,1315.4,161649.0,142479.0
2025-06-18 11:50:18.372294,1316.0,161649.0,142479.0
2025-06-18 11:50:20.194217,1316.0,161648.0,142467.0
2025-06-18 11:50:22.337256,1315.6,161648.0,142467.0
2025-06-18 11:50:25.290617,1315.6,161491.0,142613.0
2025-06-18 11:50:28.361546,1315.8,161491.0,142613.0
2025-06-18 11:50:30.340510,1315.2,161491.0,142613.0
2025-06-18 11:50:30.380678,1315.2,158496.0,143917.0
2025-06-18 11:50:34.336843,1315.8,158496.0,143917.0
2025-06-18 11:50:35.091295,1315.8,160111.0,143842.0
2025-06-18 11:50:38.347306,1315.8,160111.0,143842.0
2025-06-18 11:50:40.346259,1315.2,160111.0,143842.0
2025-06-18 11:50:40.392671,1315.2,159823.0,144133.0
2025-06-18 11:50:45.493545,1315.2,159859.0,144146.0
2025-06-18 11:50:48.332299,1315.8,159859.0,144146.0
2025-06-18 11:50:50.392820,1315.8,160085.0,144063.0
2025-06-18 11:50:52.345124,1315.8,160085.0,144063.0
2025-06-18 11:50:55.094161,1315.8,160106.0,144032.0
2025-06-18 11:50:56.339337,1315.8,160106.0,144032.0
2025-06-18 11:50:58.333531,1315.8,160106.0,144032.0
2025-06-18 11:50:59.499207,1315.8,159909.0,144080.0
2025-06-18 11:51:03.714224,1315.2,159608.0,144084.0
2025-06-18 11:51:04.332828,1315.8,159608.0,144084.0
2025-06-18 11:51:08.345224,1315.8,159608.0,144084.0
2025-06-18 11:51:08.503041,1315.8,159787.0,144088.0
2025-06-18 11:51:13.904943,1315.7,160420.0,143404.0
