timestamp,ltp,bid_qty,ask_qty
2025-06-18 11:01:36.690191,1725.0,145800.0,186201.0
2025-06-18 11:01:38.647514,1724.9,145924.0,186303.0
2025-06-18 11:01:39.136463,1724.9,145924.0,186303.0
2025-06-18 11:01:41.137763,1724.8,145924.0,186303.0
2025-06-18 11:01:43.134750,1724.8,145924.0,186303.0
2025-06-18 11:01:43.653327,1725.0,146136.0,185807.0
2025-06-18 11:01:45.161086,1725.6,146136.0,185807.0
2025-06-18 11:01:47.146304,1725.8,146136.0,185807.0
2025-06-18 11:01:48.954101,1725.6,148816.0,183615.0
2025-06-18 11:01:49.181717,1725.6,148816.0,183615.0
2025-06-18 11:01:54.552516,1725.6,148559.0,183545.0
2025-06-18 11:01:57.153471,1725.5,148559.0,183545.0
2025-06-18 11:01:59.965288,1725.5,148723.0,184164.0
2025-06-18 11:02:01.146761,1725.4,148723.0,184164.0
2025-06-18 11:02:05.202567,1726.1,149797.0,183594.0
2025-06-18 11:02:05.205615,1726.1,149797.0,183594.0
2025-06-18 11:02:07.144629,1725.5,149797.0,183594.0
2025-06-18 11:02:10.362769,1726.1,150430.0,183698.0
2025-06-18 11:02:11.145506,1726.1,150430.0,183698.0
2025-06-18 11:02:13.148419,1726.3,150430.0,183698.0
2025-06-18 11:02:15.168130,1726.0,150430.0,183698.0
2025-06-18 11:02:15.867723,1726.2,150170.0,183235.0
2025-06-18 11:02:17.148460,1726.2,150170.0,183235.0
2025-06-18 11:02:19.140158,1726.2,150170.0,183235.0
2025-06-18 11:02:20.982844,1726.2,150018.0,182453.0
2025-06-18 11:02:23.145714,1725.6,150018.0,182453.0
2025-06-18 11:02:25.143609,1725.5,150018.0,182453.0
2025-06-18 11:02:26.185155,1726.8,151995.0,178668.0
2025-06-18 11:02:27.150908,1726.8,151995.0,178668.0
2025-06-18 11:02:29.152983,1726.8,151995.0,178668.0
2025-06-18 11:02:31.143581,1726.8,151995.0,178668.0
2025-06-18 11:02:31.178027,1726.8,152919.0,178528.0
2025-06-18 11:02:33.149529,1727.2,152919.0,178528.0
2025-06-18 11:02:35.154013,1728.3,152919.0,178528.0
2025-06-18 11:02:36.703045,1728.3,156236.0,178045.0
2025-06-18 11:02:37.151713,1728.4,156236.0,178045.0
2025-06-18 11:02:39.196213,1728.1,156236.0,178045.0
2025-06-18 11:02:41.145606,1728.2,156236.0,178045.0
2025-06-18 11:02:41.883766,1728.5,154571.0,178370.0
2025-06-18 11:02:43.151994,1728.5,154571.0,178370.0
2025-06-18 11:02:45.148088,1727.8,154571.0,178370.0
2025-06-18 11:02:47.155898,1728.2,154571.0,178370.0
2025-06-18 11:02:47.191487,1728.2,154406.0,178533.0
2025-06-18 11:02:49.151540,1727.9,154406.0,178533.0
2025-06-18 11:02:51.231336,1728.2,154406.0,178533.0
2025-06-18 11:02:52.498581,1728.1,153539.0,179282.0
2025-06-18 11:02:53.152311,1728.3,153539.0,179282.0
2025-06-18 11:02:57.794973,1728.3,152968.0,179110.0
2025-06-18 11:02:59.151737,1728.0,152968.0,179110.0
2025-06-18 11:03:01.146675,1728.0,152968.0,179110.0
2025-06-18 11:03:01.401283,1727.5,152216.0,181271.0
2025-06-18 11:03:02.136826,1728.0,152216.0,181271.0
2025-06-18 11:03:02.397665,1728.0,152959.0,181250.0
2025-06-18 11:03:03.139727,1727.9,152959.0,181250.0
2025-06-18 11:03:03.397761,1728.0,152492.0,180919.0
2025-06-18 11:03:04.143065,1727.5,152492.0,180919.0
2025-06-18 11:03:04.299151,1727.5,153038.0,180982.0
2025-06-18 11:03:05.138095,1727.5,153038.0,180982.0
2025-06-18 11:03:05.198112,1727.5,153283.0,180869.0
2025-06-18 11:03:06.138536,1727.5,153283.0,180869.0
2025-06-18 11:03:06.199326,1727.5,152646.0,181372.0
2025-06-18 11:03:07.136292,1726.8,152646.0,181372.0
2025-06-18 11:03:07.202445,1726.8,152018.0,182301.0
2025-06-18 11:03:08.202350,1726.8,152235.0,182502.0
2025-06-18 11:03:09.299915,1726.8,152464.0,181803.0
2025-06-18 11:03:10.139038,1727.2,152464.0,181803.0
2025-06-18 11:03:10.400945,1727.8,152330.0,181793.0
2025-06-18 11:03:11.141769,1727.8,152330.0,181793.0
2025-06-18 11:03:11.500303,1727.8,152223.0,181806.0
2025-06-18 11:03:12.139937,1727.2,152223.0,181806.0
2025-06-18 11:03:12.505460,1727.2,151980.0,182844.0
2025-06-18 11:03:13.605395,1727.2,152094.0,182701.0
2025-06-18 11:03:14.143007,1727.2,152094.0,182701.0
2025-06-18 11:03:14.703471,1727.2,152147.0,182823.0
2025-06-18 11:03:15.803125,1727.2,152152.0,182960.0
2025-06-18 11:03:16.803260,1727.2,152159.0,182925.0
2025-06-18 11:03:17.903238,1727.2,152193.0,183070.0
2025-06-18 11:03:18.140259,1727.2,152193.0,183070.0
2025-06-18 11:03:19.004699,1727.2,152192.0,183070.0
2025-06-18 11:03:20.104890,1727.2,152198.0,183070.0
2025-06-18 11:03:21.110915,1727.2,152594.0,182783.0
2025-06-18 11:03:21.199419,1727.2,152594.0,182783.0
2025-06-18 11:03:22.105843,1727.2,152857.0,182651.0
2025-06-18 11:03:22.163697,1727.2,152857.0,182651.0
2025-06-18 11:03:23.207470,1727.2,152891.0,182654.0
2025-06-18 11:03:24.307926,1727.2,152951.0,182710.0
2025-06-18 11:03:25.408056,1727.2,152245.0,182383.0
2025-06-18 11:03:26.145165,1727.2,152245.0,182383.0
2025-06-18 11:03:26.510955,1727.1,152292.0,182484.0
2025-06-18 11:03:27.141627,1727.1,152292.0,182484.0
2025-06-18 11:03:27.514107,1727.2,151792.0,182428.0
2025-06-18 11:03:28.141651,1727.2,151792.0,182428.0
2025-06-18 11:03:28.511793,1727.2,151965.0,182430.0
2025-06-18 11:03:29.141985,1728.0,151965.0,182430.0
2025-06-18 11:03:29.611418,1727.4,151546.0,180229.0
2025-06-18 11:03:30.139890,1727.4,151546.0,180229.0
2025-06-18 11:03:30.713667,1727.4,152229.0,181068.0
2025-06-18 11:03:31.814872,1727.1,152276.0,181087.0
2025-06-18 11:03:32.143041,1727.1,152276.0,181087.0
2025-06-18 11:03:32.914660,1727.1,151506.0,180860.0
2025-06-18 11:03:33.140686,1727.1,151506.0,180860.0
2025-06-18 11:03:34.016817,1727.0,152548.0,181214.0
2025-06-18 11:03:34.152257,1727.0,152548.0,181214.0
2025-06-18 11:03:35.114970,1727.0,152373.0,181127.0
2025-06-18 11:03:36.124767,1727.0,152322.0,177831.0
2025-06-18 11:03:37.144983,1727.9,152322.0,177831.0
2025-06-18 11:03:37.215236,1727.9,153577.0,180266.0
2025-06-18 11:03:38.220459,1727.9,153784.0,180703.0
2025-06-18 11:03:39.317443,1727.9,153552.0,180705.0
2025-06-18 11:03:40.141462,1727.5,153552.0,180705.0
2025-06-18 11:03:40.920727,1727.4,152609.0,181350.0
2025-06-18 11:03:41.165671,1727.4,152609.0,181350.0
2025-06-18 11:03:42.018471,1728.0,152880.0,181162.0
2025-06-18 11:03:42.151262,1728.0,152880.0,181162.0
2025-06-18 11:03:42.919023,1728.0,152701.0,180983.0
2025-06-18 11:03:44.019033,1728.0,152604.0,180968.0
2025-06-18 11:03:45.128036,1727.6,152146.0,180453.0
2025-06-18 11:03:45.165576,1727.6,152146.0,180453.0
2025-06-18 11:03:46.060391,1727.6,152146.0,180453.0
2025-06-18 11:03:46.152411,1728.3,152146.0,180453.0
2025-06-18 11:03:46.220055,1728.3,153722.0,179054.0
2025-06-18 11:03:47.123290,1728.3,153722.0,179054.0
2025-06-18 11:03:47.170126,1727.7,153722.0,179054.0
2025-06-18 11:03:47.321709,1727.7,153579.0,179671.0
2025-06-18 11:03:47.994789,1727.7,153579.0,179671.0
2025-06-18 11:03:48.220456,1728.0,152490.0,178682.0
2025-06-18 11:03:48.904325,1728.0,152490.0,178682.0
2025-06-18 11:03:49.152997,1727.9,152490.0,178682.0
2025-06-18 11:03:49.323443,1727.9,154375.0,179088.0
2025-06-18 11:03:49.771879,1727.9,154375.0,179088.0
2025-06-18 11:03:50.153252,1728.0,154375.0,179088.0
2025-06-18 11:03:50.422742,1728.0,154682.0,179036.0
2025-06-18 11:03:50.561009,1728.0,154682.0,179036.0
2025-06-18 11:03:51.422863,1728.0,154692.0,179036.0
2025-06-18 11:03:51.594809,1728.0,154692.0,179036.0
2025-06-18 11:03:52.230990,1728.0,154692.0,179036.0
2025-06-18 11:03:52.425628,1728.0,154692.0,179036.0
2025-06-18 11:03:52.570656,1728.0,154692.0,179036.0
2025-06-18 11:03:53.076643,1728.0,154692.0,179036.0
2025-06-18 11:03:53.526101,1727.9,153607.0,179382.0
2025-06-18 11:03:54.157127,1727.9,153607.0,179382.0
2025-06-18 11:03:54.474432,1727.9,153607.0,179382.0
2025-06-18 11:03:54.525433,1727.9,153532.0,179596.0
2025-06-18 11:03:55.526653,1728.0,153127.0,180306.0
2025-06-18 11:03:55.732314,1728.0,153127.0,180306.0
2025-06-18 11:03:56.159395,1728.0,153127.0,180306.0
2025-06-18 11:03:56.526377,1728.0,153308.0,180474.0
2025-06-18 11:03:56.589333,1728.0,153308.0,180474.0
2025-06-18 11:04:00.457574,1728.0,152976.0,180502.0
2025-06-18 11:04:00.503529,1728.0,152976.0,180502.0
2025-06-18 11:04:00.509785,1728.5,153285.0,179614.0
2025-06-18 11:04:00.511194,1728.5,153285.0,179614.0
2025-06-18 11:04:00.545515,1728.5,153285.0,179614.0
2025-06-18 11:04:00.547131,1728.5,153330.0,179618.0
2025-06-18 11:04:00.547974,1728.0,153330.0,179618.0
2025-06-18 11:04:00.583214,1728.0,153330.0,179618.0
2025-06-18 11:04:00.730428,1728.0,153882.0,179540.0
2025-06-18 11:04:01.927196,1728.0,153882.0,179540.0
2025-06-18 11:04:02.133597,1728.0,154338.0,179507.0
2025-06-18 11:04:03.036119,1728.0,154358.0,179507.0
2025-06-18 11:04:04.033189,1728.7,154461.0,179449.0
2025-06-18 11:04:04.155921,1728.7,154461.0,179449.0
2025-06-18 11:04:05.033508,1728.7,154620.0,179436.0
2025-06-18 11:04:06.033012,1728.7,154825.0,179358.0
2025-06-18 11:04:07.039422,1727.9,154035.0,180297.0
2025-06-18 11:04:07.152486,1727.9,154035.0,180297.0
2025-06-18 11:04:07.934873,1727.9,154041.0,180304.0
2025-06-18 11:04:09.139009,1728.6,154037.0,179687.0
2025-06-18 11:04:09.149213,1728.6,154037.0,179687.0
2025-06-18 11:04:10.144162,1728.6,154018.0,179801.0
2025-06-18 11:04:11.237396,1728.6,154039.0,179791.0
2025-06-18 11:04:12.157289,1728.1,154039.0,179791.0
2025-06-18 11:04:12.338034,1728.1,154193.0,179418.0
2025-06-18 11:04:13.439953,1728.7,154330.0,179164.0
2025-06-18 11:04:14.153837,1728.7,154330.0,179164.0
2025-06-18 11:04:14.545370,1728.7,153930.0,179074.0
2025-06-18 11:04:15.149366,1728.7,153930.0,179074.0
2025-06-18 11:04:16.145134,1728.7,153744.0,179260.0
2025-06-18 11:04:17.143851,1728.7,153744.0,179279.0
2025-06-18 11:04:18.040150,1728.5,153777.0,179302.0
2025-06-18 11:04:18.151762,1728.5,153777.0,179302.0
2025-06-18 11:04:19.042045,1728.1,153775.0,179753.0
2025-06-18 11:04:19.185453,1728.1,153775.0,179753.0
2025-06-18 11:04:20.183197,1728.1,153763.0,180136.0
2025-06-18 11:04:21.253713,1728.1,153789.0,180150.0
2025-06-18 11:04:22.255418,1728.1,153553.0,180074.0
2025-06-18 11:04:23.151524,1728.1,153553.0,180074.0
2025-06-18 11:04:23.357486,1728.1,153796.0,180109.0
2025-06-18 11:04:24.463305,1728.1,153784.0,180068.0
2025-06-18 11:04:25.555566,1728.1,153788.0,179924.0
2025-06-18 11:04:26.658865,1728.1,153792.0,179964.0
2025-06-18 11:04:27.153712,1728.1,153792.0,179964.0
2025-06-18 11:04:27.759379,1728.1,153822.0,179940.0
2025-06-18 11:04:28.663411,1728.1,153821.0,179933.0
2025-06-18 11:04:29.152823,1728.1,153821.0,179933.0
2025-06-18 11:04:29.660654,1728.1,153821.0,179933.0
2025-06-18 11:04:30.150826,1728.1,153821.0,179933.0
2025-06-18 11:04:30.663967,1728.0,153816.0,180127.0
2025-06-18 11:04:31.152991,1728.0,153816.0,180127.0
2025-06-18 11:04:31.761227,1728.0,153816.0,180125.0
2025-06-18 11:04:32.862962,1728.0,153927.0,180400.0
2025-06-18 11:04:33.863043,1728.0,153977.0,180361.0
2025-06-18 11:04:35.022797,1727.9,153149.0,181638.0
2025-06-18 11:04:35.159998,1727.9,153149.0,181638.0
2025-06-18 11:04:36.065839,1727.9,153505.0,181672.0
2025-06-18 11:04:37.066776,1727.9,153441.0,181626.0
2025-06-18 11:04:38.149409,1728.4,153441.0,181626.0
2025-06-18 11:04:38.167041,1728.4,154282.0,179321.0
2025-06-18 11:04:39.264102,1728.4,154312.0,179293.0
2025-06-18 11:04:40.150458,1728.7,154312.0,179293.0
2025-06-18 11:04:40.266268,1728.7,155145.0,179116.0
2025-06-18 11:04:41.364140,1728.7,155191.0,179172.0
2025-06-18 11:04:42.155643,1728.6,155191.0,179172.0
2025-06-18 11:04:42.367666,1728.6,154740.0,179216.0
2025-06-18 11:04:43.158358,1728.2,154740.0,179216.0
2025-06-18 11:04:43.485224,1728.2,154523.0,179171.0
2025-06-18 11:04:44.754321,1728.8,155019.0,179563.0
2025-06-18 11:04:45.156052,1728.8,155019.0,179563.0
2025-06-18 11:04:45.670971,1728.2,154850.0,179596.0
2025-06-18 11:04:46.153748,1728.2,154850.0,179596.0
2025-06-18 11:04:46.687643,1728.2,154987.0,179697.0
2025-06-18 11:04:47.778739,1728.2,154987.0,179698.0
2025-06-18 11:04:48.158235,1728.2,154987.0,179698.0
2025-06-18 11:04:48.767529,1728.2,154576.0,180374.0
2025-06-18 11:04:49.156072,1728.2,154576.0,180374.0
2025-06-18 11:04:49.769309,1728.2,154536.0,180301.0
2025-06-18 11:04:50.771836,1728.2,154556.0,180342.0
2025-06-18 11:04:51.153034,1728.2,154556.0,180342.0
2025-06-18 11:04:51.870549,1728.2,154576.0,180398.0
2025-06-18 11:04:52.873203,1728.2,154610.0,180388.0
2025-06-18 11:04:53.147853,1728.2,154610.0,180388.0
2025-06-18 11:04:53.873277,1728.0,152329.0,180625.0
2025-06-18 11:04:54.158922,1728.0,152329.0,180625.0
2025-06-18 11:04:54.872927,1727.7,154153.0,180694.0
2025-06-18 11:04:55.152674,1727.7,154153.0,180694.0
2025-06-18 11:04:55.986105,1727.7,154179.0,180694.0
2025-06-18 11:04:57.075421,1728.2,154810.0,180184.0
2025-06-18 11:04:57.207990,1728.2,154810.0,180184.0
2025-06-18 11:04:58.076779,1728.2,154850.0,180020.0
2025-06-18 11:04:59.156042,1728.2,154850.0,180020.0
2025-06-18 11:04:59.182178,1728.2,154035.0,181304.0
2025-06-18 11:05:00.377284,1727.7,154055.0,180718.0
2025-06-18 11:05:01.182795,1727.7,154055.0,180718.0
2025-06-18 11:05:05.169482,1727.6,154055.0,180718.0
2025-06-18 11:05:05.176382,1727.6,154357.0,180926.0
2025-06-18 11:05:09.191102,1727.8,154357.0,180926.0
2025-06-18 11:05:09.783367,1727.8,153978.0,180794.0
2025-06-18 11:05:11.161743,1727.7,153978.0,180794.0
2025-06-18 11:05:13.161935,1727.6,153978.0,180794.0
2025-06-18 11:05:15.162849,1727.5,153978.0,180794.0
2025-06-18 11:05:15.281644,1727.5,153190.0,181536.0
2025-06-18 11:05:17.173257,1727.5,153190.0,181536.0
2025-06-18 11:05:19.196677,1727.5,153190.0,181536.0
2025-06-18 11:05:20.685058,1727.5,153076.0,178889.0
2025-06-18 11:05:25.156911,1727.5,153076.0,178889.0
2025-06-18 11:05:25.591990,1727.5,152928.0,179738.0
2025-06-18 11:05:27.179552,1727.5,152928.0,179738.0
2025-06-18 11:05:30.394783,1727.4,149919.0,181258.0
2025-06-18 11:05:31.167150,1727.0,149919.0,181258.0
2025-06-18 11:05:33.206886,1727.2,149919.0,181258.0
2025-06-18 11:05:35.696950,1727.2,150479.0,181782.0
2025-06-18 11:05:37.173698,1727.1,150479.0,181782.0
2025-06-18 11:05:39.278516,1727.0,150479.0,181782.0
2025-06-18 11:05:41.098000,1727.0,150223.0,181719.0
2025-06-18 11:05:43.174169,1727.1,150223.0,181719.0
2025-06-18 11:05:46.102889,1727.1,150683.0,182719.0
2025-06-18 11:05:47.191166,1727.2,150683.0,182719.0
2025-06-18 11:05:49.180610,1727.2,150683.0,182719.0
2025-06-18 11:05:51.106091,1727.0,151027.0,183502.0
2025-06-18 11:05:51.176228,1727.0,151027.0,183502.0
2025-06-18 11:05:53.163555,1727.0,151027.0,183502.0
2025-06-18 11:05:56.312344,1727.0,151504.0,182559.0
2025-06-18 11:06:01.111703,1727.0,151124.0,182747.0
2025-06-18 11:06:01.167592,1727.0,151124.0,182747.0
2025-06-18 11:06:05.163033,1727.0,151124.0,182747.0
2025-06-18 11:06:05.820659,1727.1,151034.0,182563.0
2025-06-18 11:06:07.169195,1727.1,151034.0,182563.0
2025-06-18 11:06:09.169700,1727.0,151034.0,182563.0
2025-06-18 11:06:10.718726,1727.0,150738.0,182256.0
2025-06-18 11:06:11.209264,1727.0,150738.0,182256.0
2025-06-18 11:06:13.192000,1727.1,150738.0,182256.0
2025-06-18 11:06:15.168627,1727.1,150738.0,182256.0
2025-06-18 11:06:15.821453,1727.1,149673.0,183477.0
2025-06-18 11:06:17.169048,1727.0,149673.0,183477.0
2025-06-18 11:06:19.163859,1726.5,149673.0,183477.0
2025-06-18 11:06:20.824204,1726.5,149187.0,183183.0
2025-06-18 11:06:25.831697,1726.5,148940.0,183536.0
2025-06-18 11:06:27.167651,1726.7,148940.0,183536.0
2025-06-18 11:06:30.429750,1726.5,149196.0,183091.0
2025-06-18 11:06:31.193965,1726.5,149196.0,183091.0
2025-06-18 11:06:33.169535,1726.4,149196.0,183091.0
2025-06-18 11:06:35.236254,1726.4,149163.0,183253.0
2025-06-18 11:06:39.170372,1726.5,149163.0,183253.0
2025-06-18 11:06:40.147535,1726.4,149153.0,183618.0
2025-06-18 11:06:41.167195,1726.4,149153.0,183618.0
2025-06-18 11:06:43.170666,1726.5,149153.0,183618.0
2025-06-18 11:06:45.241349,1726.5,149090.0,184251.0
2025-06-18 11:06:46.764223,1726.5,149090.0,184251.0
2025-06-18 11:06:47.178471,1726.4,149090.0,184251.0
2025-06-18 11:06:47.622933,1726.4,149090.0,184251.0
2025-06-18 11:06:48.562458,1726.4,149090.0,184251.0
2025-06-18 11:06:49.760775,1726.9,149090.0,184251.0
2025-06-18 11:06:49.800813,1726.9,149090.0,184251.0
2025-06-18 11:06:50.146781,1726.9,148751.0,184172.0
2025-06-18 11:06:50.288865,1726.9,148751.0,184172.0
2025-06-18 11:06:51.080487,1726.9,148751.0,184172.0
2025-06-18 11:06:52.044907,1726.9,148751.0,184172.0
2025-06-18 11:06:53.167230,1727.0,148751.0,184172.0
2025-06-18 11:06:53.523972,1727.0,148751.0,184172.0
2025-06-18 11:06:54.763523,1727.0,148751.0,184172.0
2025-06-18 11:06:55.152816,1726.5,148566.0,184007.0
2025-06-18 11:06:55.173921,1726.5,148566.0,184007.0
2025-06-18 11:06:56.273451,1726.5,148566.0,184007.0
2025-06-18 11:06:57.109908,1726.5,148566.0,184007.0
2025-06-18 11:06:57.163360,1726.1,148566.0,184007.0
2025-06-18 11:06:58.544944,1726.1,148566.0,184007.0
2025-06-18 11:06:59.668388,1726.1,148566.0,184007.0
2025-06-18 11:07:00.048174,1726.1,147637.0,185725.0
2025-06-18 11:07:00.836022,1726.1,147637.0,185725.0
2025-06-18 11:07:01.165447,1726.1,147637.0,185725.0
2025-06-18 11:07:01.849145,1726.1,146596.0,187351.0
2025-06-18 11:07:02.296063,1726.1,146596.0,187351.0
2025-06-18 11:07:02.949328,1726.2,146665.0,186946.0
2025-06-18 11:07:03.162158,1726.2,146665.0,186946.0
2025-06-18 11:07:05.075825,1726.2,146691.0,186896.0
2025-06-18 11:07:05.084359,1726.2,146691.0,186896.0
2025-06-18 11:07:05.115749,1724.8,146122.0,186839.0
2025-06-18 11:07:05.170073,1724.8,146122.0,186839.0
2025-06-18 11:07:06.054800,1724.8,146613.0,186559.0
2025-06-18 11:07:07.054113,1724.8,146560.0,186463.0
2025-06-18 11:07:10.480427,1724.8,146613.0,186491.0
2025-06-18 11:07:10.532574,1725.7,146613.0,186491.0
2025-06-18 11:07:10.535884,1725.7,146456.0,186847.0
2025-06-18 11:07:10.576544,1725.3,146456.0,186847.0
2025-06-18 11:07:10.581095,1725.3,146568.0,186951.0
2025-06-18 11:07:11.460772,1725.3,146425.0,186962.0
2025-06-18 11:07:12.171257,1725.5,146425.0,186962.0
2025-06-18 11:07:12.457534,1725.5,146701.0,186997.0
2025-06-18 11:07:13.458997,1725.5,146758.0,186985.0
2025-06-18 11:07:14.560770,1725.5,147045.0,186562.0
2025-06-18 11:07:15.558269,1725.5,146931.0,186547.0
2025-06-18 11:07:16.563273,1725.5,146878.0,186850.0
2025-06-18 11:07:17.171987,1725.6,146878.0,186850.0
2025-06-18 11:07:17.565985,1725.6,146651.0,186962.0
2025-06-18 11:07:18.666792,1725.5,146763.0,186772.0
2025-06-18 11:07:19.165949,1725.5,146763.0,186772.0
2025-06-18 11:07:19.663328,1725.5,146758.0,186842.0
2025-06-18 11:07:20.662147,1725.5,146776.0,186842.0
2025-06-18 11:07:21.692256,1725.1,146448.0,186734.0
2025-06-18 11:07:22.206949,1725.1,146448.0,186734.0
2025-06-18 11:07:22.666757,1725.1,146644.0,186950.0
2025-06-18 11:07:23.566654,1725.5,146524.0,187166.0
2025-06-18 11:07:24.167304,1725.5,146524.0,187166.0
2025-06-18 11:07:24.759991,1725.5,145952.0,187690.0
2025-06-18 11:07:25.166369,1725.5,145952.0,187690.0
2025-06-18 11:07:26.463737,1725.5,146100.0,187958.0
2025-06-18 11:07:27.562323,1725.5,145592.0,188649.0
2025-06-18 11:07:28.170661,1725.3,145592.0,188649.0
2025-06-18 11:07:28.562283,1725.3,145592.0,188687.0
2025-06-18 11:07:29.177849,1725.0,145592.0,188687.0
2025-06-18 11:07:29.565539,1725.0,145702.0,187774.0
2025-06-18 11:07:30.564025,1725.0,145695.0,187797.0
2025-06-18 11:07:31.668891,1725.0,145597.0,187770.0
2025-06-18 11:07:32.178177,1725.0,145597.0,187770.0
2025-06-18 11:07:32.664214,1725.0,145628.0,187829.0
2025-06-18 11:07:33.565872,1725.0,145603.0,187913.0
2025-06-18 11:07:34.563606,1724.7,144086.0,188553.0
2025-06-18 11:07:35.163730,1724.7,144086.0,188553.0
2025-06-18 11:07:35.567046,1724.7,144050.0,188645.0
2025-06-18 11:07:36.566590,1724.7,144060.0,188835.0
2025-06-18 11:07:37.169767,1724.5,144060.0,188835.0
2025-06-18 11:07:37.567915,1724.5,143454.0,189090.0
2025-06-18 11:07:38.567525,1724.5,143385.0,189697.0
2025-06-18 11:07:39.576383,1724.5,143296.0,189637.0
2025-06-18 11:07:40.200046,1724.5,143296.0,189637.0
2025-06-18 11:07:40.569968,1724.5,143486.0,189420.0
2025-06-18 11:07:41.171438,1725.1,143486.0,189420.0
2025-06-18 11:07:41.679725,1725.1,143561.0,189467.0
2025-06-18 11:07:42.771694,1724.5,143660.0,189193.0
2025-06-18 11:07:43.171725,1724.5,143660.0,189193.0
2025-06-18 11:07:44.754134,1724.5,143726.0,189232.0
2025-06-18 11:07:45.477964,1724.5,143745.0,189366.0
2025-06-18 11:07:46.582203,1724.5,143805.0,189376.0
2025-06-18 11:07:47.177774,1724.7,143805.0,189376.0
2025-06-18 11:07:47.573765,1724.4,142016.0,190588.0
2025-06-18 11:07:48.169574,1724.4,142016.0,190588.0
2025-06-18 11:07:48.480002,1724.4,142353.0,190962.0
2025-06-18 11:07:49.578154,1724.4,142390.0,190888.0
2025-06-18 11:07:50.683209,1723.7,140985.0,191123.0
2025-06-18 11:07:51.175764,1723.7,140985.0,191123.0
2025-06-18 11:07:51.685687,1723.8,140953.0,191258.0
2025-06-18 11:07:52.176590,1723.8,140953.0,191258.0
2025-06-18 11:07:52.774834,1724.1,143188.0,189060.0
2025-06-18 11:07:53.171541,1724.1,143188.0,189060.0
2025-06-18 11:07:53.718126,1724.1,142894.0,189865.0
2025-06-18 11:07:55.162096,1724.7,144209.0,188339.0
2025-06-18 11:07:55.167007,1725.0,144209.0,188339.0
2025-06-18 11:07:55.873448,1725.0,143133.0,189636.0
2025-06-18 11:07:56.874991,1724.5,143240.0,189631.0
2025-06-18 11:07:57.169932,1724.5,143240.0,189631.0
2025-06-18 11:07:57.877819,1724.5,143293.0,189608.0
2025-06-18 11:07:58.877696,1724.5,143284.0,189576.0
2025-06-18 11:07:59.171055,1724.5,143284.0,189576.0
2025-06-18 11:07:59.879294,1724.5,143300.0,189587.0
2025-06-18 11:08:00.436771,1724.8,143300.0,189587.0
2025-06-18 11:08:01.719343,1724.5,143271.0,189767.0
2025-06-18 11:08:02.194691,1724.5,143271.0,189767.0
2025-06-18 11:08:02.781842,1724.5,143289.0,189698.0
2025-06-18 11:08:03.780129,1724.5,143371.0,189698.0
2025-06-18 11:08:04.176742,1724.5,143371.0,189698.0
2025-06-18 11:08:04.881727,1724.4,143261.0,189573.0
2025-06-18 11:08:05.184628,1724.4,143261.0,189573.0
2025-06-18 11:08:05.881053,1724.4,143157.0,189589.0
2025-06-18 11:08:06.173169,1724.3,143157.0,189589.0
2025-06-18 11:08:06.989126,1724.3,142817.0,189883.0
2025-06-18 11:08:07.179151,1724.3,142817.0,189883.0
2025-06-18 11:08:08.083072,1724.3,143047.0,189880.0
2025-06-18 11:08:09.238896,1724.8,143047.0,189880.0
2025-06-18 11:08:09.244486,1724.8,144215.0,188619.0
2025-06-18 11:08:10.188610,1725.0,144215.0,188619.0
2025-06-18 11:08:10.283965,1725.0,143470.0,187784.0
2025-06-18 11:08:11.175173,1724.7,143470.0,187784.0
2025-06-18 11:08:11.195888,1724.7,143465.0,189027.0
2025-06-18 11:08:12.253557,1724.9,143465.0,189027.0
2025-06-18 11:08:12.285567,1724.9,143677.0,189134.0
2025-06-18 11:08:13.286045,1724.9,143665.0,188893.0
2025-06-18 11:08:14.285807,1724.9,143721.0,188992.0
2025-06-18 11:08:15.206862,1724.9,143819.0,189144.0
2025-06-18 11:08:16.203387,1724.9,143702.0,189162.0
2025-06-18 11:08:20.440553,1725.0,143702.0,189162.0
2025-06-18 11:08:20.484626,1725.0,143692.0,189023.0
2025-06-18 11:08:20.498900,1725.0,143706.0,189038.0
2025-06-18 11:08:20.533556,1725.0,143280.0,189252.0
2025-06-18 11:08:20.569523,1725.0,143296.0,189216.0
2025-06-18 11:08:21.593628,1725.0,143332.0,188737.0
2025-06-18 11:08:22.170027,1725.0,143332.0,188737.0
2025-06-18 11:08:22.694398,1724.9,143356.0,188913.0
2025-06-18 11:08:23.175314,1724.9,143356.0,188913.0
2025-06-18 11:08:24.077209,1724.9,143224.0,189162.0
2025-06-18 11:08:24.894814,1724.9,143249.0,189218.0
2025-06-18 11:08:25.170499,1725.0,143249.0,189218.0
2025-06-18 11:08:26.026576,1725.0,143112.0,189269.0
2025-06-18 11:08:27.012291,1725.0,143119.0,189238.0
2025-06-18 11:08:28.007276,1725.0,143131.0,189205.0
2025-06-18 11:08:29.010727,1725.0,143214.0,189168.0
2025-06-18 11:08:30.012592,1724.8,144361.0,187685.0
2025-06-18 11:08:30.170943,1724.8,144361.0,187685.0
2025-06-18 11:08:31.012966,1725.8,144464.0,187086.0
2025-06-18 11:08:31.185991,1725.8,144464.0,187086.0
2025-06-18 11:08:31.903737,1725.8,144557.0,187497.0
2025-06-18 11:08:33.014237,1725.8,144600.0,187533.0
2025-06-18 11:08:34.105328,1725.8,144721.0,187436.0
2025-06-18 11:08:35.107031,1725.8,144572.0,187441.0
2025-06-18 11:08:36.205329,1725.8,144616.0,186909.0
2025-06-18 11:08:37.208126,1725.8,144695.0,187331.0
2025-06-18 11:08:38.206548,1725.8,144638.0,187351.0
2025-06-18 11:08:39.171305,1725.7,144638.0,187351.0
2025-06-18 11:08:39.205947,1725.7,146175.0,186445.0
2025-06-18 11:08:40.176600,1725.5,146175.0,186445.0
2025-06-18 11:08:40.222064,1725.5,145209.0,187405.0
2025-06-18 11:08:41.307169,1725.5,145206.0,187342.0
2025-06-18 11:08:42.181077,1726.1,145206.0,187342.0
2025-06-18 11:08:42.408300,1726.1,147007.0,184943.0
2025-06-18 11:08:43.410723,1726.1,146977.0,186218.0
2025-06-18 11:08:44.519342,1726.1,147080.0,186249.0
2025-06-18 11:08:45.516524,1726.1,147056.0,186319.0
2025-06-18 11:08:46.608390,1726.7,146959.0,186289.0
2025-06-18 11:08:47.172586,1726.7,146959.0,186289.0
2025-06-18 11:08:47.709035,1726.7,147338.0,185687.0
2025-06-18 11:08:48.170913,1726.0,147338.0,185687.0
2025-06-18 11:08:48.708426,1726.0,147369.0,185768.0
2025-06-18 11:08:49.711287,1726.0,147246.0,185100.0
2025-06-18 11:08:50.713856,1726.0,147253.0,185196.0
2025-06-18 11:08:51.810307,1726.0,147483.0,185191.0
2025-06-18 11:08:52.910881,1726.3,147296.0,185011.0
2025-06-18 11:08:53.173705,1726.3,147296.0,185011.0
2025-06-18 11:08:53.811492,1726.3,147367.0,184979.0
2025-06-18 11:08:54.911164,1726.3,147383.0,184995.0
2025-06-18 11:08:55.813680,1726.3,147485.0,185302.0
2025-06-18 11:08:56.812572,1726.3,147446.0,185135.0
2025-06-18 11:08:57.814232,1726.3,147636.0,185245.0
2025-06-18 11:08:58.913386,1726.3,147238.0,185743.0
2025-06-18 11:09:00.038293,1726.3,147030.0,185695.0
2025-06-18 11:09:01.714198,1726.3,147148.0,185380.0
2025-06-18 11:09:02.208308,1726.3,147148.0,185380.0
2025-06-18 11:09:02.715012,1726.7,147402.0,185592.0
2025-06-18 11:09:03.179856,1726.7,147402.0,185592.0
2025-06-18 11:09:03.716530,1726.7,147625.0,185469.0
2025-06-18 11:09:04.616081,1726.7,147588.0,186013.0
2025-06-18 11:09:05.170923,1726.7,147588.0,186013.0
2025-06-18 11:09:05.717531,1726.7,147617.0,186080.0
2025-06-18 11:09:06.619500,1726.7,145881.0,186093.0
2025-06-18 11:09:07.618295,1726.7,147631.0,186158.0
2025-06-18 11:09:08.520221,1726.7,146868.0,186133.0
2025-06-18 11:09:09.739740,1726.3,147189.0,186320.0
2025-06-18 11:09:10.170797,1726.3,147189.0,186320.0
2025-06-18 11:09:10.419160,1726.3,147710.0,186184.0
2025-06-18 11:09:11.167262,1726.4,147710.0,186184.0
2025-06-18 11:09:11.422286,1726.4,147967.0,185548.0
2025-06-18 11:09:12.165666,1726.5,147967.0,185548.0
2025-06-18 11:09:14.303783,1726.5,148531.0,184917.0
2025-06-18 11:09:14.313424,1726.5,148680.0,184531.0
2025-06-18 11:09:15.221522,1726.5,148643.0,185042.0
2025-06-18 11:09:16.222995,1726.5,148643.0,185077.0
2025-06-18 11:09:17.171417,1726.7,148643.0,185077.0
2025-06-18 11:09:18.825273,1726.7,148558.0,185037.0
2025-06-18 11:09:18.878052,1726.3,148480.0,185089.0
2025-06-18 11:09:19.165438,1726.3,148480.0,185089.0
2025-06-18 11:09:19.723127,1726.3,148480.0,185018.0
2025-06-18 11:09:21.424448,1726.3,148480.0,185063.0
2025-06-18 11:09:22.325964,1726.3,148481.0,185063.0
2025-06-18 11:09:23.326754,1726.3,148408.0,185203.0
2025-06-18 11:09:24.227002,1726.3,148353.0,185240.0
2025-06-18 11:09:25.327114,1726.3,148373.0,185187.0
2025-06-18 11:09:26.328945,1726.3,148375.0,185187.0
2025-06-18 11:09:27.429385,1726.3,148370.0,185187.0
2025-06-18 11:09:28.528668,1726.3,148374.0,185187.0
2025-06-18 11:09:29.529960,1726.5,148779.0,184540.0
2025-06-18 11:09:30.176558,1726.5,148779.0,184540.0
2025-06-18 11:09:30.633432,1726.5,148857.0,184912.0
2025-06-18 11:09:31.732736,1726.3,148433.0,184841.0
2025-06-18 11:09:32.177509,1726.3,148433.0,184841.0
2025-06-18 11:09:32.730946,1726.3,148399.0,185069.0
2025-06-18 11:09:33.732480,1726.3,148738.0,185190.0
2025-06-18 11:09:34.172753,1726.7,148738.0,185190.0
2025-06-18 11:09:34.735139,1726.7,148722.0,185152.0
2025-06-18 11:09:35.836202,1726.7,148716.0,185152.0
2025-06-18 11:09:37.036882,1726.7,149000.0,185194.0
2025-06-18 11:09:38.143564,1726.7,149537.0,185302.0
2025-06-18 11:09:39.900330,1726.7,149536.0,185302.0
2025-06-18 11:09:40.140786,1726.6,149535.0,185384.0
2025-06-18 11:09:40.168897,1726.6,149535.0,185384.0
2025-06-18 11:09:41.235099,1726.6,149535.0,185405.0
2025-06-18 11:09:42.174922,1726.5,149535.0,185405.0
2025-06-18 11:09:42.236329,1726.5,150000.0,185016.0
2025-06-18 11:09:43.148342,1726.5,150117.0,185041.0
2025-06-18 11:09:44.187374,1726.7,150117.0,185041.0
2025-06-18 11:09:44.237063,1726.7,150507.0,185004.0
2025-06-18 11:09:45.172664,1726.4,150507.0,185004.0
2025-06-18 11:09:45.238149,1726.4,150411.0,185259.0
2025-06-18 11:09:46.252008,1726.5,150411.0,185259.0
2025-06-18 11:09:46.339326,1726.5,150678.0,184947.0
2025-06-18 11:09:47.186775,1726.5,150678.0,184947.0
2025-06-18 11:09:47.246812,1726.4,150436.0,184738.0
2025-06-18 11:09:48.169935,1726.5,150436.0,184738.0
2025-06-18 11:09:48.245703,1726.5,150436.0,184738.0
2025-06-18 11:09:48.340067,1726.5,150662.0,185427.0
2025-06-18 11:09:49.139418,1726.5,150662.0,185427.0
2025-06-18 11:09:49.440342,1726.5,150626.0,185469.0
2025-06-18 11:09:50.029339,1726.5,150626.0,185469.0
2025-06-18 11:09:50.542359,1726.5,150621.0,185646.0
2025-06-18 11:09:50.869574,1726.5,150621.0,185646.0
2025-06-18 11:09:51.543421,1726.5,150611.0,185660.0
2025-06-18 11:09:51.671745,1726.5,150611.0,185660.0
2025-06-18 11:09:52.675395,1726.5,150611.0,185660.0
2025-06-18 11:09:53.221526,1726.5,150611.0,185660.0
2025-06-18 11:09:53.543216,1726.4,150674.0,185365.0
2025-06-18 11:09:53.607369,1726.4,150674.0,185365.0
2025-06-18 11:09:54.127785,1726.4,150674.0,185365.0
2025-06-18 11:09:54.183594,1726.4,150674.0,185365.0
2025-06-18 11:09:54.466660,1726.4,150674.0,185365.0
2025-06-18 11:09:54.648786,1726.7,150480.0,185265.0
2025-06-18 11:09:55.178887,1726.7,150480.0,185265.0
2025-06-18 11:09:55.344901,1726.7,150480.0,185265.0
2025-06-18 11:09:55.650895,1726.7,150490.0,185295.0
2025-06-18 11:09:56.618311,1726.7,150490.0,185295.0
2025-06-18 11:09:56.654310,1726.7,150490.0,185295.0
2025-06-18 11:09:57.568376,1726.7,150490.0,185295.0
2025-06-18 11:09:57.743607,1726.7,150088.0,185420.0
2025-06-18 11:09:58.842694,1726.7,149961.0,185361.0
2025-06-18 11:09:58.977934,1726.7,149961.0,185361.0
2025-06-18 11:09:59.952759,1726.7,150501.0,184712.0
2025-06-18 11:10:00.124249,1726.7,150501.0,184712.0
2025-06-18 11:10:00.170140,1726.7,150501.0,184712.0
2025-06-18 11:10:01.253267,1726.7,150501.0,184712.0
2025-06-18 11:10:02.178708,1727.0,150501.0,184712.0
2025-06-18 11:10:02.751094,1727.0,150501.0,184712.0
2025-06-18 11:10:03.446379,1727.0,150262.0,184661.0
2025-06-18 11:10:04.175162,1727.0,150262.0,184661.0
2025-06-18 11:10:09.503721,1727.0,151016.0,183746.0
2025-06-18 11:10:12.178918,1727.6,151016.0,183746.0
2025-06-18 11:10:14.059225,1727.6,152681.0,182074.0
2025-06-18 11:10:14.186982,1727.8,152681.0,182074.0
2025-06-18 11:10:16.179612,1727.3,152681.0,182074.0
2025-06-18 11:10:18.180662,1728.1,152681.0,182074.0
2025-06-18 11:10:19.254045,1728.1,152307.0,182514.0
2025-06-18 11:10:20.178305,1728.5,152307.0,182514.0
2025-06-18 11:10:22.179197,1728.6,152307.0,182514.0
2025-06-18 11:10:24.357425,1727.7,153011.0,181889.0
2025-06-18 11:10:25.179826,1727.7,153011.0,181889.0
2025-06-18 11:10:28.186254,1727.8,153011.0,181889.0
2025-06-18 11:10:29.961053,1727.8,152823.0,182039.0
2025-06-18 11:10:31.186288,1727.9,152823.0,182039.0
2025-06-18 11:10:35.469258,1727.9,152930.0,182329.0
2025-06-18 11:10:37.176441,1727.2,152930.0,182329.0
2025-06-18 11:10:41.088999,1727.2,151198.0,184103.0
2025-06-18 11:10:42.184284,1727.0,151198.0,184103.0
2025-06-18 11:10:44.178571,1726.5,151198.0,184103.0
2025-06-18 11:10:46.176141,1726.7,151198.0,184103.0
2025-06-18 11:10:46.373028,1726.7,150136.0,185429.0
2025-06-18 11:10:48.210876,1726.5,150136.0,185429.0
2025-06-18 11:10:50.182920,1726.6,150136.0,185429.0
2025-06-18 11:10:51.476554,1726.6,149192.0,185626.0
2025-06-18 11:10:54.188293,1726.4,149192.0,185626.0
2025-06-18 11:10:56.682925,1726.4,148806.0,185519.0
2025-06-18 11:11:00.177098,1726.4,148806.0,185519.0
2025-06-18 11:11:01.789676,1726.4,148097.0,185953.0
2025-06-18 11:11:03.174906,1726.4,148097.0,185953.0
2025-06-18 11:11:03.286683,1726.4,148534.0,185837.0
2025-06-18 11:11:04.287959,1726.4,148558.0,185854.0
2025-06-18 11:11:05.193643,1726.4,148572.0,185872.0
2025-06-18 11:11:06.176953,1726.3,148572.0,185872.0
2025-06-18 11:11:06.194817,1726.3,148749.0,186209.0
2025-06-18 11:11:07.390872,1726.3,148849.0,186260.0
2025-06-18 11:11:08.394117,1726.3,148610.0,186292.0
2025-06-18 11:11:09.394038,1726.3,148666.0,186349.0
2025-06-18 11:11:10.394117,1726.3,148666.0,186349.0
2025-06-18 11:11:11.179125,1726.2,148666.0,186349.0
2025-06-18 11:11:11.500369,1726.3,148543.0,186237.0
2025-06-18 11:11:12.177337,1726.3,148543.0,186237.0
2025-06-18 11:11:12.595833,1726.3,148633.0,186039.0
2025-06-18 11:11:13.596531,1726.3,148715.0,186050.0
2025-06-18 11:11:14.596273,1726.3,148747.0,186067.0
2025-06-18 11:11:15.693825,1725.7,147996.0,187190.0
2025-06-18 11:11:16.171947,1725.7,147996.0,187190.0
2025-06-18 11:11:16.695365,1725.7,148027.0,187344.0
2025-06-18 11:11:17.799518,1725.6,147125.0,188439.0
2025-06-18 11:11:18.183238,1725.6,147125.0,188439.0
2025-06-18 11:11:18.797510,1725.6,147162.0,188326.0
2025-06-18 11:11:19.796051,1725.6,147405.0,187635.0
2025-06-18 11:11:20.697024,1725.6,147450.0,187639.0
2025-06-18 11:11:21.799335,1725.6,147438.0,187587.0
2025-06-18 11:11:22.798660,1725.6,147440.0,187765.0
2025-06-18 11:11:23.173412,1725.5,147440.0,187765.0
2025-06-18 11:11:23.800354,1725.5,147405.0,187769.0
2025-06-18 11:11:24.799227,1725.5,147425.0,187803.0
2025-06-18 11:11:25.799611,1725.5,147440.0,187805.0
2025-06-18 11:11:26.900427,1725.5,146881.0,187592.0
2025-06-18 11:11:27.900613,1725.5,147265.0,187588.0
2025-06-18 11:11:28.188384,1725.6,147265.0,187588.0
2025-06-18 11:11:28.901786,1725.6,147367.0,187584.0
2025-06-18 11:11:29.903004,1725.6,147545.0,187602.0
2025-06-18 11:11:30.902649,1725.6,147581.0,187587.0
2025-06-18 11:11:31.177571,1725.6,147581.0,187587.0
2025-06-18 11:11:31.905264,1725.6,147660.0,187604.0
2025-06-18 11:11:33.017556,1725.6,147764.0,187634.0
2025-06-18 11:11:34.107287,1725.6,147697.0,187631.0
2025-06-18 11:11:34.177994,1725.6,147697.0,187631.0
2025-06-18 11:11:35.207578,1725.6,147649.0,187674.0
2025-06-18 11:11:36.176832,1725.6,147649.0,187674.0
2025-06-18 11:11:36.211414,1725.6,147996.0,187712.0
2025-06-18 11:11:37.210203,1725.6,147958.0,187729.0
2025-06-18 11:11:38.183668,1725.1,147958.0,187729.0
2025-06-18 11:11:38.307239,1725.1,146469.0,188616.0
2025-06-18 11:11:39.180008,1724.8,146469.0,188616.0
2025-06-18 11:11:39.408076,1724.8,146195.0,189169.0
2025-06-18 11:11:40.519428,1724.8,146113.0,189249.0
2025-06-18 11:11:41.409809,1724.8,145492.0,189769.0
2025-06-18 11:11:42.179585,1725.5,145492.0,189769.0
2025-06-18 11:11:42.408671,1725.5,145782.0,189638.0
2025-06-18 11:11:43.192853,1724.7,145782.0,189638.0
2025-06-18 11:11:43.410235,1724.7,145830.0,189657.0
2025-06-18 11:11:44.411661,1724.7,145580.0,189709.0
2025-06-18 11:11:45.185839,1724.7,145580.0,189709.0
2025-06-18 11:11:45.521396,1724.7,145422.0,189937.0
2025-06-18 11:11:46.413203,1724.7,145415.0,189947.0
2025-06-18 11:11:47.419241,1724.7,144707.0,190608.0
2025-06-18 11:11:48.313354,1724.7,144723.0,190453.0
2025-06-18 11:11:49.413819,1724.7,144738.0,190482.0
2025-06-18 11:11:50.181193,1724.7,144738.0,190482.0
2025-06-18 11:11:50.525397,1724.7,145494.0,189474.0
2025-06-18 11:11:51.417183,1724.7,145559.0,190386.0
2025-06-18 11:11:52.527433,1724.7,145559.0,190036.0
2025-06-18 11:11:53.616921,1724.7,145458.0,190103.0
2025-06-18 11:11:54.186046,1724.7,145458.0,190103.0
2025-06-18 11:11:54.718880,1724.7,144905.0,190605.0
2025-06-18 11:11:55.194909,1724.7,144905.0,190605.0
2025-06-18 11:11:55.820812,1724.7,144850.0,190605.0
2025-06-18 11:11:56.185433,1724.5,144850.0,190605.0
2025-06-18 11:11:56.721604,1724.5,144816.0,190617.0
2025-06-18 11:11:57.824866,1724.5,144835.0,190605.0
2025-06-18 11:11:58.925019,1724.5,144905.0,190768.0
2025-06-18 11:12:00.032406,1724.5,144939.0,190795.0
2025-06-18 11:12:03.327682,1724.6,144970.0,190202.0
2025-06-18 11:12:04.184891,1724.6,144970.0,190202.0
2025-06-18 11:12:06.182542,1724.6,144970.0,190202.0
2025-06-18 11:12:08.128779,1724.6,144660.0,190335.0
2025-06-18 11:12:12.200296,1725.3,144660.0,190335.0
2025-06-18 11:12:13.242917,1725.3,144586.0,190076.0
2025-06-18 11:12:14.186424,1725.4,144586.0,190076.0
2025-06-18 11:12:18.213914,1724.6,144586.0,190076.0
2025-06-18 11:12:18.549356,1724.6,144687.0,190644.0
2025-06-18 11:12:20.180894,1725.2,144687.0,190644.0
2025-06-18 11:12:23.647811,1725.2,144372.0,190008.0
2025-06-18 11:12:26.185643,1724.2,144372.0,190008.0
2025-06-18 11:12:28.555394,1724.0,144193.0,190464.0
2025-06-18 11:12:29.177507,1724.0,144193.0,190464.0
2025-06-18 11:12:32.208814,1724.1,144193.0,190464.0
2025-06-18 11:12:33.752312,1724.1,143056.0,190553.0
2025-06-18 11:12:39.053175,1724.1,142969.0,191322.0
2025-06-18 11:12:42.185093,1724.2,142969.0,191322.0
2025-06-18 11:12:44.068259,1724.2,142906.0,191036.0
2025-06-18 11:12:47.568099,1724.2,142906.0,191036.0
2025-06-18 11:12:48.186803,1724.0,142906.0,191036.0
2025-06-18 11:12:48.634688,1724.0,142906.0,191036.0
2025-06-18 11:12:49.062152,1724.0,141789.0,192200.0
2025-06-18 11:12:49.542079,1724.0,141789.0,192200.0
2025-06-18 11:12:50.188654,1724.0,141789.0,192200.0
2025-06-18 11:12:50.454501,1724.0,141789.0,192200.0
2025-06-18 11:12:51.344827,1724.0,141789.0,192200.0
2025-06-18 11:12:52.083716,1724.0,141789.0,192200.0
2025-06-18 11:12:52.186120,1723.6,141789.0,192200.0
2025-06-18 11:12:53.113161,1723.6,141789.0,192200.0
2025-06-18 11:12:54.052271,1723.6,141789.0,192200.0
2025-06-18 11:12:54.187095,1723.7,141789.0,192200.0
2025-06-18 11:12:54.531564,1723.7,141789.0,192200.0
2025-06-18 11:12:54.768747,1723.7,141568.0,192494.0
2025-06-18 11:12:54.883437,1723.7,141568.0,192494.0
2025-06-18 11:12:55.803483,1723.7,141568.0,192494.0
2025-06-18 11:12:57.056753,1723.7,141568.0,192494.0
2025-06-18 11:12:57.887773,1723.7,141568.0,192494.0
2025-06-18 11:12:59.292974,1723.7,141568.0,192494.0
2025-06-18 11:13:00.271960,1723.7,141192.0,192784.0
2025-06-18 11:13:00.402475,1723.7,141192.0,192784.0
2025-06-18 11:13:01.580664,1723.7,141192.0,192784.0
2025-06-18 11:13:02.185541,1723.7,141192.0,192784.0
2025-06-18 11:13:03.041408,1723.7,141192.0,192784.0
2025-06-18 11:13:05.177577,1723.7,140934.0,192829.0
2025-06-18 11:13:06.187184,1723.7,140934.0,192829.0
2025-06-18 11:13:08.186289,1723.7,140934.0,192829.0
2025-06-18 11:13:10.080913,1723.7,141028.0,192799.0
2025-06-18 11:13:12.189901,1723.7,141028.0,192799.0
2025-06-18 11:13:14.188330,1723.0,141028.0,192799.0
2025-06-18 11:13:14.880260,1723.0,140425.0,193471.0
2025-06-18 11:13:16.193183,1722.7,140425.0,193471.0
2025-06-18 11:13:18.193823,1723.5,140425.0,193471.0
2025-06-18 11:13:19.682468,1723.5,138995.0,194482.0
2025-06-18 11:13:24.685030,1723.5,139366.0,194901.0
2025-06-18 11:13:26.189577,1723.2,139366.0,194901.0
2025-06-18 11:13:28.189670,1723.7,139366.0,194901.0
2025-06-18 11:13:29.691822,1724.3,141029.0,193411.0
2025-06-18 11:13:30.193153,1724.3,141029.0,193411.0
2025-06-18 11:13:32.188152,1723.4,141029.0,193411.0
2025-06-18 11:13:34.192915,1724.2,141029.0,193411.0
2025-06-18 11:13:34.492573,1724.2,141122.0,192786.0
2025-06-18 11:13:36.190495,1723.8,141122.0,192786.0
2025-06-18 11:13:39.793314,1724.3,140433.0,192722.0
2025-06-18 11:13:40.194702,1724.3,140433.0,192722.0
2025-06-18 11:13:42.191305,1724.4,140433.0,192722.0
2025-06-18 11:13:44.898210,1724.4,141158.0,191517.0
2025-06-18 11:13:49.796916,1724.4,141445.0,191768.0
2025-06-18 11:13:50.203111,1724.5,141445.0,191768.0
2025-06-18 11:13:54.701361,1724.5,142037.0,191840.0
2025-06-18 11:13:58.190161,1724.1,142037.0,191840.0
2025-06-18 11:14:00.192881,1724.2,142037.0,191840.0
2025-06-18 11:14:00.209174,1724.2,142053.0,191994.0
2025-06-18 11:14:04.195361,1724.2,142053.0,191994.0
2025-06-18 11:14:05.015718,1724.0,141922.0,192125.0
2025-06-18 11:14:06.191715,1724.0,141922.0,192125.0
2025-06-18 11:14:10.021472,1724.0,142100.0,192177.0
2025-06-18 11:14:12.190992,1724.2,142100.0,192177.0
2025-06-18 11:14:15.112788,1724.2,142314.0,192175.0
2025-06-18 11:14:20.029795,1724.3,141893.0,191995.0
2025-06-18 11:14:20.192024,1723.5,141893.0,191995.0
2025-06-18 11:14:24.821667,1723.5,141153.0,193419.0
2025-06-18 11:14:28.194334,1723.3,141153.0,193419.0
2025-06-18 11:14:30.130329,1723.3,140771.0,194039.0
2025-06-18 11:14:30.195184,1723.5,140771.0,194039.0
2025-06-18 11:14:35.428993,1723.5,140230.0,193823.0
2025-06-18 11:14:40.540641,1723.5,140309.0,193763.0
2025-06-18 11:14:42.191442,1723.4,140309.0,193763.0
2025-06-18 11:14:44.192621,1723.4,140309.0,193763.0
2025-06-18 11:14:45.737910,1723.4,140162.0,193346.0
2025-06-18 11:14:48.198147,1723.5,140162.0,193346.0
2025-06-18 11:14:50.202214,1723.9,140162.0,193346.0
2025-06-18 11:14:51.242757,1723.5,141794.0,192874.0
2025-06-18 11:14:52.215884,1723.5,141794.0,192874.0
2025-06-18 11:14:56.197818,1723.5,141794.0,192874.0
2025-06-18 11:14:56.746326,1723.5,141475.0,193356.0
2025-06-18 11:15:00.194237,1723.7,141475.0,193356.0
2025-06-18 11:15:02.060159,1723.7,141781.0,193424.0
2025-06-18 11:15:02.198945,1723.7,141781.0,193424.0
2025-06-18 11:15:06.958733,1723.6,141781.0,193424.0
2025-06-18 11:15:07.353719,1723.5,141940.0,193289.0
2025-06-18 11:15:08.196261,1723.5,141940.0,193289.0
2025-06-18 11:15:12.198333,1723.6,141940.0,193289.0
2025-06-18 11:15:12.558087,1723.6,141835.0,193403.0
2025-06-18 11:15:17.562091,1723.7,141695.0,193193.0
2025-06-18 11:15:18.200327,1723.7,141695.0,193193.0
2025-06-18 11:15:22.198375,1723.7,141695.0,193193.0
2025-06-18 11:15:22.462782,1723.7,141871.0,193452.0
2025-06-18 11:15:24.201340,1723.7,141871.0,193452.0
2025-06-18 11:15:27.677606,1724.0,141114.0,194129.0
2025-06-18 11:15:28.208135,1724.0,141114.0,194129.0
2025-06-18 11:15:32.200610,1723.7,141114.0,194129.0
2025-06-18 11:15:33.269682,1723.8,140801.0,194252.0
2025-06-18 11:15:34.215480,1723.7,140801.0,194252.0
2025-06-18 11:15:36.198315,1722.7,140801.0,194252.0
2025-06-18 11:15:38.212550,1723.2,140801.0,194252.0
2025-06-18 11:15:38.696691,1723.2,139507.0,196448.0
2025-06-18 11:15:42.200163,1723.2,139507.0,196448.0
2025-06-18 11:15:43.780680,1723.4,139729.0,195962.0
2025-06-18 11:15:44.204877,1723.4,139729.0,195962.0
2025-06-18 11:15:46.217357,1722.9,139729.0,195962.0
2025-06-18 11:15:48.075442,1722.9,139729.0,195962.0
2025-06-18 11:15:48.202676,1722.9,139729.0,195962.0
2025-06-18 11:15:49.100031,1722.9,139729.0,195962.0
2025-06-18 11:15:49.183025,1722.9,139426.0,196132.0
2025-06-18 11:15:50.000192,1722.9,139426.0,196132.0
2025-06-18 11:15:50.203765,1723.2,139426.0,196132.0
2025-06-18 11:15:50.943682,1723.2,139426.0,196132.0
2025-06-18 11:15:51.784370,1723.2,139426.0,196132.0
2025-06-18 11:15:52.201376,1722.9,139426.0,196132.0
2025-06-18 11:15:52.574081,1722.9,139426.0,196132.0
2025-06-18 11:15:53.581762,1722.9,139426.0,196132.0
2025-06-18 11:15:54.139623,1722.9,139426.0,196132.0
2025-06-18 11:15:54.687784,1722.9,139253.0,196252.0
2025-06-18 11:15:55.040531,1722.9,139253.0,196252.0
2025-06-18 11:15:56.298209,1722.9,139253.0,196252.0
2025-06-18 11:15:57.588868,1722.9,139253.0,196252.0
2025-06-18 11:15:58.246263,1722.3,139253.0,196252.0
2025-06-18 11:15:58.414733,1722.3,139253.0,196252.0
2025-06-18 11:15:59.885136,1722.4,138691.0,195903.0
2025-06-18 11:16:00.117285,1722.4,138691.0,195903.0
2025-06-18 11:16:00.198161,1722.4,138691.0,195903.0
2025-06-18 11:16:01.281544,1722.4,138691.0,195903.0
2025-06-18 11:16:02.203507,1722.0,138691.0,195903.0
2025-06-18 11:16:02.403997,1722.0,138691.0,195903.0
2025-06-18 11:16:03.888808,1722.0,138691.0,195903.0
2025-06-18 11:16:04.200050,1722.0,138691.0,195903.0
2025-06-18 11:16:05.188586,1722.5,137573.0,196853.0
2025-06-18 11:16:06.201125,1721.8,137573.0,196853.0
2025-06-18 11:16:08.729611,1721.8,137573.0,196853.0
2025-06-18 11:16:10.474001,1721.7,137573.0,196853.0
2025-06-18 11:16:10.477662,1721.7,137108.0,197611.0
2025-06-18 11:16:12.205097,1722.0,137108.0,197611.0
2025-06-18 11:16:14.201474,1722.0,137108.0,197611.0
2025-06-18 11:16:15.898648,1722.0,136739.0,197246.0
2025-06-18 11:16:16.215216,1721.4,136739.0,197246.0
2025-06-18 11:16:18.208295,1722.4,136739.0,197246.0
2025-06-18 11:16:21.101081,1722.4,136392.0,196614.0
2025-06-18 11:16:24.207956,1721.5,136392.0,196614.0
2025-06-18 11:16:26.205340,1721.5,136392.0,196614.0
2025-06-18 11:16:26.236515,1721.5,136489.0,197749.0
2025-06-18 11:16:30.231436,1722.0,136489.0,197749.0
2025-06-18 11:16:31.109833,1722.0,136515.0,198058.0
2025-06-18 11:16:32.206826,1721.3,136515.0,198058.0
2025-06-18 11:16:36.370679,1721.3,136515.0,198058.0
2025-06-18 11:16:36.372337,1721.3,136121.0,198033.0
2025-06-18 11:16:38.238804,1721.3,136121.0,198033.0
2025-06-18 11:16:40.330362,1721.6,136121.0,198033.0
2025-06-18 11:16:41.617076,1722.0,136189.0,197118.0
2025-06-18 11:16:42.212619,1722.3,136189.0,197118.0
2025-06-18 11:16:44.205833,1721.6,136189.0,197118.0
2025-06-18 11:16:46.208033,1722.3,136189.0,197118.0
2025-06-18 11:16:46.722590,1722.3,136477.0,196928.0
2025-06-18 11:16:50.210172,1721.5,136477.0,196928.0
2025-06-18 11:16:51.831866,1721.5,136123.0,197197.0
2025-06-18 11:16:56.210638,1721.5,136123.0,197197.0
2025-06-18 11:16:57.024261,1721.5,136239.0,196903.0
2025-06-18 11:16:58.211227,1721.5,136239.0,196903.0
2025-06-18 11:17:02.129850,1721.5,136470.0,197679.0
2025-06-18 11:17:06.214929,1721.6,136470.0,197679.0
2025-06-18 11:17:07.235670,1721.6,136006.0,197866.0
2025-06-18 11:17:08.209358,1721.6,136006.0,197866.0
2025-06-18 11:17:10.215300,1721.6,136006.0,197866.0
2025-06-18 11:17:12.214269,1722.0,136006.0,197866.0
2025-06-18 11:17:12.331476,1722.0,137299.0,196911.0
2025-06-18 11:17:16.209488,1722.0,137299.0,196911.0
2025-06-18 11:17:17.433677,1722.0,136841.0,197925.0
2025-06-18 11:17:22.639521,1722.0,136683.0,198165.0
2025-06-18 11:17:27.843245,1721.3,136658.0,197874.0
2025-06-18 11:17:28.212717,1721.3,136658.0,197874.0
2025-06-18 11:17:32.213102,1721.3,136658.0,197874.0
2025-06-18 11:17:32.848592,1721.3,136336.0,197921.0
2025-06-18 11:17:36.214121,1721.3,136336.0,197921.0
2025-06-18 11:17:37.848984,1721.3,136707.0,198644.0
2025-06-18 11:17:42.214014,1721.4,136707.0,198644.0
2025-06-18 11:17:43.054874,1721.4,136300.0,198441.0
2025-06-18 11:17:46.218874,1721.4,136300.0,198441.0
2025-06-18 11:17:47.855454,1721.3,136637.0,198732.0
2025-06-18 11:17:48.214771,1721.3,136637.0,198732.0
2025-06-18 11:17:52.558701,1721.3,136993.0,198463.0
2025-06-18 11:17:57.167323,1721.3,136916.0,199106.0
2025-06-18 11:18:00.238769,1721.3,136916.0,199106.0
2025-06-18 11:18:01.764083,1721.3,136296.0,198933.0
2025-06-18 11:18:06.580072,1721.3,136373.0,198744.0
2025-06-18 11:18:11.370956,1721.6,135746.0,198691.0
2025-06-18 11:18:13.241873,1721.3,135746.0,198691.0
2025-06-18 11:18:17.272435,1721.3,135871.0,199033.0
2025-06-18 11:18:22.979191,1721.3,135705.0,199089.0
2025-06-18 11:18:28.256794,1721.3,135009.0,199799.0
2025-06-18 11:18:29.230407,1721.3,135009.0,199799.0
2025-06-18 11:18:31.214771,1721.4,135009.0,199799.0
2025-06-18 11:18:33.285279,1721.4,134793.0,199586.0
2025-06-18 11:18:35.218339,1721.6,134793.0,199586.0
2025-06-18 11:18:37.219380,1721.8,134793.0,199586.0
2025-06-18 11:18:38.488010,1721.8,137130.0,197856.0
2025-06-18 11:18:41.213144,1721.6,137130.0,197856.0
2025-06-18 11:18:43.217160,1721.7,137130.0,197856.0
2025-06-18 11:18:43.387357,1721.7,137298.0,197614.0
2025-06-18 11:18:45.211856,1722.0,137298.0,197614.0
2025-06-18 11:18:47.234166,1722.0,137298.0,197614.0
2025-06-18 11:18:48.096283,1722.0,137166.0,196822.0
2025-06-18 11:18:48.479318,1722.0,137166.0,196822.0
2025-06-18 11:18:49.216415,1722.5,137166.0,196822.0
2025-06-18 11:18:49.598970,1722.5,137166.0,196822.0
2025-06-18 11:18:50.478695,1722.5,137166.0,196822.0
2025-06-18 11:18:51.412668,1722.5,137166.0,196822.0
2025-06-18 11:18:52.263546,1722.5,137166.0,196822.0
2025-06-18 11:18:52.693442,1722.5,138033.0,196563.0
2025-06-18 11:18:53.044913,1722.5,138033.0,196563.0
2025-06-18 11:18:54.051391,1722.5,138033.0,196563.0
2025-06-18 11:18:55.040109,1722.5,138033.0,196563.0
2025-06-18 11:18:56.788828,1722.5,138033.0,196563.0
2025-06-18 11:18:57.496598,1722.5,138114.0,196866.0
2025-06-18 11:18:58.037953,1722.5,138114.0,196866.0
2025-06-18 11:18:59.215735,1722.7,138114.0,196866.0
2025-06-18 11:19:00.285784,1722.7,138114.0,196866.0
2025-06-18 11:19:01.218638,1724.9,138114.0,196866.0
2025-06-18 11:19:01.579578,1724.9,138114.0,196866.0
2025-06-18 11:19:01.895752,1724.6,146639.0,169160.0
2025-06-18 11:19:02.212290,1724.8,146639.0,169160.0
2025-06-18 11:19:02.719534,1724.8,146639.0,169160.0
2025-06-18 11:19:02.894682,1724.8,146465.0,171480.0
2025-06-18 11:19:03.211598,1724.7,146465.0,171480.0
2025-06-18 11:19:03.995189,1725.2,147129.0,170757.0
2025-06-18 11:19:04.192981,1725.2,147129.0,170757.0
2025-06-18 11:19:04.220441,1725.1,147129.0,170757.0
2025-06-18 11:19:04.898475,1725.1,147480.0,171753.0
2025-06-18 11:19:05.901809,1725.1,146534.0,172171.0
2025-06-18 11:19:06.897901,1724.9,146589.0,172330.0
2025-06-18 11:19:07.214956,1724.9,146589.0,172330.0
2025-06-18 11:19:07.896932,1724.9,146576.0,172327.0
2025-06-18 11:19:08.213627,1725.5,146576.0,172327.0
2025-06-18 11:19:08.998974,1725.5,146548.0,172017.0
2025-06-18 11:19:10.104192,1725.0,144855.0,169200.0
2025-06-18 11:19:10.211618,1725.0,144855.0,169200.0
2025-06-18 11:19:10.997883,1724.5,145272.0,170653.0
2025-06-18 11:19:11.209864,1724.5,145272.0,170653.0
2025-06-18 11:19:12.104996,1725.1,146868.0,171350.0
2025-06-18 11:19:12.209302,1725.1,146868.0,171350.0
2025-06-18 11:19:13.203225,1724.7,146432.0,171660.0
2025-06-18 11:19:13.216388,1724.7,146432.0,171660.0
2025-06-18 11:19:14.302607,1724.7,146739.0,171553.0
2025-06-18 11:19:15.302949,1724.7,146761.0,176565.0
2025-06-18 11:19:16.212965,1724.8,146761.0,176565.0
2025-06-18 11:19:16.304435,1724.8,145695.0,180749.0
2025-06-18 11:19:17.211429,1724.0,145695.0,180749.0
2025-06-18 11:19:17.306093,1724.0,143739.0,183277.0
2025-06-18 11:19:18.212070,1724.8,143739.0,183277.0
2025-06-18 11:19:18.307745,1724.2,143122.0,186098.0
2025-06-18 11:19:19.211230,1724.2,143122.0,186098.0
2025-06-18 11:19:19.307368,1723.8,143253.0,186612.0
2025-06-18 11:19:20.212364,1723.8,143253.0,186612.0
2025-06-18 11:19:20.309556,1723.8,141929.0,187416.0
2025-06-18 11:19:21.308294,1723.8,142853.0,187389.0
2025-06-18 11:19:22.213689,1723.7,142853.0,187389.0
2025-06-18 11:19:22.309445,1723.7,143976.0,193872.0
2025-06-18 11:19:23.308900,1723.7,143953.0,193518.0
2025-06-18 11:19:24.411148,1723.7,143963.0,193541.0
2025-06-18 11:19:25.211608,1723.9,143963.0,193541.0
2025-06-18 11:19:25.513145,1723.9,143996.0,199177.0
2025-06-18 11:19:26.514310,1723.9,144116.0,199213.0
2025-06-18 11:19:27.215324,1724.1,144116.0,199213.0
2025-06-18 11:19:27.613239,1723.9,143783.0,199054.0
2025-06-18 11:19:28.217415,1723.2,143783.0,199054.0
2025-06-18 11:19:28.711145,1723.2,144163.0,198620.0
2025-06-18 11:19:29.814826,1723.2,143843.0,199472.0
2025-06-18 11:19:30.813337,1723.8,143418.0,199071.0
2025-06-18 11:19:31.215385,1723.8,143418.0,199071.0
2025-06-18 11:19:31.816230,1723.8,143947.0,199032.0
2025-06-18 11:19:32.813900,1723.8,144019.0,199381.0
2025-06-18 11:19:33.210003,1723.8,144019.0,199381.0
2025-06-18 11:19:33.813968,1723.8,144056.0,199372.0
2025-06-18 11:19:34.814753,1723.6,144253.0,199146.0
2025-06-18 11:19:35.215187,1723.6,144253.0,199146.0
2025-06-18 11:19:35.813872,1723.6,143588.0,199198.0
2025-06-18 11:19:36.918743,1723.5,144235.0,199199.0
2025-06-18 11:19:37.215347,1723.5,144235.0,199199.0
2025-06-18 11:19:38.015573,1723.5,144747.0,198779.0
2025-06-18 11:19:38.234722,1723.4,144747.0,198779.0
2025-06-18 11:19:39.116729,1723.4,144420.0,198665.0
2025-06-18 11:19:40.118018,1723.4,144125.0,198778.0
2025-06-18 11:19:41.017772,1723.4,143778.0,198790.0
2025-06-18 11:19:42.019472,1723.6,143328.0,199159.0
2025-06-18 11:19:42.244109,1723.6,143328.0,199159.0
2025-06-18 11:19:43.127093,1722.9,142139.0,201735.0
2025-06-18 11:19:43.233875,1722.9,142139.0,201735.0
2025-06-18 11:19:44.118651,1722.9,142642.0,201793.0
2025-06-18 11:19:45.122407,1722.9,142362.0,201261.0
2025-06-18 11:19:46.122849,1722.9,142994.0,201120.0
2025-06-18 11:19:47.125934,1722.9,142156.0,198786.0
2025-06-18 11:19:48.122129,1722.9,142948.0,198786.0
2025-06-18 11:19:49.129754,1723.5,144808.0,197103.0
2025-06-18 11:19:49.258233,1723.5,144808.0,197103.0
2025-06-18 11:19:50.124878,1723.5,146090.0,196919.0
2025-06-18 11:19:51.131303,1723.5,145952.0,196923.0
2025-06-18 11:19:52.124618,1723.6,144335.0,198109.0
2025-06-18 11:19:52.215647,1723.6,144335.0,198109.0
2025-06-18 11:19:53.125700,1723.6,144025.0,198233.0
2025-06-18 11:19:54.128763,1723.6,144421.0,197810.0
2025-06-18 11:19:55.128879,1723.6,144593.0,197797.0
2025-06-18 11:19:56.035092,1723.6,143700.0,198612.0
2025-06-18 11:19:57.135637,1723.6,143644.0,201097.0
2025-06-18 11:19:58.131990,1723.6,143802.0,201097.0
2025-06-18 11:20:00.480893,1723.3,143802.0,201097.0
2025-06-18 11:20:00.486340,1723.3,143348.0,201070.0
2025-06-18 11:20:00.520649,1723.3,143375.0,201130.0
2025-06-18 11:20:01.228078,1723.3,143375.0,201130.0
2025-06-18 11:20:01.532815,1723.1,142186.0,200767.0
2025-06-18 11:20:02.235917,1723.1,142186.0,200767.0
2025-06-18 11:20:02.534987,1722.7,142537.0,200980.0
2025-06-18 11:20:03.209755,1722.7,142537.0,200980.0
2025-06-18 11:20:03.535297,1722.7,142511.0,201122.0
2025-06-18 11:20:04.537395,1722.7,142548.0,201111.0
2025-06-18 11:20:05.538385,1722.7,142503.0,201386.0
2025-06-18 11:20:06.540472,1722.7,142287.0,201106.0
2025-06-18 11:20:07.210139,1722.7,142287.0,201106.0
2025-06-18 11:20:07.547072,1722.7,142267.0,200782.0
2025-06-18 11:20:08.210950,1723.1,142267.0,200782.0
2025-06-18 11:20:08.543645,1723.1,142336.0,201092.0
2025-06-18 11:20:09.543828,1723.1,142324.0,201150.0
2025-06-18 11:20:10.213964,1723.1,142324.0,201150.0
2025-06-18 11:20:10.648384,1723.1,142404.0,201280.0
2025-06-18 11:20:11.209175,1722.9,142404.0,201280.0
2025-06-18 11:20:11.645797,1723.2,145429.0,199665.0
2025-06-18 11:20:12.210004,1724.0,145429.0,199665.0
2025-06-18 11:20:12.745128,1723.4,145539.0,199711.0
2025-06-18 11:20:13.208652,1723.4,145539.0,199711.0
2025-06-18 11:20:13.849179,1724.0,146727.0,198685.0
2025-06-18 11:20:14.208660,1724.0,146727.0,198685.0
2025-06-18 11:20:14.945414,1724.0,146562.0,199426.0
2025-06-18 11:20:15.948991,1724.0,146510.0,199437.0
2025-06-18 11:20:17.048898,1724.0,147023.0,199211.0
2025-06-18 11:20:17.210270,1724.0,147023.0,199211.0
2025-06-18 11:20:18.049123,1724.0,146132.0,199640.0
2025-06-18 11:20:19.155516,1724.0,146039.0,199640.0
2025-06-18 11:20:20.156276,1724.0,146179.0,199759.0
2025-06-18 11:20:21.157174,1724.0,146008.0,200155.0
2025-06-18 11:20:21.232541,1724.0,146008.0,200155.0
2025-06-18 11:20:22.158534,1723.7,146438.0,199589.0
2025-06-18 11:20:22.209012,1723.7,146438.0,199589.0
2025-06-18 11:20:23.157100,1723.7,146440.0,199555.0
2025-06-18 11:20:24.160532,1723.7,146440.0,199554.0
2025-06-18 11:20:25.160991,1723.7,146443.0,199542.0
2025-06-18 11:20:26.160494,1723.7,146236.0,199586.0
2025-06-18 11:20:27.159705,1723.7,146269.0,199585.0
2025-06-18 11:20:28.163420,1723.7,146343.0,199822.0
2025-06-18 11:20:29.258690,1723.7,146275.0,199758.0
2025-06-18 11:20:30.259295,1723.7,146087.0,200001.0
2025-06-18 11:20:31.166363,1723.8,146132.0,200341.0
2025-06-18 11:20:31.216021,1723.8,146132.0,200341.0
2025-06-18 11:20:32.359912,1723.8,146132.0,200356.0
2025-06-18 11:20:33.260044,1723.8,146167.0,200412.0
2025-06-18 11:20:34.362123,1723.8,146167.0,200412.0
2025-06-18 11:20:35.364153,1723.8,146252.0,200365.0
2025-06-18 11:20:36.363437,1723.8,146253.0,200711.0
2025-06-18 11:20:37.211135,1723.8,146253.0,200711.0
2025-06-18 11:20:37.466209,1723.8,146247.0,200540.0
2025-06-18 11:20:38.568085,1723.8,146253.0,200569.0
2025-06-18 11:20:39.210207,1723.7,146253.0,200569.0
2025-06-18 11:20:39.665054,1723.7,145679.0,200822.0
2025-06-18 11:20:40.565648,1723.7,145689.0,200839.0
2025-06-18 11:20:41.566039,1723.7,145672.0,200858.0
2025-06-18 11:20:42.214581,1723.8,145672.0,200858.0
2025-06-18 11:20:42.666749,1723.8,146027.0,200450.0
2025-06-18 11:20:44.167703,1723.8,146051.0,200450.0
2025-06-18 11:20:45.170033,1723.8,146007.0,200451.0
2025-06-18 11:20:46.170165,1723.8,146082.0,200464.0
2025-06-18 11:20:47.287760,1724.0,147415.0,199105.0
2025-06-18 11:20:47.290057,1724.0,147415.0,199105.0
2025-06-18 11:20:48.172155,1724.0,147952.0,199416.0
2025-06-18 11:20:49.169848,1724.0,148079.0,199405.0
2025-06-18 11:20:50.171516,1724.2,148210.0,199221.0
2025-06-18 11:20:50.216981,1724.2,148210.0,199221.0
2025-06-18 11:20:51.171211,1724.2,148215.0,199234.0
2025-06-18 11:20:52.209007,1724.6,148215.0,199234.0
2025-06-18 11:20:52.774506,1724.6,147164.0,199724.0
2025-06-18 11:20:53.872934,1724.6,147260.0,199959.0
2025-06-18 11:20:54.874499,1724.2,147580.0,198812.0
2025-06-18 11:20:55.215606,1724.2,147580.0,198812.0
2025-06-18 11:20:55.774122,1724.2,147580.0,199162.0
2025-06-18 11:20:56.874036,1724.2,147978.0,199173.0
2025-06-18 11:20:57.216867,1724.2,147978.0,199173.0
2025-06-18 11:20:57.875107,1724.2,147397.0,199795.0
2025-06-18 11:20:58.213909,1724.2,147397.0,199795.0
2025-06-18 11:20:58.975131,1724.2,147561.0,200068.0
2025-06-18 11:21:00.075007,1724.2,147241.0,200134.0
2025-06-18 11:21:02.376320,1724.2,147344.0,200182.0
2025-06-18 11:21:06.225982,1724.1,147344.0,200182.0
2025-06-18 11:21:07.217248,1724.1,147344.0,200182.0
2025-06-18 11:21:07.278926,1724.1,146712.0,200063.0
2025-06-18 11:21:08.217800,1724.0,146712.0,200063.0
2025-06-18 11:21:12.184660,1724.2,146768.0,199932.0
2025-06-18 11:21:12.220219,1724.2,146768.0,199932.0
2025-06-18 11:21:13.251553,1724.7,146768.0,199932.0
2025-06-18 11:21:14.215682,1724.2,146768.0,199932.0
2025-06-18 11:21:16.219797,1724.2,146768.0,199932.0
2025-06-18 11:21:16.790912,1724.2,146708.0,200313.0
2025-06-18 11:21:19.218320,1724.6,146708.0,200313.0
2025-06-18 11:21:21.594202,1724.6,146874.0,200244.0
2025-06-18 11:21:25.226161,1723.9,146874.0,200244.0
2025-06-18 11:21:26.690397,1723.9,146007.0,200997.0
2025-06-18 11:21:30.219606,1723.8,146007.0,200997.0
2025-06-18 11:21:31.794942,1723.8,145925.0,201246.0
2025-06-18 11:21:34.220156,1723.8,145925.0,201246.0
2025-06-18 11:21:36.796906,1723.8,144791.0,202513.0
2025-06-18 11:21:41.204842,1723.4,144625.0,202452.0
2025-06-18 11:21:41.221037,1723.4,144625.0,202452.0
2025-06-18 11:21:42.224988,1723.3,144625.0,202452.0
2025-06-18 11:21:43.226368,1723.3,144625.0,202452.0
2025-06-18 11:21:45.905103,1723.3,144147.0,202990.0
2025-06-18 11:21:48.226012,1723.3,144147.0,202990.0
2025-06-18 11:21:49.089458,1723.3,144147.0,202990.0
2025-06-18 11:21:50.224462,1723.3,144147.0,202990.0
2025-06-18 11:21:50.705596,1723.3,145080.0,202987.0
2025-06-18 11:21:51.061519,1723.3,145080.0,202987.0
2025-06-18 11:21:52.596642,1723.2,145080.0,202987.0
2025-06-18 11:21:52.859052,1723.2,145080.0,202987.0
2025-06-18 11:21:53.254425,1724.0,145080.0,202987.0
2025-06-18 11:21:53.694040,1724.0,145080.0,202987.0
2025-06-18 11:21:54.674960,1724.0,145080.0,202987.0
2025-06-18 11:21:55.219541,1724.0,145080.0,202987.0
2025-06-18 11:21:55.810553,1724.0,148038.0,200357.0
2025-06-18 11:21:56.136202,1724.0,148038.0,200357.0
2025-06-18 11:21:57.368980,1724.0,148038.0,200357.0
2025-06-18 11:21:58.709221,1724.0,148038.0,200357.0
2025-06-18 11:21:59.521337,1724.0,148038.0,200357.0
2025-06-18 11:22:00.919052,1724.0,148038.0,200357.0
2025-06-18 11:22:01.013767,1724.1,146981.0,200865.0
2025-06-18 11:22:01.220030,1724.1,146981.0,200865.0
2025-06-18 11:22:02.021674,1724.1,146981.0,200865.0
2025-06-18 11:22:03.229845,1724.4,146981.0,200865.0
2025-06-18 11:22:03.401516,1724.4,146981.0,200865.0
2025-06-18 11:22:05.228486,1724.4,146981.0,200865.0
2025-06-18 11:22:05.716505,1724.4,147282.0,200811.0
2025-06-18 11:22:10.222336,1724.0,147282.0,200811.0
2025-06-18 11:22:10.817952,1724.0,147083.0,200555.0
2025-06-18 11:22:12.222210,1724.6,147083.0,200555.0
2025-06-18 11:22:15.926123,1724.6,148068.0,199916.0
2025-06-18 11:22:17.253577,1724.6,148068.0,199916.0
2025-06-18 11:22:20.931357,1724.6,148200.0,199845.0
2025-06-18 11:22:22.251454,1724.6,148200.0,199845.0
2025-06-18 11:22:25.230593,1724.5,148200.0,199845.0
2025-06-18 11:22:25.833905,1724.5,148000.0,200135.0
2025-06-18 11:22:30.225140,1724.5,148000.0,200135.0
2025-06-18 11:22:30.856619,1724.5,148055.0,200225.0
2025-06-18 11:22:34.248853,1724.4,148055.0,200225.0
2025-06-18 11:22:35.699157,1724.4,147848.0,200234.0
2025-06-18 11:22:40.739080,1724.4,147944.0,200399.0
2025-06-18 11:22:42.227798,1724.5,147944.0,200399.0
2025-06-18 11:22:45.943080,1724.5,148424.0,199736.0
2025-06-18 11:22:47.224947,1724.2,148424.0,199736.0
2025-06-18 11:22:48.232789,1724.6,148424.0,199736.0
2025-06-18 11:22:51.253567,1724.6,148311.0,200025.0
2025-06-18 11:22:53.230688,1724.6,148311.0,200025.0
2025-06-18 11:22:56.057159,1724.6,147674.0,200131.0
2025-06-18 11:22:58.232703,1724.1,147674.0,200131.0
2025-06-18 11:23:00.754892,1724.1,147781.0,200241.0
2025-06-18 11:23:02.244489,1724.2,147781.0,200241.0
2025-06-18 11:23:05.683084,1724.2,146345.0,190639.0
2025-06-18 11:23:06.237753,1724.2,146345.0,190639.0
2025-06-18 11:23:10.687748,1724.2,145315.0,191249.0
2025-06-18 11:23:12.574241,1724.2,145315.0,191249.0
2025-06-18 11:23:15.232167,1724.1,145315.0,191249.0
2025-06-18 11:23:15.457521,1724.1,144807.0,191064.0
2025-06-18 11:23:20.964479,1724.4,145173.0,190799.0
2025-06-18 11:23:21.225403,1724.4,145173.0,190799.0
2025-06-18 11:23:26.465052,1724.4,145194.0,190978.0
2025-06-18 11:23:31.684708,1724.4,145827.0,191127.0
2025-06-18 11:23:35.232169,1724.1,145827.0,191127.0
2025-06-18 11:23:36.977635,1724.1,145853.0,191538.0
2025-06-18 11:23:37.237580,1724.1,145853.0,191538.0
2025-06-18 11:23:39.235808,1723.9,145853.0,191538.0
2025-06-18 11:23:41.779115,1723.9,145556.0,190688.0
2025-06-18 11:23:43.237428,1723.9,145556.0,190688.0
2025-06-18 11:23:46.780400,1723.9,145871.0,190985.0
2025-06-18 11:23:49.350953,1724.0,145871.0,190985.0
2025-06-18 11:23:51.241936,1724.0,145871.0,190985.0
2025-06-18 11:23:51.586091,1724.0,146385.0,190978.0
2025-06-18 11:23:53.237425,1724.0,146385.0,190978.0
2025-06-18 11:23:55.239443,1723.6,146385.0,190978.0
2025-06-18 11:23:56.288662,1723.6,146542.0,191008.0
2025-06-18 11:24:01.287016,1723.6,146385.0,191059.0
2025-06-18 11:24:05.241298,1723.8,146385.0,191059.0
2025-06-18 11:24:06.291351,1723.8,146783.0,191047.0
2025-06-18 11:24:07.244592,1723.8,146783.0,191047.0
2025-06-18 11:24:11.218170,1723.8,146790.0,191044.0
2025-06-18 11:24:13.236454,1723.7,146790.0,191044.0
2025-06-18 11:24:15.240551,1724.0,146790.0,191044.0
2025-06-18 11:24:17.205267,1724.0,146580.0,190794.0
2025-06-18 11:24:21.099299,1722.7,142231.0,191553.0
2025-06-18 11:24:21.262994,1722.7,142231.0,191553.0
2025-06-18 11:24:23.262502,1722.7,142231.0,191553.0
2025-06-18 11:24:25.235562,1722.7,142231.0,191553.0
2025-06-18 11:24:26.300161,1722.7,142552.0,190975.0
2025-06-18 11:24:31.504898,1722.7,142678.0,191688.0
2025-06-18 11:24:35.243225,1722.8,142678.0,191688.0
2025-06-18 11:24:36.211426,1722.8,142810.0,191595.0
2025-06-18 11:24:37.262420,1722.8,142810.0,191595.0
2025-06-18 11:24:39.270921,1723.5,142810.0,191595.0
2025-06-18 11:24:41.107161,1723.5,143867.0,190323.0
2025-06-18 11:24:43.236405,1722.7,143867.0,190323.0
2025-06-18 11:24:45.231523,1723.5,143867.0,190323.0
2025-06-18 11:24:46.013981,1723.5,144043.0,190829.0
2025-06-18 11:24:47.242206,1723.5,144043.0,190829.0
2025-06-18 11:24:49.520945,1723.5,144043.0,190829.0
2025-06-18 11:24:50.606475,1723.5,144043.0,190829.0
2025-06-18 11:24:51.247234,1723.7,144931.0,189675.0
2025-06-18 11:24:51.254313,1723.7,144931.0,189675.0
2025-06-18 11:24:51.514281,1723.7,144931.0,189675.0
2025-06-18 11:24:52.449566,1723.7,144931.0,189675.0
2025-06-18 11:24:53.276178,1723.7,144931.0,189675.0
2025-06-18 11:24:54.081405,1723.7,144931.0,189675.0
2025-06-18 11:24:55.074094,1723.7,144931.0,189675.0
2025-06-18 11:24:55.312408,1723.7,144931.0,189675.0
2025-06-18 11:24:55.654756,1723.7,144931.0,189675.0
2025-06-18 11:24:56.036445,1723.7,144852.0,189720.0
2025-06-18 11:24:56.059794,1723.7,144852.0,189720.0
2025-06-18 11:24:57.793972,1723.7,144852.0,189720.0
2025-06-18 11:24:59.042192,1723.7,144852.0,189720.0
2025-06-18 11:25:00.933054,1723.7,144442.0,189349.0
2025-06-18 11:25:01.289471,1723.7,144442.0,189349.0
2025-06-18 11:25:02.425275,1723.7,144442.0,189349.0
2025-06-18 11:25:03.553624,1723.7,144442.0,189349.0
2025-06-18 11:25:05.022535,1723.7,144442.0,189349.0
2025-06-18 11:25:05.245874,1723.6,144442.0,189349.0
2025-06-18 11:25:05.951709,1723.7,144247.0,189172.0
2025-06-18 11:25:07.236258,1723.7,144247.0,189172.0
2025-06-18 11:25:09.231725,1723.6,144247.0,189172.0
2025-06-18 11:25:11.266971,1723.5,144247.0,189172.0
2025-06-18 11:25:11.430723,1723.5,144620.0,189237.0
2025-06-18 11:25:13.259379,1723.3,144620.0,189237.0
2025-06-18 11:25:15.232256,1723.7,144620.0,189237.0
2025-06-18 11:25:16.944732,1723.9,147246.0,188091.0
2025-06-18 11:25:17.232901,1723.9,147246.0,188091.0
2025-06-18 11:25:19.232759,1724.0,147246.0,188091.0
2025-06-18 11:25:21.231654,1724.6,147246.0,188091.0
2025-06-18 11:25:22.242559,1724.6,148178.0,187776.0
2025-06-18 11:25:23.369186,1724.6,148178.0,187776.0
2025-06-18 11:25:27.248211,1724.6,147634.0,187774.0
2025-06-18 11:25:31.235916,1723.7,147634.0,187774.0
2025-06-18 11:25:32.153542,1724.2,146390.0,188128.0
2025-06-18 11:25:33.235500,1724.2,146390.0,188128.0
2025-06-18 11:25:37.248042,1724.2,146665.0,188140.0
2025-06-18 11:25:41.948174,1724.6,147234.0,187663.0
2025-06-18 11:25:43.233423,1724.6,147234.0,187663.0
2025-06-18 11:25:46.746444,1724.6,147250.0,187419.0
2025-06-18 11:25:47.238500,1724.6,147250.0,187419.0
2025-06-18 11:25:49.228734,1724.0,147250.0,187419.0
2025-06-18 11:25:51.236543,1724.5,147250.0,187419.0
2025-06-18 11:25:52.049578,1724.5,146688.0,188120.0
2025-06-18 11:25:57.256407,1724.5,146735.0,187724.0
2025-06-18 11:26:02.552058,1724.5,147001.0,187751.0
2025-06-18 11:26:07.670165,1724.5,147065.0,187959.0
2025-06-18 11:26:09.256144,1724.0,147065.0,187959.0
2025-06-18 11:26:11.402946,1724.1,147065.0,187959.0
2025-06-18 11:26:12.562801,1724.1,146671.0,188109.0
2025-06-18 11:26:13.242937,1724.1,146671.0,188109.0
2025-06-18 11:26:17.367100,1724.1,146668.0,188147.0
2025-06-18 11:26:21.294115,1723.9,146668.0,188147.0
2025-06-18 11:26:22.267686,1723.9,145035.0,189087.0
2025-06-18 11:26:23.271637,1723.9,145035.0,189087.0
2025-06-18 11:26:27.077133,1723.9,145787.0,188468.0
2025-06-18 11:26:29.261982,1724.1,145787.0,188468.0
2025-06-18 11:26:31.238409,1723.5,145787.0,188468.0
2025-06-18 11:26:32.202499,1723.5,146207.0,188290.0
2025-06-18 11:26:33.249098,1723.5,146207.0,188290.0
2025-06-18 11:26:35.234904,1723.5,146207.0,188290.0
2025-06-18 11:26:36.876935,1723.5,145962.0,188357.0
2025-06-18 11:26:39.273514,1723.7,145962.0,188357.0
2025-06-18 11:26:42.077065,1723.7,146964.0,187853.0
2025-06-18 11:26:43.261744,1723.7,146964.0,187853.0
2025-06-18 11:26:47.242627,1724.0,146964.0,187853.0
2025-06-18 11:26:47.382807,1724.0,146230.0,188253.0
2025-06-18 11:26:52.285156,1724.0,146045.0,188533.0
2025-06-18 11:26:53.243815,1723.7,146045.0,188533.0
2025-06-18 11:26:57.202628,1723.7,145848.0,188573.0
2025-06-18 11:27:02.497230,1723.7,146119.0,188474.0
2025-06-18 11:27:03.240914,1723.7,146119.0,188474.0
2025-06-18 11:27:05.259054,1723.9,146119.0,188474.0
2025-06-18 11:27:07.402066,1723.9,146209.0,188175.0
2025-06-18 11:27:09.278967,1723.8,146209.0,188175.0
2025-06-18 11:27:11.258280,1723.9,146209.0,188175.0
2025-06-18 11:27:12.401517,1723.9,143926.0,188510.0
2025-06-18 11:27:13.244703,1723.5,143926.0,188510.0
2025-06-18 11:27:15.262346,1723.2,143926.0,188510.0
2025-06-18 11:27:17.256439,1723.7,143926.0,188510.0
2025-06-18 11:27:17.303140,1723.7,144626.0,189333.0
2025-06-18 11:27:20.477074,1723.6,144626.0,189333.0
2025-06-18 11:27:22.219804,1723.6,144799.0,189348.0
2025-06-18 11:27:23.291020,1723.0,144799.0,189348.0
2025-06-18 11:27:25.296112,1723.0,144799.0,189348.0
2025-06-18 11:27:27.010403,1723.0,144887.0,189566.0
2025-06-18 11:27:27.302463,1722.4,144887.0,189566.0
2025-06-18 11:27:32.111148,1722.4,141364.0,190910.0
2025-06-18 11:27:33.261058,1721.9,141364.0,190910.0
2025-06-18 11:27:35.262321,1721.9,141364.0,190910.0
2025-06-18 11:27:37.412841,1721.9,140688.0,191069.0
2025-06-18 11:27:39.245369,1721.9,140688.0,191069.0
2025-06-18 11:27:41.254821,1721.5,140688.0,191069.0
2025-06-18 11:27:42.417101,1721.7,140086.0,191213.0
2025-06-18 11:27:43.250874,1721.2,140086.0,191213.0
2025-06-18 11:27:45.243118,1721.3,140086.0,191213.0
2025-06-18 11:27:48.619505,1721.3,139884.0,192598.0
2025-06-18 11:27:49.245095,1721.4,139884.0,192598.0
2025-06-18 11:27:49.951288,1721.4,139884.0,192598.0
2025-06-18 11:27:51.005287,1721.4,139884.0,192598.0
2025-06-18 11:27:51.241010,1721.3,139884.0,192598.0
2025-06-18 11:27:51.921173,1721.3,139884.0,192598.0
2025-06-18 11:27:52.857495,1721.3,139884.0,192598.0
2025-06-18 11:27:53.245080,1721.2,139884.0,192598.0
2025-06-18 11:27:53.765651,1721.2,139884.0,192598.0
2025-06-18 11:27:54.322428,1721.2,139332.0,192598.0
2025-06-18 11:27:54.497383,1721.2,139332.0,192598.0
2025-06-18 11:27:55.247325,1721.2,139332.0,192598.0
2025-06-18 11:27:55.516558,1721.2,139332.0,192598.0
2025-06-18 11:27:56.072160,1721.2,139332.0,192598.0
2025-06-18 11:27:57.245975,1721.2,139332.0,192598.0
2025-06-18 11:27:57.346462,1721.2,139332.0,192598.0
2025-06-18 11:27:58.262063,1721.2,139332.0,192598.0
2025-06-18 11:27:59.242821,1721.3,139332.0,192598.0
2025-06-18 11:27:59.332513,1721.3,139234.0,192743.0
2025-06-18 11:27:59.464664,1721.3,139234.0,192743.0
2025-06-18 11:28:00.325309,1721.3,139234.0,192743.0
2025-06-18 11:28:01.237690,1721.1,139234.0,192743.0
2025-06-18 11:28:01.727971,1721.1,139234.0,192743.0
2025-06-18 11:28:02.859088,1721.1,139234.0,192743.0
2025-06-18 11:28:03.244522,1721.2,139234.0,192743.0
2025-06-18 11:28:03.974248,1721.2,139234.0,192743.0
2025-06-18 11:28:04.028774,1721.2,139206.0,193133.0
2025-06-18 11:28:05.241125,1721.2,139206.0,193133.0
2025-06-18 11:28:05.608368,1721.2,139206.0,193133.0
2025-06-18 11:28:10.480090,1721.2,139158.0,193761.0
2025-06-18 11:28:10.489640,1721.0,139158.0,193761.0
2025-06-18 11:28:11.244571,1721.2,139158.0,193761.0
2025-06-18 11:28:13.247986,1721.2,139158.0,193761.0
2025-06-18 11:28:13.533698,1721.2,137353.0,193378.0
2025-06-18 11:28:15.246447,1721.0,137353.0,193378.0
2025-06-18 11:28:17.266101,1721.4,137353.0,193378.0
2025-06-18 11:28:18.545487,1721.4,137762.0,192908.0
2025-06-18 11:28:19.244860,1721.1,137762.0,192908.0
2025-06-18 11:28:24.143218,1721.1,137519.0,192693.0
2025-06-18 11:28:25.249163,1721.0,137519.0,192693.0
2025-06-18 11:28:29.249294,1721.0,137519.0,192693.0
2025-06-18 11:28:29.254355,1721.0,137898.0,192768.0
2025-06-18 11:28:31.246516,1721.0,137898.0,192768.0
2025-06-18 11:28:33.246504,1721.2,137898.0,192768.0
2025-06-18 11:28:34.262935,1721.2,139790.0,191906.0
2025-06-18 11:28:35.247522,1721.4,139790.0,191906.0
2025-06-18 11:28:37.247681,1721.3,139790.0,191906.0
2025-06-18 11:28:39.154031,1721.3,139473.0,192221.0
2025-06-18 11:28:39.249032,1721.1,139473.0,192221.0
2025-06-18 11:28:43.243435,1721.1,139473.0,192221.0
2025-06-18 11:28:44.229880,1721.1,139803.0,191613.0
2025-06-18 11:28:45.246722,1721.6,139803.0,191613.0
2025-06-18 11:28:47.343009,1721.4,139803.0,191613.0
2025-06-18 11:28:49.170887,1721.4,139895.0,191925.0
2025-06-18 11:28:49.245091,1721.1,139895.0,191925.0
2025-06-18 11:28:54.173267,1721.3,140289.0,191983.0
2025-06-18 11:28:55.248535,1721.1,140289.0,191983.0
2025-06-18 11:28:57.266476,1721.1,140289.0,191983.0
2025-06-18 11:28:58.769709,1721.2,139549.0,192649.0
2025-06-18 11:28:59.247764,1721.2,139549.0,192649.0
2025-06-18 11:29:03.259677,1721.0,139549.0,192649.0
2025-06-18 11:29:03.564829,1721.1,140107.0,192121.0
2025-06-18 11:29:05.277226,1721.1,140107.0,192121.0
2025-06-18 11:29:07.251545,1721.3,140107.0,192121.0
2025-06-18 11:29:08.368485,1721.5,141018.0,191663.0
2025-06-18 11:29:09.275606,1722.2,141018.0,191663.0
2025-06-18 11:29:13.251633,1722.2,141018.0,191663.0
2025-06-18 11:29:13.569272,1722.2,141746.0,191168.0
2025-06-18 11:29:15.272814,1721.8,141746.0,191168.0
2025-06-18 11:29:17.254054,1721.8,141746.0,191168.0
2025-06-18 11:29:18.974436,1721.8,141858.0,191114.0
2025-06-18 11:29:19.259091,1721.8,141858.0,191114.0
2025-06-18 11:29:23.251867,1721.8,141858.0,191114.0
2025-06-18 11:29:24.279118,1721.8,140986.0,191804.0
2025-06-18 11:29:25.268391,1721.8,140986.0,191804.0
2025-06-18 11:29:27.249514,1722.3,140986.0,191804.0
2025-06-18 11:29:29.584238,1722.3,141331.0,191008.0
2025-06-18 11:29:31.246712,1721.6,141331.0,191008.0
2025-06-18 11:29:34.888667,1722.0,141105.0,191929.0
2025-06-18 11:29:35.254256,1721.6,141105.0,191929.0
2025-06-18 11:29:37.246033,1721.9,141105.0,191929.0
2025-06-18 11:29:40.293284,1721.9,141294.0,191399.0
2025-06-18 11:29:41.256329,1721.6,141294.0,191399.0
2025-06-18 11:29:43.247610,1721.9,141294.0,191399.0
2025-06-18 11:29:45.292737,1721.9,140529.0,191682.0
2025-06-18 11:29:47.249562,1721.8,140529.0,191682.0
2025-06-18 11:29:49.995361,1722.1,140784.0,191442.0
2025-06-18 11:29:51.249609,1721.6,140784.0,191442.0
2025-06-18 11:29:53.247859,1721.6,140784.0,191442.0
2025-06-18 11:29:55.000537,1721.6,139931.0,193343.0
2025-06-18 11:29:55.264161,1721.0,139931.0,193343.0
2025-06-18 11:29:59.250242,1721.6,139931.0,193343.0
2025-06-18 11:30:00.307208,1721.6,139060.0,193132.0
2025-06-18 11:30:01.249494,1721.3,139060.0,193132.0
2025-06-18 11:30:04.249960,1721.3,139060.0,193132.0
2025-06-18 11:30:05.407449,1721.3,138666.0,193228.0
2025-06-18 11:30:07.250935,1721.0,138666.0,193228.0
2025-06-18 11:30:10.248412,1721.2,138666.0,193228.0
2025-06-18 11:30:10.914029,1721.0,138296.0,193751.0
2025-06-18 11:30:13.256255,1721.5,138296.0,193751.0
2025-06-18 11:30:16.312632,1721.5,138342.0,193077.0
2025-06-18 11:30:19.255902,1721.2,138342.0,193077.0
2025-06-18 11:30:21.728911,1721.6,139747.0,192375.0
2025-06-18 11:30:22.249385,1721.0,139747.0,192375.0
2025-06-18 11:30:25.272431,1720.8,139747.0,192375.0
2025-06-18 11:30:27.254608,1721.3,139747.0,192375.0
2025-06-18 11:30:27.421128,1721.3,139078.0,192685.0
2025-06-18 11:30:29.254410,1721.5,139078.0,192685.0
2025-06-18 11:30:31.251799,1721.1,139078.0,192685.0
2025-06-18 11:30:32.520608,1721.1,139874.0,192560.0
2025-06-18 11:30:33.251824,1721.0,139874.0,192560.0
2025-06-18 11:30:37.314236,1721.0,139874.0,192560.0
2025-06-18 11:30:37.736009,1721.0,139626.0,192665.0
2025-06-18 11:30:39.272532,1721.0,139626.0,192665.0
2025-06-18 11:30:41.259868,1720.7,139626.0,192665.0
2025-06-18 11:30:43.030583,1721.0,140064.0,192239.0
2025-06-18 11:30:43.275078,1721.0,140064.0,192239.0
2025-06-18 11:30:45.274537,1721.9,140064.0,192239.0
2025-06-18 11:30:47.288304,1721.3,140064.0,192239.0
2025-06-18 11:30:48.436741,1721.3,140242.0,191677.0
2025-06-18 11:30:49.255666,1721.3,140242.0,191677.0
2025-06-18 11:30:50.347132,1721.3,140242.0,191677.0
2025-06-18 11:30:51.272562,1721.3,140242.0,191677.0
2025-06-18 11:30:51.429327,1721.3,140242.0,191677.0
2025-06-18 11:30:52.375964,1721.3,140242.0,191677.0
2025-06-18 11:30:53.261019,1720.8,140242.0,191677.0
2025-06-18 11:30:53.300237,1720.8,140242.0,191677.0
2025-06-18 11:30:53.538902,1720.8,139639.0,192206.0
2025-06-18 11:30:54.171752,1720.8,139639.0,192206.0
2025-06-18 11:30:55.263113,1720.7,139639.0,192206.0
2025-06-18 11:30:55.986351,1720.7,139639.0,192206.0
2025-06-18 11:30:56.555982,1720.7,139639.0,192206.0
2025-06-18 11:30:57.264903,1721.0,139639.0,192206.0
2025-06-18 11:30:57.460486,1721.0,139639.0,192206.0
2025-06-18 11:30:58.648502,1721.0,138908.0,192476.0
2025-06-18 11:30:58.760787,1721.0,138908.0,192476.0
2025-06-18 11:30:59.295773,1720.7,138908.0,192476.0
2025-06-18 11:30:59.965974,1720.7,138908.0,192476.0
2025-06-18 11:31:00.836200,1720.7,138908.0,192476.0
2025-06-18 11:31:01.257570,1720.2,138908.0,192476.0
2025-06-18 11:31:01.845900,1720.2,137161.0,191769.0
2025-06-18 11:31:02.285455,1720.2,137161.0,191769.0
2025-06-18 11:31:02.293921,1720.1,137161.0,191769.0
2025-06-18 11:31:02.945195,1720.9,138304.0,191385.0
2025-06-18 11:31:03.260499,1720.5,138304.0,191385.0
2025-06-18 11:31:03.357575,1720.5,138304.0,191385.0
2025-06-18 11:31:04.048158,1720.5,138374.0,191745.0
2025-06-18 11:31:04.260745,1720.5,138374.0,191745.0
2025-06-18 11:31:04.497674,1720.5,138374.0,191745.0
2025-06-18 11:31:05.048198,1720.5,138328.0,191745.0
2025-06-18 11:31:05.981285,1720.5,138328.0,191745.0
2025-06-18 11:31:06.546948,1720.5,137942.0,191715.0
2025-06-18 11:31:07.652280,1720.5,138258.0,191460.0
2025-06-18 11:31:08.259500,1720.4,138258.0,191460.0
2025-06-18 11:31:08.756350,1720.4,138134.0,191747.0
2025-06-18 11:31:09.252161,1720.4,138134.0,191747.0
2025-06-18 11:31:09.950459,1720.5,138109.0,192176.0
2025-06-18 11:31:10.253693,1720.4,138109.0,192176.0
2025-06-18 11:31:10.855631,1720.4,137997.0,192221.0
2025-06-18 11:31:11.261396,1720.4,137997.0,192221.0
2025-06-18 11:31:11.951816,1720.6,138436.0,191850.0
2025-06-18 11:31:12.252737,1720.6,138436.0,191850.0
2025-06-18 11:31:13.056535,1720.6,138267.0,192206.0
2025-06-18 11:31:13.264348,1720.6,138267.0,192206.0
2025-06-18 11:31:14.166684,1720.6,138281.0,191982.0
2025-06-18 11:31:15.264584,1720.6,138264.0,191959.0
2025-06-18 11:31:16.263658,1720.6,138264.0,191959.0
2025-06-18 11:31:16.358196,1720.6,138208.0,191920.0
2025-06-18 11:31:17.262634,1720.7,138208.0,191920.0
2025-06-18 11:31:17.356757,1720.7,137411.0,191758.0
2025-06-18 11:31:18.265822,1720.7,137411.0,191758.0
2025-06-18 11:31:18.357888,1720.7,137871.0,191205.0
2025-06-18 11:31:19.466556,1720.7,137294.0,191384.0
2025-06-18 11:31:20.361945,1720.7,137464.0,191439.0
2025-06-18 11:31:21.296152,1720.7,137666.0,191464.0
2025-06-18 11:31:22.253689,1721.0,137666.0,191464.0
2025-06-18 11:31:22.363197,1721.0,137943.0,191424.0
2025-06-18 11:31:23.263061,1720.6,137943.0,191424.0
2025-06-18 11:31:23.362817,1720.6,137702.0,192021.0
2025-06-18 11:31:24.261089,1720.6,137702.0,192021.0
2025-06-18 11:31:24.363299,1720.6,137320.0,192065.0
2025-06-18 11:31:25.263574,1720.6,137320.0,192065.0
2025-06-18 11:31:25.467545,1720.6,137603.0,192020.0
2025-06-18 11:31:26.463716,1720.6,137701.0,191981.0
2025-06-18 11:31:27.465129,1720.6,137714.0,191996.0
2025-06-18 11:31:28.258651,1720.6,137714.0,191996.0
2025-06-18 11:31:28.465045,1720.6,137807.0,192112.0
2025-06-18 11:31:29.482869,1720.6,137807.0,192112.0
2025-06-18 11:31:29.564226,1720.6,137755.0,192146.0
2025-06-18 11:31:30.282018,1720.6,137755.0,192146.0
2025-06-18 11:31:30.706668,1720.6,137782.0,192116.0
2025-06-18 11:31:31.770122,1720.6,137832.0,192036.0
2025-06-18 11:31:32.767731,1720.4,137417.0,192254.0
2025-06-18 11:31:33.256141,1720.6,137417.0,192254.0
2025-06-18 11:31:33.872069,1720.6,137466.0,192270.0
2025-06-18 11:31:34.265147,1720.6,137466.0,192270.0
2025-06-18 11:31:34.970323,1720.6,137462.0,192364.0
2025-06-18 11:31:36.070295,1720.7,137511.0,192360.0
2025-06-18 11:31:36.258171,1720.6,137511.0,192360.0
2025-06-18 11:31:37.175512,1720.6,137486.0,192381.0
2025-06-18 11:31:38.073799,1720.6,137503.0,192398.0
2025-06-18 11:31:38.977108,1720.7,137659.0,192649.0
2025-06-18 11:31:39.308503,1720.7,137659.0,192649.0
2025-06-18 11:31:40.680633,1720.7,137662.0,192686.0
2025-06-18 11:31:41.257614,1720.7,137662.0,192686.0
2025-06-18 11:31:41.685612,1720.7,137944.0,192685.0
2025-06-18 11:31:42.282019,1720.7,137944.0,192685.0
2025-06-18 11:31:42.681485,1720.7,137863.0,192596.0
2025-06-18 11:31:43.260207,1720.6,137863.0,192596.0
2025-06-18 11:31:43.580572,1720.6,137662.0,192863.0
2025-06-18 11:31:44.256208,1720.5,137662.0,192863.0
2025-06-18 11:31:44.580743,1720.5,137517.0,192863.0
2025-06-18 11:31:45.261492,1720.5,137517.0,192863.0
2025-06-18 11:31:45.689428,1720.5,137231.0,192915.0
2025-06-18 11:31:46.796585,1720.5,137265.0,192892.0
2025-06-18 11:31:47.756965,1720.6,137554.0,192847.0
2025-06-18 11:31:48.280255,1720.5,137554.0,192847.0
2025-06-18 11:31:48.882556,1720.5,137721.0,192895.0
2025-06-18 11:31:49.270941,1720.5,137721.0,192895.0
2025-06-18 11:31:49.984499,1720.6,137742.0,192857.0
2025-06-18 11:31:50.256526,1720.5,137742.0,192857.0
2025-06-18 11:31:51.083022,1720.4,137694.0,192736.0
2025-06-18 11:31:51.263809,1720.4,137694.0,192736.0
2025-06-18 11:31:52.197308,1720.4,137705.0,192400.0
2025-06-18 11:31:52.274199,1720.4,137705.0,192400.0
2025-06-18 11:31:53.086092,1720.4,137719.0,192355.0
2025-06-18 11:31:53.258132,1720.4,137719.0,192355.0
2025-06-18 11:31:54.198896,1720.4,137664.0,192396.0
2025-06-18 11:31:55.198416,1720.4,136680.0,193724.0
2025-06-18 11:31:55.258130,1720.1,136680.0,193724.0
2025-06-18 11:31:56.408563,1720.1,136596.0,193737.0
2025-06-18 11:31:56.413281,1720.1,136596.0,193737.0
2025-06-18 11:31:57.405257,1720.1,136068.0,193658.0
2025-06-18 11:31:57.411268,1720.1,136068.0,193658.0
2025-06-18 11:31:58.201261,1720.1,135544.0,193726.0
2025-06-18 11:31:58.266291,1720.1,135544.0,193726.0
2025-06-18 11:31:59.201873,1720.1,136155.0,193688.0
2025-06-18 11:31:59.256411,1720.1,136155.0,193688.0
2025-06-18 11:32:00.286669,1720.1,136155.0,193688.0
2025-06-18 11:32:00.796413,1720.1,136216.0,193719.0
2025-06-18 11:32:05.100272,1720.1,136379.0,193526.0
2025-06-18 11:32:05.261000,1720.2,136379.0,193526.0
2025-06-18 11:32:10.263388,1720.0,136379.0,193526.0
2025-06-18 11:32:10.905023,1719.6,132809.0,193681.0
2025-06-18 11:32:15.267350,1720.0,132809.0,193681.0
2025-06-18 11:32:17.008878,1720.0,133383.0,192843.0
2025-06-18 11:32:18.262611,1720.0,133383.0,192843.0
2025-06-18 11:32:21.260867,1719.7,133383.0,192843.0
2025-06-18 11:32:22.314236,1720.0,133132.0,192914.0
2025-06-18 11:32:24.269904,1719.6,133132.0,192914.0
2025-06-18 11:32:27.266540,1720.0,133132.0,192914.0
2025-06-18 11:32:28.120057,1720.0,133712.0,193389.0
2025-06-18 11:32:30.259584,1720.0,133712.0,193389.0
2025-06-18 11:32:33.261837,1720.0,133712.0,193389.0
2025-06-18 11:32:33.831625,1720.0,133627.0,192982.0
2025-06-18 11:32:36.270801,1719.3,133627.0,192982.0
2025-06-18 11:32:39.258885,1720.0,133627.0,192982.0
2025-06-18 11:32:39.747573,1720.0,134018.0,194774.0
2025-06-18 11:32:42.264001,1720.0,134018.0,194774.0
2025-06-18 11:32:45.262704,1720.1,134018.0,194774.0
2025-06-18 11:32:45.332158,1720.1,133660.0,194950.0
2025-06-18 11:32:48.266840,1720.2,133660.0,194950.0
2025-06-18 11:32:50.639181,1720.0,133927.0,194862.0
2025-06-18 11:32:51.263529,1720.0,133927.0,194862.0
2025-06-18 11:32:54.261824,1719.8,133927.0,194862.0
2025-06-18 11:32:55.741265,1719.8,133708.0,195300.0
2025-06-18 11:32:57.278138,1720.0,133708.0,195300.0
2025-06-18 11:33:00.265885,1720.0,133708.0,195300.0
2025-06-18 11:33:01.140362,1720.0,133646.0,194994.0
2025-06-18 11:33:01.259753,1720.0,133646.0,194994.0
2025-06-18 11:33:02.246339,1720.0,133427.0,195075.0
2025-06-18 11:33:02.259843,1720.0,133427.0,195075.0
2025-06-18 11:33:03.244420,1720.0,133848.0,195070.0
2025-06-18 11:33:03.256582,1720.0,133848.0,195070.0
2025-06-18 11:33:04.265001,1720.0,133848.0,195070.0
2025-06-18 11:33:04.339841,1720.0,133599.0,195064.0
2025-06-18 11:33:05.267499,1719.8,133599.0,195064.0
2025-06-18 11:33:05.538226,1720.0,133925.0,194880.0
2025-06-18 11:33:06.258843,1720.0,133925.0,194880.0
2025-06-18 11:33:06.541679,1720.0,133338.0,195387.0
2025-06-18 11:33:07.262642,1720.0,133338.0,195387.0
2025-06-18 11:33:07.643467,1720.0,133295.0,195250.0
2025-06-18 11:33:08.257529,1720.0,133295.0,195250.0
2025-06-18 11:33:08.644834,1720.0,133248.0,195211.0
2025-06-18 11:33:09.261868,1720.0,133248.0,195211.0
2025-06-18 11:33:09.641981,1720.0,133257.0,195211.0
2025-06-18 11:33:10.261353,1720.0,133257.0,195211.0
2025-06-18 11:33:10.670396,1720.0,132854.0,195345.0
2025-06-18 11:33:11.259962,1719.7,132854.0,195345.0
2025-06-18 11:33:11.743050,1720.0,133877.0,194921.0
2025-06-18 11:33:12.264158,1719.9,133877.0,194921.0
2025-06-18 11:33:12.845252,1719.9,134325.0,194247.0
2025-06-18 11:33:13.946740,1719.9,134342.0,194247.0
2025-06-18 11:33:14.849127,1719.7,133903.0,194726.0
2025-06-18 11:33:15.264803,1719.7,133903.0,194726.0
2025-06-18 11:33:16.048108,1719.7,133350.0,195195.0
2025-06-18 11:33:16.265145,1719.7,133350.0,195195.0
2025-06-18 11:33:17.148089,1719.7,133342.0,195233.0
2025-06-18 11:33:18.221003,1720.0,133597.0,194820.0
2025-06-18 11:33:18.259842,1720.0,133597.0,194820.0
2025-06-18 11:33:19.152191,1720.0,133641.0,194715.0
2025-06-18 11:33:19.265048,1719.6,133641.0,194715.0
2025-06-18 11:33:20.048369,1719.5,133522.0,194619.0
2025-06-18 11:33:20.265493,1719.5,133522.0,194619.0
2025-06-18 11:33:21.254587,1720.0,133463.0,195385.0
2025-06-18 11:33:21.271021,1720.0,133463.0,195385.0
2025-06-18 11:33:22.253690,1720.0,133970.0,194478.0
2025-06-18 11:33:22.258996,1720.0,133970.0,194478.0
2025-06-18 11:33:23.258710,1719.8,133927.0,194580.0
2025-06-18 11:33:23.271663,1719.8,133927.0,194580.0
2025-06-18 11:33:24.254038,1719.8,133965.0,194440.0
2025-06-18 11:33:25.258634,1720.4,133965.0,194440.0
2025-06-18 11:33:25.349937,1720.4,133977.0,194455.0
2025-06-18 11:33:26.270558,1720.0,133977.0,194455.0
2025-06-18 11:33:26.450467,1720.0,133511.0,195006.0
2025-06-18 11:33:27.276176,1720.0,133511.0,195006.0
2025-06-18 11:33:27.550675,1719.5,133061.0,195509.0
2025-06-18 11:33:28.274742,1720.0,133061.0,195509.0
2025-06-18 11:33:28.659189,1720.0,133473.0,195437.0
2025-06-18 11:33:29.264389,1720.0,133473.0,195437.0
2025-06-18 11:33:29.753426,1720.0,133406.0,195366.0
2025-06-18 11:33:30.267824,1720.0,133406.0,195366.0
2025-06-18 11:33:30.666633,1720.0,133466.0,195371.0
2025-06-18 11:33:31.265504,1720.0,133466.0,195371.0
2025-06-18 11:33:31.654686,1720.0,133481.0,195378.0
2025-06-18 11:33:32.275305,1720.0,133481.0,195378.0
2025-06-18 11:33:32.753529,1720.0,132948.0,195519.0
2025-06-18 11:33:33.275989,1720.0,132948.0,195519.0
2025-06-18 11:33:33.752848,1720.0,132792.0,195537.0
2025-06-18 11:33:34.346153,1720.0,132792.0,195537.0
2025-06-18 11:33:34.756769,1720.0,133142.0,195693.0
2025-06-18 11:33:35.271503,1720.0,133142.0,195693.0
2025-06-18 11:33:35.752141,1720.0,133279.0,195484.0
2025-06-18 11:33:36.261703,1720.0,133279.0,195484.0
2025-06-18 11:33:36.662219,1720.0,133276.0,195755.0
2025-06-18 11:33:37.269282,1720.0,133276.0,195755.0
2025-06-18 11:33:37.757024,1719.3,133094.0,195802.0
2025-06-18 11:33:38.265268,1720.0,133094.0,195802.0
2025-06-18 11:33:38.954575,1719.8,131926.0,195924.0
2025-06-18 11:33:39.269406,1719.0,131926.0,195924.0
2025-06-18 11:33:40.065419,1719.0,130148.0,196253.0
2025-06-18 11:33:41.269076,1719.0,130148.0,196253.0
2025-06-18 11:33:41.670765,1719.6,132258.0,195299.0
2025-06-18 11:33:42.265209,1719.6,132258.0,195299.0
2025-06-18 11:33:42.558859,1719.6,131676.0,195869.0
2025-06-18 11:33:43.559316,1719.6,131564.0,195917.0
2025-06-18 11:33:44.559864,1719.6,132161.0,195545.0
2025-06-18 11:33:45.667657,1719.6,131797.0,195607.0
2025-06-18 11:33:46.762254,1719.6,131885.0,196217.0
2025-06-18 11:33:47.863962,1719.6,131760.0,196446.0
2025-06-18 11:33:48.866150,1719.2,131556.0,196167.0
2025-06-18 11:33:49.266959,1719.2,131556.0,196167.0
2025-06-18 11:33:49.865198,1719.2,131695.0,196197.0
2025-06-18 11:33:50.866406,1719.2,131669.0,196252.0
2025-06-18 11:33:51.123115,1719.2,131669.0,196252.0
2025-06-18 11:33:51.268562,1719.2,131669.0,196252.0
2025-06-18 11:33:51.867622,1719.2,132211.0,195851.0
2025-06-18 11:33:52.238629,1719.2,132211.0,195851.0
2025-06-18 11:33:52.267988,1719.0,132211.0,195851.0
2025-06-18 11:33:52.866580,1719.0,132176.0,195872.0
2025-06-18 11:33:53.157182,1719.0,132176.0,195872.0
2025-06-18 11:33:53.866630,1719.0,132155.0,195980.0
2025-06-18 11:33:54.114402,1719.0,132155.0,195980.0
2025-06-18 11:33:54.767320,1719.0,132168.0,195978.0
2025-06-18 11:33:54.988194,1719.0,132168.0,195978.0
2025-06-18 11:33:55.767882,1719.0,132155.0,195978.0
2025-06-18 11:33:55.796216,1719.0,132155.0,195978.0
2025-06-18 11:33:56.268304,1719.2,132155.0,195978.0
2025-06-18 11:33:56.769617,1719.2,133534.0,194208.0
2025-06-18 11:33:56.903154,1719.2,133534.0,194208.0
2025-06-18 11:33:57.473212,1719.2,133534.0,194208.0
2025-06-18 11:33:57.877355,1719.2,133505.0,194583.0
2025-06-18 11:33:58.288795,1719.3,133505.0,194583.0
2025-06-18 11:33:58.370611,1719.3,133505.0,194583.0
2025-06-18 11:33:58.887565,1720.0,133895.0,193994.0
2025-06-18 11:33:59.272551,1720.0,133895.0,193994.0
2025-06-18 11:33:59.743712,1720.0,133895.0,193994.0
2025-06-18 11:33:59.873475,1720.0,134140.0,194275.0
2025-06-18 11:34:00.873222,1720.0,134105.0,194370.0
2025-06-18 11:34:00.889370,1720.0,134105.0,194370.0
2025-06-18 11:34:01.785508,1720.0,134105.0,194370.0
2025-06-18 11:34:03.081202,1720.0,133922.0,194353.0
2025-06-18 11:34:03.144329,1720.0,133922.0,194353.0
2025-06-18 11:34:03.277019,1720.0,133922.0,194353.0
2025-06-18 11:34:04.279506,1720.0,133922.0,194353.0
2025-06-18 11:34:05.547919,1720.0,133922.0,194353.0
2025-06-18 11:34:06.891115,1720.0,133922.0,194353.0
2025-06-18 11:34:08.680978,1720.0,133689.0,194334.0
2025-06-18 11:34:12.279330,1719.4,133689.0,194334.0
2025-06-18 11:34:14.084154,1719.4,133587.0,194386.0
2025-06-18 11:34:18.280930,1720.0,133587.0,194386.0
2025-06-18 11:34:19.295618,1720.0,133895.0,194346.0
2025-06-18 11:34:24.290120,1719.6,133895.0,194346.0
2025-06-18 11:34:24.492800,1719.6,133781.0,194431.0
2025-06-18 11:34:29.998878,1719.6,133393.0,194140.0
2025-06-18 11:34:30.298870,1719.7,133393.0,194140.0
2025-06-18 11:34:35.096170,1719.2,133121.0,194365.0
2025-06-18 11:34:36.315122,1719.2,133121.0,194365.0
2025-06-18 11:34:40.099285,1719.2,133454.0,194557.0
2025-06-18 11:34:41.278288,1719.2,133454.0,194557.0
2025-06-18 11:34:42.278024,1719.5,133454.0,194557.0
2025-06-18 11:34:44.907458,1719.5,133488.0,194661.0
2025-06-18 11:34:47.283391,1719.3,133488.0,194661.0
2025-06-18 11:34:48.275477,1719.1,133488.0,194661.0
2025-06-18 11:34:50.276491,1719.1,133488.0,194661.0
2025-06-18 11:34:50.406817,1719.1,133197.0,194951.0
2025-06-18 11:34:55.818232,1719.3,133299.0,194888.0
2025-06-18 11:34:56.286339,1719.3,133299.0,194888.0
2025-06-18 11:35:01.112764,1719.3,132965.0,195350.0
2025-06-18 11:35:02.276260,1719.2,132965.0,195350.0
2025-06-18 11:35:06.816511,1719.2,133131.0,195647.0
2025-06-18 11:35:08.334709,1719.2,133131.0,195647.0
2025-06-18 11:35:10.293673,1719.7,133131.0,195647.0
2025-06-18 11:35:12.500867,1719.5,133131.0,195647.0
2025-06-18 11:35:12.529454,1719.5,133558.0,194653.0
2025-06-18 11:35:14.323770,1719.0,133558.0,194653.0
2025-06-18 11:35:18.242573,1719.0,133099.0,195880.0
2025-06-18 11:35:22.320178,1719.2,133099.0,195880.0
2025-06-18 11:35:23.824942,1719.2,133187.0,195443.0
2025-06-18 11:35:27.300314,1719.3,133187.0,195443.0
2025-06-18 11:35:28.338177,1719.2,133187.0,195443.0
2025-06-18 11:35:29.826008,1719.9,133710.0,195449.0
2025-06-18 11:35:30.322294,1719.6,133710.0,195449.0
2025-06-18 11:35:35.430398,1719.2,133550.0,195788.0
2025-06-18 11:35:36.284729,1719.2,133550.0,195788.0
2025-06-18 11:35:39.278863,1719.4,133550.0,195788.0
2025-06-18 11:35:41.434274,1719.4,133226.0,195547.0
2025-06-18 11:35:42.319802,1719.4,133226.0,195547.0
2025-06-18 11:35:45.276523,1719.6,133226.0,195547.0
2025-06-18 11:35:47.438024,1719.5,133183.0,195055.0
2025-06-18 11:35:48.277816,1719.1,133183.0,195055.0
2025-06-18 11:35:53.041694,1719.1,132906.0,195784.0
2025-06-18 11:35:54.274495,1719.0,132906.0,195784.0
2025-06-18 11:35:57.291573,1718.6,132906.0,195784.0
2025-06-18 11:35:58.783562,1718.6,131428.0,196929.0
2025-06-18 11:36:00.277759,1718.8,131428.0,196929.0
2025-06-18 11:36:03.280994,1718.7,131428.0,196929.0
2025-06-18 11:36:04.548668,1718.7,131773.0,197558.0
2025-06-18 11:36:07.280404,1718.6,131773.0,197558.0
2025-06-18 11:36:10.374653,1718.6,131502.0,194645.0
2025-06-18 11:36:12.275612,1719.4,131502.0,194645.0
2025-06-18 11:36:15.277941,1718.8,131502.0,194645.0
2025-06-18 11:36:15.957804,1718.8,132639.0,195449.0
2025-06-18 11:36:17.282395,1719.4,132639.0,195449.0
2025-06-18 11:36:19.289187,1718.8,132639.0,195449.0
2025-06-18 11:36:21.664959,1718.8,132943.0,194784.0
2025-06-18 11:36:23.280108,1718.8,132943.0,194784.0
2025-06-18 11:36:25.284556,1718.8,132943.0,194784.0
2025-06-18 11:36:27.171618,1719.4,133833.0,192589.0
2025-06-18 11:36:27.292504,1719.4,133833.0,192589.0
2025-06-18 11:36:32.764328,1719.0,133354.0,192795.0
2025-06-18 11:36:33.286968,1719.0,133354.0,192795.0
2025-06-18 11:36:35.294310,1719.0,133354.0,192795.0
2025-06-18 11:36:37.282687,1719.2,133354.0,192795.0
2025-06-18 11:36:37.963274,1719.2,133340.0,192964.0
2025-06-18 11:36:39.280727,1719.1,133340.0,192964.0
2025-06-18 11:36:41.318881,1719.1,133340.0,192964.0
2025-06-18 11:36:43.171567,1719.2,133474.0,193814.0
2025-06-18 11:36:43.288154,1719.2,133474.0,193814.0
2025-06-18 11:36:45.316581,1719.2,133474.0,193814.0
2025-06-18 11:36:48.571464,1720.1,135849.0,191493.0
2025-06-18 11:36:49.281282,1720.0,135849.0,191493.0
2025-06-18 11:36:51.348249,1720.0,135849.0,191493.0
2025-06-18 11:36:52.466863,1720.0,135849.0,191493.0
2025-06-18 11:36:53.283823,1719.7,135849.0,191493.0
2025-06-18 11:36:53.401670,1719.7,135849.0,191493.0
2025-06-18 11:36:53.968812,1719.7,134196.0,193017.0
2025-06-18 11:36:54.354857,1719.7,134196.0,193017.0
2025-06-18 11:36:55.248340,1719.7,134196.0,193017.0
2025-06-18 11:36:56.046327,1719.7,134196.0,193017.0
2025-06-18 11:36:57.103475,1719.7,134196.0,193017.0
2025-06-18 11:36:58.086235,1719.7,134196.0,193017.0
2025-06-18 11:36:59.374842,1719.7,134469.0,193090.0
2025-06-18 11:36:59.826368,1719.7,134469.0,193090.0
2025-06-18 11:37:01.087317,1719.7,134469.0,193090.0
2025-06-18 11:37:01.286804,1719.3,134469.0,193090.0
2025-06-18 11:37:01.950862,1719.3,134469.0,193090.0
2025-06-18 11:37:03.350911,1719.2,134469.0,193090.0
2025-06-18 11:37:03.360249,1719.2,134469.0,193090.0
2025-06-18 11:37:04.496978,1719.2,134469.0,193090.0
2025-06-18 11:37:04.578802,1719.2,134618.0,192464.0
2025-06-18 11:37:05.702617,1719.2,134618.0,192464.0
2025-06-18 11:37:07.107075,1719.2,134618.0,192464.0
2025-06-18 11:37:09.783514,1719.2,134261.0,192909.0
2025-06-18 11:37:11.311611,1719.2,134261.0,192909.0
2025-06-18 11:37:13.290030,1719.4,134261.0,192909.0
2025-06-18 11:37:14.985219,1719.5,134322.0,192872.0
2025-06-18 11:37:15.284713,1719.5,134322.0,192872.0
2025-06-18 11:37:17.289947,1719.5,134322.0,192872.0
2025-06-18 11:37:19.889301,1719.5,134470.0,192647.0
2025-06-18 11:37:23.329361,1719.5,134470.0,192647.0
2025-06-18 11:37:24.790602,1719.5,134629.0,192577.0
2025-06-18 11:37:27.287272,1719.5,134629.0,192577.0
2025-06-18 11:37:29.285878,1719.1,134629.0,192577.0
2025-06-18 11:37:29.797048,1719.1,134197.0,193153.0
2025-06-18 11:37:31.290355,1719.7,134197.0,193153.0
2025-06-18 11:37:35.097817,1719.7,134427.0,193586.0
2025-06-18 11:37:37.530865,1719.5,134427.0,193586.0
2025-06-18 11:37:40.804936,1719.5,134430.0,193529.0
2025-06-18 11:37:43.304473,1719.7,134430.0,193529.0
2025-06-18 11:37:46.018036,1719.7,134816.0,192682.0
2025-06-18 11:37:47.293703,1719.9,134816.0,192682.0
2025-06-18 11:37:49.297271,1719.9,134816.0,192682.0
2025-06-18 11:37:51.509796,1719.9,135201.0,193096.0
2025-06-18 11:37:53.292542,1719.5,135201.0,193096.0
2025-06-18 11:37:55.291083,1719.5,135201.0,193096.0
2025-06-18 11:37:56.914528,1719.9,136905.0,192652.0
2025-06-18 11:37:58.292500,1719.9,136905.0,192652.0
2025-06-18 11:38:02.315578,1719.9,136741.0,192584.0
2025-06-18 11:38:04.294133,1720.2,136741.0,192584.0
2025-06-18 11:38:07.284618,1720.6,136741.0,192584.0
2025-06-18 11:38:08.017822,1720.6,137191.0,192697.0
2025-06-18 11:38:08.294918,1720.0,137191.0,192697.0
2025-06-18 11:38:12.286006,1720.4,137191.0,192697.0
2025-06-18 11:38:13.826251,1720.4,137284.0,192157.0
2025-06-18 11:38:14.307679,1720.0,137284.0,192157.0
2025-06-18 11:38:19.122939,1720.0,137500.0,191567.0
2025-06-18 11:38:20.288396,1720.1,137500.0,191567.0
2025-06-18 11:38:24.310772,1720.0,137500.0,191567.0
2025-06-18 11:38:24.337380,1720.0,137256.0,191734.0
2025-06-18 11:38:26.308281,1720.6,137256.0,191734.0
2025-06-18 11:38:28.293219,1720.1,137256.0,191734.0
2025-06-18 11:38:29.535166,1720.1,137525.0,192347.0
2025-06-18 11:38:30.294880,1720.1,137525.0,192347.0
2025-06-18 11:38:34.936465,1720.5,137662.0,192429.0
2025-06-18 11:38:36.290551,1720.5,137662.0,192429.0
2025-06-18 11:38:40.251452,1720.5,138272.0,192298.0
2025-06-18 11:38:40.337313,1720.5,138272.0,192298.0
2025-06-18 11:38:42.295021,1721.4,138272.0,192298.0
2025-06-18 11:38:44.292969,1721.1,138272.0,192298.0
2025-06-18 11:38:45.341831,1721.2,139609.0,189224.0
2025-06-18 11:38:46.295952,1720.8,139609.0,189224.0
2025-06-18 11:38:48.295878,1720.8,139609.0,189224.0
2025-06-18 11:38:50.444735,1720.8,139944.0,190130.0
2025-06-18 11:38:52.298274,1720.6,139944.0,190130.0
2025-06-18 11:38:54.295521,1720.8,139944.0,190130.0
2025-06-18 11:38:55.450246,1720.8,140994.0,189608.0
2025-06-18 11:38:57.478401,1720.8,140994.0,189608.0
2025-06-18 11:38:58.296704,1720.8,140994.0,189608.0
2025-06-18 11:39:00.291728,1720.8,140994.0,189608.0
2025-06-18 11:39:00.455704,1720.8,140953.0,189494.0
2025-06-18 11:39:02.301533,1720.9,140953.0,189494.0
2025-06-18 11:39:04.543076,1720.8,140953.0,189494.0
2025-06-18 11:39:05.265079,1720.8,139595.0,189985.0
2025-06-18 11:39:06.443039,1720.7,139595.0,189985.0
2025-06-18 11:39:10.962104,1720.7,139586.0,190055.0
2025-06-18 11:39:12.295186,1720.8,139586.0,190055.0
2025-06-18 11:39:14.295495,1721.4,139586.0,190055.0
2025-06-18 11:39:17.483301,1721.3,140510.0,189324.0
2025-06-18 11:39:18.297307,1721.3,140510.0,189324.0
2025-06-18 11:39:20.320246,1720.8,140510.0,189324.0
2025-06-18 11:39:22.187118,1721.4,139615.0,189246.0
2025-06-18 11:39:22.302251,1720.8,139615.0,189246.0
2025-06-18 11:39:27.373375,1720.8,139426.0,189626.0
2025-06-18 11:39:28.299636,1721.1,139426.0,189626.0
2025-06-18 11:39:30.295135,1720.8,139426.0,189626.0
2025-06-18 11:39:32.475271,1720.8,139736.0,189691.0
2025-06-18 11:39:34.301865,1721.0,139736.0,189691.0
2025-06-18 11:39:36.295957,1720.9,139736.0,189691.0
2025-06-18 11:39:37.879680,1720.9,139669.0,189392.0
2025-06-18 11:39:38.294482,1720.8,139669.0,189392.0
2025-06-18 11:39:42.293943,1720.9,139669.0,189392.0
2025-06-18 11:39:43.083258,1720.9,140047.0,189540.0
2025-06-18 11:39:44.304801,1720.9,140047.0,189540.0
2025-06-18 11:39:46.296805,1720.9,140047.0,189540.0
2025-06-18 11:39:48.188814,1721.5,139829.0,188934.0
2025-06-18 11:39:48.294509,1720.9,139829.0,188934.0
2025-06-18 11:39:51.774133,1720.9,139829.0,188934.0
2025-06-18 11:39:53.304234,1720.9,139829.0,188934.0
2025-06-18 11:39:53.788962,1720.9,139476.0,189064.0
2025-06-18 11:39:54.232290,1720.9,139476.0,189064.0
2025-06-18 11:39:54.298567,1721.0,139476.0,189064.0
2025-06-18 11:39:55.194228,1721.0,139476.0,189064.0
2025-06-18 11:39:56.056035,1721.0,139476.0,189064.0
2025-06-18 11:39:56.297668,1721.6,139476.0,189064.0
2025-06-18 11:39:56.874237,1721.6,139476.0,189064.0
2025-06-18 11:39:57.944272,1721.6,139476.0,189064.0
2025-06-18 11:39:58.296587,1721.8,139476.0,189064.0
2025-06-18 11:39:58.512229,1721.8,139476.0,189064.0
2025-06-18 11:39:59.093407,1721.8,140115.0,188787.0
2025-06-18 11:39:59.412093,1721.8,140115.0,188787.0
