timestamp,ltp,bid_qty,ask_qty
2025-06-18 11:01:36.659290,1924.3,296986.0,472278.0
2025-06-18 11:01:37.129474,1924.3,296986.0,472278.0
2025-06-18 11:01:37.738259,1924.4,295041.0,473659.0
2025-06-18 11:01:38.130053,1924.4,295041.0,473659.0
2025-06-18 11:01:39.038911,1924.3,294601.0,474241.0
2025-06-18 11:01:39.129117,1924.3,294601.0,474241.0
2025-06-18 11:01:39.843568,1924.2,294229.0,474011.0
2025-06-18 11:01:40.129887,1924.3,294229.0,474011.0
2025-06-18 11:01:40.947828,1924.2,296669.0,473242.0
2025-06-18 11:01:41.130650,1924.2,296669.0,473242.0
2025-06-18 11:01:41.946981,1924.6,296343.0,471393.0
2025-06-18 11:01:42.135577,1924.6,296343.0,471393.0
2025-06-18 11:01:43.042944,1924.6,295976.0,471808.0
2025-06-18 11:01:43.131165,1924.6,295976.0,471808.0
2025-06-18 11:01:44.180460,1924.6,295976.0,471808.0
2025-06-18 11:01:44.190398,1924.6,298392.0,465690.0
2025-06-18 11:01:45.132692,1924.6,298392.0,465690.0
2025-06-18 11:01:45.243839,1924.6,297789.0,470331.0
2025-06-18 11:01:46.135828,1924.6,297789.0,470331.0
2025-06-18 11:01:46.245233,1924.6,298283.0,471129.0
2025-06-18 11:01:47.138905,1924.6,298283.0,471129.0
2025-06-18 11:01:47.346959,1924.6,298045.0,471949.0
2025-06-18 11:01:48.135251,1924.6,298045.0,471949.0
2025-06-18 11:01:48.453953,1924.6,298105.0,471957.0
2025-06-18 11:01:49.172391,1924.6,298105.0,471957.0
2025-06-18 11:01:49.980009,1925.0,296003.0,461763.0
2025-06-18 11:01:50.132447,1925.0,296003.0,461763.0
2025-06-18 11:01:50.958789,1925.1,296593.0,464894.0
2025-06-18 11:01:51.140894,1925.4,296593.0,464894.0
2025-06-18 11:01:51.963144,1925.5,298135.0,466577.0
2025-06-18 11:01:52.133114,1925.5,298135.0,466577.0
2025-06-18 11:01:53.050398,1925.5,297124.0,467364.0
2025-06-18 11:01:53.133520,1925.5,297124.0,467364.0
2025-06-18 11:01:54.049428,1925.3,297655.0,466482.0
2025-06-18 11:01:54.197911,1925.3,297655.0,466482.0
2025-06-18 11:01:55.050348,1925.5,297836.0,467438.0
2025-06-18 11:01:55.141947,1925.5,297836.0,467438.0
2025-06-18 11:01:56.199521,1925.5,297836.0,467438.0
2025-06-18 11:01:56.207267,1925.5,299422.0,467509.0
2025-06-18 11:01:57.133707,1925.5,299422.0,467509.0
2025-06-18 11:01:57.250806,1925.5,299405.0,467655.0
2025-06-18 11:01:58.133805,1925.4,299405.0,467655.0
2025-06-18 11:01:58.251774,1925.5,299140.0,468116.0
2025-06-18 11:01:59.132420,1925.5,299140.0,468116.0
2025-06-18 11:01:59.252071,1925.5,299263.0,467929.0
2025-06-18 11:02:00.134847,1925.5,299263.0,467929.0
2025-06-18 11:02:00.252294,1925.5,299183.0,467577.0
2025-06-18 11:02:01.179656,1925.5,299183.0,467577.0
2025-06-18 11:02:01.353995,1925.5,299157.0,467564.0
2025-06-18 11:02:02.133462,1925.4,299157.0,467564.0
2025-06-18 11:02:02.467698,1925.4,299152.0,467188.0
2025-06-18 11:02:03.136891,1925.5,299152.0,467188.0
2025-06-18 11:02:05.113631,1925.4,298650.0,467650.0
2025-06-18 11:02:05.163757,1925.5,298650.0,467650.0
2025-06-18 11:02:05.167305,1925.4,298643.0,467712.0
2025-06-18 11:02:05.204264,1925.5,298643.0,467712.0
2025-06-18 11:02:05.558413,1925.5,298588.0,467677.0
2025-06-18 11:02:06.133243,1925.5,298588.0,467677.0
2025-06-18 11:02:06.657445,1925.5,298575.0,467740.0
2025-06-18 11:02:07.137179,1925.5,298575.0,467740.0
2025-06-18 11:02:08.136370,1925.5,298575.0,467740.0
2025-06-18 11:02:08.259478,1925.4,298632.0,468083.0
2025-06-18 11:02:09.132897,1925.4,298632.0,468083.0
2025-06-18 11:02:09.361452,1925.5,298734.0,468603.0
2025-06-18 11:02:10.137946,1925.6,298734.0,468603.0
2025-06-18 11:02:10.486320,1925.6,298120.0,468850.0
2025-06-18 11:02:11.138606,1925.6,298120.0,468850.0
2025-06-18 11:02:11.561920,1925.6,298300.0,468026.0
2025-06-18 11:02:12.134357,1925.6,298300.0,468026.0
2025-06-18 11:02:12.564003,1925.9,297706.0,466846.0
2025-06-18 11:02:13.141202,1925.5,297706.0,466846.0
2025-06-18 11:02:13.476935,1925.9,297596.0,467062.0
2025-06-18 11:02:14.136278,1925.9,297596.0,467062.0
2025-06-18 11:02:15.120054,1925.8,297391.0,468029.0
2025-06-18 11:02:15.164937,1925.5,297391.0,468029.0
2025-06-18 11:02:15.667557,1925.5,298491.0,468848.0
2025-06-18 11:02:16.183367,1925.5,298491.0,468848.0
2025-06-18 11:02:16.769021,1925.5,298181.0,467873.0
2025-06-18 11:02:17.138811,1925.5,298181.0,467873.0
2025-06-18 11:02:17.868136,1925.0,297442.0,468093.0
2025-06-18 11:02:18.133494,1925.5,297442.0,468093.0
2025-06-18 11:02:18.867333,1925.0,296980.0,468735.0
2025-06-18 11:02:19.133394,1925.4,296980.0,468735.0
2025-06-18 11:02:19.980676,1925.4,296267.0,465959.0
2025-06-18 11:02:20.134446,1925.4,296267.0,465959.0
2025-06-18 11:02:21.068232,1925.2,296656.0,466282.0
2025-06-18 11:02:21.133908,1925.2,296656.0,466282.0
2025-06-18 11:02:22.136950,1925.0,296656.0,466282.0
2025-06-18 11:02:22.177691,1925.4,296819.0,466920.0
2025-06-18 11:02:23.135598,1925.4,296819.0,466920.0
2025-06-18 11:02:23.269935,1925.2,297013.0,467022.0
2025-06-18 11:02:24.139013,1925.4,297013.0,467022.0
2025-06-18 11:02:24.272832,1925.4,297101.0,467614.0
2025-06-18 11:02:25.136349,1925.4,297101.0,467614.0
2025-06-18 11:02:25.272482,1925.4,296012.0,467866.0
2025-06-18 11:02:26.140097,1925.4,296012.0,467866.0
2025-06-18 11:02:26.371314,1925.0,296066.0,468001.0
2025-06-18 11:02:27.139877,1925.4,296066.0,468001.0
2025-06-18 11:02:27.483077,1925.0,295914.0,468079.0
2025-06-18 11:02:28.136121,1925.4,295914.0,468079.0
2025-06-18 11:02:28.485188,1925.4,295986.0,468263.0
2025-06-18 11:02:29.138240,1925.4,295986.0,468263.0
2025-06-18 11:02:29.572946,1925.0,295988.0,468162.0
2025-06-18 11:02:30.148738,1925.2,295988.0,468162.0
2025-06-18 11:02:30.679021,1925.4,294919.0,468201.0
2025-06-18 11:02:31.135124,1925.4,294919.0,468201.0
2025-06-18 11:02:31.777263,1925.0,295382.0,468869.0
2025-06-18 11:02:32.140162,1925.0,295382.0,468869.0
2025-06-18 11:02:32.876191,1925.4,295217.0,469065.0
2025-06-18 11:02:33.141243,1925.4,295217.0,469065.0
2025-06-18 11:02:33.986296,1925.0,295267.0,469210.0
2025-06-18 11:02:34.137096,1925.0,295267.0,469210.0
2025-06-18 11:02:35.076881,1925.4,294565.0,469265.0
2025-06-18 11:02:35.142388,1925.4,294565.0,469265.0
2025-06-18 11:02:36.078219,1925.0,294618.0,469364.0
2025-06-18 11:02:36.144118,1925.4,294618.0,469364.0
2025-06-18 11:02:37.077332,1925.4,293490.0,469325.0
2025-06-18 11:02:37.137654,1925.4,293490.0,469325.0
2025-06-18 11:02:38.137562,1925.4,293490.0,469325.0
2025-06-18 11:02:38.182090,1925.4,293677.0,469305.0
2025-06-18 11:02:39.139787,1925.4,293677.0,469305.0
2025-06-18 11:02:39.282698,1925.0,293508.0,469487.0
2025-06-18 11:02:40.137551,1925.0,293508.0,469487.0
2025-06-18 11:02:40.382361,1925.0,294095.0,469667.0
2025-06-18 11:02:41.135891,1925.4,294095.0,469667.0
2025-06-18 11:02:41.490135,1925.0,294535.0,468879.0
2025-06-18 11:02:42.137452,1925.0,294535.0,468879.0
2025-06-18 11:02:42.494549,1925.4,294557.0,469739.0
2025-06-18 11:02:43.139523,1925.4,294557.0,469739.0
2025-06-18 11:02:43.584144,1925.4,295100.0,468795.0
2025-06-18 11:02:44.138740,1925.4,295100.0,468795.0
2025-06-18 11:02:44.585053,1925.4,294929.0,469649.0
2025-06-18 11:02:45.136733,1925.4,294929.0,469649.0
2025-06-18 11:02:45.584582,1925.4,294813.0,468661.0
2025-06-18 11:02:46.139742,1925.0,294813.0,468661.0
2025-06-18 11:02:46.585875,1925.4,294936.0,468251.0
2025-06-18 11:02:47.146146,1925.4,294936.0,468251.0
2025-06-18 11:02:47.587197,1925.0,294945.0,468145.0
2025-06-18 11:02:48.138614,1925.4,294945.0,468145.0
2025-06-18 11:02:48.585978,1925.4,295119.0,468570.0
2025-06-18 11:02:49.139820,1925.4,295119.0,468570.0
2025-06-18 11:02:49.586747,1925.4,295113.0,468541.0
2025-06-18 11:02:50.138034,1925.1,295113.0,468541.0
2025-06-18 11:02:50.586935,1925.4,294870.0,468598.0
2025-06-18 11:02:51.225117,1925.0,294870.0,468598.0
2025-06-18 11:02:51.589166,1925.4,294546.0,468668.0
2025-06-18 11:02:52.139372,1925.0,294546.0,468668.0
2025-06-18 11:02:52.589568,1925.4,295042.0,468961.0
2025-06-18 11:02:53.138468,1925.0,295042.0,468961.0
2025-06-18 11:02:53.589072,1925.0,295599.0,469508.0
2025-06-18 11:02:54.141178,1925.4,295599.0,469508.0
2025-06-18 11:02:54.589059,1925.4,294902.0,469228.0
2025-06-18 11:02:55.140124,1925.4,294902.0,469228.0
2025-06-18 11:02:55.494540,1925.4,295105.0,469110.0
2025-06-18 11:02:56.137661,1925.4,295105.0,469110.0
2025-06-18 11:02:56.495809,1925.4,295059.0,469255.0
2025-06-18 11:02:57.139839,1925.4,295059.0,469255.0
2025-06-18 11:02:57.498861,1925.4,294937.0,469017.0
2025-06-18 11:02:58.144839,1925.4,294937.0,469017.0
2025-06-18 11:02:58.497201,1925.4,295052.0,469079.0
2025-06-18 11:02:59.139554,1925.0,295052.0,469079.0
2025-06-18 11:02:59.600564,1925.0,294858.0,469073.0
2025-06-18 11:03:00.139504,1925.0,294858.0,469073.0
2025-06-18 11:03:00.504236,1925.4,294758.0,466903.0
2025-06-18 11:03:01.151041,1925.4,294758.0,466903.0
2025-06-18 11:03:02.137134,1925.4,294758.0,466903.0
2025-06-18 11:03:02.498577,1925.4,294398.0,467338.0
2025-06-18 11:03:03.140488,1925.4,294398.0,467338.0
2025-06-18 11:03:03.497841,1925.4,294450.0,467479.0
2025-06-18 11:03:04.143925,1925.4,294450.0,467479.0
2025-06-18 11:03:04.398062,1925.4,293060.0,466011.0
2025-06-18 11:03:05.138478,1925.4,293060.0,466011.0
2025-06-18 11:03:05.297882,1925.4,293451.0,465974.0
2025-06-18 11:03:06.139048,1925.4,293451.0,465974.0
2025-06-18 11:03:06.299482,1925.4,294634.0,465612.0
2025-06-18 11:03:07.137034,1925.4,294634.0,465612.0
2025-06-18 11:03:07.301243,1925.5,293384.0,465876.0
2025-06-18 11:03:08.142345,1925.5,293384.0,465876.0
2025-06-18 11:03:08.300942,1925.5,293383.0,465491.0
2025-06-18 11:03:09.143035,1925.5,293383.0,465491.0
2025-06-18 11:03:09.401403,1925.5,293431.0,465715.0
2025-06-18 11:03:10.139561,1925.4,293431.0,465715.0
2025-06-18 11:03:10.502858,1925.5,294180.0,465666.0
2025-06-18 11:03:11.143430,1925.5,294180.0,465666.0
2025-06-18 11:03:11.601080,1925.1,294882.0,466486.0
2025-06-18 11:03:12.140349,1925.2,294882.0,466486.0
2025-06-18 11:03:12.602222,1925.1,294735.0,465113.0
2025-06-18 11:03:13.140940,1925.5,294735.0,465113.0
2025-06-18 11:03:13.710687,1925.1,294725.0,465836.0
2025-06-18 11:03:14.144013,1925.5,294725.0,465836.0
2025-06-18 11:03:14.803005,1925.2,294693.0,466666.0
2025-06-18 11:03:15.139567,1925.1,294693.0,466666.0
2025-06-18 11:03:15.902929,1925.5,295395.0,467146.0
2025-06-18 11:03:16.144412,1925.2,295395.0,467146.0
2025-06-18 11:03:16.903522,1925.5,294567.0,467150.0
2025-06-18 11:03:17.141790,1925.5,294567.0,467150.0
2025-06-18 11:03:18.002278,1925.5,294819.0,467928.0
2025-06-18 11:03:18.141056,1925.5,294819.0,467928.0
2025-06-18 11:03:19.104574,1925.4,294354.0,466711.0
2025-06-18 11:03:19.140723,1925.4,294354.0,466711.0
2025-06-18 11:03:20.148871,1925.4,294354.0,466711.0
2025-06-18 11:03:20.204202,1925.4,294314.0,466321.0
2025-06-18 11:03:21.200220,1925.4,294314.0,466321.0
2025-06-18 11:03:21.212142,1925.4,295393.0,466669.0
2025-06-18 11:03:22.164554,1925.4,295393.0,466669.0
2025-06-18 11:03:22.211718,1925.4,295821.0,467054.0
2025-06-18 11:03:23.145926,1925.2,295821.0,467054.0
2025-06-18 11:03:23.306922,1925.4,295881.0,467411.0
2025-06-18 11:03:24.145697,1925.4,295881.0,467411.0
2025-06-18 11:03:24.406555,1925.4,295903.0,467331.0
2025-06-18 11:03:25.142929,1925.2,295903.0,467331.0
2025-06-18 11:03:25.508172,1925.2,294877.0,467921.0
2025-06-18 11:03:26.145836,1925.2,294877.0,467921.0
2025-06-18 11:03:26.607303,1925.4,296143.0,467360.0
2025-06-18 11:03:27.142463,1925.4,296143.0,467360.0
2025-06-18 11:03:27.609606,1925.4,295487.0,467391.0
2025-06-18 11:03:28.144637,1925.4,295487.0,467391.0
2025-06-18 11:03:28.611088,1925.4,294271.0,467423.0
2025-06-18 11:03:29.142815,1925.4,294271.0,467423.0
2025-06-18 11:03:29.710501,1925.2,294532.0,468661.0
2025-06-18 11:03:30.141232,1925.2,294532.0,468661.0
2025-06-18 11:03:30.812692,1925.2,292873.0,470475.0
2025-06-18 11:03:31.149243,1925.1,292873.0,470475.0
2025-06-18 11:03:31.916948,1925.0,293599.0,469342.0
2025-06-18 11:03:32.144014,1925.1,293599.0,469342.0
2025-06-18 11:03:33.029266,1925.2,293130.0,470287.0
2025-06-18 11:03:33.141850,1925.2,293130.0,470287.0
2025-06-18 11:03:34.119184,1925.2,292891.0,469978.0
2025-06-18 11:03:34.152670,1925.2,292891.0,469978.0
2025-06-18 11:03:35.146390,1925.2,292891.0,469978.0
2025-06-18 11:03:35.217803,1925.2,292859.0,469671.0
2025-06-18 11:03:36.167431,1925.2,292859.0,469671.0
2025-06-18 11:03:36.223989,1925.2,292885.0,469896.0
2025-06-18 11:03:37.145849,1925.2,292885.0,469896.0
2025-06-18 11:03:37.320378,1925.2,292971.0,469944.0
2025-06-18 11:03:38.147556,1925.2,292971.0,469944.0
2025-06-18 11:03:38.317864,1925.2,292913.0,469952.0
2025-06-18 11:03:39.142698,1925.2,292913.0,469952.0
2025-06-18 11:03:39.416797,1925.2,292889.0,469776.0
2025-06-18 11:03:40.142016,1925.2,292889.0,469776.0
2025-06-18 11:03:40.529707,1925.1,293484.0,469381.0
2025-06-18 11:03:41.166245,1925.1,293484.0,469381.0
2025-06-18 11:03:41.865158,1925.1,295417.0,470007.0
2025-06-18 11:03:42.152264,1925.2,295417.0,470007.0
2025-06-18 11:03:42.519878,1925.1,295491.0,469989.0
2025-06-18 11:03:43.150789,1925.2,295491.0,469989.0
2025-06-18 11:03:43.619985,1925.1,296269.0,470180.0
2025-06-18 11:03:44.150380,1925.2,296269.0,470180.0
2025-06-18 11:03:44.719422,1925.1,296094.0,464227.0
2025-06-18 11:03:45.165766,1925.1,296094.0,464227.0
2025-06-18 11:03:45.819909,1925.1,295227.0,470028.0
2025-06-18 11:03:46.059254,1925.1,295227.0,470028.0
2025-06-18 11:03:46.153090,1925.1,295227.0,470028.0
2025-06-18 11:03:46.920098,1925.2,295304.0,469855.0
2025-06-18 11:03:47.122158,1925.2,295304.0,469855.0
2025-06-18 11:03:47.170920,1925.2,295304.0,469855.0
2025-06-18 11:03:47.821932,1925.1,292619.0,470337.0
2025-06-18 11:03:47.994107,1925.1,292619.0,470337.0
2025-06-18 11:03:48.151687,1925.1,292619.0,470337.0
2025-06-18 11:03:48.903669,1925.1,292619.0,470337.0
2025-06-18 11:03:48.926037,1925.1,293165.0,470738.0
2025-06-18 11:03:49.155182,1925.1,293165.0,470738.0
2025-06-18 11:03:49.771281,1925.1,293165.0,470738.0
2025-06-18 11:03:50.021674,1925.1,292433.0,471311.0
2025-06-18 11:03:50.153643,1925.0,292433.0,471311.0
2025-06-18 11:03:50.559827,1925.0,292433.0,471311.0
2025-06-18 11:03:51.022378,1924.9,292927.0,470974.0
2025-06-18 11:03:51.163296,1924.9,292927.0,470974.0
2025-06-18 11:03:51.593869,1924.9,292927.0,470974.0
2025-06-18 11:03:52.128611,1925.1,292863.0,470891.0
2025-06-18 11:03:52.159177,1925.1,292863.0,470891.0
2025-06-18 11:03:52.230137,1925.1,292863.0,470891.0
2025-06-18 11:03:53.075875,1925.1,292863.0,470891.0
2025-06-18 11:03:53.134956,1925.1,293008.0,471205.0
2025-06-18 11:03:53.157251,1925.1,293008.0,471205.0
2025-06-18 11:03:53.446007,1925.1,293008.0,471205.0
2025-06-18 11:03:54.131581,1925.1,293042.0,471054.0
2025-06-18 11:03:54.157783,1925.1,293042.0,471054.0
2025-06-18 11:03:54.473123,1925.1,293042.0,471054.0
2025-06-18 11:03:55.134946,1924.9,284237.0,470859.0
2025-06-18 11:03:55.157821,1924.9,284237.0,470859.0
2025-06-18 11:03:55.730852,1924.9,284237.0,470859.0
2025-06-18 11:03:56.133268,1924.9,293762.0,470949.0
2025-06-18 11:03:56.160310,1924.9,293762.0,470949.0
2025-06-18 11:03:56.588556,1924.9,293762.0,470949.0
2025-06-18 11:04:00.404329,1924.3,293451.0,470926.0
2025-06-18 11:04:00.407533,1924.3,293451.0,470926.0
2025-06-18 11:04:00.460311,1924.9,293363.0,470528.0
2025-06-18 11:04:00.461134,1924.3,293363.0,470528.0
2025-06-18 11:04:00.502244,1924.3,293363.0,470528.0
2025-06-18 11:04:00.511264,1924.3,293363.0,470528.0
2025-06-18 11:04:00.513642,1924.9,293611.0,468656.0
2025-06-18 11:04:00.541509,1924.9,293611.0,468656.0
2025-06-18 11:04:00.548033,1924.3,293611.0,468656.0
2025-06-18 11:04:00.550018,1924.9,292860.0,473281.0
2025-06-18 11:04:00.582930,1924.9,292860.0,473281.0
2025-06-18 11:04:01.186992,1924.9,292860.0,473281.0
2025-06-18 11:04:01.337391,1924.9,293003.0,472954.0
2025-06-18 11:04:01.926344,1924.9,293003.0,472954.0
2025-06-18 11:04:02.154197,1924.9,293003.0,472954.0
2025-06-18 11:04:02.332894,1924.9,293161.0,472683.0
2025-06-18 11:04:03.183883,1924.3,293161.0,472683.0
2025-06-18 11:04:03.333363,1924.9,292624.0,473056.0
2025-06-18 11:04:04.154190,1924.6,292624.0,473056.0
2025-06-18 11:04:04.331703,1924.3,293532.0,472602.0
2025-06-18 11:04:05.153208,1924.6,293532.0,472602.0
2025-06-18 11:04:05.334338,1924.6,293662.0,472936.0
2025-06-18 11:04:06.151299,1924.5,293662.0,472936.0
2025-06-18 11:04:06.333619,1924.6,293947.0,473007.0
2025-06-18 11:04:07.151293,1924.6,293947.0,473007.0
2025-06-18 11:04:07.433765,1924.4,294227.0,472944.0
2025-06-18 11:04:08.153380,1924.6,294227.0,472944.0
2025-06-18 11:04:08.436823,1924.6,293526.0,472830.0
2025-06-18 11:04:09.147370,1924.4,293526.0,472830.0
2025-06-18 11:04:09.548024,1924.3,293380.0,472652.0
2025-06-18 11:04:10.152361,1924.4,293380.0,472652.0
2025-06-18 11:04:10.538387,1924.3,293041.0,472750.0
2025-06-18 11:04:11.148815,1924.4,293041.0,472750.0
2025-06-18 11:04:11.665363,1924.4,292901.0,473301.0
2025-06-18 11:04:12.152629,1924.4,292901.0,473301.0
2025-06-18 11:04:12.740330,1924.4,292741.0,473367.0
2025-06-18 11:04:13.147776,1924.3,292741.0,473367.0
2025-06-18 11:04:13.838932,1924.3,292773.0,473325.0
2025-06-18 11:04:14.150393,1924.3,292773.0,473325.0
2025-06-18 11:04:14.941177,1924.4,292563.0,473452.0
2025-06-18 11:04:15.148941,1924.4,292563.0,473452.0
2025-06-18 11:04:15.940384,1924.4,292603.0,473296.0
2025-06-18 11:04:16.151546,1924.4,292603.0,473296.0
2025-06-18 11:04:16.943340,1924.4,292745.0,473428.0
2025-06-18 11:04:17.151228,1924.4,292745.0,473428.0
2025-06-18 11:04:17.843508,1924.4,292768.0,473603.0
2025-06-18 11:04:18.150296,1924.4,292768.0,473603.0
2025-06-18 11:04:18.849195,1924.4,291879.0,473659.0
2025-06-18 11:04:19.183882,1924.4,291879.0,473659.0
2025-06-18 11:04:19.957155,1924.4,292226.0,473577.0
2025-06-18 11:04:20.151364,1924.4,292226.0,473577.0
2025-06-18 11:04:21.057726,1924.4,292583.0,473526.0
2025-06-18 11:04:21.151300,1924.4,292583.0,473526.0
2025-06-18 11:04:22.148380,1924.3,292583.0,473526.0
2025-06-18 11:04:22.168267,1924.3,292558.0,474096.0
2025-06-18 11:04:23.151063,1924.5,292558.0,474096.0
2025-06-18 11:04:23.256351,1924.5,292269.0,473959.0
2025-06-18 11:04:24.156457,1924.5,292269.0,473959.0
2025-06-18 11:04:24.256820,1924.5,291941.0,474258.0
2025-06-18 11:04:25.156040,1924.4,291941.0,474258.0
2025-06-18 11:04:25.856483,1924.5,292938.0,474446.0
2025-06-18 11:04:26.150716,1924.5,292938.0,474446.0
2025-06-18 11:04:26.967679,1924.5,292210.0,474428.0
2025-06-18 11:04:27.150892,1924.5,292210.0,474428.0
2025-06-18 11:04:28.058783,1924.5,291990.0,474497.0
2025-06-18 11:04:28.149429,1924.5,291990.0,474497.0
2025-06-18 11:04:28.966541,1924.3,292135.0,474333.0
2025-06-18 11:04:29.151237,1924.3,292135.0,474333.0
2025-06-18 11:04:29.968290,1924.5,293158.0,474467.0
2025-06-18 11:04:30.150246,1924.3,293158.0,474467.0
2025-06-18 11:04:30.967941,1924.3,293336.0,474892.0
2025-06-18 11:04:31.151281,1924.3,293336.0,474892.0
2025-06-18 11:04:32.062001,1924.2,292825.0,474462.0
2025-06-18 11:04:32.150933,1924.2,292825.0,474462.0
2025-06-18 11:04:33.152868,1924.2,292825.0,474462.0
2025-06-18 11:04:33.176811,1924.2,291588.0,475349.0
2025-06-18 11:04:34.154941,1924.4,291588.0,475349.0
2025-06-18 11:04:34.201868,1924.4,292013.0,474278.0
2025-06-18 11:04:35.158526,1924.4,292013.0,474278.0
2025-06-18 11:04:35.263287,1924.4,291759.0,473223.0
2025-06-18 11:04:36.152410,1924.4,291759.0,473223.0
2025-06-18 11:04:36.364543,1924.4,291885.0,474638.0
2025-06-18 11:04:37.154256,1924.4,291885.0,474638.0
2025-06-18 11:04:38.066411,1924.3,292166.0,474568.0
2025-06-18 11:04:38.147411,1924.4,292166.0,474568.0
2025-06-18 11:04:39.153603,1924.3,292166.0,474568.0
2025-06-18 11:04:39.198624,1924.3,292839.0,474759.0
2025-06-18 11:04:40.067752,1924.4,291510.0,472585.0
2025-06-18 11:04:40.150040,1924.4,291510.0,472585.0
2025-06-18 11:04:41.146415,1924.4,291510.0,472585.0
2025-06-18 11:04:41.169376,1924.4,292052.0,473295.0
2025-06-18 11:04:42.153571,1924.3,292052.0,473295.0
2025-06-18 11:04:42.272713,1924.4,291441.0,473424.0
2025-06-18 11:04:43.150399,1924.4,291441.0,473424.0
2025-06-18 11:04:43.367816,1924.3,291952.0,473787.0
2025-06-18 11:04:44.153726,1924.4,291952.0,473787.0
2025-06-18 11:04:44.753345,1924.3,293865.0,473792.0
2025-06-18 11:04:45.155214,1924.3,293865.0,473792.0
2025-06-18 11:04:45.569164,1924.3,293833.0,473395.0
2025-06-18 11:04:46.152309,1924.3,293833.0,473395.0
2025-06-18 11:04:46.570378,1924.3,293901.0,473818.0
2025-06-18 11:04:47.156598,1924.4,293901.0,473818.0
2025-06-18 11:04:47.573413,1924.3,293917.0,473910.0
2025-06-18 11:04:48.156617,1924.3,293917.0,473910.0
2025-06-18 11:04:48.478136,1924.4,293820.0,473276.0
2025-06-18 11:04:49.153921,1924.4,293820.0,473276.0
2025-06-18 11:04:49.573174,1924.4,293937.0,473857.0
2025-06-18 11:04:50.156229,1924.4,293937.0,473857.0
2025-06-18 11:04:50.673912,1924.4,293850.0,473818.0
2025-06-18 11:04:51.150414,1924.4,293850.0,473818.0
2025-06-18 11:04:51.679591,1924.4,293912.0,473783.0
2025-06-18 11:04:52.159463,1924.4,293912.0,473783.0
2025-06-18 11:04:52.774703,1924.4,293779.0,473821.0
2025-06-18 11:04:53.147362,1924.4,293779.0,473821.0
2025-06-18 11:04:53.772059,1924.3,293348.0,473827.0
2025-06-18 11:04:54.156602,1924.3,293348.0,473827.0
2025-06-18 11:04:54.773840,1924.2,293504.0,473776.0
2025-06-18 11:04:55.150849,1924.3,293504.0,473776.0
2025-06-18 11:04:55.775263,1924.3,293657.0,473732.0
2025-06-18 11:04:56.145951,1924.2,293657.0,473732.0
2025-06-18 11:04:56.876718,1924.2,293755.0,473514.0
2025-06-18 11:04:57.206786,1924.3,293755.0,473514.0
2025-06-18 11:04:57.987973,1924.2,293553.0,473389.0
2025-06-18 11:04:58.157606,1924.3,293553.0,473389.0
2025-06-18 11:04:59.079968,1924.3,293654.0,474504.0
2025-06-18 11:04:59.155697,1924.3,293654.0,474504.0
2025-06-18 11:05:00.154691,1924.2,293654.0,474504.0
2025-06-18 11:05:00.187080,1924.4,293269.0,473669.0
2025-06-18 11:05:01.184679,1924.4,293269.0,473669.0
2025-06-18 11:05:01.576278,1924.4,293254.0,473989.0
2025-06-18 11:05:02.160395,1924.3,293254.0,473989.0
2025-06-18 11:05:05.121922,1924.4,293093.0,473875.0
2025-06-18 11:05:05.123634,1924.8,293093.0,473875.0
2025-06-18 11:05:05.172962,1924.2,293181.0,472800.0
2025-06-18 11:05:05.174627,1924.3,293181.0,472800.0
2025-06-18 11:05:05.178404,1924.4,293181.0,472800.0
2025-06-18 11:05:05.377985,1924.4,293828.0,474867.0
2025-06-18 11:05:06.153974,1924.2,293828.0,474867.0
2025-06-18 11:05:06.377696,1924.4,293992.0,474626.0
2025-06-18 11:05:07.161850,1924.3,293992.0,474626.0
2025-06-18 11:05:07.394141,1924.4,293754.0,473960.0
2025-06-18 11:05:08.157053,1924.4,293754.0,473960.0
2025-06-18 11:05:08.377888,1924.4,291914.0,473317.0
2025-06-18 11:05:09.161292,1924.4,291914.0,473317.0
2025-06-18 11:05:09.491039,1924.7,288871.0,471916.0
2025-06-18 11:05:10.154950,1924.5,288871.0,471916.0
2025-06-18 11:05:10.576574,1924.5,286753.0,473338.0
2025-06-18 11:05:11.153825,1924.8,286753.0,473338.0
2025-06-18 11:05:11.677734,1924.4,287632.0,472247.0
2025-06-18 11:05:12.200462,1924.7,287632.0,472247.0
2025-06-18 11:05:12.678289,1924.8,285977.0,471368.0
2025-06-18 11:05:13.153527,1924.8,285977.0,471368.0
2025-06-18 11:05:13.679297,1924.7,285066.0,471951.0
2025-06-18 11:05:14.162101,1924.7,285066.0,471951.0
2025-06-18 11:05:14.682467,1924.8,287088.0,469313.0
2025-06-18 11:05:15.155796,1924.7,287088.0,469313.0
2025-06-18 11:05:15.681886,1924.8,287556.0,470704.0
2025-06-18 11:05:16.687015,1924.8,287556.0,470704.0
2025-06-18 11:05:16.724144,1924.8,288291.0,471127.0
2025-06-18 11:05:17.158911,1924.8,288291.0,471127.0
2025-06-18 11:05:17.683697,1924.8,289513.0,471431.0
2025-06-18 11:05:18.164787,1924.7,289513.0,471431.0
2025-06-18 11:05:18.682991,1924.7,289426.0,471688.0
2025-06-18 11:05:19.189927,1924.8,289426.0,471688.0
2025-06-18 11:05:19.784671,1924.7,289337.0,471853.0
2025-06-18 11:05:20.162750,1924.8,289337.0,471853.0
2025-06-18 11:05:20.891729,1924.7,288926.0,471902.0
2025-06-18 11:05:21.164033,1924.7,288926.0,471902.0
2025-06-18 11:05:22.023048,1924.8,289013.0,471696.0
2025-06-18 11:05:22.159552,1924.8,289013.0,471696.0
2025-06-18 11:05:22.999876,1924.8,289452.0,471945.0
2025-06-18 11:05:23.161727,1924.8,289452.0,471945.0
2025-06-18 11:05:24.162107,1924.8,289452.0,471945.0
2025-06-18 11:05:24.389647,1924.6,290114.0,471761.0
2025-06-18 11:05:25.148756,1924.8,290114.0,471761.0
2025-06-18 11:05:25.390719,1924.8,289946.0,472054.0
2025-06-18 11:05:26.159162,1924.8,289946.0,472054.0
2025-06-18 11:05:26.504151,1924.8,289704.0,472084.0
2025-06-18 11:05:27.158444,1924.7,289704.0,472084.0
2025-06-18 11:05:27.590995,1924.4,292420.0,469917.0
2025-06-18 11:05:28.160803,1924.8,292420.0,469917.0
2025-06-18 11:05:28.675354,1924.8,293844.0,468075.0
2025-06-18 11:05:29.154517,1924.7,293844.0,468075.0
2025-06-18 11:05:29.792088,1924.7,293036.0,468375.0
2025-06-18 11:05:30.154889,1924.7,293036.0,468375.0
2025-06-18 11:05:30.694398,1924.7,289935.0,469383.0
2025-06-18 11:05:31.157737,1924.8,289935.0,469383.0
2025-06-18 11:05:31.795669,1924.8,290674.0,470647.0
2025-06-18 11:05:32.162549,1924.8,290674.0,470647.0
2025-06-18 11:05:32.798344,1924.8,291229.0,470764.0
2025-06-18 11:05:33.200590,1924.8,291229.0,470764.0
2025-06-18 11:05:35.121751,1924.8,291690.0,469689.0
2025-06-18 11:05:35.171063,1924.8,291690.0,469689.0
2025-06-18 11:05:35.175788,1924.7,289077.0,469920.0
2025-06-18 11:05:35.176648,1924.8,289077.0,469920.0
2025-06-18 11:05:36.097273,1924.7,289934.0,469881.0
2025-06-18 11:05:36.163437,1924.7,289934.0,469881.0
2025-06-18 11:05:37.160148,1924.8,289934.0,469881.0
2025-06-18 11:05:37.201803,1924.8,291789.0,469794.0
2025-06-18 11:05:38.158926,1924.8,291789.0,469794.0
2025-06-18 11:05:38.298817,1924.7,290916.0,469756.0
2025-06-18 11:05:39.276070,1924.8,290916.0,469756.0
2025-06-18 11:05:39.313039,1924.8,290882.0,470459.0
2025-06-18 11:05:40.157250,1924.8,290882.0,470459.0
2025-06-18 11:05:40.297208,1924.8,290840.0,470582.0
2025-06-18 11:05:41.157953,1924.7,290840.0,470582.0
2025-06-18 11:05:41.299345,1924.8,291514.0,470574.0
2025-06-18 11:05:42.157680,1924.8,291514.0,470574.0
2025-06-18 11:05:42.300300,1924.6,291558.0,470506.0
2025-06-18 11:05:43.160310,1924.8,291558.0,470506.0
2025-06-18 11:05:43.405256,1924.8,291259.0,469727.0
2025-06-18 11:05:44.161058,1924.8,291259.0,469727.0
2025-06-18 11:05:44.404134,1924.8,291019.0,470409.0
2025-06-18 11:05:45.161791,1924.8,291019.0,470409.0
2025-06-18 11:05:45.410916,1924.6,291155.0,469623.0
2025-06-18 11:05:46.158058,1924.8,291155.0,469623.0
2025-06-18 11:05:46.604501,1924.8,291298.0,464658.0
2025-06-18 11:05:47.185112,1924.8,291298.0,464658.0
2025-06-18 11:05:47.512317,1924.8,283026.0,470182.0
2025-06-18 11:05:48.160718,1924.8,283026.0,470182.0
2025-06-18 11:05:48.509228,1924.8,290603.0,467923.0
2025-06-18 11:05:49.158894,1925.0,290603.0,467923.0
2025-06-18 11:05:49.510976,1924.7,292105.0,468950.0
2025-06-18 11:05:50.157124,1924.7,292105.0,468950.0
2025-06-18 11:05:50.513561,1924.7,291773.0,469001.0
2025-06-18 11:05:51.158674,1924.6,291773.0,469001.0
2025-06-18 11:05:51.606930,1924.7,290583.0,469345.0
2025-06-18 11:05:52.174637,1924.7,290583.0,469345.0
2025-06-18 11:05:52.710785,1924.5,290957.0,470878.0
2025-06-18 11:05:53.155773,1924.5,290957.0,470878.0
2025-06-18 11:05:53.809134,1924.7,291095.0,470748.0
2025-06-18 11:05:54.164137,1924.7,291095.0,470748.0
2025-06-18 11:05:54.815700,1924.5,290653.0,471045.0
2025-06-18 11:05:55.156203,1924.5,290653.0,471045.0
2025-06-18 11:05:55.812835,1924.7,290597.0,470502.0
2025-06-18 11:05:56.169111,1924.7,290597.0,470502.0
2025-06-18 11:05:56.812786,1924.0,290392.0,470181.0
2025-06-18 11:05:57.165270,1924.7,290392.0,470181.0
2025-06-18 11:05:57.813382,1924.0,290367.0,470535.0
2025-06-18 11:05:58.162187,1924.6,290367.0,470535.0
2025-06-18 11:05:58.714503,1924.1,290367.0,467592.0
2025-06-18 11:05:59.159306,1924.1,290367.0,467592.0
2025-06-18 11:05:59.813031,1924.7,292130.0,468097.0
2025-06-18 11:06:00.156814,1924.7,292130.0,468097.0
2025-06-18 11:06:00.814658,1924.7,291680.0,468388.0
2025-06-18 11:06:01.173604,1924.3,291680.0,468388.0
2025-06-18 11:06:02.021248,1924.3,290801.0,469153.0
2025-06-18 11:06:02.160431,1924.3,290801.0,469153.0
2025-06-18 11:06:03.013416,1924.7,290419.0,468727.0
2025-06-18 11:06:03.153349,1924.7,290419.0,468727.0
2025-06-18 11:06:04.013802,1924.7,291061.0,469027.0
2025-06-18 11:06:04.160967,1924.7,291061.0,469027.0
2025-06-18 11:06:05.115638,1924.6,290853.0,469132.0
2025-06-18 11:06:05.155569,1924.6,290853.0,469132.0
2025-06-18 11:06:06.155292,1924.6,290853.0,469132.0
2025-06-18 11:06:06.215341,1924.6,290628.0,469362.0
2025-06-18 11:06:07.156791,1924.4,290628.0,469362.0
2025-06-18 11:06:07.318649,1924.3,289460.0,469711.0
2025-06-18 11:06:08.159924,1924.6,289460.0,469711.0
2025-06-18 11:06:08.320645,1924.7,289488.0,468789.0
2025-06-18 11:06:09.159295,1924.4,289488.0,468789.0
2025-06-18 11:06:09.318178,1924.7,290160.0,469341.0
2025-06-18 11:06:10.196713,1924.4,290160.0,469341.0
2025-06-18 11:06:10.318739,1924.4,291046.0,469564.0
2025-06-18 11:06:11.197005,1924.7,291046.0,469564.0
2025-06-18 11:06:11.317744,1924.7,291031.0,469530.0
2025-06-18 11:06:12.162059,1924.7,291031.0,469530.0
2025-06-18 11:06:12.325317,1924.7,291060.0,469126.0
2025-06-18 11:06:13.166521,1924.7,291060.0,469126.0
2025-06-18 11:06:13.319387,1924.7,292572.0,466026.0
2025-06-18 11:06:14.159494,1924.7,292572.0,466026.0
2025-06-18 11:06:14.418775,1924.7,292491.0,466852.0
2025-06-18 11:06:15.160738,1924.7,292491.0,466852.0
2025-06-18 11:06:15.524842,1924.7,292158.0,467604.0
2025-06-18 11:06:16.152401,1924.7,292158.0,467604.0
2025-06-18 11:06:16.521172,1924.7,291732.0,468003.0
2025-06-18 11:06:17.159412,1924.7,291732.0,468003.0
2025-06-18 11:06:17.521652,1924.7,291598.0,467932.0
2025-06-18 11:06:18.161244,1924.7,291598.0,467932.0
2025-06-18 11:06:18.527953,1924.8,290253.0,467239.0
2025-06-18 11:06:19.152535,1924.7,290253.0,467239.0
2025-06-18 11:06:19.555746,1925.0,287738.0,464460.0
2025-06-18 11:06:20.156002,1925.1,287738.0,464460.0
2025-06-18 11:06:20.622481,1925.2,287388.0,464357.0
2025-06-18 11:06:21.155936,1925.3,287388.0,464357.0
2025-06-18 11:06:21.624831,1925.3,289761.0,462275.0
2025-06-18 11:06:22.158746,1925.4,289761.0,462275.0
2025-06-18 11:06:22.725754,1925.4,290528.0,460998.0
2025-06-18 11:06:23.161897,1925.5,290528.0,460998.0
2025-06-18 11:06:23.624954,1925.7,291279.0,455127.0
2025-06-18 11:06:24.160944,1925.7,291279.0,455127.0
2025-06-18 11:06:24.626326,1925.7,294274.0,455167.0
2025-06-18 11:06:25.158927,1926.0,294274.0,455167.0
2025-06-18 11:06:25.728896,1926.0,291736.0,455401.0
2025-06-18 11:06:26.212261,1926.1,291736.0,455401.0
2025-06-18 11:06:26.825805,1926.1,293307.0,458952.0
2025-06-18 11:06:27.157217,1926.1,293307.0,458952.0
2025-06-18 11:06:27.927624,1926.1,293225.0,459578.0
2025-06-18 11:06:28.161222,1926.1,293225.0,459578.0
2025-06-18 11:06:28.826872,1926.1,293546.0,458986.0
2025-06-18 11:06:29.155645,1926.1,293546.0,458986.0
2025-06-18 11:06:29.937437,1926.1,293437.0,458975.0
2025-06-18 11:06:30.160114,1926.0,293437.0,458975.0
2025-06-18 11:06:31.041170,1926.1,293486.0,458986.0
2025-06-18 11:06:31.163732,1925.9,293486.0,458986.0
2025-06-18 11:06:32.041725,1926.1,293376.0,459133.0
2025-06-18 11:06:32.163510,1926.1,293376.0,459133.0
2025-06-18 11:06:32.932320,1926.1,293391.0,459304.0
2025-06-18 11:06:33.162072,1926.1,293391.0,459304.0
2025-06-18 11:06:34.038694,1925.9,293090.0,459247.0
2025-06-18 11:06:34.225399,1926.0,293090.0,459247.0
2025-06-18 11:06:35.149838,1926.0,292852.0,459167.0
2025-06-18 11:06:35.163092,1926.0,292852.0,459167.0
2025-06-18 11:06:36.164181,1926.1,292852.0,459167.0
2025-06-18 11:06:36.241169,1926.0,293200.0,458905.0
2025-06-18 11:06:37.158277,1925.9,293200.0,458905.0
2025-06-18 11:06:37.238206,1926.1,293163.0,459025.0
2025-06-18 11:06:38.139595,1926.1,292824.0,459058.0
2025-06-18 11:06:38.155912,1926.1,292824.0,459058.0
2025-06-18 11:06:39.141634,1925.9,291025.0,460351.0
2025-06-18 11:06:39.165474,1925.9,291025.0,460351.0
2025-06-18 11:06:40.144064,1925.9,292398.0,461120.0
2025-06-18 11:06:40.165852,1925.9,292398.0,461120.0
2025-06-18 11:06:41.140765,1925.9,291959.0,461059.0
2025-06-18 11:06:41.159797,1925.9,291959.0,461059.0
2025-06-18 11:06:42.140928,1925.7,291164.0,462554.0
2025-06-18 11:06:42.155471,1925.7,291164.0,462554.0
2025-06-18 11:06:43.142526,1925.7,291810.0,462719.0
2025-06-18 11:06:43.158146,1925.7,291810.0,462719.0
2025-06-18 11:06:44.142898,1925.2,291968.0,463305.0
2025-06-18 11:06:44.159517,1925.2,291968.0,463305.0
2025-06-18 11:06:45.142836,1925.2,292434.0,463131.0
2025-06-18 11:06:45.157545,1925.2,292434.0,463131.0
2025-06-18 11:06:46.145799,1925.2,292882.0,463016.0
2025-06-18 11:06:46.160679,1925.5,292882.0,463016.0
2025-06-18 11:06:46.763210,1925.5,292882.0,463016.0
2025-06-18 11:06:47.145523,1925.2,293495.0,463248.0
2025-06-18 11:06:47.164049,1924.9,293495.0,463248.0
2025-06-18 11:06:47.622113,1924.9,293495.0,463248.0
2025-06-18 11:06:48.149358,1925.2,294359.0,462231.0
2025-06-18 11:06:48.162203,1925.5,294359.0,462231.0
2025-06-18 11:06:48.560765,1925.5,294359.0,462231.0
2025-06-18 11:06:49.161592,1925.4,294359.0,462231.0
2025-06-18 11:06:49.799349,1925.4,294359.0,462231.0
2025-06-18 11:06:49.807775,1925.4,293479.0,462829.0
2025-06-18 11:06:50.160438,1925.3,293479.0,462829.0
2025-06-18 11:06:50.288471,1925.3,293479.0,462829.0
2025-06-18 11:06:50.740678,1925.4,293048.0,462829.0
2025-06-18 11:06:51.060601,1925.4,293048.0,462829.0
2025-06-18 11:06:51.154278,1925.4,293048.0,462829.0
2025-06-18 11:06:51.741790,1925.4,294287.0,462693.0
2025-06-18 11:06:52.043992,1925.4,294287.0,462693.0
2025-06-18 11:06:52.165613,1925.4,294287.0,462693.0
2025-06-18 11:06:52.606311,1925.4,294287.0,462693.0
2025-06-18 11:06:52.745242,1925.4,293739.0,462186.0
2025-06-18 11:06:53.011409,1925.4,293739.0,462186.0
2025-06-18 11:06:53.159519,1925.3,293739.0,462186.0
2025-06-18 11:06:53.520077,1925.3,293739.0,462186.0
2025-06-18 11:06:53.743240,1925.4,294639.0,462523.0
2025-06-18 11:06:53.870684,1925.4,294639.0,462523.0
2025-06-18 11:06:54.166914,1925.3,294639.0,462523.0
2025-06-18 11:06:54.762348,1925.3,294639.0,462523.0
2025-06-18 11:06:54.763934,1925.3,294393.0,462658.0
2025-06-18 11:06:55.160851,1925.3,294393.0,462658.0
2025-06-18 11:06:55.653803,1925.4,294353.0,462736.0
2025-06-18 11:06:56.200533,1925.4,294353.0,462736.0
2025-06-18 11:06:56.272092,1925.4,294353.0,462736.0
2025-06-18 11:06:56.650508,1925.4,293866.0,462414.0
2025-06-18 11:06:57.108666,1925.4,293866.0,462414.0
2025-06-18 11:06:57.157880,1925.4,293866.0,462414.0
2025-06-18 11:06:57.545962,1925.4,294188.0,462365.0
2025-06-18 11:06:58.334065,1925.2,294188.0,462365.0
2025-06-18 11:06:58.544082,1925.2,294188.0,462365.0
2025-06-18 11:06:58.653991,1925.4,294101.0,462298.0
2025-06-18 11:06:59.155725,1925.4,294101.0,462298.0
2025-06-18 11:06:59.650364,1925.4,294032.0,462411.0
2025-06-18 11:06:59.667345,1925.4,294032.0,462411.0
2025-06-18 11:07:00.154204,1925.4,294032.0,462411.0
2025-06-18 11:07:00.653178,1925.4,291828.0,462477.0
2025-06-18 11:07:00.835393,1925.4,291828.0,462477.0
2025-06-18 11:07:01.948397,1925.4,293551.0,462409.0
2025-06-18 11:07:02.156807,1925.4,293551.0,462409.0
2025-06-18 11:07:02.294271,1925.4,293551.0,462409.0
2025-06-18 11:07:03.054834,1925.4,292438.0,462449.0
2025-06-18 11:07:03.154111,1925.2,292438.0,462449.0
2025-06-18 11:07:05.077132,1925.3,293495.0,462501.0
2025-06-18 11:07:05.078689,1925.3,293495.0,462501.0
2025-06-18 11:07:05.163689,1925.3,294193.0,462444.0
2025-06-18 11:07:05.168973,1925.3,294193.0,462444.0
2025-06-18 11:07:06.158176,1925.2,292836.0,461789.0
2025-06-18 11:07:06.160053,1925.2,292836.0,461789.0
2025-06-18 11:07:07.154945,1925.2,293221.0,462420.0
2025-06-18 11:07:07.156308,1925.2,293221.0,462420.0
2025-06-18 11:07:10.481907,1925.4,293221.0,462420.0
2025-06-18 11:07:10.485292,1925.4,293524.0,459856.0
2025-06-18 11:07:10.528922,1925.4,293524.0,459856.0
2025-06-18 11:07:10.532995,1925.4,293583.0,461831.0
2025-06-18 11:07:10.572985,1925.4,293583.0,461831.0
2025-06-18 11:07:10.577882,1925.4,294868.0,461595.0
2025-06-18 11:07:11.162025,1925.4,294868.0,461595.0
2025-06-18 11:07:11.169655,1925.4,295040.0,461477.0
2025-06-18 11:07:12.157135,1925.4,295040.0,461477.0
2025-06-18 11:07:12.172354,1925.4,292626.0,461558.0
2025-06-18 11:07:13.060479,1925.3,293113.0,461401.0
2025-06-18 11:07:13.157020,1925.3,293113.0,461401.0
2025-06-18 11:07:14.157487,1925.3,293113.0,461401.0
2025-06-18 11:07:14.168733,1925.3,293399.0,461345.0
2025-06-18 11:07:15.160752,1925.3,293399.0,461345.0
2025-06-18 11:07:15.163019,1925.4,293202.0,461622.0
2025-06-18 11:07:16.161678,1925.3,293202.0,461622.0
2025-06-18 11:07:16.172058,1925.3,293143.0,462259.0
2025-06-18 11:07:17.159991,1925.4,293143.0,462259.0
2025-06-18 11:07:17.257696,1925.3,293197.0,461980.0
2025-06-18 11:07:18.162213,1925.4,293197.0,461980.0
2025-06-18 11:07:18.359076,1925.4,293568.0,462391.0
2025-06-18 11:07:19.160813,1925.4,293568.0,462391.0
2025-06-18 11:07:19.266456,1925.4,293657.0,462350.0
2025-06-18 11:07:20.159319,1925.4,293657.0,462350.0
2025-06-18 11:07:20.258706,1925.4,293522.0,461744.0
2025-06-18 11:07:21.163738,1925.4,293522.0,461744.0
2025-06-18 11:07:21.258961,1925.4,292601.0,461752.0
2025-06-18 11:07:22.197835,1925.4,292601.0,461752.0
2025-06-18 11:07:22.259112,1925.3,293366.0,461508.0
2025-06-18 11:07:23.158674,1925.3,293366.0,461508.0
2025-06-18 11:07:23.360927,1925.4,294407.0,462374.0
2025-06-18 11:07:24.160253,1925.3,294407.0,462374.0
2025-06-18 11:07:24.366987,1925.4,290708.0,459412.0
2025-06-18 11:07:25.158424,1925.4,290708.0,459412.0
2025-06-18 11:07:25.460383,1925.2,290714.0,458832.0
2025-06-18 11:07:26.217465,1925.2,290714.0,458832.0
2025-06-18 11:07:26.560407,1925.1,293967.0,459257.0
2025-06-18 11:07:27.162429,1925.2,293967.0,459257.0
2025-06-18 11:07:27.669324,1925.2,293951.0,459168.0
2025-06-18 11:07:28.163295,1924.9,293951.0,459168.0
2025-06-18 11:07:28.669117,1925.1,290437.0,460073.0
2025-06-18 11:07:29.169243,1925.2,290437.0,460073.0
2025-06-18 11:07:29.673999,1925.1,290877.0,459965.0
2025-06-18 11:07:30.191854,1925.2,290877.0,459965.0
2025-06-18 11:07:30.762332,1925.2,290446.0,459950.0
2025-06-18 11:07:31.167716,1925.2,290446.0,459950.0
2025-06-18 11:07:31.761636,1925.2,290467.0,460454.0
2025-06-18 11:07:32.175575,1925.1,290467.0,460454.0
2025-06-18 11:07:32.761546,1925.1,290476.0,460061.0
2025-06-18 11:07:33.166906,1925.1,290476.0,460061.0
2025-06-18 11:07:33.667266,1925.2,289202.0,459845.0
2025-06-18 11:07:34.159546,1925.1,289202.0,459845.0
2025-06-18 11:07:34.666282,1925.2,289540.0,460209.0
2025-06-18 11:07:35.158068,1925.2,289540.0,460209.0
2025-06-18 11:07:35.669284,1925.2,290221.0,459967.0
2025-06-18 11:07:36.158769,1925.1,290221.0,459967.0
2025-06-18 11:07:36.666962,1925.0,290718.0,459845.0
2025-06-18 11:07:37.160299,1925.0,290718.0,459845.0
2025-06-18 11:07:37.669088,1925.2,291692.0,461355.0
2025-06-18 11:07:38.162758,1925.2,291692.0,461355.0
2025-06-18 11:07:38.676101,1925.0,290420.0,462222.0
2025-06-18 11:07:39.202955,1925.0,290420.0,462222.0
2025-06-18 11:07:39.679007,1925.2,292279.0,462253.0
2025-06-18 11:07:40.198605,1925.0,292279.0,462253.0
2025-06-18 11:07:40.769255,1925.0,292138.0,462104.0
2025-06-18 11:07:41.165627,1925.0,292138.0,462104.0
2025-06-18 11:07:41.876671,1925.0,292237.0,462221.0
2025-06-18 11:07:42.167218,1925.0,292237.0,462221.0
2025-06-18 11:07:42.870910,1925.0,292236.0,462006.0
2025-06-18 11:07:43.166627,1925.1,292236.0,462006.0
2025-06-18 11:07:44.754751,1925.2,290499.0,458151.0
2025-06-18 11:07:44.790907,1925.2,290499.0,458151.0
2025-06-18 11:07:45.074620,1925.0,290744.0,457648.0
2025-06-18 11:07:45.166802,1925.0,290744.0,457648.0
2025-06-18 11:07:46.169066,1925.4,290744.0,457648.0
2025-06-18 11:07:46.182754,1925.4,291229.0,458675.0
2025-06-18 11:07:47.171238,1925.5,291229.0,458675.0
2025-06-18 11:07:47.184376,1925.5,289781.0,459076.0
2025-06-18 11:07:48.161681,1925.5,289781.0,459076.0
2025-06-18 11:07:48.176687,1925.5,288606.0,458639.0
2025-06-18 11:07:49.159897,1925.5,288606.0,458639.0
2025-06-18 11:07:49.179333,1925.5,291431.0,458635.0
2025-06-18 11:07:50.168028,1925.4,291431.0,458635.0
2025-06-18 11:07:50.272801,1925.5,291520.0,459470.0
2025-06-18 11:07:51.170618,1925.5,291520.0,459470.0
2025-06-18 11:07:51.274340,1925.5,291532.0,459470.0
2025-06-18 11:07:52.168318,1925.5,291532.0,459470.0
2025-06-18 11:07:52.372883,1925.5,291522.0,459352.0
2025-06-18 11:07:53.164358,1925.5,291522.0,459352.0
2025-06-18 11:07:53.373114,1925.4,291694.0,459304.0
2025-06-18 11:07:54.162107,1925.5,291694.0,459304.0
2025-06-18 11:07:55.122947,1925.4,291473.0,459310.0
2025-06-18 11:07:55.162362,1925.5,291473.0,459310.0
2025-06-18 11:07:55.477542,1925.4,291329.0,459549.0
2025-06-18 11:07:56.172306,1925.4,291329.0,459549.0
2025-06-18 11:07:56.476906,1925.4,291339.0,459566.0
2025-06-18 11:07:57.164501,1925.5,291339.0,459566.0
2025-06-18 11:07:57.476267,1925.4,291322.0,459522.0
2025-06-18 11:07:58.173802,1925.5,291322.0,459522.0
2025-06-18 11:07:58.575204,1925.5,291356.0,459760.0
2025-06-18 11:07:59.166817,1925.5,291356.0,459760.0
2025-06-18 11:07:59.479702,1925.5,292137.0,459618.0
2025-06-18 11:08:00.434033,1925.1,292137.0,459618.0
2025-06-18 11:08:00.481041,1925.5,291430.0,460119.0
2025-06-18 11:08:02.078462,1925.4,296070.0,461533.0
2025-06-18 11:08:02.191926,1925.2,296070.0,461533.0
2025-06-18 11:08:03.084321,1925.4,292818.0,461547.0
2025-06-18 11:08:03.168534,1925.1,292818.0,461547.0
2025-06-18 11:08:04.081646,1925.4,293503.0,461722.0
2025-06-18 11:08:04.173885,1925.4,293503.0,461722.0
2025-06-18 11:08:05.184091,1925.3,293503.0,461722.0
2025-06-18 11:08:05.192123,1925.3,290754.0,460002.0
2025-06-18 11:08:06.170388,1925.2,290754.0,460002.0
2025-06-18 11:08:06.185144,1925.3,292750.0,461100.0
2025-06-18 11:08:07.170291,1925.1,292750.0,461100.0
2025-06-18 11:08:07.282896,1925.3,290711.0,460160.0
2025-06-18 11:08:08.170206,1925.3,290711.0,460160.0
2025-06-18 11:08:08.386387,1925.4,290729.0,460274.0
2025-06-18 11:08:09.222801,1925.3,290729.0,460274.0
2025-06-18 11:08:09.496777,1925.6,293336.0,455149.0
2025-06-18 11:08:10.176841,1925.5,293336.0,455149.0
2025-06-18 11:08:10.519404,1925.7,291879.0,457554.0
2025-06-18 11:08:11.172428,1925.7,291879.0,457554.0
2025-06-18 11:08:12.206787,1925.7,291927.0,456787.0
2025-06-18 11:08:12.252396,1925.8,291927.0,456787.0
2025-06-18 11:08:12.997883,1925.8,291632.0,456216.0
2025-06-18 11:08:13.168906,1925.8,291632.0,456216.0
2025-06-18 11:08:14.173430,1925.8,292579.0,458439.0
2025-06-18 11:08:14.184994,1925.8,292579.0,458439.0
2025-06-18 11:08:15.171767,1925.8,292998.0,458975.0
2025-06-18 11:08:15.193884,1925.8,292998.0,458975.0
2025-06-18 11:08:15.890384,1925.8,293100.0,460344.0
2025-06-18 11:08:16.179050,1925.8,293100.0,460344.0
2025-06-18 11:08:20.437001,1925.8,293359.0,460393.0
2025-06-18 11:08:20.439165,1925.8,293359.0,460393.0
2025-06-18 11:08:20.491973,1925.7,293209.0,460363.0
2025-06-18 11:08:20.493589,1925.7,293209.0,460363.0
2025-06-18 11:08:20.528654,1925.7,293209.0,460363.0
2025-06-18 11:08:20.533276,1925.8,293241.0,460572.0
2025-06-18 11:08:20.536255,1925.7,293241.0,460572.0
2025-06-18 11:08:20.569099,1925.7,293249.0,460249.0
2025-06-18 11:08:21.176569,1925.7,293249.0,460249.0
2025-06-18 11:08:21.293929,1925.7,293537.0,458685.0
2025-06-18 11:08:22.167549,1925.7,293537.0,458685.0
2025-06-18 11:08:22.396542,1925.7,293508.0,460222.0
2025-06-18 11:08:23.173410,1925.7,293508.0,460222.0
2025-06-18 11:08:24.040212,1925.7,294040.0,460236.0
2025-06-18 11:08:24.169183,1925.7,294040.0,460236.0
2025-06-18 11:08:24.598958,1925.7,293591.0,460184.0
2025-06-18 11:08:25.164325,1925.7,293591.0,460184.0
2025-06-18 11:08:25.698763,1925.7,293770.0,460301.0
2025-06-18 11:08:26.166099,1925.6,293770.0,460301.0
2025-06-18 11:08:26.702051,1925.7,293768.0,460414.0
2025-06-18 11:08:27.168394,1925.7,293768.0,460414.0
2025-06-18 11:08:27.700687,1925.7,293806.0,460372.0
2025-06-18 11:08:28.170008,1925.6,293806.0,460372.0
2025-06-18 11:08:28.706317,1925.7,293785.0,458168.0
2025-06-18 11:08:29.166860,1925.7,293785.0,458168.0
2025-06-18 11:08:29.703506,1925.7,295318.0,456486.0
2025-06-18 11:08:30.168096,1925.9,295318.0,456486.0
2025-06-18 11:08:30.703348,1925.9,295143.0,456649.0
2025-06-18 11:08:31.174427,1926.0,295143.0,456649.0
2025-06-18 11:08:31.604164,1926.0,293112.0,457135.0
2025-06-18 11:08:32.168561,1926.0,293112.0,457135.0
2025-06-18 11:08:32.706108,1926.0,291576.0,458479.0
2025-06-18 11:08:33.171476,1926.0,291576.0,458479.0
2025-06-18 11:08:33.835961,1926.0,290421.0,458387.0
2025-06-18 11:08:34.166166,1926.0,290421.0,458387.0
2025-06-18 11:08:34.907087,1926.0,290292.0,458010.0
2025-06-18 11:08:35.165564,1926.0,290292.0,458010.0
2025-06-18 11:08:35.912788,1926.0,290321.0,458585.0
2025-06-18 11:08:36.168316,1925.9,290321.0,458585.0
2025-06-18 11:08:36.912897,1925.8,290269.0,459557.0
2025-06-18 11:08:37.168929,1925.8,290269.0,459557.0
2025-06-18 11:08:37.908406,1925.8,290346.0,459331.0
2025-06-18 11:08:38.168007,1926.0,290346.0,459331.0
2025-06-18 11:08:38.910260,1925.8,290347.0,459314.0
2025-06-18 11:08:39.169155,1926.0,290347.0,459314.0
2025-06-18 11:08:39.911235,1925.8,290275.0,459323.0
2025-06-18 11:08:40.174890,1926.0,290275.0,459323.0
2025-06-18 11:08:41.029344,1925.9,291082.0,459832.0
2025-06-18 11:08:41.168180,1925.8,291082.0,459832.0
2025-06-18 11:08:42.112508,1925.8,290436.0,460734.0
2025-06-18 11:08:42.175717,1925.8,290436.0,460734.0
2025-06-18 11:08:43.112012,1925.9,290410.0,460406.0
2025-06-18 11:08:43.168953,1925.9,290410.0,460406.0
2025-06-18 11:08:44.173509,1925.9,290410.0,460406.0
2025-06-18 11:08:44.217227,1925.9,290405.0,459955.0
2025-06-18 11:08:45.175789,1925.5,290405.0,459955.0
2025-06-18 11:08:45.212899,1925.9,290607.0,459512.0
2025-06-18 11:08:46.198778,1925.4,290607.0,459512.0
2025-06-18 11:08:46.314672,1925.9,290478.0,460173.0
2025-06-18 11:08:47.169133,1925.9,290478.0,460173.0
2025-06-18 11:08:47.411010,1925.8,291252.0,459632.0
2025-06-18 11:08:48.168276,1925.4,291252.0,459632.0
2025-06-18 11:08:48.411443,1925.7,292496.0,460750.0
2025-06-18 11:08:49.172437,1925.4,292496.0,460750.0
2025-06-18 11:08:49.410523,1925.4,293198.0,461722.0
2025-06-18 11:08:50.167680,1925.7,293198.0,461722.0
2025-06-18 11:08:50.411746,1925.2,293499.0,459787.0
2025-06-18 11:08:51.199484,1925.7,293499.0,459787.0
2025-06-18 11:08:51.517829,1925.3,293273.0,461761.0
2025-06-18 11:08:52.167970,1925.7,293273.0,461761.0
2025-06-18 11:08:52.612532,1925.4,292796.0,462114.0
2025-06-18 11:08:53.170891,1925.4,292796.0,462114.0
2025-06-18 11:08:53.614693,1925.7,291056.0,462209.0
2025-06-18 11:08:54.171261,1925.7,291056.0,462209.0
2025-06-18 11:08:54.614100,1925.7,292318.0,462220.0
2025-06-18 11:08:55.166325,1925.4,292318.0,462220.0
2025-06-18 11:08:55.617878,1925.7,292090.0,462626.0
2025-06-18 11:08:56.173741,1925.3,292090.0,462626.0
2025-06-18 11:08:56.613929,1925.7,292146.0,463057.0
2025-06-18 11:08:57.168359,1925.7,292146.0,463057.0
2025-06-18 11:08:57.517040,1925.7,292316.0,463429.0
2025-06-18 11:08:58.166689,1925.7,292316.0,463429.0
2025-06-18 11:08:58.615973,1925.7,292256.0,463374.0
2025-06-18 11:08:59.175234,1925.7,292256.0,463374.0
2025-06-18 11:08:59.723034,1925.3,291626.0,463157.0
2025-06-18 11:09:00.167265,1925.3,291626.0,463157.0
2025-06-18 11:09:00.833802,1925.7,290937.0,463012.0
2025-06-18 11:09:01.177209,1925.7,290937.0,463012.0
2025-06-18 11:09:02.207739,1925.3,290937.0,463012.0
2025-06-18 11:09:02.413048,1925.7,291294.0,463230.0
2025-06-18 11:09:03.179060,1925.5,291294.0,463230.0
2025-06-18 11:09:03.415703,1925.7,291289.0,460837.0
2025-06-18 11:09:04.171972,1925.3,291289.0,460837.0
2025-06-18 11:09:04.317166,1925.6,291522.0,463700.0
2025-06-18 11:09:05.169603,1925.6,291522.0,463700.0
2025-06-18 11:09:05.417046,1925.3,291673.0,463516.0
2025-06-18 11:09:06.165014,1925.6,291673.0,463516.0
2025-06-18 11:09:06.319057,1925.7,292016.0,463953.0
2025-06-18 11:09:07.166447,1925.7,292016.0,463953.0
2025-06-18 11:09:07.319896,1925.7,291943.0,463146.0
2025-06-18 11:09:08.166782,1925.7,291943.0,463146.0
2025-06-18 11:09:08.220400,1925.7,292038.0,463621.0
2025-06-18 11:09:09.119118,1925.7,296749.0,459882.0
2025-06-18 11:09:09.164489,1925.7,296749.0,459882.0
2025-06-18 11:09:10.130593,1926.0,291784.0,457194.0
2025-06-18 11:09:10.170533,1926.0,291784.0,457194.0
2025-06-18 11:09:11.024420,1926.0,291987.0,457820.0
2025-06-18 11:09:11.165672,1926.0,291987.0,457820.0
2025-06-18 11:09:11.922647,1926.0,291929.0,457910.0
2025-06-18 11:09:12.165421,1926.0,291929.0,457910.0
2025-06-18 11:09:14.303130,1925.9,291894.0,457747.0
2025-06-18 11:09:14.304858,1925.9,291894.0,457747.0
2025-06-18 11:09:14.313008,1926.0,291929.0,458054.0
2025-06-18 11:09:14.344070,1926.0,291929.0,458054.0
2025-06-18 11:09:15.031053,1925.9,291125.0,458195.0
2025-06-18 11:09:15.171997,1925.9,291125.0,458195.0
2025-06-18 11:09:16.123915,1925.7,292243.0,459458.0
2025-06-18 11:09:16.165394,1925.7,292243.0,459458.0
2025-06-18 11:09:17.170849,1925.7,292243.0,459458.0
2025-06-18 11:09:17.224481,1925.9,292548.0,460269.0
2025-06-18 11:09:18.828665,1925.9,292548.0,460269.0
2025-06-18 11:09:18.877262,1925.9,294205.0,460697.0
2025-06-18 11:09:19.164102,1926.0,294205.0,460697.0
2025-06-18 11:09:19.225364,1926.0,291641.0,458039.0
2025-06-18 11:09:20.196275,1926.0,291641.0,458039.0
2025-06-18 11:09:20.224963,1926.0,291599.0,458362.0
2025-06-18 11:09:21.170712,1926.0,291599.0,458362.0
2025-06-18 11:09:21.530152,1926.0,291602.0,459012.0
2025-06-18 11:09:22.165034,1926.0,291602.0,459012.0
2025-06-18 11:09:22.625074,1926.0,291624.0,458990.0
2025-06-18 11:09:23.172831,1926.0,291624.0,458990.0
2025-06-18 11:09:23.526780,1926.0,291636.0,459151.0
2025-06-18 11:09:24.171775,1926.0,291636.0,459151.0
2025-06-18 11:09:24.528827,1926.0,293039.0,456901.0
2025-06-18 11:09:25.171095,1925.9,293039.0,456901.0
2025-06-18 11:09:26.131830,1925.9,292838.0,461020.0
2025-06-18 11:09:26.173179,1925.9,292838.0,461020.0
2025-06-18 11:09:27.164175,1925.7,292838.0,461020.0
2025-06-18 11:09:27.231383,1925.9,292584.0,461544.0
2025-06-18 11:09:28.172928,1925.9,292584.0,461544.0
2025-06-18 11:09:28.330853,1925.9,290479.0,460149.0
2025-06-18 11:09:29.176326,1925.9,290479.0,460149.0
2025-06-18 11:09:29.332832,1926.0,291015.0,460385.0
2025-06-18 11:09:30.176109,1925.5,291015.0,460385.0
2025-06-18 11:09:30.831221,1925.5,291638.0,462367.0
2025-06-18 11:09:31.168745,1925.5,291638.0,462367.0
2025-06-18 11:09:31.930984,1925.5,294059.0,462761.0
2025-06-18 11:09:32.176970,1925.5,294059.0,462761.0
2025-06-18 11:09:32.931549,1925.5,292428.0,463036.0
2025-06-18 11:09:33.173520,1925.5,292428.0,463036.0
2025-06-18 11:09:34.033697,1925.5,293890.0,463236.0
2025-06-18 11:09:34.172160,1925.5,293890.0,463236.0
2025-06-18 11:09:35.037399,1925.7,294026.0,462549.0
2025-06-18 11:09:35.167412,1925.6,294026.0,462549.0
2025-06-18 11:09:36.140743,1925.8,291940.0,460130.0
2025-06-18 11:09:36.170149,1925.8,291940.0,460130.0
2025-06-18 11:09:37.173230,1926.1,291940.0,460130.0
2025-06-18 11:09:37.237810,1926.1,297315.0,458298.0
2025-06-18 11:09:38.180895,1926.2,297315.0,458298.0
2025-06-18 11:09:38.435106,1926.2,297357.0,459637.0
2025-06-18 11:09:39.895050,1926.2,297357.0,459637.0
2025-06-18 11:09:39.902412,1926.2,298535.0,459156.0
2025-06-18 11:09:40.168557,1926.4,298535.0,459156.0
2025-06-18 11:09:40.436340,1926.4,297989.0,459904.0
2025-06-18 11:09:41.168435,1926.4,297989.0,459904.0
2025-06-18 11:09:41.437688,1926.4,297957.0,460244.0
2025-06-18 11:09:42.174413,1926.4,297957.0,460244.0
2025-06-18 11:09:42.444158,1926.4,297677.0,459854.0
2025-06-18 11:09:43.169797,1926.4,297677.0,459854.0
2025-06-18 11:09:43.538739,1926.4,297114.0,460116.0
2025-06-18 11:09:44.187097,1926.4,297114.0,460116.0
2025-06-18 11:09:44.641158,1925.9,297505.0,460097.0
2025-06-18 11:09:45.171564,1926.4,297505.0,460097.0
2025-06-18 11:09:45.543119,1925.9,300547.0,460532.0
2025-06-18 11:09:46.251500,1926.0,300547.0,460532.0
2025-06-18 11:09:46.642790,1926.4,297844.0,460116.0
2025-06-18 11:09:47.186061,1926.4,297844.0,460116.0
2025-06-18 11:09:47.220847,1926.4,297844.0,460116.0
2025-06-18 11:09:47.540597,1926.4,297781.0,460627.0
2025-06-18 11:09:48.168934,1926.4,297781.0,460627.0
2025-06-18 11:09:48.229524,1926.4,297781.0,460627.0
2025-06-18 11:09:48.649682,1926.0,297673.0,460958.0
2025-06-18 11:09:49.138107,1926.0,297673.0,460958.0
2025-06-18 11:09:49.172831,1926.0,297673.0,460958.0
2025-06-18 11:09:49.742174,1926.2,297557.0,461316.0
2025-06-18 11:09:50.028035,1926.2,297557.0,461316.0
2025-06-18 11:09:50.170160,1926.2,297557.0,461316.0
2025-06-18 11:09:50.743491,1926.2,297520.0,460998.0
2025-06-18 11:09:50.868691,1926.2,297520.0,460998.0
2025-06-18 11:09:51.169121,1926.2,297520.0,460998.0
2025-06-18 11:09:51.643763,1926.2,297520.0,460998.0
2025-06-18 11:09:51.742958,1926.2,297860.0,460739.0
2025-06-18 11:09:52.174364,1926.0,297860.0,460739.0
2025-06-18 11:09:52.673994,1926.0,297860.0,460739.0
2025-06-18 11:09:53.176560,1926.2,297860.0,460739.0
2025-06-18 11:09:53.212388,1926.2,297860.0,460739.0
2025-06-18 11:09:53.344420,1926.2,297645.0,460663.0
2025-06-18 11:09:53.605157,1926.2,297645.0,460663.0
2025-06-18 11:09:54.125824,1926.2,297645.0,460663.0
2025-06-18 11:09:54.178998,1926.4,297645.0,460663.0
2025-06-18 11:09:54.445007,1926.4,297464.0,461286.0
2025-06-18 11:09:54.465221,1926.4,297464.0,461286.0
2025-06-18 11:09:55.178207,1926.4,297464.0,461286.0
2025-06-18 11:09:55.343693,1926.4,297464.0,461286.0
2025-06-18 11:09:55.542763,1926.4,297263.0,461291.0
2025-06-18 11:09:56.171069,1926.4,297263.0,461291.0
2025-06-18 11:09:56.596845,1926.4,297263.0,461291.0
2025-06-18 11:09:56.653507,1926.4,297362.0,461102.0
2025-06-18 11:09:57.177725,1926.4,297362.0,461102.0
2025-06-18 11:09:57.552502,1926.7,297079.0,461037.0
2025-06-18 11:09:57.566817,1926.7,297079.0,461037.0
2025-06-18 11:09:58.176667,1926.6,297079.0,461037.0
2025-06-18 11:09:58.684546,1926.6,297627.0,461016.0
2025-06-18 11:09:58.976326,1926.6,297627.0,461016.0
2025-06-18 11:09:59.176833,1925.8,297627.0,461016.0
2025-06-18 11:09:59.746353,1926.1,295321.0,460257.0
2025-06-18 11:10:00.123102,1926.1,295321.0,460257.0
2025-06-18 11:10:00.169528,1926.3,295321.0,460257.0
2025-06-18 11:10:00.748509,1926.2,295801.0,461977.0
2025-06-18 11:10:01.169741,1926.2,295801.0,461977.0
2025-06-18 11:10:01.252214,1926.2,295801.0,461977.0
2025-06-18 11:10:01.957471,1926.3,296604.0,461684.0
2025-06-18 11:10:02.168340,1926.3,296604.0,461684.0
2025-06-18 11:10:02.725620,1926.3,296604.0,461684.0
2025-06-18 11:10:03.047500,1926.5,297172.0,460378.0
2025-06-18 11:10:03.210030,1926.5,297172.0,460378.0
2025-06-18 11:10:04.048110,1926.5,297008.0,460816.0
2025-06-18 11:10:04.168072,1926.5,297008.0,460816.0
2025-06-18 11:10:05.155474,1926.4,296937.0,461461.0
2025-06-18 11:10:05.168569,1926.4,296937.0,461461.0
2025-06-18 11:10:06.170250,1926.4,296937.0,461461.0
2025-06-18 11:10:06.249787,1926.4,297895.0,459149.0
2025-06-18 11:10:07.173429,1926.0,297895.0,459149.0
2025-06-18 11:10:07.353255,1926.4,299081.0,459182.0
2025-06-18 11:10:09.453536,1926.0,299081.0,459182.0
2025-06-18 11:10:09.503107,1926.0,298584.0,459557.0
2025-06-18 11:10:09.511393,1926.4,298584.0,459557.0
2025-06-18 11:10:09.538356,1926.4,298301.0,459670.0
2025-06-18 11:10:10.179060,1926.2,298301.0,459670.0
2025-06-18 11:10:10.351619,1926.4,298182.0,460352.0
2025-06-18 11:10:11.183255,1926.4,298182.0,460352.0
2025-06-18 11:10:11.351402,1926.0,297742.0,460397.0
2025-06-18 11:10:12.170472,1926.4,297742.0,460397.0
2025-06-18 11:10:12.352383,1926.4,298442.0,459956.0
2025-06-18 11:10:13.166390,1926.4,298442.0,459956.0
2025-06-18 11:10:13.355165,1926.4,298107.0,460260.0
2025-06-18 11:10:14.175374,1926.4,298107.0,460260.0
2025-06-18 11:10:14.354684,1926.4,298532.0,459978.0
2025-06-18 11:10:15.170528,1926.2,298532.0,459978.0
2025-06-18 11:10:15.454459,1926.4,298310.0,460498.0
2025-06-18 11:10:16.172151,1926.4,298310.0,460498.0
2025-06-18 11:10:16.553116,1926.2,297915.0,460239.0
2025-06-18 11:10:17.179012,1926.4,297915.0,460239.0
2025-06-18 11:10:17.562986,1926.2,297953.0,459788.0
2025-06-18 11:10:18.169426,1926.4,297953.0,459788.0
2025-06-18 11:10:18.657805,1926.2,299884.0,452782.0
2025-06-18 11:10:19.167488,1926.4,299884.0,452782.0
2025-06-18 11:10:19.753882,1926.4,299652.0,458916.0
2025-06-18 11:10:20.167473,1926.4,299652.0,458916.0
2025-06-18 11:10:20.757824,1926.4,299276.0,456294.0
2025-06-18 11:10:21.182890,1926.4,299276.0,456294.0
2025-06-18 11:10:21.663959,1926.4,297691.0,456198.0
2025-06-18 11:10:22.172764,1926.5,297691.0,456198.0
2025-06-18 11:10:22.657074,1926.9,290663.0,455108.0
2025-06-18 11:10:23.166408,1926.2,290663.0,455108.0
2025-06-18 11:10:23.663070,1926.9,299168.0,457869.0
2025-06-18 11:10:24.173805,1926.9,299168.0,457869.0
2025-06-18 11:10:24.663698,1926.9,299377.0,457101.0
2025-06-18 11:10:25.175142,1926.9,299377.0,457101.0
2025-06-18 11:10:25.664289,1926.9,300812.0,458135.0
2025-06-18 11:10:26.174019,1926.9,300812.0,458135.0
2025-06-18 11:10:26.664329,1926.9,299888.0,458737.0
2025-06-18 11:10:27.176056,1926.9,299888.0,458737.0
2025-06-18 11:10:27.556850,1926.9,299794.0,459435.0
2025-06-18 11:10:28.178798,1926.0,299794.0,459435.0
2025-06-18 11:10:28.561970,1926.0,299498.0,461805.0
2025-06-18 11:10:29.173007,1925.9,299498.0,461805.0
2025-06-18 11:10:29.559560,1926.0,298843.0,462415.0
2025-06-18 11:10:30.170904,1925.7,298843.0,462415.0
2025-06-18 11:10:30.561906,1926.0,297806.0,462546.0
2025-06-18 11:10:31.181382,1926.0,297806.0,462546.0
2025-06-18 11:10:31.562548,1926.0,298981.0,461813.0
2025-06-18 11:10:32.171357,1926.0,298981.0,461813.0
2025-06-18 11:10:32.568904,1926.0,298406.0,462582.0
2025-06-18 11:10:33.171817,1925.8,298406.0,462582.0
2025-06-18 11:10:33.562845,1925.8,296179.0,459490.0
2025-06-18 11:10:34.175847,1925.8,296179.0,459490.0
2025-06-18 11:10:34.565522,1925.8,296025.0,462064.0
2025-06-18 11:10:35.172469,1925.8,296025.0,462064.0
2025-06-18 11:10:35.566187,1926.5,297966.0,459601.0
2025-06-18 11:10:36.169320,1926.5,297966.0,459601.0
2025-06-18 11:10:36.566161,1926.5,297159.0,460335.0
2025-06-18 11:10:37.172259,1926.5,297159.0,460335.0
2025-06-18 11:10:37.567108,1926.4,297475.0,460640.0
2025-06-18 11:10:38.170531,1926.4,297475.0,460640.0
2025-06-18 11:10:38.568678,1926.0,297355.0,460692.0
2025-06-18 11:10:39.167145,1926.0,297355.0,460692.0
2025-06-18 11:10:39.674830,1926.0,297651.0,462742.0
2025-06-18 11:10:40.169222,1925.8,297651.0,462742.0
2025-06-18 11:10:40.667788,1925.8,293532.0,463282.0
2025-06-18 11:10:41.178643,1925.7,293532.0,463282.0
2025-06-18 11:10:41.668659,1925.7,296208.0,463058.0
2025-06-18 11:10:42.175193,1925.7,296208.0,463058.0
2025-06-18 11:10:42.670143,1925.5,296223.0,463722.0
2025-06-18 11:10:43.170493,1925.5,296223.0,463722.0
2025-06-18 11:10:43.671243,1925.5,296776.0,463870.0
2025-06-18 11:10:44.169459,1925.5,296776.0,463870.0
2025-06-18 11:10:44.674540,1925.8,296750.0,463915.0
2025-06-18 11:10:45.169454,1925.5,296750.0,463915.0
2025-06-18 11:10:45.673696,1925.4,293187.0,465073.0
2025-06-18 11:10:46.168263,1925.4,293187.0,465073.0
2025-06-18 11:10:46.772130,1925.4,294106.0,465020.0
2025-06-18 11:10:47.167537,1925.4,294106.0,465020.0
2025-06-18 11:10:47.872189,1925.4,294727.0,465168.0
2025-06-18 11:10:48.203100,1925.1,294727.0,465168.0
2025-06-18 11:10:48.971252,1925.1,286671.0,465500.0
2025-06-18 11:10:49.167862,1925.3,286671.0,465500.0
2025-06-18 11:10:49.973365,1925.1,293247.0,465348.0
2025-06-18 11:10:50.176574,1925.2,293247.0,465348.0
2025-06-18 11:10:51.074762,1925.2,293782.0,465856.0
2025-06-18 11:10:51.172405,1924.8,293782.0,465856.0
2025-06-18 11:10:52.171191,1924.8,293782.0,465856.0
2025-06-18 11:10:52.186075,1925.0,293087.0,466343.0
2025-06-18 11:10:53.173685,1925.0,293087.0,466343.0
2025-06-18 11:10:53.276116,1925.0,296061.0,464844.0
2025-06-18 11:10:54.172243,1925.2,296061.0,464844.0
2025-06-18 11:10:54.679899,1925.2,294164.0,465651.0
2025-06-18 11:10:55.171753,1925.2,294164.0,465651.0
2025-06-18 11:10:55.680941,1925.0,293563.0,465438.0
2025-06-18 11:10:56.168569,1924.8,293563.0,465438.0
2025-06-18 11:10:56.681873,1925.0,293377.0,466035.0
2025-06-18 11:10:57.167061,1925.0,293377.0,466035.0
2025-06-18 11:10:57.686088,1925.0,293946.0,465962.0
2025-06-18 11:10:58.172454,1925.0,293946.0,465962.0
2025-06-18 11:10:58.683529,1925.0,293195.0,466203.0
2025-06-18 11:10:59.169224,1924.8,293195.0,466203.0
2025-06-18 11:10:59.584372,1925.0,294067.0,465682.0
2025-06-18 11:11:00.169849,1925.2,294067.0,465682.0
2025-06-18 11:11:00.584856,1925.2,294130.0,465716.0
2025-06-18 11:11:01.173470,1925.2,294130.0,465716.0
2025-06-18 11:11:02.088542,1925.2,294052.0,465755.0
2025-06-18 11:11:02.167890,1925.2,294052.0,465755.0
2025-06-18 11:11:03.084604,1925.2,294524.0,466004.0
2025-06-18 11:11:03.171873,1925.2,294524.0,466004.0
2025-06-18 11:11:04.087184,1925.0,295508.0,465970.0
2025-06-18 11:11:04.168725,1925.0,295508.0,465970.0
2025-06-18 11:11:04.994313,1925.1,293365.0,466113.0
2025-06-18 11:11:05.169312,1925.0,293365.0,466113.0
2025-06-18 11:11:05.994701,1925.0,294307.0,466158.0
2025-06-18 11:11:06.172677,1925.0,294307.0,466158.0
2025-06-18 11:11:07.100083,1925.1,291535.0,466222.0
2025-06-18 11:11:07.171872,1925.1,291535.0,466222.0
2025-06-18 11:11:08.101072,1925.0,293956.0,466322.0
2025-06-18 11:11:08.175645,1925.0,293956.0,466322.0
2025-06-18 11:11:09.105592,1925.1,294314.0,466600.0
2025-06-18 11:11:09.189799,1925.1,294314.0,466600.0
2025-06-18 11:11:10.104249,1925.1,294442.0,466313.0
2025-06-18 11:11:10.167898,1925.1,294442.0,466313.0
2025-06-18 11:11:11.176066,1925.1,294442.0,466313.0
2025-06-18 11:11:11.200900,1925.1,294015.0,465912.0
2025-06-18 11:11:12.168130,1925.0,294015.0,465912.0
2025-06-18 11:11:12.199666,1925.1,294342.0,460203.0
2025-06-18 11:11:13.176345,1925.1,294342.0,460203.0
2025-06-18 11:11:13.293813,1925.1,294313.0,465919.0
2025-06-18 11:11:14.183111,1925.0,294313.0,465919.0
2025-06-18 11:11:14.394430,1925.1,294236.0,465632.0
2025-06-18 11:11:15.169164,1925.1,294236.0,465632.0
2025-06-18 11:11:15.394040,1925.1,294486.0,465778.0
2025-06-18 11:11:16.169522,1925.0,294486.0,465778.0
2025-06-18 11:11:16.395998,1925.1,294305.0,465843.0
2025-06-18 11:11:17.187398,1925.1,294305.0,465843.0
2025-06-18 11:11:17.507087,1925.1,294298.0,465686.0
2025-06-18 11:11:18.176718,1925.1,294298.0,465686.0
2025-06-18 11:11:18.501417,1925.0,294053.0,465881.0
2025-06-18 11:11:19.177413,1925.1,294053.0,465881.0
2025-06-18 11:11:19.557720,1925.0,294105.0,466107.0
2025-06-18 11:11:20.174055,1925.0,294105.0,466107.0
2025-06-18 11:11:20.595576,1925.0,293830.0,465314.0
2025-06-18 11:11:21.181694,1925.2,293830.0,465314.0
2025-06-18 11:11:21.510639,1925.2,294473.0,464957.0
2025-06-18 11:11:22.174130,1925.2,294473.0,464957.0
2025-06-18 11:11:22.510609,1925.2,294486.0,465549.0
2025-06-18 11:11:23.170621,1925.2,294486.0,465549.0
2025-06-18 11:11:23.513128,1925.2,294677.0,465437.0
2025-06-18 11:11:24.172019,1925.2,294677.0,465437.0
2025-06-18 11:11:24.561443,1925.2,294706.0,465498.0
2025-06-18 11:11:25.178675,1925.2,294706.0,465498.0
2025-06-18 11:11:25.510027,1925.2,294546.0,465819.0
2025-06-18 11:11:26.171875,1925.2,294546.0,465819.0
2025-06-18 11:11:26.599521,1925.1,291613.0,464326.0
2025-06-18 11:11:27.169526,1925.1,291613.0,464326.0
2025-06-18 11:11:27.602263,1925.2,295000.0,465047.0
2025-06-18 11:11:28.176799,1925.3,295000.0,465047.0
2025-06-18 11:11:28.602051,1925.3,293919.0,464270.0
2025-06-18 11:11:29.189331,1925.3,293919.0,464270.0
2025-06-18 11:11:29.601931,1925.3,294864.0,464844.0
2025-06-18 11:11:30.172410,1925.3,294864.0,464844.0
2025-06-18 11:11:30.602518,1925.3,295194.0,464853.0
2025-06-18 11:11:31.174033,1925.3,295194.0,464853.0
2025-06-18 11:11:31.601863,1925.3,293487.0,465104.0
2025-06-18 11:11:32.176907,1925.3,293487.0,465104.0
2025-06-18 11:11:32.703740,1925.3,295289.0,464721.0
2025-06-18 11:11:33.171619,1925.3,295289.0,464721.0
2025-06-18 11:11:33.804311,1925.2,296202.0,464923.0
2025-06-18 11:11:34.174225,1925.3,296202.0,464923.0
2025-06-18 11:11:34.906381,1925.2,296029.0,464450.0
2025-06-18 11:11:35.177066,1925.3,296029.0,464450.0
2025-06-18 11:11:35.907341,1925.3,296056.0,464706.0
2025-06-18 11:11:36.173074,1925.3,296056.0,464706.0
2025-06-18 11:11:36.907551,1925.3,296170.0,464913.0
2025-06-18 11:11:37.178514,1925.3,296170.0,464913.0
2025-06-18 11:11:38.017442,1925.2,295939.0,465338.0
2025-06-18 11:11:38.179052,1925.3,295939.0,465338.0
2025-06-18 11:11:39.112665,1925.3,295834.0,465027.0
2025-06-18 11:11:39.177437,1925.3,295834.0,465027.0
2025-06-18 11:11:40.172264,1925.3,295834.0,465027.0
2025-06-18 11:11:40.208087,1925.3,293651.0,465482.0
2025-06-18 11:11:41.110993,1925.2,295556.0,465475.0
2025-06-18 11:11:41.178002,1925.3,295556.0,465475.0
2025-06-18 11:11:42.114521,1925.2,295405.0,465490.0
2025-06-18 11:11:42.176651,1925.3,295405.0,465490.0
2025-06-18 11:11:43.110253,1925.3,295366.0,465199.0
2025-06-18 11:11:43.178530,1925.3,295366.0,465199.0
2025-06-18 11:11:44.111867,1925.3,295594.0,465217.0
2025-06-18 11:11:44.178677,1925.3,295594.0,465217.0
2025-06-18 11:11:45.182188,1925.3,295594.0,465217.0
2025-06-18 11:11:45.211679,1925.3,295555.0,465668.0
2025-06-18 11:11:46.114686,1925.1,295315.0,466213.0
2025-06-18 11:11:46.171465,1925.2,295315.0,466213.0
2025-06-18 11:11:47.112752,1925.1,295204.0,466167.0
2025-06-18 11:11:47.181629,1925.2,295204.0,466167.0
2025-06-18 11:11:48.113746,1925.1,295328.0,466362.0
2025-06-18 11:11:48.181916,1925.2,295328.0,466362.0
2025-06-18 11:11:49.114842,1925.1,295450.0,464347.0
2025-06-18 11:11:49.181787,1925.2,295450.0,464347.0
2025-06-18 11:11:50.178980,1925.2,295450.0,464347.0
2025-06-18 11:11:50.219007,1925.1,295344.0,465895.0
2025-06-18 11:11:51.120474,1925.1,295351.0,466469.0
2025-06-18 11:11:51.203103,1925.2,295351.0,466469.0
2025-06-18 11:11:52.182750,1925.2,295351.0,466469.0
2025-06-18 11:11:52.224323,1925.2,295308.0,466437.0
2025-06-18 11:11:53.192922,1925.2,295308.0,466437.0
2025-06-18 11:11:53.319278,1925.2,295163.0,466668.0
2025-06-18 11:11:54.183223,1925.2,295163.0,466668.0
2025-06-18 11:11:54.419649,1925.2,295156.0,466514.0
2025-06-18 11:11:55.191546,1925.2,295156.0,466514.0
2025-06-18 11:11:55.557399,1925.2,295256.0,466181.0
2025-06-18 11:11:56.177475,1925.2,295256.0,466181.0
2025-06-18 11:11:56.423257,1925.2,295160.0,466461.0
2025-06-18 11:11:57.185627,1925.2,295160.0,466461.0
2025-06-18 11:11:57.535296,1925.2,295159.0,466572.0
2025-06-18 11:11:58.402841,1925.2,295159.0,466572.0
2025-06-18 11:11:58.625610,1925.1,294972.0,463839.0
2025-06-18 11:11:59.176523,1925.1,294972.0,463839.0
2025-06-18 11:11:59.725340,1925.1,295365.0,465891.0
2025-06-18 11:12:00.173862,1925.2,295365.0,465891.0
2025-06-18 11:12:00.828993,1925.0,295408.0,465727.0
2025-06-18 11:12:02.330775,1925.2,295408.0,465727.0
2025-06-18 11:12:02.337897,1925.2,295228.0,465341.0
2025-06-18 11:12:03.184620,1925.2,295228.0,465341.0
2025-06-18 11:12:03.325967,1925.2,295203.0,465392.0
2025-06-18 11:12:04.177804,1925.2,295203.0,465392.0
2025-06-18 11:12:04.324598,1925.2,295258.0,465563.0
2025-06-18 11:12:05.173831,1925.2,295258.0,465563.0
2025-06-18 11:12:05.326222,1925.2,295325.0,467371.0
2025-06-18 11:12:06.173732,1925.2,295325.0,467371.0
2025-06-18 11:12:06.426564,1925.2,295278.0,467511.0
2025-06-18 11:12:07.176364,1925.2,295278.0,467511.0
2025-06-18 11:12:07.536497,1925.2,295286.0,467409.0
2025-06-18 11:12:08.174742,1925.3,295286.0,467409.0
2025-06-18 11:12:08.541053,1925.3,295580.0,467395.0
2025-06-18 11:12:10.115277,1925.3,295580.0,467395.0
2025-06-18 11:12:10.168566,1925.3,295502.0,467189.0
2025-06-18 11:12:10.178287,1925.3,295502.0,467189.0
2025-06-18 11:12:10.931543,1925.3,295487.0,467201.0
2025-06-18 11:12:11.172858,1925.3,295487.0,467201.0
2025-06-18 11:12:12.036017,1925.3,295449.0,464598.0
2025-06-18 11:12:12.182504,1925.3,295449.0,464598.0
2025-06-18 11:12:13.034380,1925.3,293905.0,464235.0
2025-06-18 11:12:13.182986,1925.3,293905.0,464235.0
2025-06-18 11:12:14.040603,1925.3,294465.0,464850.0
2025-06-18 11:12:14.178297,1925.3,294465.0,464850.0
2025-06-18 11:12:15.038543,1925.2,293939.0,464945.0
2025-06-18 11:12:15.175446,1925.0,293939.0,464945.0
2025-06-18 11:12:16.036913,1925.0,295886.0,465952.0
2025-06-18 11:12:16.172247,1925.0,295886.0,465952.0
2025-06-18 11:12:17.140396,1925.0,295722.0,466480.0
2025-06-18 11:12:17.177617,1925.0,295722.0,466480.0
2025-06-18 11:12:18.208383,1925.0,295722.0,466480.0
2025-06-18 11:12:18.237497,1925.0,294578.0,466320.0
2025-06-18 11:12:19.174755,1925.0,294578.0,466320.0
2025-06-18 11:12:19.336676,1925.0,295533.0,466498.0
2025-06-18 11:12:20.173794,1925.0,295533.0,466498.0
2025-06-18 11:12:20.437634,1925.0,295412.0,466733.0
2025-06-18 11:12:21.175439,1925.0,295412.0,466733.0
2025-06-18 11:12:21.438715,1925.0,295375.0,466867.0
2025-06-18 11:12:22.176443,1925.0,295375.0,466867.0
2025-06-18 11:12:22.545820,1924.9,295249.0,466881.0
2025-06-18 11:12:23.172853,1925.0,295249.0,466881.0
2025-06-18 11:12:23.646501,1925.0,295414.0,466507.0
2025-06-18 11:12:24.178232,1925.0,295414.0,466507.0
2025-06-18 11:12:24.755140,1924.9,293808.0,468104.0
2025-06-18 11:12:25.173693,1925.0,293808.0,468104.0
2025-06-18 11:12:25.846452,1924.9,293812.0,468041.0
2025-06-18 11:12:26.176652,1925.0,293812.0,468041.0
2025-06-18 11:12:26.844906,1924.9,293845.0,467968.0
2025-06-18 11:12:27.178235,1925.0,293845.0,467968.0
2025-06-18 11:12:27.946261,1925.0,293717.0,467499.0
2025-06-18 11:12:28.176205,1925.0,293717.0,467499.0
2025-06-18 11:12:29.051257,1924.8,293734.0,468036.0
2025-06-18 11:12:29.173756,1924.9,293734.0,468036.0
2025-06-18 11:12:30.158719,1925.0,294047.0,467376.0
2025-06-18 11:12:30.183321,1924.9,294047.0,467376.0
2025-06-18 11:12:31.153842,1924.7,294306.0,467339.0
2025-06-18 11:12:31.175935,1924.9,294306.0,467339.0
2025-06-18 11:12:32.203909,1924.9,294306.0,467339.0
2025-06-18 11:12:32.255945,1924.9,285835.0,467358.0
2025-06-18 11:12:33.177474,1924.9,285835.0,467358.0
2025-06-18 11:12:33.351026,1924.8,294694.0,466983.0
2025-06-18 11:12:34.176158,1924.9,294694.0,466983.0
2025-06-18 11:12:34.450942,1924.9,294940.0,466975.0
2025-06-18 11:12:35.196896,1924.8,294940.0,466975.0
2025-06-18 11:12:35.551637,1924.8,294736.0,468254.0
2025-06-18 11:12:36.198420,1924.8,294736.0,468254.0
2025-06-18 11:12:36.453194,1924.8,294690.0,468089.0
2025-06-18 11:12:37.174953,1924.8,294690.0,468089.0
2025-06-18 11:12:37.553698,1924.8,294905.0,468308.0
2025-06-18 11:12:38.177969,1924.8,294905.0,468308.0
2025-06-18 11:12:38.654430,1924.8,295017.0,467749.0
2025-06-18 11:12:39.177198,1924.8,295017.0,467749.0
2025-06-18 11:12:39.755451,1924.8,294566.0,467809.0
2025-06-18 11:12:40.175851,1924.8,294566.0,467809.0
2025-06-18 11:12:40.756633,1924.8,293165.0,467471.0
2025-06-18 11:12:41.192460,1924.8,293165.0,467471.0
2025-06-18 11:12:41.758076,1924.8,294631.0,467554.0
2025-06-18 11:12:42.177276,1924.8,294631.0,467554.0
2025-06-18 11:12:42.857882,1924.8,293489.0,468149.0
2025-06-18 11:12:43.180826,1924.8,293489.0,468149.0
2025-06-18 11:12:43.960933,1924.8,294727.0,468267.0
2025-06-18 11:12:44.178087,1924.8,294727.0,468267.0
2025-06-18 11:12:44.960820,1924.9,294201.0,467608.0
2025-06-18 11:12:45.177506,1924.9,294201.0,467608.0
2025-06-18 11:12:46.060713,1924.9,293286.0,467548.0
2025-06-18 11:12:46.177070,1924.9,293286.0,467548.0
2025-06-18 11:12:47.165166,1924.9,295893.0,465887.0
2025-06-18 11:12:47.177255,1924.9,295893.0,465887.0
2025-06-18 11:12:47.566507,1924.9,295893.0,465887.0
2025-06-18 11:12:48.176060,1925.0,295893.0,465887.0
2025-06-18 11:12:48.262343,1925.2,296046.0,459881.0
2025-06-18 11:12:48.633851,1925.2,296046.0,459881.0
2025-06-18 11:12:49.175513,1925.2,296046.0,459881.0
2025-06-18 11:12:49.261274,1925.2,296432.0,462821.0
2025-06-18 11:12:49.540781,1925.2,296432.0,462821.0
2025-06-18 11:12:50.181349,1925.2,296432.0,462821.0
2025-06-18 11:12:50.364585,1925.2,296716.0,463419.0
2025-06-18 11:12:50.454137,1925.2,296716.0,463419.0
2025-06-18 11:12:51.178196,1925.2,296716.0,463419.0
2025-06-18 11:12:51.343964,1925.2,296716.0,463419.0
2025-06-18 11:12:51.463732,1925.2,296205.0,463705.0
2025-06-18 11:12:52.081730,1925.2,296205.0,463705.0
2025-06-18 11:12:52.176574,1925.2,296205.0,463705.0
2025-06-18 11:12:52.462564,1925.2,300092.0,463823.0
2025-06-18 11:12:53.110726,1925.2,300092.0,463823.0
2025-06-18 11:12:53.177330,1925.2,300092.0,463823.0
2025-06-18 11:12:53.564748,1925.5,296573.0,460848.0
2025-06-18 11:12:53.638691,1925.5,296573.0,460848.0
2025-06-18 11:12:54.051111,1925.5,296573.0,460848.0
2025-06-18 11:12:54.176932,1925.5,296573.0,460848.0
2025-06-18 11:12:54.529689,1925.5,296573.0,460848.0
2025-06-18 11:12:54.666015,1925.4,296025.0,461545.0
2025-06-18 11:12:54.882498,1925.4,296025.0,461545.0
2025-06-18 11:12:55.176750,1925.5,296025.0,461545.0
2025-06-18 11:12:55.802294,1925.5,296025.0,461545.0
2025-06-18 11:12:55.806017,1925.5,296373.0,461521.0
2025-06-18 11:12:56.179236,1925.5,296373.0,461521.0
2025-06-18 11:12:56.867610,1925.5,295827.0,461797.0
2025-06-18 11:12:57.055953,1925.5,295827.0,461797.0
2025-06-18 11:12:57.182118,1925.5,295827.0,461797.0
2025-06-18 11:12:57.887186,1925.5,295827.0,461797.0
2025-06-18 11:12:57.888441,1925.5,294727.0,461925.0
2025-06-18 11:12:58.183729,1925.5,294727.0,461925.0
2025-06-18 11:12:58.970136,1925.5,296083.0,462017.0
2025-06-18 11:12:59.186409,1925.5,296083.0,462017.0
2025-06-18 11:12:59.291539,1925.5,296083.0,462017.0
2025-06-18 11:13:00.070531,1925.4,295354.0,460381.0
2025-06-18 11:13:00.182950,1925.4,295354.0,460381.0
2025-06-18 11:13:00.402086,1925.4,295354.0,460381.0
2025-06-18 11:13:01.372503,1925.5,294813.0,461986.0
2025-06-18 11:13:01.579932,1925.5,294813.0,461986.0
2025-06-18 11:13:02.178288,1925.5,294813.0,461986.0
2025-06-18 11:13:02.370375,1925.5,294454.0,463789.0
2025-06-18 11:13:03.040102,1925.5,294454.0,463789.0
2025-06-18 11:13:03.210449,1925.5,294454.0,463789.0
2025-06-18 11:13:03.472471,1925.5,294529.0,465394.0
2025-06-18 11:13:04.180692,1925.5,294529.0,465394.0
2025-06-18 11:13:04.572151,1925.5,294700.0,465921.0
2025-06-18 11:13:05.180390,1925.5,294700.0,465921.0
2025-06-18 11:13:05.574463,1925.5,295764.0,465844.0
2025-06-18 11:13:06.180573,1925.5,295764.0,465844.0
2025-06-18 11:13:06.684581,1925.3,295744.0,463177.0
2025-06-18 11:13:07.180384,1925.3,295744.0,463177.0
2025-06-18 11:13:07.675294,1925.3,295261.0,462427.0
2025-06-18 11:13:08.179377,1925.5,295261.0,462427.0
2025-06-18 11:13:08.677705,1925.4,295470.0,462150.0
2025-06-18 11:13:09.180780,1925.5,295470.0,462150.0
2025-06-18 11:13:09.676848,1925.4,295348.0,463258.0
2025-06-18 11:13:10.180346,1925.5,295348.0,463258.0
2025-06-18 11:13:10.676673,1925.4,295518.0,462427.0
2025-06-18 11:13:11.180625,1925.5,295518.0,462427.0
2025-06-18 11:13:11.677409,1925.5,295539.0,462805.0
2025-06-18 11:13:12.182172,1925.5,295539.0,462805.0
2025-06-18 11:13:12.677476,1925.5,295539.0,462679.0
2025-06-18 11:13:13.183095,1925.5,295539.0,462679.0
2025-06-18 11:13:13.777070,1925.5,295604.0,462875.0
2025-06-18 11:13:14.179687,1925.5,295604.0,462875.0
2025-06-18 11:13:14.878470,1925.4,295652.0,462873.0
2025-06-18 11:13:15.183261,1925.5,295652.0,462873.0
2025-06-18 11:13:15.980840,1925.5,293740.0,463021.0
2025-06-18 11:13:16.179144,1925.5,293740.0,463021.0
2025-06-18 11:13:17.079320,1925.4,293218.0,463155.0
2025-06-18 11:13:17.183474,1925.5,293218.0,463155.0
2025-06-18 11:13:17.983307,1925.4,292211.0,462273.0
2025-06-18 11:13:18.180870,1925.5,292211.0,462273.0
2025-06-18 11:13:19.081015,1925.2,293426.0,464407.0
2025-06-18 11:13:19.179684,1925.5,293426.0,464407.0
2025-06-18 11:13:20.081207,1925.5,293987.0,464930.0
2025-06-18 11:13:20.183401,1925.5,293987.0,464930.0
2025-06-18 11:13:21.083728,1925.2,294484.0,465106.0
2025-06-18 11:13:21.180474,1925.2,294484.0,465106.0
2025-06-18 11:13:22.086131,1925.1,294016.0,465497.0
2025-06-18 11:13:22.181163,1925.2,294016.0,465497.0
2025-06-18 11:13:23.081952,1925.2,293529.0,465259.0
2025-06-18 11:13:23.179273,1925.2,293529.0,465259.0
2025-06-18 11:13:24.091465,1925.1,293987.0,465231.0
2025-06-18 11:13:24.182046,1925.2,293987.0,465231.0
2025-06-18 11:13:25.084316,1925.2,294165.0,465770.0
2025-06-18 11:13:25.182574,1925.2,294165.0,465770.0
2025-06-18 11:13:26.085093,1925.2,295012.0,466155.0
2025-06-18 11:13:26.179019,1925.2,295012.0,466155.0
2025-06-18 11:13:26.991666,1925.2,295138.0,466158.0
2025-06-18 11:13:27.181167,1925.2,295138.0,466158.0
2025-06-18 11:13:28.086606,1925.2,294094.0,466029.0
2025-06-18 11:13:28.181214,1925.2,294094.0,466029.0
2025-06-18 11:13:28.989077,1925.2,294356.0,466340.0
2025-06-18 11:13:29.182737,1925.2,294356.0,466340.0
2025-06-18 11:13:30.184977,1925.2,294356.0,466340.0
2025-06-18 11:13:30.197360,1925.2,294066.0,466247.0
2025-06-18 11:13:31.181116,1925.2,294066.0,466247.0
2025-06-18 11:13:31.199173,1925.2,294538.0,466148.0
2025-06-18 11:13:32.182002,1925.2,294538.0,466148.0
2025-06-18 11:13:32.190579,1925.2,294567.0,465925.0
2025-06-18 11:13:33.188197,1925.2,294567.0,465925.0
2025-06-18 11:13:33.289106,1925.2,294840.0,466190.0
2025-06-18 11:13:34.184217,1925.2,294840.0,466190.0
2025-06-18 11:13:34.393577,1925.2,295437.0,464651.0
2025-06-18 11:13:35.181339,1925.4,295437.0,464651.0
2025-06-18 11:13:35.397635,1925.1,295560.0,465700.0
2025-06-18 11:13:36.182327,1925.4,295560.0,465700.0
2025-06-18 11:13:36.408061,1925.4,295431.0,465774.0
2025-06-18 11:13:37.179935,1925.4,295431.0,465774.0
2025-06-18 11:13:37.393342,1925.4,295546.0,465649.0
2025-06-18 11:13:38.181637,1925.4,295546.0,465649.0
2025-06-18 11:13:38.449712,1925.4,294592.0,462951.0
2025-06-18 11:13:39.185370,1925.4,294592.0,462951.0
2025-06-18 11:13:39.430311,1925.4,294444.0,462860.0
2025-06-18 11:13:40.182231,1925.4,294444.0,462860.0
2025-06-18 11:13:40.492564,1925.4,294332.0,463405.0
2025-06-18 11:13:41.186758,1925.4,294332.0,463405.0
2025-06-18 11:13:41.594635,1925.3,294418.0,463372.0
2025-06-18 11:13:42.181872,1925.4,294418.0,463372.0
2025-06-18 11:13:42.596522,1925.3,294380.0,463359.0
2025-06-18 11:13:43.187186,1925.4,294380.0,463359.0
2025-06-18 11:13:43.597726,1924.9,293200.0,464841.0
2025-06-18 11:13:44.183741,1925.4,293200.0,464841.0
2025-06-18 11:13:44.596622,1925.4,294896.0,466449.0
2025-06-18 11:13:45.183136,1925.0,294896.0,466449.0
2025-06-18 11:13:45.596500,1924.9,295709.0,466578.0
2025-06-18 11:13:46.183411,1925.0,295709.0,466578.0
2025-06-18 11:13:46.596593,1925.0,294663.0,467117.0
2025-06-18 11:13:47.191301,1925.2,294663.0,467117.0
2025-06-18 11:13:47.595924,1925.2,295125.0,466913.0
2025-06-18 11:13:48.182182,1925.0,295125.0,466913.0
2025-06-18 11:13:48.596922,1925.0,293757.0,467913.0
2025-06-18 11:13:49.181352,1925.0,293757.0,467913.0
2025-06-18 11:13:49.706295,1924.8,294583.0,467704.0
2025-06-18 11:13:50.181192,1925.0,294583.0,467704.0
2025-06-18 11:13:50.798841,1925.0,294762.0,467431.0
2025-06-18 11:13:51.182163,1925.0,294762.0,467431.0
2025-06-18 11:13:51.898007,1925.0,296082.0,467524.0
2025-06-18 11:13:52.184176,1925.0,296082.0,467524.0
2025-06-18 11:13:52.799037,1925.0,297602.0,466538.0
2025-06-18 11:13:53.184691,1925.0,297602.0,466538.0
2025-06-18 11:13:53.799178,1924.9,297567.0,467283.0
2025-06-18 11:13:54.184855,1925.0,297567.0,467283.0
2025-06-18 11:13:54.798830,1925.0,296261.0,467784.0
2025-06-18 11:13:55.185676,1925.0,296261.0,467784.0
2025-06-18 11:13:55.899501,1924.9,297024.0,468106.0
2025-06-18 11:13:56.182723,1925.0,297024.0,468106.0
2025-06-18 11:13:56.900217,1925.0,296890.0,468190.0
2025-06-18 11:13:57.184678,1925.0,296890.0,468190.0
2025-06-18 11:13:57.803277,1925.3,296587.0,465131.0
2025-06-18 11:13:58.181135,1925.3,296587.0,465131.0
2025-06-18 11:13:58.802665,1925.2,296682.0,467280.0
2025-06-18 11:13:59.180144,1925.2,296682.0,467280.0
2025-06-18 11:13:59.902967,1925.2,296668.0,467194.0
2025-06-18 11:14:00.183642,1925.2,296668.0,467194.0
2025-06-18 11:14:01.304851,1925.2,295996.0,467465.0
2025-06-18 11:14:02.180900,1925.0,295996.0,467465.0
2025-06-18 11:14:02.218866,1925.0,295367.0,467856.0
2025-06-18 11:14:03.107049,1924.9,296160.0,468093.0
2025-06-18 11:14:03.184062,1925.0,296160.0,468093.0
2025-06-18 11:14:04.184170,1925.0,296160.0,468093.0
2025-06-18 11:14:04.208907,1925.0,296083.0,468852.0
2025-06-18 11:14:05.180016,1925.0,296083.0,468852.0
2025-06-18 11:14:05.215223,1925.0,296032.0,468785.0
2025-06-18 11:14:06.181279,1925.0,296032.0,468785.0
2025-06-18 11:14:06.212074,1925.0,297448.0,467149.0
2025-06-18 11:14:07.180624,1925.0,297448.0,467149.0
2025-06-18 11:14:07.308317,1925.0,296496.0,467016.0
2025-06-18 11:14:08.182322,1925.2,296496.0,467016.0
2025-06-18 11:14:08.214523,1925.2,296709.0,466227.0
2025-06-18 11:14:09.186709,1925.2,296709.0,466227.0
2025-06-18 11:14:09.310555,1925.2,296761.0,466464.0
2025-06-18 11:14:10.186502,1925.2,296761.0,466464.0
2025-06-18 11:14:10.411087,1925.2,296754.0,467814.0
2025-06-18 11:14:11.182182,1925.2,296754.0,467814.0
2025-06-18 11:14:11.517545,1925.2,296880.0,466703.0
2025-06-18 11:14:12.182641,1925.2,296880.0,466703.0
2025-06-18 11:14:12.518280,1925.2,297096.0,467428.0
2025-06-18 11:14:13.219965,1925.2,297096.0,467428.0
2025-06-18 11:14:13.610769,1925.2,296977.0,466254.0
2025-06-18 11:14:14.182782,1925.2,296977.0,466254.0
2025-06-18 11:14:14.612050,1925.1,298045.0,466345.0
2025-06-18 11:14:15.183193,1925.2,298045.0,466345.0
2025-06-18 11:14:15.615933,1925.0,297583.0,465851.0
2025-06-18 11:14:16.184915,1925.2,297583.0,465851.0
2025-06-18 11:14:16.614101,1925.0,297932.0,466922.0
2025-06-18 11:14:17.187244,1925.2,297932.0,466922.0
2025-06-18 11:14:17.615090,1925.2,297869.0,466874.0
2025-06-18 11:14:18.189851,1925.2,297869.0,466874.0
2025-06-18 11:14:18.715498,1925.0,297594.0,465183.0
2025-06-18 11:14:19.188351,1925.0,297594.0,465183.0
2025-06-18 11:14:19.817044,1924.9,297535.0,465390.0
2025-06-18 11:14:20.182706,1925.0,297535.0,465390.0
2025-06-18 11:14:20.917694,1924.9,297511.0,465274.0
2025-06-18 11:14:21.182357,1925.0,297511.0,465274.0
2025-06-18 11:14:22.027879,1925.2,300012.0,463692.0
2025-06-18 11:14:22.234242,1925.5,300012.0,463692.0
2025-06-18 11:14:23.031709,1925.5,298098.0,460743.0
2025-06-18 11:14:23.181076,1925.5,298098.0,460743.0
2025-06-18 11:14:24.119181,1925.5,297323.0,461588.0
2025-06-18 11:14:24.184646,1925.5,297323.0,461588.0
2025-06-18 11:14:25.181897,1925.5,297323.0,461588.0
2025-06-18 11:14:25.221221,1925.6,298010.0,461090.0
2025-06-18 11:14:26.183614,1925.6,298010.0,461090.0
2025-06-18 11:14:26.320692,1925.6,298710.0,462331.0
2025-06-18 11:14:27.187143,1925.6,298710.0,462331.0
2025-06-18 11:14:27.422070,1925.6,298249.0,460564.0
2025-06-18 11:14:28.186378,1925.6,298249.0,460564.0
2025-06-18 11:14:28.421366,1925.6,297997.0,460684.0
2025-06-18 11:14:29.181588,1925.6,297997.0,460684.0
2025-06-18 11:14:29.536242,1925.6,298394.0,462519.0
2025-06-18 11:14:30.184864,1925.6,298394.0,462519.0
2025-06-18 11:14:30.625948,1925.6,296797.0,461854.0
2025-06-18 11:14:31.184486,1925.6,296797.0,461854.0
2025-06-18 11:14:31.625146,1925.6,298145.0,463146.0
2025-06-18 11:14:32.185078,1925.6,298145.0,463146.0
2025-06-18 11:14:32.725685,1925.6,298637.0,463416.0
2025-06-18 11:14:33.181887,1925.6,298637.0,463416.0
2025-06-18 11:14:33.726577,1925.2,298457.0,464013.0
2025-06-18 11:14:34.196613,1925.6,298457.0,464013.0
2025-06-18 11:14:34.826993,1925.2,298473.0,463975.0
2025-06-18 11:14:35.182195,1925.6,298473.0,463975.0
2025-06-18 11:14:35.928457,1925.3,297498.0,460542.0
2025-06-18 11:14:36.188785,1925.6,297498.0,460542.0
2025-06-18 11:14:37.041367,1925.6,297038.0,461077.0
2025-06-18 11:14:37.196753,1925.5,297038.0,461077.0
2025-06-18 11:14:38.045353,1925.6,297290.0,460779.0
2025-06-18 11:14:38.183227,1925.6,297290.0,460779.0
2025-06-18 11:14:39.128525,1925.6,297416.0,460814.0
2025-06-18 11:14:39.181655,1925.6,297416.0,460814.0
2025-06-18 11:14:40.183326,1925.6,297416.0,460814.0
2025-06-18 11:14:40.230592,1925.6,297221.0,460831.0
2025-06-18 11:14:41.185249,1925.6,297221.0,460831.0
2025-06-18 11:14:41.330939,1925.6,297205.0,460862.0
2025-06-18 11:14:42.184616,1925.6,297205.0,460862.0
2025-06-18 11:14:42.431452,1925.6,297572.0,461431.0
2025-06-18 11:14:43.198187,1925.6,297572.0,461431.0
2025-06-18 11:14:43.432311,1925.6,297487.0,462396.0
2025-06-18 11:14:44.184243,1925.6,297487.0,462396.0
2025-06-18 11:14:44.433055,1925.6,297716.0,462292.0
2025-06-18 11:14:45.185103,1925.5,297716.0,462292.0
2025-06-18 11:14:45.437472,1925.2,301012.0,463156.0
2025-06-18 11:14:46.183419,1925.2,301012.0,463156.0
2025-06-18 11:14:46.436786,1925.1,300526.0,463984.0
2025-06-18 11:14:47.182990,1925.2,300526.0,463984.0
2025-06-18 11:14:47.436763,1925.2,297400.0,463891.0
2025-06-18 11:14:48.192752,1925.3,297400.0,463891.0
2025-06-18 11:14:48.437271,1925.3,296867.0,461445.0
2025-06-18 11:14:49.181940,1925.6,296867.0,461445.0
2025-06-18 11:14:49.551375,1925.6,296824.0,460122.0
2025-06-18 11:14:50.182375,1925.6,296824.0,460122.0
2025-06-18 11:14:50.649827,1925.6,296885.0,460340.0
2025-06-18 11:14:51.185338,1925.6,296885.0,460340.0
2025-06-18 11:14:51.648854,1925.6,295813.0,461416.0
2025-06-18 11:14:52.211195,1925.6,295813.0,461416.0
2025-06-18 11:14:52.741583,1925.6,296756.0,461335.0
2025-06-18 11:14:53.209413,1925.6,296756.0,461335.0
2025-06-18 11:14:53.843159,1925.6,294555.0,460990.0
2025-06-18 11:14:54.183901,1925.6,294555.0,460990.0
2025-06-18 11:14:54.744923,1925.4,295110.0,460583.0
2025-06-18 11:14:55.184378,1925.6,295110.0,460583.0
2025-06-18 11:14:55.744698,1925.6,296777.0,461210.0
2025-06-18 11:14:56.185797,1925.4,296777.0,461210.0
2025-06-18 11:14:56.745270,1925.4,296003.0,460417.0
2025-06-18 11:14:57.185194,1925.6,296003.0,460417.0
2025-06-18 11:14:57.746930,1925.7,295873.0,460019.0
2025-06-18 11:14:58.186079,1925.7,295873.0,460019.0
2025-06-18 11:14:58.847420,1925.7,295564.0,461161.0
2025-06-18 11:14:59.186816,1925.7,295564.0,461161.0
2025-06-18 11:14:59.948164,1925.7,295954.0,460353.0
2025-06-18 11:15:00.185198,1925.5,295954.0,460353.0
2025-06-18 11:15:01.348518,1925.6,296687.0,463802.0
2025-06-18 11:15:02.186917,1925.5,296687.0,463802.0
2025-06-18 11:15:02.449813,1925.5,297284.0,464760.0
2025-06-18 11:15:03.187608,1925.5,297284.0,464760.0
2025-06-18 11:15:03.449395,1925.3,297526.0,465090.0
2025-06-18 11:15:04.187813,1925.4,297526.0,465090.0
2025-06-18 11:15:04.557284,1925.3,297547.0,464899.0
2025-06-18 11:15:05.191036,1925.4,297547.0,464899.0
2025-06-18 11:15:05.449188,1925.4,297191.0,464821.0
2025-06-18 11:15:06.953556,1925.4,297191.0,464821.0
2025-06-18 11:15:06.963799,1925.4,297320.0,464894.0
2025-06-18 11:15:07.188259,1925.3,297320.0,464894.0
2025-06-18 11:15:07.552267,1925.1,296464.0,461960.0
2025-06-18 11:15:08.188940,1925.4,296464.0,461960.0
2025-06-18 11:15:10.431736,1925.4,296798.0,461760.0
2025-06-18 11:15:10.474340,1925.6,296798.0,461760.0
2025-06-18 11:15:10.477215,1925.6,297730.0,462319.0
2025-06-18 11:15:10.478407,1925.6,297730.0,462319.0
2025-06-18 11:15:10.514914,1925.6,297520.0,463086.0
2025-06-18 11:15:11.190901,1925.6,297520.0,463086.0
2025-06-18 11:15:11.557803,1925.3,296649.0,463713.0
2025-06-18 11:15:12.188900,1925.6,296649.0,463713.0
2025-06-18 11:15:12.662399,1925.6,296859.0,458115.0
2025-06-18 11:15:13.187347,1925.6,296859.0,458115.0
2025-06-18 11:15:13.666967,1925.6,297985.0,463920.0
2025-06-18 11:15:14.188082,1925.6,297985.0,463920.0
2025-06-18 11:15:15.159256,1925.3,297538.0,462915.0
2025-06-18 11:15:15.207073,1925.6,297538.0,462915.0
2025-06-18 11:15:16.193141,1925.6,297538.0,462915.0
2025-06-18 11:15:16.258575,1925.6,297780.0,462949.0
2025-06-18 11:15:17.188742,1925.6,297780.0,462949.0
2025-06-18 11:15:17.360383,1925.6,297410.0,462865.0
2025-06-18 11:15:18.192072,1925.6,297410.0,462865.0
2025-06-18 11:15:18.460984,1925.6,298572.0,463940.0
2025-06-18 11:15:19.188929,1925.4,298572.0,463940.0
2025-06-18 11:15:19.564726,1925.4,298238.0,458130.0
2025-06-18 11:15:20.191823,1925.4,298238.0,458130.0
2025-06-18 11:15:20.669801,1925.4,295999.0,464443.0
2025-06-18 11:15:21.188787,1925.4,295999.0,464443.0
2025-06-18 11:15:21.761686,1925.1,296735.0,464696.0
2025-06-18 11:15:22.190432,1925.4,296735.0,464696.0
2025-06-18 11:15:22.862699,1925.1,295888.0,463823.0
2025-06-18 11:15:23.192007,1925.1,295888.0,463823.0
2025-06-18 11:15:23.963552,1925.1,296669.0,465306.0
2025-06-18 11:15:24.189895,1925.1,296669.0,465306.0
2025-06-18 11:15:24.963182,1925.4,295131.0,464521.0
2025-06-18 11:15:25.196331,1925.3,295131.0,464521.0
2025-06-18 11:15:26.063401,1925.2,297248.0,464755.0
2025-06-18 11:15:26.192471,1925.3,297248.0,464755.0
2025-06-18 11:15:27.169733,1925.4,297452.0,465208.0
2025-06-18 11:15:27.194251,1925.4,297452.0,465208.0
2025-06-18 11:15:28.187808,1925.4,297452.0,465208.0
2025-06-18 11:15:28.266508,1925.4,297354.0,464316.0
2025-06-18 11:15:29.200476,1925.4,297354.0,464316.0
2025-06-18 11:15:29.366701,1925.4,297958.0,464652.0
2025-06-18 11:15:30.189343,1925.5,297958.0,464652.0
2025-06-18 11:15:30.467635,1925.5,296831.0,464453.0
2025-06-18 11:15:31.188653,1925.2,296831.0,464453.0
2025-06-18 11:15:31.567179,1925.2,295600.0,464766.0
2025-06-18 11:15:32.192263,1925.5,295600.0,464766.0
2025-06-18 11:15:32.669329,1925.4,297064.0,465085.0
2025-06-18 11:15:33.191705,1925.4,297064.0,465085.0
2025-06-18 11:15:33.770341,1925.3,293967.0,466209.0
2025-06-18 11:15:34.209656,1925.3,293967.0,466209.0
2025-06-18 11:15:34.873504,1925.3,296817.0,465366.0
2025-06-18 11:15:35.189518,1925.2,296817.0,465366.0
2025-06-18 11:15:35.974093,1925.3,297472.0,465886.0
2025-06-18 11:15:36.190107,1925.3,297472.0,465886.0
2025-06-18 11:15:36.978808,1925.3,296529.0,466467.0
2025-06-18 11:15:37.204172,1925.2,296529.0,466467.0
2025-06-18 11:15:38.075991,1925.3,297105.0,467044.0
2025-06-18 11:15:38.190827,1925.3,297105.0,467044.0
2025-06-18 11:15:39.088083,1925.1,297102.0,467144.0
2025-06-18 11:15:39.194651,1925.2,297102.0,467144.0
2025-06-18 11:15:40.076700,1925.1,294902.0,467094.0
2025-06-18 11:15:40.193038,1925.1,294902.0,467094.0
2025-06-18 11:15:41.078801,1925.1,296777.0,467161.0
2025-06-18 11:15:41.196819,1925.1,296777.0,467161.0
2025-06-18 11:15:42.078058,1925.0,296869.0,467367.0
2025-06-18 11:15:42.190415,1925.1,296869.0,467367.0
2025-06-18 11:15:43.082088,1925.3,297436.0,465688.0
2025-06-18 11:15:43.195937,1925.3,297436.0,465688.0
2025-06-18 11:15:44.182386,1925.3,297323.0,464754.0
2025-06-18 11:15:44.198863,1925.3,297323.0,464754.0
2025-06-18 11:15:45.192615,1925.3,297323.0,464754.0
2025-06-18 11:15:45.280036,1925.3,297393.0,465981.0
2025-06-18 11:15:46.208967,1925.3,297393.0,465981.0
2025-06-18 11:15:46.279540,1925.3,297667.0,465470.0
2025-06-18 11:15:47.193665,1925.3,297667.0,465470.0
2025-06-18 11:15:47.380005,1925.3,294704.0,465387.0
2025-06-18 11:15:48.074163,1925.3,294704.0,465387.0
2025-06-18 11:15:48.193868,1925.3,294704.0,465387.0
2025-06-18 11:15:48.480213,1925.3,297367.0,465692.0
2025-06-18 11:15:49.099151,1925.3,297367.0,465692.0
2025-06-18 11:15:49.190401,1925.0,297367.0,465692.0
2025-06-18 11:15:49.581444,1925.0,297213.0,466005.0
2025-06-18 11:15:49.998503,1925.0,297213.0,466005.0
2025-06-18 11:15:50.194012,1925.3,297213.0,466005.0
2025-06-18 11:15:50.581404,1925.3,297150.0,464759.0
2025-06-18 11:15:50.942699,1925.3,297150.0,464759.0
2025-06-18 11:15:51.196778,1925.3,297150.0,464759.0
2025-06-18 11:15:51.582025,1925.3,296907.0,464498.0
2025-06-18 11:15:51.782933,1925.3,296907.0,464498.0
2025-06-18 11:15:52.192419,1925.3,296907.0,464498.0
2025-06-18 11:15:52.573437,1925.3,296907.0,464498.0
2025-06-18 11:15:52.582635,1925.3,296909.0,464752.0
2025-06-18 11:15:53.190651,1925.3,296909.0,464752.0
2025-06-18 11:15:53.580352,1925.3,296909.0,464752.0
2025-06-18 11:15:53.685804,1925.2,297014.0,464815.0
2025-06-18 11:15:54.138830,1925.2,297014.0,464815.0
2025-06-18 11:15:54.193776,1925.3,297014.0,464815.0
2025-06-18 11:15:54.538328,1925.3,297014.0,464815.0
2025-06-18 11:15:54.784763,1925.3,296471.0,464393.0
2025-06-18 11:15:55.039619,1925.3,296471.0,464393.0
2025-06-18 11:15:55.192586,1925.3,296471.0,464393.0
2025-06-18 11:15:55.405550,1925.3,296471.0,464393.0
2025-06-18 11:15:55.784343,1925.3,296711.0,464678.0
2025-06-18 11:15:56.194513,1925.3,296711.0,464678.0
2025-06-18 11:15:56.297040,1925.3,296711.0,464678.0
2025-06-18 11:15:56.785602,1925.3,296940.0,464675.0
2025-06-18 11:15:57.195928,1925.4,296940.0,464675.0
2025-06-18 11:15:57.588229,1925.4,296940.0,464675.0
2025-06-18 11:15:57.785176,1925.4,297219.0,464754.0
2025-06-18 11:15:58.239869,1925.4,297219.0,464754.0
2025-06-18 11:15:58.413970,1925.4,297219.0,464754.0
2025-06-18 11:15:58.783893,1925.4,296911.0,464747.0
2025-06-18 11:15:59.190477,1925.4,296911.0,464747.0
2025-06-18 11:15:59.786053,1925.4,296872.0,464703.0
2025-06-18 11:16:00.116220,1925.4,296872.0,464703.0
2025-06-18 11:16:00.192193,1925.4,296872.0,464703.0
2025-06-18 11:16:01.280776,1925.4,296872.0,464703.0
2025-06-18 11:16:01.384909,1925.4,297246.0,464850.0
2025-06-18 11:16:02.191837,1925.4,297246.0,464850.0
2025-06-18 11:16:02.286849,1925.4,296718.0,464481.0
2025-06-18 11:16:02.402734,1925.4,296718.0,464481.0
2025-06-18 11:16:03.193004,1925.4,296718.0,464481.0
2025-06-18 11:16:03.286851,1925.4,297045.0,464542.0
2025-06-18 11:16:03.887173,1925.4,297045.0,464542.0
2025-06-18 11:16:04.192674,1925.4,297045.0,464542.0
2025-06-18 11:16:04.287955,1925.4,297042.0,464534.0
2025-06-18 11:16:05.199058,1925.4,297042.0,464534.0
2025-06-18 11:16:05.287010,1925.4,297201.0,464512.0
2025-06-18 11:16:06.193586,1925.4,297201.0,464512.0
2025-06-18 11:16:06.289160,1925.4,297220.0,462576.0
2025-06-18 11:16:07.190393,1925.4,297046.0,464018.0
2025-06-18 11:16:07.195522,1925.4,297046.0,464018.0
2025-06-18 11:16:08.725098,1925.4,297529.0,463665.0
2025-06-18 11:16:08.725933,1925.4,297529.0,463665.0
2025-06-18 11:16:09.092505,1925.2,298852.0,464713.0
2025-06-18 11:16:09.193413,1925.3,298852.0,464713.0
2025-06-18 11:16:10.435382,1925.3,297368.0,464557.0
2025-06-18 11:16:10.438948,1925.3,297368.0,464557.0
2025-06-18 11:16:11.093734,1925.2,296125.0,465013.0
2025-06-18 11:16:11.192751,1925.3,296125.0,465013.0
2025-06-18 11:16:12.092425,1925.3,297243.0,464946.0
2025-06-18 11:16:12.194647,1925.3,297243.0,464946.0
2025-06-18 11:16:12.994226,1925.3,297183.0,465120.0
2025-06-18 11:16:13.191777,1925.3,297183.0,465120.0
2025-06-18 11:16:13.892879,1925.2,297676.0,465551.0
2025-06-18 11:16:14.192911,1925.3,297676.0,465551.0
2025-06-18 11:16:14.896592,1925.3,297346.0,466241.0
2025-06-18 11:16:15.192778,1925.3,297346.0,466241.0
2025-06-18 11:16:15.796246,1925.3,297141.0,466704.0
2025-06-18 11:16:16.205486,1925.3,297141.0,466704.0
2025-06-18 11:16:16.800687,1925.2,297149.0,466646.0
2025-06-18 11:16:17.196016,1925.3,297149.0,466646.0
2025-06-18 11:16:17.797213,1925.2,296868.0,466709.0
2025-06-18 11:16:18.193474,1925.3,296868.0,466709.0
2025-06-18 11:16:18.797463,1925.3,296908.0,466840.0
2025-06-18 11:16:19.197482,1925.3,296908.0,466840.0
2025-06-18 11:16:19.797715,1925.3,294706.0,466076.0
2025-06-18 11:16:20.193674,1925.3,294706.0,466076.0
2025-06-18 11:16:20.897535,1925.2,296907.0,465961.0
2025-06-18 11:16:21.226342,1925.3,296907.0,465961.0
2025-06-18 11:16:21.999272,1925.3,296890.0,466062.0
2025-06-18 11:16:22.194240,1925.3,296890.0,466062.0
2025-06-18 11:16:23.000598,1925.3,296395.0,466454.0
2025-06-18 11:16:23.195906,1925.3,296395.0,466454.0
2025-06-18 11:16:23.898982,1925.3,296564.0,466270.0
2025-06-18 11:16:24.196792,1925.3,296564.0,466270.0
2025-06-18 11:16:24.901213,1925.3,296926.0,466006.0
2025-06-18 11:16:25.195860,1925.3,296926.0,466006.0
2025-06-18 11:16:25.900673,1925.2,297102.0,466061.0
2025-06-18 11:16:26.196168,1925.3,297102.0,466061.0
2025-06-18 11:16:26.902620,1925.3,296953.0,465771.0
2025-06-18 11:16:27.196847,1925.3,296953.0,465771.0
2025-06-18 11:16:28.005913,1925.0,296494.0,466100.0
2025-06-18 11:16:28.201078,1925.2,296494.0,466100.0
2025-06-18 11:16:28.916004,1925.0,296887.0,466541.0
2025-06-18 11:16:29.195902,1925.2,296887.0,466541.0
2025-06-18 11:16:30.106216,1925.2,296873.0,466314.0
2025-06-18 11:16:30.227501,1925.2,296873.0,466314.0
2025-06-18 11:16:31.107047,1925.2,296833.0,466945.0
2025-06-18 11:16:31.195655,1925.2,296833.0,466945.0
2025-06-18 11:16:32.201044,1925.2,296833.0,466945.0
2025-06-18 11:16:32.212082,1925.2,296901.0,467053.0
2025-06-18 11:16:33.198742,1925.1,296901.0,467053.0
2025-06-18 11:16:33.209520,1925.1,296678.0,466319.0
2025-06-18 11:16:34.122055,1925.0,296677.0,466200.0
2025-06-18 11:16:34.198119,1925.1,296677.0,466200.0
2025-06-18 11:16:35.115743,1925.1,296682.0,466528.0
2025-06-18 11:16:35.196546,1925.1,296682.0,466528.0
2025-06-18 11:16:36.331305,1925.0,297420.0,466619.0
2025-06-18 11:16:36.331843,1925.1,297420.0,466619.0
2025-06-18 11:16:37.111181,1925.1,297332.0,466744.0
2025-06-18 11:16:37.197007,1925.1,297332.0,466744.0
2025-06-18 11:16:38.116160,1925.0,297071.0,468390.0
2025-06-18 11:16:38.232802,1925.0,297071.0,468390.0
2025-06-18 11:16:40.286064,1924.9,296881.0,467552.0
2025-06-18 11:16:40.288905,1925.0,296881.0,467552.0
2025-06-18 11:16:40.328230,1924.9,296866.0,466982.0
2025-06-18 11:16:40.328442,1925.0,296866.0,466982.0
2025-06-18 11:16:41.131640,1925.0,297150.0,467268.0
2025-06-18 11:16:41.196996,1925.0,297150.0,467268.0
2025-06-18 11:16:42.114269,1925.0,297075.0,467385.0
2025-06-18 11:16:42.205337,1925.0,297075.0,467385.0
2025-06-18 11:16:43.114248,1924.8,297063.0,467975.0
2025-06-18 11:16:43.199258,1925.0,297063.0,467975.0
2025-06-18 11:16:44.015112,1925.0,296991.0,468281.0
2025-06-18 11:16:44.197805,1925.0,296991.0,468281.0
2025-06-18 11:16:45.015014,1925.0,296752.0,467347.0
2025-06-18 11:16:45.197224,1925.0,296752.0,467347.0
2025-06-18 11:16:46.186680,1924.8,296570.0,467755.0
2025-06-18 11:16:46.198855,1924.8,296570.0,467755.0
2025-06-18 11:16:47.117484,1924.6,296874.0,467618.0
2025-06-18 11:16:47.202587,1925.0,296874.0,467618.0
2025-06-18 11:16:48.116722,1925.0,297318.0,467468.0
2025-06-18 11:16:48.214288,1925.0,297318.0,467468.0
2025-06-18 11:16:49.120142,1924.7,297163.0,467300.0
2025-06-18 11:16:49.197254,1924.9,297163.0,467300.0
2025-06-18 11:16:50.197964,1924.9,297163.0,467300.0
2025-06-18 11:16:50.237465,1924.9,296786.0,467220.0
2025-06-18 11:16:51.198851,1925.0,296786.0,467220.0
2025-06-18 11:16:51.221558,1924.9,296823.0,466875.0
2025-06-18 11:16:52.201765,1924.9,296823.0,466875.0
2025-06-18 11:16:52.225093,1924.9,296621.0,467427.0
2025-06-18 11:16:53.200305,1924.9,296621.0,467427.0
2025-06-18 11:16:53.219775,1924.9,296255.0,467389.0
2025-06-18 11:16:54.197910,1924.9,296255.0,467389.0
2025-06-18 11:16:54.222861,1924.9,291233.0,467714.0
2025-06-18 11:16:55.200097,1925.0,291233.0,467714.0
2025-06-18 11:16:55.321666,1925.0,295733.0,468909.0
2025-06-18 11:16:56.201269,1925.0,295733.0,468909.0
2025-06-18 11:16:56.323105,1925.0,295276.0,467815.0
2025-06-18 11:16:57.201314,1925.0,295276.0,467815.0
2025-06-18 11:16:57.421876,1925.0,295525.0,468632.0
2025-06-18 11:16:58.201744,1925.0,295525.0,468632.0
2025-06-18 11:16:58.521927,1925.0,295394.0,468682.0
2025-06-18 11:17:00.407857,1925.0,295394.0,468682.0
2025-06-18 11:17:00.421115,1925.0,295402.0,468660.0
2025-06-18 11:17:00.447618,1924.9,295402.0,468660.0
2025-06-18 11:17:00.625427,1924.8,293070.0,469380.0
