timestamp,ltp,bid_qty,ask_qty
2025-06-18 11:01:36.663633,1420.2,283459.0,465068.0
2025-06-18 11:01:37.038815,1420.2,283058.0,466166.0
2025-06-18 11:01:37.143953,1420.2,283058.0,466166.0
2025-06-18 11:01:39.134967,1420.3,283058.0,466166.0
2025-06-18 11:01:41.137077,1420.3,283058.0,466166.0
2025-06-18 11:01:42.040458,1420.3,287827.0,464144.0
2025-06-18 11:01:45.148343,1420.2,287827.0,464144.0
2025-06-18 11:01:47.143579,1420.3,287827.0,464144.0
2025-06-18 11:01:47.189870,1420.3,289293.0,462301.0
2025-06-18 11:01:49.175539,1420.2,289293.0,462301.0
2025-06-18 11:01:52.848668,1420.2,288592.0,462777.0
2025-06-18 11:01:53.138382,1420.2,288592.0,462777.0
2025-06-18 11:01:55.147741,1420.3,288592.0,462777.0
2025-06-18 11:01:57.146844,1420.2,288592.0,462777.0
2025-06-18 11:01:58.253019,1420.3,287205.0,462265.0
2025-06-18 11:01:59.141461,1420.3,287205.0,462265.0
2025-06-18 11:02:01.139747,1420.2,287205.0,462265.0
2025-06-18 11:02:01.560648,1420.3,288813.0,462002.0
2025-06-18 11:02:02.136012,1420.3,288813.0,462002.0
2025-06-18 11:02:02.662942,1420.3,288960.0,462000.0
2025-06-18 11:02:03.139155,1420.3,288960.0,462000.0
2025-06-18 11:02:05.116858,1420.3,288962.0,463289.0
2025-06-18 11:02:05.167497,1420.3,288898.0,463638.0
2025-06-18 11:02:05.204547,1420.3,288898.0,463638.0
2025-06-18 11:02:05.757364,1420.3,288924.0,463275.0
2025-06-18 11:02:06.139406,1420.2,288924.0,463275.0
2025-06-18 11:02:06.857261,1420.3,288924.0,463250.0
2025-06-18 11:02:07.138931,1420.3,288924.0,463250.0
2025-06-18 11:02:07.757836,1420.3,288990.0,463247.0
2025-06-18 11:02:08.138036,1420.2,288990.0,463247.0
2025-06-18 11:02:08.987161,1420.3,288801.0,463198.0
2025-06-18 11:02:09.135428,1420.3,288801.0,463198.0
2025-06-18 11:02:10.060330,1420.2,289087.0,463184.0
2025-06-18 11:02:10.140096,1420.3,289087.0,463184.0
2025-06-18 11:02:11.172128,1420.3,289155.0,463183.0
2025-06-18 11:02:12.262328,1420.3,289257.0,463197.0
2025-06-18 11:02:13.143795,1420.3,289257.0,463197.0
2025-06-18 11:02:13.174768,1420.3,289257.0,463195.0
2025-06-18 11:02:14.139170,1420.3,289257.0,463195.0
2025-06-18 11:02:14.174308,1420.3,289075.0,463437.0
2025-06-18 11:02:15.265415,1420.3,289119.0,463423.0
2025-06-18 11:02:16.186060,1420.2,289119.0,463423.0
2025-06-18 11:02:16.367337,1420.2,288984.0,463110.0
2025-06-18 11:02:17.140031,1420.3,288984.0,463110.0
2025-06-18 11:02:17.478016,1420.3,288982.0,463682.0
2025-06-18 11:02:18.136638,1420.3,288982.0,463682.0
2025-06-18 11:02:18.474323,1420.3,288983.0,463692.0
2025-06-18 11:02:19.134861,1420.3,288983.0,463692.0
2025-06-18 11:02:19.567370,1420.3,288936.0,463748.0
2025-06-18 11:02:20.136532,1420.3,288936.0,463748.0
2025-06-18 11:02:20.667875,1420.3,288992.0,463738.0
2025-06-18 11:02:21.136653,1420.3,288992.0,463738.0
2025-06-18 11:02:21.766923,1420.3,288989.0,463869.0
2025-06-18 11:02:22.140502,1420.3,288989.0,463869.0
2025-06-18 11:02:22.868915,1420.3,288901.0,463997.0
2025-06-18 11:02:23.138949,1420.3,288901.0,463997.0
2025-06-18 11:02:23.872329,1420.3,288867.0,464375.0
2025-06-18 11:02:24.150239,1420.3,288867.0,464375.0
2025-06-18 11:02:24.980127,1420.3,288903.0,464314.0
2025-06-18 11:02:25.984738,1420.2,288986.0,464289.0
2025-06-18 11:02:26.144130,1420.2,288986.0,464289.0
2025-06-18 11:02:27.072403,1420.3,288963.0,464383.0
2025-06-18 11:02:27.143218,1420.3,288963.0,464383.0
2025-06-18 11:02:28.175225,1420.3,287126.0,464447.0
2025-06-18 11:02:29.140955,1420.3,287126.0,464447.0
2025-06-18 11:02:29.185371,1420.3,287135.0,464404.0
2025-06-18 11:02:30.151288,1420.3,287135.0,464404.0
2025-06-18 11:02:30.273480,1420.3,287326.0,464388.0
2025-06-18 11:02:31.137075,1420.3,287326.0,464388.0
2025-06-18 11:02:31.375057,1420.3,287314.0,463942.0
2025-06-18 11:02:32.142498,1420.3,287314.0,463942.0
2025-06-18 11:02:32.485667,1420.3,289173.0,463989.0
2025-06-18 11:02:33.576539,1420.3,289178.0,464010.0
2025-06-18 11:02:34.140837,1420.3,289178.0,464010.0
2025-06-18 11:02:34.676551,1420.3,289727.0,464200.0
2025-06-18 11:02:35.147776,1420.3,289727.0,464200.0
2025-06-18 11:02:35.777733,1420.3,289586.0,464175.0
2025-06-18 11:02:36.145507,1420.2,289586.0,464175.0
2025-06-18 11:02:36.786012,1420.3,289512.0,464137.0
2025-06-18 11:02:37.139759,1420.3,289512.0,464137.0
2025-06-18 11:02:37.778211,1420.3,287629.0,464224.0
2025-06-18 11:02:38.139676,1420.3,287629.0,464224.0
2025-06-18 11:02:38.879972,1420.3,287626.0,464007.0
2025-06-18 11:02:39.143126,1420.3,287626.0,464007.0
2025-06-18 11:02:40.007056,1420.3,287630.0,463974.0
2025-06-18 11:02:40.139910,1420.3,287630.0,463974.0
2025-06-18 11:02:41.082517,1420.3,287523.0,464188.0
2025-06-18 11:02:41.137104,1420.3,287523.0,464188.0
2025-06-18 11:02:42.140232,1420.3,287523.0,464188.0
2025-06-18 11:02:42.187161,1420.3,287584.0,463746.0
2025-06-18 11:02:43.143167,1420.3,287584.0,463746.0
2025-06-18 11:02:43.192315,1420.3,287475.0,464229.0
2025-06-18 11:02:44.142970,1420.2,287475.0,464229.0
2025-06-18 11:02:44.784738,1420.3,287422.0,463983.0
2025-06-18 11:02:45.141003,1420.2,287422.0,463983.0
2025-06-18 11:02:45.785933,1420.3,287454.0,463496.0
2025-06-18 11:02:46.143000,1420.2,287454.0,463496.0
2025-06-18 11:02:46.792343,1420.3,287399.0,464137.0
2025-06-18 11:02:47.147548,1420.3,287399.0,464137.0
2025-06-18 11:02:47.786147,1420.3,286329.0,463202.0
2025-06-18 11:02:48.142984,1420.3,286329.0,463202.0
2025-06-18 11:02:48.785817,1420.3,286403.0,463764.0
2025-06-18 11:02:49.143416,1420.3,286403.0,463764.0
2025-06-18 11:02:49.688723,1420.3,286236.0,464012.0
2025-06-18 11:02:51.227098,1420.2,286236.0,464012.0
2025-06-18 11:02:51.287405,1420.2,286165.0,464351.0
2025-06-18 11:02:52.141417,1420.3,286165.0,464351.0
2025-06-18 11:02:52.289914,1420.2,285599.0,464118.0
2025-06-18 11:02:53.142050,1420.3,285599.0,464118.0
2025-06-18 11:02:53.289737,1420.3,285721.0,464066.0
2025-06-18 11:02:54.144557,1420.3,285721.0,464066.0
2025-06-18 11:02:54.190784,1420.3,285898.0,464007.0
2025-06-18 11:02:55.091079,1420.3,285829.0,464067.0
2025-06-18 11:02:55.145386,1420.3,285829.0,464067.0
2025-06-18 11:02:56.093370,1420.2,285879.0,464043.0
2025-06-18 11:02:56.141007,1420.2,285879.0,464043.0
2025-06-18 11:02:57.094328,1420.3,285410.0,464542.0
2025-06-18 11:02:57.143294,1420.3,285410.0,464542.0
2025-06-18 11:02:58.093853,1420.3,285371.0,464517.0
2025-06-18 11:02:58.146895,1420.3,285371.0,464517.0
2025-06-18 11:02:59.142505,1420.3,285371.0,464517.0
2025-06-18 11:02:59.196782,1420.3,285575.0,464529.0
2025-06-18 11:03:00.201074,1420.3,286289.0,464514.0
2025-06-18 11:03:01.142193,1420.3,286289.0,464514.0
2025-06-18 11:03:01.199824,1420.3,286216.0,464711.0
2025-06-18 11:03:03.145317,1420.2,286216.0,464711.0
2025-06-18 11:03:05.144279,1420.3,286216.0,464711.0
2025-06-18 11:03:06.601429,1420.2,282330.0,465934.0
2025-06-18 11:03:07.146039,1420.3,282330.0,465934.0
2025-06-18 11:03:09.149950,1420.3,282330.0,465934.0
2025-06-18 11:03:11.149778,1420.3,282330.0,465934.0
2025-06-18 11:03:11.802270,1420.3,282025.0,465531.0
2025-06-18 11:03:13.145606,1420.3,282025.0,465531.0
2025-06-18 11:03:15.143408,1420.3,282025.0,465531.0
2025-06-18 11:03:17.005988,1420.3,281830.0,464431.0
2025-06-18 11:03:17.150271,1420.3,281830.0,464431.0
2025-06-18 11:03:19.150154,1420.3,281830.0,464431.0
2025-06-18 11:03:21.206825,1420.2,281830.0,464431.0
2025-06-18 11:03:22.312599,1420.2,282209.0,464423.0
2025-06-18 11:03:23.152506,1420.3,282209.0,464423.0
2025-06-18 11:03:25.147721,1420.3,282209.0,464423.0
2025-06-18 11:03:27.148849,1420.2,282209.0,464423.0
2025-06-18 11:03:27.514258,1420.2,281713.0,464085.0
2025-06-18 11:03:31.155082,1420.3,281713.0,464085.0
2025-06-18 11:03:32.915736,1420.2,277815.0,465055.0
2025-06-18 11:03:33.148704,1420.2,277815.0,465055.0
2025-06-18 11:03:35.150892,1420.3,277815.0,465055.0
2025-06-18 11:03:37.153040,1420.2,277815.0,465055.0
2025-06-18 11:03:38.422338,1420.3,278881.0,464867.0
2025-06-18 11:03:39.149687,1420.3,278881.0,464867.0
2025-06-18 11:03:41.170545,1420.3,278881.0,464867.0
2025-06-18 11:03:43.157513,1420.2,278881.0,464867.0
2025-06-18 11:03:43.623306,1420.2,277602.0,465114.0
2025-06-18 11:03:45.168139,1420.2,277602.0,465114.0
2025-06-18 11:03:46.024274,1420.2,277602.0,465114.0
2025-06-18 11:03:47.074592,1420.2,277602.0,465114.0
2025-06-18 11:03:47.174309,1420.2,277602.0,465114.0
2025-06-18 11:03:47.978510,1420.2,277602.0,465114.0
2025-06-18 11:03:48.422429,1420.3,277772.0,464749.0
2025-06-18 11:03:48.894815,1420.3,277772.0,464749.0
2025-06-18 11:03:49.160262,1420.3,277772.0,464749.0
2025-06-18 11:03:49.741373,1420.3,277772.0,464749.0
2025-06-18 11:03:50.553523,1420.3,277772.0,464749.0
2025-06-18 11:03:51.169148,1420.3,277772.0,464749.0
2025-06-18 11:03:51.588835,1420.3,277772.0,464749.0
2025-06-18 11:03:52.199320,1420.3,277772.0,464749.0
2025-06-18 11:03:53.070736,1420.3,277772.0,464749.0
2025-06-18 11:03:53.136833,1420.3,278081.0,464992.0
2025-06-18 11:03:53.200630,1420.3,278081.0,464992.0
2025-06-18 11:03:53.441641,1420.3,278081.0,464992.0
2025-06-18 11:03:54.452387,1420.3,278081.0,464992.0
2025-06-18 11:03:55.169026,1420.1,278081.0,464992.0
2025-06-18 11:03:55.722168,1420.1,278081.0,464992.0
2025-06-18 11:03:56.585673,1420.1,278081.0,464992.0
2025-06-18 11:04:00.411329,1420.0,278081.0,464992.0
2025-06-18 11:04:00.467735,1420.0,278081.0,464992.0
2025-06-18 11:04:00.509113,1419.9,277207.0,467556.0
2025-06-18 11:04:00.512921,1420.0,277207.0,467556.0
2025-06-18 11:04:00.539620,1420.0,277207.0,467556.0
2025-06-18 11:04:00.551476,1420.0,277207.0,467556.0
2025-06-18 11:04:01.170527,1419.9,277207.0,467556.0
2025-06-18 11:04:01.919409,1419.9,277207.0,467556.0
2025-06-18 11:04:03.206521,1419.9,277207.0,467556.0
2025-06-18 11:04:03.433384,1419.9,277122.0,467124.0
2025-06-18 11:04:05.196424,1419.9,277122.0,467124.0
2025-06-18 11:04:07.179139,1419.9,277122.0,467124.0
2025-06-18 11:04:08.536351,1419.8,274720.0,468074.0
2025-06-18 11:04:09.155830,1419.8,274720.0,468074.0
2025-06-18 11:04:11.159718,1419.8,274720.0,468074.0
2025-06-18 11:04:13.156062,1419.9,274720.0,468074.0
2025-06-18 11:04:13.542444,1419.9,276490.0,467967.0
2025-06-18 11:04:15.157675,1419.8,276490.0,467967.0
2025-06-18 11:04:17.157395,1419.9,276490.0,467967.0
2025-06-18 11:04:19.045427,1419.8,276595.0,467919.0
2025-06-18 11:04:19.188028,1419.8,276595.0,467919.0
2025-06-18 11:04:21.184339,1419.8,276595.0,467919.0
2025-06-18 11:04:23.159124,1419.8,276595.0,467919.0
2025-06-18 11:04:24.167342,1419.8,278693.0,468126.0
2025-06-18 11:04:27.158739,1419.7,278693.0,468126.0
2025-06-18 11:04:29.156205,1419.8,278693.0,468126.0
2025-06-18 11:04:29.361234,1419.8,279536.0,468067.0
2025-06-18 11:04:31.157800,1419.7,279536.0,468067.0
2025-06-18 11:04:33.161840,1419.7,279536.0,468067.0
2025-06-18 11:04:34.366593,1419.7,275433.0,467865.0
2025-06-18 11:04:35.165305,1419.7,275433.0,467865.0
2025-06-18 11:04:37.167515,1419.8,275433.0,467865.0
2025-06-18 11:04:39.162763,1419.7,275433.0,467865.0
2025-06-18 11:04:39.266181,1419.7,273875.0,467327.0
2025-06-18 11:04:41.152463,1419.6,273875.0,467327.0
2025-06-18 11:04:43.167928,1419.6,273875.0,467327.0
2025-06-18 11:04:44.267873,1419.6,276008.0,468490.0
2025-06-18 11:04:47.169323,1419.6,276008.0,468490.0
2025-06-18 11:04:49.158890,1419.6,276008.0,468490.0
2025-06-18 11:04:49.176707,1419.6,275685.0,468605.0
2025-06-18 11:04:51.158354,1419.6,275685.0,468605.0
2025-06-18 11:04:53.155445,1419.6,275685.0,468605.0
2025-06-18 11:04:54.004983,1419.6,273203.0,468515.0
2025-06-18 11:04:55.162340,1419.6,273203.0,468515.0
2025-06-18 11:04:57.210471,1419.6,273203.0,468515.0
2025-06-18 11:04:58.680148,1419.6,273589.0,467814.0
2025-06-18 11:04:59.162277,1419.6,273589.0,467814.0
2025-06-18 11:05:01.169990,1419.6,273589.0,467814.0
2025-06-18 11:05:05.168897,1419.6,273589.0,467814.0
2025-06-18 11:05:05.171640,1419.6,275124.0,467204.0
2025-06-18 11:05:07.388604,1419.5,275124.0,467204.0
2025-06-18 11:05:08.181752,1419.6,274962.0,468018.0
2025-06-18 11:05:09.189129,1419.6,274962.0,468018.0
2025-06-18 11:05:11.157898,1419.5,274962.0,468018.0
2025-06-18 11:05:13.582919,1419.5,275111.0,468844.0
2025-06-18 11:05:15.161809,1419.6,275111.0,468844.0
2025-06-18 11:05:17.166835,1419.5,275111.0,468844.0
2025-06-18 11:05:19.084241,1419.5,273601.0,469490.0
2025-06-18 11:05:19.192187,1419.5,273601.0,469490.0
2025-06-18 11:05:21.185063,1419.6,273601.0,469490.0
2025-06-18 11:05:23.203129,1419.6,273601.0,469490.0
2025-06-18 11:05:24.090951,1419.6,273202.0,469123.0
2025-06-18 11:05:25.155466,1419.6,273202.0,469123.0
2025-06-18 11:05:27.172211,1419.5,273202.0,469123.0
2025-06-18 11:05:28.893044,1419.5,274530.0,468278.0
2025-06-18 11:05:29.163836,1419.5,274530.0,468278.0
2025-06-18 11:05:31.163067,1419.6,274530.0,468278.0
2025-06-18 11:05:33.204156,1419.5,274530.0,468278.0
2025-06-18 11:05:35.121862,1419.5,275131.0,468147.0
2025-06-18 11:05:37.169090,1419.5,275131.0,468147.0
2025-06-18 11:05:39.277343,1419.6,275131.0,468147.0
2025-06-18 11:05:39.399471,1419.5,275352.0,468187.0
2025-06-18 11:05:41.166204,1419.5,275352.0,468187.0
2025-06-18 11:05:43.163072,1419.1,275352.0,468187.0
2025-06-18 11:05:44.510174,1419.0,270347.0,468681.0
2025-06-18 11:05:45.162595,1418.6,270347.0,468681.0
2025-06-18 11:05:47.187482,1419.1,270347.0,468681.0
2025-06-18 11:05:49.168747,1418.6,270347.0,468681.0
2025-06-18 11:05:49.402963,1418.6,268033.0,470118.0
2025-06-18 11:05:51.168833,1418.6,268033.0,470118.0
2025-06-18 11:05:53.160476,1418.9,268033.0,470118.0
2025-06-18 11:05:54.610198,1418.9,269725.0,468928.0
2025-06-18 11:05:55.164904,1418.9,269725.0,468928.0
2025-06-18 11:05:57.180934,1418.6,269725.0,468928.0
2025-06-18 11:05:59.165565,1418.5,269725.0,468928.0
2025-06-18 11:05:59.613051,1418.5,272651.0,468055.0
2025-06-18 11:06:01.166191,1418.5,272651.0,468055.0
2025-06-18 11:06:01.715184,1418.8,270197.0,469026.0
2025-06-18 11:06:02.165416,1418.5,270197.0,469026.0
2025-06-18 11:06:02.812467,1418.4,269993.0,468750.0
2025-06-18 11:06:03.159865,1418.4,269993.0,468750.0
2025-06-18 11:06:03.715901,1418.4,273431.0,469223.0
2025-06-18 11:06:04.165889,1418.1,273431.0,469223.0
2025-06-18 11:06:04.914868,1418.1,275623.0,469911.0
2025-06-18 11:06:05.156196,1418.3,275623.0,469911.0
2025-06-18 11:06:06.018558,1418.3,277705.0,469980.0
2025-06-18 11:06:06.160775,1418.2,277705.0,469980.0
2025-06-18 11:06:07.118242,1418.3,275741.0,469797.0
2025-06-18 11:06:07.166687,1418.2,275741.0,469797.0
2025-06-18 11:06:08.120999,1418.2,276120.0,469950.0
2025-06-18 11:06:08.163404,1418.2,276120.0,469950.0
2025-06-18 11:06:09.121030,1418.1,276228.0,470033.0
2025-06-18 11:06:09.163814,1418.1,276228.0,470033.0
2025-06-18 11:06:10.117365,1418.1,276914.0,470570.0
2025-06-18 11:06:10.197752,1418.1,276914.0,470570.0
2025-06-18 11:06:11.120403,1418.1,277080.0,470366.0
2025-06-18 11:06:11.202485,1418.1,277080.0,470366.0
2025-06-18 11:06:12.117826,1418.2,277028.0,470321.0
2025-06-18 11:06:12.166993,1418.2,277028.0,470321.0
2025-06-18 11:06:13.121203,1418.3,278217.0,466157.0
2025-06-18 11:06:13.169958,1418.3,278217.0,466157.0
2025-06-18 11:06:14.164141,1418.1,278217.0,466157.0
2025-06-18 11:06:14.226378,1418.1,282839.0,467721.0
2025-06-18 11:06:15.166418,1418.2,282839.0,467721.0
2025-06-18 11:06:15.321030,1418.2,281697.0,468823.0
2025-06-18 11:06:16.419115,1418.2,281796.0,468935.0
2025-06-18 11:06:17.165612,1418.1,281796.0,468935.0
2025-06-18 11:06:17.323595,1418.1,281833.0,468978.0
2025-06-18 11:06:18.166444,1418.1,281833.0,468978.0
2025-06-18 11:06:18.325846,1418.1,281694.0,468874.0
2025-06-18 11:06:19.159671,1418.2,281694.0,468874.0
2025-06-18 11:06:19.421508,1418.2,281073.0,468220.0
2025-06-18 11:06:20.156761,1418.1,281073.0,468220.0
2025-06-18 11:06:20.422050,1418.1,280840.0,468873.0
2025-06-18 11:06:21.159035,1418.1,280840.0,468873.0
2025-06-18 11:06:21.523031,1418.1,280980.0,468841.0
2025-06-18 11:06:22.529262,1418.2,280981.0,468796.0
2025-06-18 11:06:23.166416,1418.1,280981.0,468796.0
2025-06-18 11:06:23.534406,1418.1,282382.0,468930.0
2025-06-18 11:06:24.166915,1418.0,282382.0,468930.0
2025-06-18 11:06:24.525743,1418.0,288620.0,468729.0
2025-06-18 11:06:25.160521,1418.1,288620.0,468729.0
2025-06-18 11:06:25.526837,1418.1,281157.0,468673.0
2025-06-18 11:06:26.626146,1418.1,281257.0,468717.0
2025-06-18 11:06:27.159810,1418.2,281257.0,468717.0
2025-06-18 11:06:27.726131,1418.2,281247.0,469114.0
2025-06-18 11:06:28.164087,1418.2,281247.0,469114.0
2025-06-18 11:06:28.626033,1418.2,281247.0,469111.0
2025-06-18 11:06:29.159139,1418.2,281247.0,469111.0
2025-06-18 11:06:29.729803,1418.2,281318.0,469662.0
2025-06-18 11:06:30.165330,1418.2,281318.0,469662.0
2025-06-18 11:06:30.829774,1418.1,281301.0,469809.0
2025-06-18 11:06:31.167301,1418.1,281301.0,469809.0
2025-06-18 11:06:31.831603,1418.1,281248.0,469907.0
2025-06-18 11:06:32.738400,1418.2,281329.0,469794.0
2025-06-18 11:06:33.167004,1418.2,281329.0,469794.0
2025-06-18 11:06:33.833821,1418.1,282098.0,470049.0
2025-06-18 11:06:34.228935,1418.1,282098.0,470049.0
2025-06-18 11:06:34.936644,1418.2,282183.0,470005.0
2025-06-18 11:06:35.164129,1418.2,282183.0,470005.0
2025-06-18 11:06:36.035004,1418.1,282297.0,470086.0
2025-06-18 11:06:36.168235,1418.1,282297.0,470086.0
2025-06-18 11:06:37.139639,1418.2,282379.0,470200.0
2025-06-18 11:06:37.164256,1418.2,282379.0,470200.0
2025-06-18 11:06:38.035536,1418.2,283128.0,470174.0
2025-06-18 11:06:38.159689,1418.2,283128.0,470174.0
2025-06-18 11:06:39.045257,1418.1,283081.0,470704.0
2025-06-18 11:06:39.168127,1418.1,283081.0,470704.0
2025-06-18 11:06:39.939028,1418.1,280269.0,470831.0
2025-06-18 11:06:40.938397,1418.1,277744.0,471582.0
2025-06-18 11:06:41.952045,1418.2,277614.0,471572.0
2025-06-18 11:06:42.159502,1418.2,277614.0,471572.0
2025-06-18 11:06:42.942142,1418.1,277607.0,471574.0
2025-06-18 11:06:43.160289,1418.1,277607.0,471574.0
2025-06-18 11:06:44.038824,1418.1,278746.0,471070.0
2025-06-18 11:06:44.163378,1418.1,278746.0,471070.0
2025-06-18 11:06:44.940193,1418.1,278745.0,470960.0
2025-06-18 11:06:45.158825,1418.1,278745.0,470960.0
2025-06-18 11:06:45.941743,1418.2,278614.0,471255.0
2025-06-18 11:06:46.164818,1418.1,278614.0,471255.0
2025-06-18 11:06:46.719654,1418.1,278614.0,471255.0
2025-06-18 11:06:46.942938,1418.2,278616.0,471141.0
2025-06-18 11:06:47.167848,1418.2,278616.0,471141.0
2025-06-18 11:06:47.613602,1418.2,278616.0,471141.0
2025-06-18 11:06:47.942898,1418.1,278912.0,471236.0
2025-06-18 11:06:48.170186,1418.1,278912.0,471236.0
2025-06-18 11:06:48.552208,1418.1,278912.0,471236.0
2025-06-18 11:06:48.985245,1418.1,278916.0,471165.0
2025-06-18 11:06:49.163933,1418.1,278916.0,471165.0
2025-06-18 11:06:49.766897,1418.1,278916.0,471165.0
2025-06-18 11:06:49.945697,1418.1,278803.0,471263.0
2025-06-18 11:06:50.287966,1418.1,278803.0,471263.0
2025-06-18 11:06:50.943703,1418.2,278811.0,471190.0
2025-06-18 11:06:51.052837,1418.2,278811.0,471190.0
2025-06-18 11:06:51.156751,1418.2,278811.0,471190.0
2025-06-18 11:06:51.942734,1418.2,277690.0,471095.0
2025-06-18 11:06:52.038619,1418.2,277690.0,471095.0
2025-06-18 11:06:52.168549,1418.2,277690.0,471095.0
2025-06-18 11:06:52.603059,1418.2,277690.0,471095.0
2025-06-18 11:06:52.947328,1418.2,277610.0,471105.0
2025-06-18 11:06:53.010602,1418.2,277610.0,471105.0
2025-06-18 11:06:53.162117,1418.2,277610.0,471105.0
2025-06-18 11:06:53.558398,1418.2,277610.0,471105.0
2025-06-18 11:06:53.945994,1418.2,277745.0,471358.0
2025-06-18 11:06:54.201516,1418.2,277745.0,471358.0
2025-06-18 11:06:54.742582,1418.2,277745.0,471358.0
2025-06-18 11:06:54.946003,1418.2,277420.0,471350.0
2025-06-18 11:06:55.162906,1418.2,277420.0,471350.0
2025-06-18 11:06:56.201568,1418.1,277420.0,471350.0
2025-06-18 11:06:56.241869,1418.1,277420.0,471350.0
2025-06-18 11:06:56.447981,1418.2,277417.0,470760.0
2025-06-18 11:06:57.113623,1418.2,277417.0,470760.0
2025-06-18 11:06:57.160545,1418.2,277417.0,470760.0
2025-06-18 11:06:57.447705,1418.2,277382.0,470997.0
2025-06-18 11:06:58.449077,1418.2,277136.0,471428.0
2025-06-18 11:06:58.516746,1418.2,277136.0,471428.0
2025-06-18 11:06:59.160268,1418.1,277136.0,471428.0
2025-06-18 11:06:59.448190,1418.1,276743.0,471884.0
2025-06-18 11:06:59.660929,1418.1,276743.0,471884.0
2025-06-18 11:07:00.157520,1418.0,276743.0,471884.0
2025-06-18 11:07:00.450189,1418.0,277208.0,471642.0
2025-06-18 11:07:00.817849,1418.0,277208.0,471642.0
2025-06-18 11:07:01.160769,1418.0,277208.0,471642.0
2025-06-18 11:07:01.652394,1418.0,277207.0,471572.0
2025-06-18 11:07:02.160752,1418.0,277207.0,471572.0
2025-06-18 11:07:02.286697,1418.0,277207.0,471572.0
2025-06-18 11:07:02.749429,1418.0,277684.0,473193.0
2025-06-18 11:07:03.159943,1418.0,277684.0,473193.0
2025-06-18 11:07:05.037394,1417.9,278380.0,473006.0
2025-06-18 11:07:05.083123,1417.9,278380.0,473006.0
2025-06-18 11:07:05.115150,1417.9,278441.0,473078.0
2025-06-18 11:07:05.952821,1417.9,278455.0,473032.0
2025-06-18 11:07:06.162329,1417.9,278455.0,473032.0
2025-06-18 11:07:06.952127,1417.9,272720.0,472750.0
2025-06-18 11:07:07.159746,1417.9,272720.0,472750.0
2025-06-18 11:07:10.477259,1417.7,275069.0,472798.0
2025-06-18 11:07:10.484454,1417.6,275069.0,472798.0
2025-06-18 11:07:10.526489,1417.5,282790.0,472012.0
2025-06-18 11:07:10.531623,1417.5,282790.0,472012.0
2025-06-18 11:07:10.537242,1417.7,284918.0,473636.0
2025-06-18 11:07:10.575803,1417.7,284918.0,473636.0
2025-06-18 11:07:11.359109,1417.7,281250.0,473372.0
2025-06-18 11:07:12.169498,1417.7,281250.0,473372.0
2025-06-18 11:07:12.456771,1417.7,281989.0,473759.0
2025-06-18 11:07:13.165289,1417.5,281989.0,473759.0
2025-06-18 11:07:13.458480,1417.5,281817.0,473828.0
2025-06-18 11:07:14.161265,1417.5,281817.0,473828.0
2025-06-18 11:07:14.459775,1417.5,281904.0,474154.0
2025-06-18 11:07:15.161625,1417.6,281904.0,474154.0
2025-06-18 11:07:15.460075,1417.6,282562.0,473573.0
2025-06-18 11:07:16.165812,1417.6,282562.0,473573.0
2025-06-18 11:07:16.458537,1417.6,281082.0,474254.0
2025-06-18 11:07:17.170487,1417.6,281082.0,474254.0
2025-06-18 11:07:17.459282,1417.6,280589.0,474566.0
2025-06-18 11:07:18.169327,1417.6,280589.0,474566.0
2025-06-18 11:07:18.559748,1417.7,280683.0,474528.0
2025-06-18 11:07:19.164698,1417.6,280683.0,474528.0
2025-06-18 11:07:19.558855,1417.6,281013.0,474699.0
2025-06-18 11:07:20.160736,1417.6,281013.0,474699.0
2025-06-18 11:07:20.596893,1417.6,282351.0,474405.0
2025-06-18 11:07:21.167955,1417.4,282351.0,474405.0
2025-06-18 11:07:21.577004,1417.4,284480.0,474010.0
2025-06-18 11:07:22.200614,1417.6,284480.0,474010.0
2025-06-18 11:07:22.559652,1417.7,283009.0,473698.0
2025-06-18 11:07:23.164552,1417.4,283009.0,473698.0
2025-06-18 11:07:23.564277,1417.4,280673.0,474435.0
2025-06-18 11:07:24.164686,1417.5,280673.0,474435.0
2025-06-18 11:07:24.666011,1417.5,280819.0,474622.0
2025-06-18 11:07:25.166180,1417.3,280819.0,474622.0
2025-06-18 11:07:25.761405,1417.3,283724.0,474480.0
2025-06-18 11:07:26.220207,1417.3,283724.0,474480.0
2025-06-18 11:07:26.860173,1417.5,285313.0,474615.0
2025-06-18 11:07:27.171226,1417.5,285313.0,474615.0
2025-06-18 11:07:27.962642,1417.5,279386.0,474108.0
2025-06-18 11:07:28.167957,1417.5,279386.0,474108.0
2025-06-18 11:07:28.965850,1417.5,279159.0,474343.0
2025-06-18 11:07:29.175709,1417.5,279159.0,474343.0
2025-06-18 11:07:30.041335,1417.5,279080.0,474299.0
2025-06-18 11:07:30.192852,1417.5,279080.0,474299.0
2025-06-18 11:07:31.066947,1417.5,279957.0,474364.0
2025-06-18 11:07:31.169309,1417.5,279957.0,474364.0
2025-06-18 11:07:32.062736,1417.5,279263.0,474358.0
2025-06-18 11:07:32.177872,1417.5,279263.0,474358.0
2025-06-18 11:07:33.065776,1417.7,282193.0,474168.0
2025-06-18 11:07:33.169515,1417.5,282193.0,474168.0
2025-06-18 11:07:33.963137,1417.5,282401.0,474167.0
2025-06-18 11:07:34.170179,1417.5,282401.0,474167.0
2025-06-18 11:07:34.964524,1417.5,280105.0,474458.0
2025-06-18 11:07:35.163473,1417.5,280105.0,474458.0
2025-06-18 11:07:35.968675,1417.5,279162.0,474853.0
2025-06-18 11:07:36.165103,1417.5,279162.0,474853.0
2025-06-18 11:07:36.971661,1417.5,276853.0,474916.0
2025-06-18 11:07:37.168264,1417.6,276853.0,474916.0
2025-06-18 11:07:37.966467,1417.5,277144.0,474735.0
2025-06-18 11:07:38.168078,1417.5,277144.0,474735.0
2025-06-18 11:07:38.972832,1417.6,277233.0,475267.0
2025-06-18 11:07:39.207310,1417.5,277233.0,475267.0
2025-06-18 11:07:39.974023,1417.5,278334.0,476296.0
2025-06-18 11:07:40.199617,1417.4,278334.0,476296.0
2025-06-18 11:07:41.069282,1417.4,275599.0,476937.0
2025-06-18 11:07:41.170061,1417.4,275599.0,476937.0
2025-06-18 11:07:42.170322,1417.4,275599.0,476937.0
2025-06-18 11:07:42.182407,1417.4,274454.0,477312.0
2025-06-18 11:07:43.170160,1417.3,274454.0,477312.0
2025-06-18 11:07:43.184130,1417.3,275357.0,477460.0
2025-06-18 11:07:44.793361,1417.3,275357.0,477460.0
2025-06-18 11:07:44.797029,1417.3,275367.0,476476.0
2025-06-18 11:07:45.172715,1417.3,275367.0,476476.0
2025-06-18 11:07:45.374261,1417.3,275416.0,476484.0
2025-06-18 11:07:46.173101,1417.2,275416.0,476484.0
2025-06-18 11:07:46.477129,1417.2,275459.0,475700.0
2025-06-18 11:07:47.176234,1417.2,275459.0,475700.0
2025-06-18 11:07:47.472969,1417.2,275387.0,475757.0
2025-06-18 11:07:48.169056,1417.2,275387.0,475757.0
2025-06-18 11:07:48.474536,1417.2,275332.0,475903.0
2025-06-18 11:07:49.168808,1417.2,275332.0,475903.0
2025-06-18 11:07:49.478308,1417.2,275241.0,475936.0
2025-06-18 11:07:50.170555,1417.2,275241.0,475936.0
2025-06-18 11:07:50.572897,1417.2,275133.0,475308.0
2025-06-18 11:07:51.174218,1417.2,275133.0,475308.0
2025-06-18 11:07:51.574794,1417.3,279156.0,473826.0
2025-06-18 11:07:52.175740,1417.2,279156.0,473826.0
2025-06-18 11:07:52.682595,1417.3,279153.0,473759.0
2025-06-18 11:07:53.170036,1417.2,279153.0,473759.0
2025-06-18 11:07:53.714429,1417.2,279152.0,474260.0
2025-06-18 11:07:54.168288,1417.3,279152.0,474260.0
2025-06-18 11:07:55.161200,1417.2,278090.0,474006.0
2025-06-18 11:07:55.163266,1417.2,278090.0,474006.0
2025-06-18 11:07:55.773681,1417.2,278326.0,474023.0
2025-06-18 11:07:56.177448,1417.3,278326.0,474023.0
2025-06-18 11:07:56.773514,1417.3,279052.0,473968.0
2025-06-18 11:07:57.168388,1417.3,279052.0,473968.0
2025-06-18 11:07:57.778617,1417.3,279975.0,473801.0
2025-06-18 11:07:58.179754,1417.3,279975.0,473801.0
2025-06-18 11:07:58.875454,1417.3,279946.0,474288.0
2025-06-18 11:07:59.169931,1417.3,279946.0,474288.0
2025-06-18 11:07:59.775004,1417.3,280597.0,474450.0
2025-06-18 11:08:00.436249,1417.3,280597.0,474450.0
2025-06-18 11:08:00.778459,1417.4,280856.0,474180.0
2025-06-18 11:08:01.717948,1417.3,280679.0,474205.0
2025-06-18 11:08:02.193827,1417.3,280679.0,474205.0
2025-06-18 11:08:02.689933,1417.3,280595.0,474205.0
2025-06-18 11:08:03.169963,1417.3,280595.0,474205.0
2025-06-18 11:08:03.778575,1417.3,280186.0,474361.0
2025-06-18 11:08:04.175968,1417.3,280186.0,474361.0
2025-06-18 11:08:04.880414,1417.3,280213.0,474400.0
2025-06-18 11:08:05.184424,1417.3,280213.0,474400.0
2025-06-18 11:08:05.784592,1417.4,280317.0,474249.0
2025-06-18 11:08:06.172732,1417.4,280317.0,474249.0
2025-06-18 11:08:06.882585,1417.3,275236.0,474003.0
2025-06-18 11:08:07.177741,1417.3,275236.0,474003.0
2025-06-18 11:08:08.174422,1417.3,275236.0,474003.0
2025-06-18 11:08:08.683092,1417.3,275964.0,474012.0
2025-06-18 11:08:09.223762,1417.3,275964.0,474012.0
2025-06-18 11:08:09.789233,1417.4,279292.0,472433.0
2025-06-18 11:08:10.188410,1417.3,279292.0,472433.0
2025-06-18 11:08:10.785019,1417.4,279621.0,472309.0
2025-06-18 11:08:11.173231,1417.3,279621.0,472309.0
2025-06-18 11:08:12.210129,1417.4,279622.0,472627.0
2025-06-18 11:08:12.253251,1417.3,279622.0,472627.0
2025-06-18 11:08:12.690105,1417.4,279607.0,472609.0
2025-06-18 11:08:13.175766,1417.4,279607.0,472609.0
2025-06-18 11:08:13.689096,1417.4,279985.0,471740.0
2025-06-18 11:08:14.185409,1417.4,279985.0,471740.0
2025-06-18 11:08:15.127086,1417.4,280496.0,472443.0
2025-06-18 11:08:15.194194,1417.4,280496.0,472443.0
2025-06-18 11:08:15.591877,1417.4,280561.0,472028.0
2025-06-18 11:08:16.193163,1417.4,280561.0,472028.0
2025-06-18 11:08:16.695468,1417.4,280526.0,472049.0
2025-06-18 11:08:20.440258,1417.4,280526.0,472049.0
2025-06-18 11:08:20.487721,1417.5,280593.0,472031.0
2025-06-18 11:08:20.494006,1417.4,280593.0,472031.0
2025-06-18 11:08:20.501706,1417.4,280740.0,472190.0
2025-06-18 11:08:20.529836,1417.4,280740.0,472190.0
2025-06-18 11:08:20.535098,1417.5,278286.0,472637.0
2025-06-18 11:08:20.540133,1417.4,278286.0,472637.0
2025-06-18 11:08:21.008830,1417.5,282759.0,469740.0
2025-06-18 11:08:21.177566,1417.5,282759.0,469740.0
2025-06-18 11:08:22.096599,1417.6,285423.0,469749.0
2025-06-18 11:08:22.169648,1417.6,285423.0,469749.0
2025-06-18 11:08:23.174985,1417.5,285423.0,469749.0
2025-06-18 11:08:23.204446,1417.5,284055.0,469660.0
2025-06-18 11:08:24.171710,1417.5,284055.0,469660.0
2025-06-18 11:08:24.298641,1417.5,285599.0,469596.0
2025-06-18 11:08:25.170256,1417.6,285599.0,469596.0
2025-06-18 11:08:25.397256,1417.6,284367.0,469476.0
2025-06-18 11:08:26.167743,1417.6,284367.0,469476.0
2025-06-18 11:08:26.401751,1417.6,281171.0,469494.0
2025-06-18 11:08:27.169487,1417.7,281171.0,469494.0
2025-06-18 11:08:27.510256,1417.7,283099.0,469206.0
2025-06-18 11:08:28.170735,1417.6,283099.0,469206.0
2025-06-18 11:08:28.401759,1417.6,283768.0,468845.0
2025-06-18 11:08:29.168675,1417.6,283768.0,468845.0
2025-06-18 11:08:29.403532,1417.7,280969.0,468853.0
2025-06-18 11:08:30.170832,1417.6,280969.0,468853.0
2025-06-18 11:08:30.402686,1417.6,285209.0,468903.0
2025-06-18 11:08:31.185502,1417.7,285209.0,468903.0
2025-06-18 11:08:31.302747,1417.7,282708.0,467924.0
2025-06-18 11:08:32.169184,1417.8,282708.0,467924.0
2025-06-18 11:08:32.305112,1417.8,284202.0,467668.0
2025-06-18 11:08:33.173355,1417.7,284202.0,467668.0
2025-06-18 11:08:33.407875,1417.7,280936.0,467887.0
2025-06-18 11:08:34.170073,1417.7,280936.0,467887.0
2025-06-18 11:08:34.513426,1418.0,281167.0,467838.0
2025-06-18 11:08:35.166004,1417.7,281167.0,467838.0
2025-06-18 11:08:35.607375,1417.7,281358.0,467948.0
2025-06-18 11:08:36.169218,1417.8,281358.0,467948.0
2025-06-18 11:08:36.607926,1417.8,277614.0,469154.0
2025-06-18 11:08:37.173706,1417.8,277614.0,469154.0
2025-06-18 11:08:37.607434,1418.0,277659.0,469169.0
2025-06-18 11:08:38.169658,1417.8,277659.0,469169.0
2025-06-18 11:08:38.610554,1418.0,278590.0,469224.0
2025-06-18 11:08:39.171022,1417.8,278590.0,469224.0
2025-06-18 11:08:39.607280,1417.8,278698.0,469133.0
2025-06-18 11:08:40.176346,1417.8,278698.0,469133.0
2025-06-18 11:08:40.709458,1417.8,279088.0,468968.0
2025-06-18 11:08:41.172288,1417.7,279088.0,468968.0
2025-06-18 11:08:41.809141,1417.7,276699.0,470020.0
2025-06-18 11:08:42.177273,1417.6,276699.0,470020.0
2025-06-18 11:08:42.811757,1417.6,277028.0,470683.0
2025-06-18 11:08:43.169550,1417.6,277028.0,470683.0
2025-06-18 11:08:43.911184,1417.6,276346.0,470843.0
2025-06-18 11:08:44.180391,1417.6,276346.0,470843.0
2025-06-18 11:08:44.910229,1417.6,276426.0,470793.0
2025-06-18 11:08:45.176662,1417.6,276426.0,470793.0
2025-06-18 11:08:46.024734,1417.6,276465.0,470843.0
2025-06-18 11:08:46.201250,1417.6,276465.0,470843.0
2025-06-18 11:08:47.111145,1417.9,275263.0,471505.0
2025-06-18 11:08:47.171886,1417.6,275263.0,471505.0
2025-06-18 11:08:48.111357,1417.6,275697.0,470264.0
2025-06-18 11:08:48.170241,1417.6,275697.0,470264.0
2025-06-18 11:08:49.112925,1417.6,274355.0,472555.0
2025-06-18 11:08:49.174165,1417.5,274355.0,472555.0
2025-06-18 11:08:50.111409,1417.5,274678.0,472028.0
2025-06-18 11:08:50.170679,1417.5,274678.0,472028.0
2025-06-18 11:08:51.200087,1417.6,274678.0,472028.0
2025-06-18 11:08:51.223522,1417.6,277928.0,470746.0
2025-06-18 11:08:52.172702,1417.5,277928.0,470746.0
2025-06-18 11:08:52.313587,1417.6,279303.0,471033.0
2025-06-18 11:08:53.173089,1417.5,279303.0,471033.0
2025-06-18 11:08:53.312953,1417.5,279315.0,471158.0
2025-06-18 11:08:54.175136,1417.5,279315.0,471158.0
2025-06-18 11:08:54.411157,1417.5,278148.0,471474.0
2025-06-18 11:08:55.168599,1417.5,278148.0,471474.0
2025-06-18 11:08:55.411002,1417.5,273788.0,470559.0
2025-06-18 11:08:56.175125,1417.5,273788.0,470559.0
2025-06-18 11:08:56.413508,1417.5,278080.0,470966.0
2025-06-18 11:08:57.170371,1417.5,278080.0,470966.0
2025-06-18 11:08:57.313969,1417.5,278081.0,471006.0
2025-06-18 11:08:58.169051,1417.5,278081.0,471006.0
2025-06-18 11:08:58.413412,1417.5,278151.0,470843.0
2025-06-18 11:08:59.176309,1417.5,278151.0,470843.0
2025-06-18 11:08:59.414858,1417.5,277994.0,470845.0
2025-06-18 11:09:00.171741,1417.5,277994.0,470845.0
2025-06-18 11:09:00.523223,1417.6,277939.0,470664.0
2025-06-18 11:09:01.420516,1417.5,277993.0,471051.0
2025-06-18 11:09:02.207272,1417.5,277993.0,471051.0
2025-06-18 11:09:02.314761,1417.5,278084.0,470436.0
2025-06-18 11:09:03.178324,1417.5,278084.0,470436.0
2025-06-18 11:09:03.318848,1417.5,283686.0,470644.0
2025-06-18 11:09:04.171541,1417.5,283686.0,470644.0
2025-06-18 11:09:04.216603,1417.5,286553.0,470548.0
2025-06-18 11:09:05.169073,1417.5,286553.0,470548.0
2025-06-18 11:09:05.322287,1417.5,286596.0,470484.0
2025-06-18 11:09:06.164604,1417.5,286596.0,470484.0
2025-06-18 11:09:06.219210,1417.5,286657.0,470231.0
2025-06-18 11:09:07.121453,1417.6,286528.0,470715.0
2025-06-18 11:09:07.165940,1417.5,286528.0,470715.0
2025-06-18 11:09:08.122027,1417.5,286512.0,470508.0
2025-06-18 11:09:08.166335,1417.5,286512.0,470508.0
2025-06-18 11:09:09.028927,1417.7,289947.0,465084.0
2025-06-18 11:09:09.164200,1417.6,289947.0,465084.0
2025-06-18 11:09:09.923405,1417.9,291093.0,463568.0
2025-06-18 11:09:10.170233,1417.9,291093.0,463568.0
2025-06-18 11:09:10.921995,1418.0,290516.0,464128.0
2025-06-18 11:09:11.164855,1417.9,290516.0,464128.0
2025-06-18 11:09:11.922162,1418.0,290727.0,463920.0
2025-06-18 11:09:12.164986,1417.9,290727.0,463920.0
2025-06-18 11:09:14.302703,1417.9,290983.0,464931.0
2025-06-18 11:09:14.304704,1417.9,290983.0,464931.0
2025-06-18 11:09:14.312532,1417.9,289990.0,465138.0
2025-06-18 11:09:14.343823,1417.9,289990.0,465138.0
2025-06-18 11:09:15.030457,1417.9,290131.0,465194.0
2025-06-18 11:09:15.171442,1417.9,290131.0,465194.0
2025-06-18 11:09:16.123269,1417.9,290159.0,465056.0
2025-06-18 11:09:16.164878,1417.9,290159.0,465056.0
2025-06-18 11:09:17.167724,1417.9,290159.0,465056.0
2025-06-18 11:09:17.224061,1417.9,290251.0,465006.0
2025-06-18 11:09:18.828443,1417.9,290251.0,465006.0
2025-06-18 11:09:18.877072,1417.9,291589.0,465009.0
2025-06-18 11:09:19.163919,1417.9,291589.0,465009.0
2025-06-18 11:09:19.224872,1417.9,291043.0,465572.0
2025-06-18 11:09:20.196114,1417.9,291043.0,465572.0
2025-06-18 11:09:20.224659,1417.9,291472.0,465595.0
2025-06-18 11:09:21.170074,1417.9,291472.0,465595.0
2025-06-18 11:09:21.225323,1417.9,290961.0,465105.0
2025-06-18 11:09:22.164502,1417.9,290961.0,465105.0
2025-06-18 11:09:22.234132,1417.9,290479.0,465520.0
2025-06-18 11:09:23.172036,1417.9,290479.0,465520.0
2025-06-18 11:09:23.227031,1417.9,290947.0,465487.0
2025-06-18 11:09:24.131799,1417.9,290949.0,465498.0
2025-06-18 11:09:24.171029,1417.9,290949.0,465498.0
2025-06-18 11:09:25.128157,1417.9,290952.0,465838.0
2025-06-18 11:09:25.170697,1417.9,290952.0,465838.0
2025-06-18 11:09:26.131288,1417.9,290947.0,465696.0
2025-06-18 11:09:26.172859,1417.9,290947.0,465696.0
2025-06-18 11:09:27.163834,1417.9,290947.0,465696.0
2025-06-18 11:09:27.230660,1417.9,291142.0,466048.0
2025-06-18 11:09:28.172022,1417.9,291142.0,466048.0
2025-06-18 11:09:28.330188,1417.9,291215.0,466029.0
2025-06-18 11:09:29.174764,1417.9,291215.0,466029.0
2025-06-18 11:09:29.330504,1417.9,291223.0,466175.0
2025-06-18 11:09:30.175692,1417.9,291223.0,466175.0
2025-06-18 11:09:30.434647,1418.0,291328.0,465791.0
2025-06-18 11:09:31.167963,1417.9,291328.0,465791.0
2025-06-18 11:09:31.531884,1417.9,290651.0,465950.0
2025-06-18 11:09:32.176225,1417.9,290651.0,465950.0
2025-06-18 11:09:32.531119,1417.9,290840.0,465944.0
2025-06-18 11:09:33.172868,1417.9,290840.0,465944.0
2025-06-18 11:09:33.534169,1417.9,290467.0,466101.0
2025-06-18 11:09:34.171486,1417.9,290467.0,466101.0
2025-06-18 11:09:34.638489,1417.9,290458.0,466134.0
2025-06-18 11:09:35.166788,1417.9,290458.0,466134.0
2025-06-18 11:09:35.737827,1417.9,290461.0,466537.0
2025-06-18 11:09:36.169533,1417.9,290461.0,466537.0
2025-06-18 11:09:36.840166,1418.0,291924.0,462278.0
2025-06-18 11:09:37.172718,1417.9,291924.0,462278.0
2025-06-18 11:09:37.937870,1418.7,292692.0,460177.0
2025-06-18 11:09:38.180248,1418.0,292692.0,460177.0
2025-06-18 11:09:39.848423,1418.0,290668.0,463589.0
2025-06-18 11:09:39.894705,1418.1,290668.0,463589.0
2025-06-18 11:09:39.938999,1418.1,290828.0,464268.0
2025-06-18 11:09:40.168066,1418.1,290828.0,464268.0
2025-06-18 11:09:41.039103,1418.1,290882.0,464622.0
2025-06-18 11:09:41.168054,1418.1,290882.0,464622.0
2025-06-18 11:09:42.041313,1418.1,290928.0,464727.0
2025-06-18 11:09:42.173720,1418.1,290928.0,464727.0
2025-06-18 11:09:43.111104,1418.1,291026.0,464624.0
2025-06-18 11:09:43.168783,1418.1,291026.0,464624.0
2025-06-18 11:09:44.147718,1418.1,291271.0,464749.0
2025-06-18 11:09:44.186602,1418.1,291271.0,464749.0
2025-06-18 11:09:45.145854,1418.1,291296.0,464766.0
2025-06-18 11:09:45.170853,1418.1,291296.0,464766.0
2025-06-18 11:09:46.248141,1418.1,291130.0,464923.0
2025-06-18 11:09:46.250772,1418.1,291130.0,464923.0
2025-06-18 11:09:47.137744,1418.1,291130.0,464923.0
2025-06-18 11:09:47.192475,1418.1,291068.0,464927.0
2025-06-18 11:09:47.193253,1418.1,291068.0,464927.0
2025-06-18 11:09:48.146888,1418.1,286188.0,464481.0
2025-06-18 11:09:48.168099,1418.1,286188.0,464481.0
2025-06-18 11:09:48.250937,1418.1,286188.0,464481.0
2025-06-18 11:09:49.102168,1418.1,286188.0,464481.0
2025-06-18 11:09:49.172147,1418.1,286188.0,464481.0
2025-06-18 11:09:49.242354,1418.1,290513.0,466102.0
2025-06-18 11:09:50.026169,1418.1,290513.0,466102.0
2025-06-18 11:09:50.169899,1418.1,290513.0,466102.0
2025-06-18 11:09:50.342448,1418.1,290783.0,467848.0
2025-06-18 11:09:50.863140,1418.1,290783.0,467848.0
2025-06-18 11:09:51.168408,1418.1,290783.0,467848.0
2025-06-18 11:09:51.344064,1418.3,290611.0,467297.0
2025-06-18 11:09:51.636793,1418.3,290611.0,467297.0
2025-06-18 11:09:52.173941,1418.0,290611.0,467297.0
2025-06-18 11:09:52.343221,1418.0,290706.0,468284.0
2025-06-18 11:09:52.627910,1418.0,290706.0,468284.0
2025-06-18 11:09:53.175740,1418.0,290706.0,468284.0
2025-06-18 11:09:53.233030,1418.0,290706.0,468284.0
2025-06-18 11:09:53.343832,1418.0,290692.0,468047.0
2025-06-18 11:09:53.602142,1418.0,290692.0,468047.0
2025-06-18 11:09:54.091135,1418.0,290692.0,468047.0
2025-06-18 11:09:54.178463,1418.0,290692.0,468047.0
2025-06-18 11:09:54.444502,1418.0,290341.0,467869.0
2025-06-18 11:09:54.461897,1418.0,290341.0,467869.0
2025-06-18 11:09:55.177586,1418.0,290341.0,467869.0
2025-06-18 11:09:55.335831,1418.0,290341.0,467869.0
2025-06-18 11:09:55.443340,1418.0,287260.0,467886.0
2025-06-18 11:09:56.170768,1418.0,287260.0,467886.0
2025-06-18 11:09:56.344653,1418.0,290736.0,467723.0
2025-06-18 11:09:56.587523,1418.0,290736.0,467723.0
2025-06-18 11:09:57.177397,1418.0,290736.0,467723.0
2025-06-18 11:09:57.551870,1417.5,288938.0,469431.0
2025-06-18 11:09:57.562738,1417.5,288938.0,469431.0
2025-06-18 11:09:58.176275,1417.2,288938.0,469431.0
2025-06-18 11:09:58.683725,1417.2,286495.0,463513.0
2025-06-18 11:09:58.968014,1417.2,286495.0,463513.0
2025-06-18 11:09:59.176015,1417.2,286495.0,463513.0
2025-06-18 11:09:59.745703,1417.5,289862.0,470871.0
2025-06-18 11:10:00.119564,1417.5,289862.0,470871.0
2025-06-18 11:10:00.169150,1417.3,289862.0,470871.0
2025-06-18 11:10:00.747862,1417.3,290794.0,470961.0
2025-06-18 11:10:01.248555,1417.3,290794.0,470961.0
2025-06-18 11:10:02.044841,1417.0,287189.0,471718.0
2025-06-18 11:10:02.169975,1417.0,287189.0,471718.0
2025-06-18 11:10:02.717549,1417.0,287189.0,471718.0
2025-06-18 11:10:03.144779,1417.2,289677.0,472411.0
2025-06-18 11:10:03.211845,1417.2,289677.0,472411.0
2025-06-18 11:10:04.154960,1417.1,299649.0,472755.0
2025-06-18 11:10:04.169695,1417.1,299649.0,472755.0
2025-06-18 11:10:05.169891,1417.2,299649.0,472755.0
2025-06-18 11:10:05.256533,1417.2,332866.0,473252.0
2025-06-18 11:10:06.172143,1417.2,332866.0,473252.0
2025-06-18 11:10:06.350268,1417.3,334103.0,471049.0
2025-06-18 11:10:07.175817,1417.3,334103.0,471049.0
2025-06-18 11:10:07.451093,1417.5,332039.0,473083.0
2025-06-18 11:10:09.454054,1417.3,332039.0,473083.0
2025-06-18 11:10:09.504133,1417.3,332030.0,472944.0
2025-06-18 11:10:09.511785,1417.3,332030.0,472944.0
2025-06-18 11:10:09.540093,1417.5,331955.0,472794.0
2025-06-18 11:10:10.181938,1417.3,331955.0,472794.0
2025-06-18 11:10:10.453131,1417.3,331961.0,472991.0
2025-06-18 11:10:11.186203,1417.3,331961.0,472991.0
2025-06-18 11:10:11.451647,1417.3,333799.0,472937.0
2025-06-18 11:10:12.171856,1417.2,333799.0,472937.0
2025-06-18 11:10:12.454437,1417.2,333800.0,472951.0
2025-06-18 11:10:13.174690,1417.2,333800.0,472951.0
2025-06-18 11:10:13.453815,1417.2,333810.0,473729.0
2025-06-18 11:10:14.177871,1417.2,333810.0,473729.0
2025-06-18 11:10:14.453463,1417.2,334007.0,473696.0
2025-06-18 11:10:15.171882,1417.2,334007.0,473696.0
2025-06-18 11:10:15.552613,1417.3,333812.0,472574.0
2025-06-18 11:10:16.173816,1417.0,333812.0,472574.0
2025-06-18 11:10:16.554745,1417.0,335548.0,470702.0
2025-06-18 11:10:17.181580,1417.0,335548.0,470702.0
2025-06-18 11:10:17.658560,1417.0,335079.0,471912.0
2025-06-18 11:10:18.170817,1417.2,335079.0,471912.0
2025-06-18 11:10:18.754000,1417.2,332895.0,471721.0
2025-06-18 11:10:19.168597,1417.2,332895.0,471721.0
2025-06-18 11:10:19.860075,1417.2,333066.0,471916.0
2025-06-18 11:10:20.171036,1417.2,333066.0,471916.0
2025-06-18 11:10:20.860195,1417.3,333676.0,471859.0
2025-06-18 11:10:21.185129,1417.2,333676.0,471859.0
2025-06-18 11:10:21.761343,1417.2,333859.0,471256.0
2025-06-18 11:10:22.174853,1417.2,333859.0,471256.0
2025-06-18 11:10:22.757360,1416.9,332494.0,471915.0
2025-06-18 11:10:23.172007,1416.9,332494.0,471915.0
2025-06-18 11:10:23.756804,1416.9,353940.0,472361.0
2025-06-18 11:10:24.180080,1416.9,353940.0,472361.0
2025-06-18 11:10:24.756366,1417.0,301882.0,472626.0
2025-06-18 11:10:25.177364,1417.0,301882.0,472626.0
2025-06-18 11:10:25.757727,1417.0,301446.0,472471.0
2025-06-18 11:10:26.176715,1417.0,301446.0,472471.0
2025-06-18 11:10:26.761286,1417.3,322464.0,472487.0
2025-06-18 11:10:27.180454,1417.0,322464.0,472487.0
2025-06-18 11:10:27.658125,1417.3,322440.0,473489.0
2025-06-18 11:10:28.180835,1417.2,322440.0,473489.0
2025-06-18 11:10:28.685981,1417.2,326156.0,472800.0
2025-06-18 11:10:29.175394,1417.2,326156.0,472800.0
2025-06-18 11:10:29.665280,1417.2,325385.0,472183.0
2025-06-18 11:10:30.172070,1417.2,325385.0,472183.0
2025-06-18 11:10:30.663038,1417.2,325511.0,472217.0
2025-06-18 11:10:31.182733,1417.3,325511.0,472217.0
2025-06-18 11:10:31.663283,1417.3,323023.0,472608.0
2025-06-18 11:10:32.174325,1417.1,323023.0,472608.0
2025-06-18 11:10:32.668936,1417.2,319588.0,472910.0
2025-06-18 11:10:33.172848,1417.2,319588.0,472910.0
2025-06-18 11:10:33.665565,1417.2,320442.0,473415.0
2025-06-18 11:10:34.177006,1417.1,320442.0,473415.0
2025-06-18 11:10:34.671200,1417.1,323117.0,473051.0
2025-06-18 11:10:35.174227,1417.1,323117.0,473051.0
2025-06-18 11:10:35.666525,1417.1,323260.0,472879.0
2025-06-18 11:10:36.170476,1417.2,323260.0,472879.0
2025-06-18 11:10:36.666289,1417.2,321087.0,472922.0
2025-06-18 11:10:37.173123,1417.2,321087.0,472922.0
2025-06-18 11:10:37.669969,1417.2,324019.0,473036.0
2025-06-18 11:10:38.172963,1417.1,324019.0,473036.0
2025-06-18 11:10:38.669790,1417.1,322646.0,473330.0
2025-06-18 11:10:39.169310,1417.1,322646.0,473330.0
2025-06-18 11:10:39.769475,1417.1,323165.0,473472.0
2025-06-18 11:10:40.170929,1417.1,323165.0,473472.0
2025-06-18 11:10:40.767883,1417.1,323059.0,473455.0
2025-06-18 11:10:41.180114,1417.1,323059.0,473455.0
2025-06-18 11:10:41.768695,1417.2,323066.0,473333.0
2025-06-18 11:10:42.177717,1417.1,323066.0,473333.0
2025-06-18 11:10:42.769578,1417.1,323048.0,473460.0
2025-06-18 11:10:43.172748,1417.1,323048.0,473460.0
2025-06-18 11:10:43.675543,1417.1,323003.0,473337.0
2025-06-18 11:10:44.170858,1417.1,323003.0,473337.0
2025-06-18 11:10:44.773432,1417.1,322624.0,473646.0
2025-06-18 11:10:45.170995,1417.1,322624.0,473646.0
2025-06-18 11:10:45.773259,1417.2,322533.0,473275.0
2025-06-18 11:10:46.170726,1417.1,322533.0,473275.0
2025-06-18 11:10:46.872357,1417.1,315741.0,474384.0
2025-06-18 11:10:47.171982,1417.1,315741.0,474384.0
2025-06-18 11:10:47.972753,1417.1,318662.0,474428.0
2025-06-18 11:10:48.204415,1417.1,318662.0,474428.0
2025-06-18 11:10:49.106323,1417.1,319729.0,474280.0
2025-06-18 11:10:49.169696,1417.1,319729.0,474280.0
2025-06-18 11:10:50.082205,1417.1,317855.0,474490.0
2025-06-18 11:10:50.177702,1417.1,317855.0,474490.0
2025-06-18 11:10:51.173478,1417.1,317855.0,474490.0
2025-06-18 11:10:51.179403,1417.1,316211.0,475791.0
2025-06-18 11:10:52.177748,1417.0,316211.0,475791.0
2025-06-18 11:10:52.276030,1417.1,318584.0,475987.0
2025-06-18 11:10:53.179441,1417.0,318584.0,475987.0
2025-06-18 11:10:53.376810,1417.0,318788.0,475018.0
2025-06-18 11:10:54.173577,1417.0,318788.0,475018.0
2025-06-18 11:10:54.377150,1417.0,319001.0,474887.0
2025-06-18 11:10:55.174249,1416.8,319001.0,474887.0
2025-06-18 11:10:55.378736,1416.8,320525.0,474230.0
2025-06-18 11:10:56.169742,1416.8,320525.0,474230.0
2025-06-18 11:10:56.380899,1416.8,320735.0,474622.0
2025-06-18 11:10:57.169124,1417.0,320735.0,474622.0
2025-06-18 11:10:57.381129,1417.0,323363.0,474533.0
2025-06-18 11:10:58.174087,1416.8,323363.0,474533.0
2025-06-18 11:10:58.382828,1417.0,318823.0,475381.0
2025-06-18 11:10:59.170439,1416.8,318823.0,475381.0
2025-06-18 11:10:59.283423,1416.8,318850.0,475881.0
2025-06-18 11:11:00.171051,1416.8,318850.0,475881.0
2025-06-18 11:11:00.283414,1416.8,318509.0,475544.0
2025-06-18 11:11:01.585023,1416.8,317758.0,475437.0
2025-06-18 11:11:02.199702,1416.8,317758.0,475437.0
2025-06-18 11:11:02.684919,1416.8,317799.0,475565.0
2025-06-18 11:11:03.174175,1416.8,317799.0,475565.0
2025-06-18 11:11:03.686100,1416.8,317792.0,475683.0
2025-06-18 11:11:04.171088,1416.8,317792.0,475683.0
2025-06-18 11:11:04.588813,1416.8,319297.0,475579.0
2025-06-18 11:11:05.171448,1416.8,319297.0,475579.0
2025-06-18 11:11:05.602889,1416.8,313559.0,475546.0
2025-06-18 11:11:06.176237,1416.9,313559.0,475546.0
2025-06-18 11:11:07.174218,1416.8,313559.0,475546.0
2025-06-18 11:11:07.290461,1416.8,320993.0,475135.0
2025-06-18 11:11:08.178262,1416.8,320993.0,475135.0
2025-06-18 11:11:08.292012,1416.8,321041.0,475230.0
2025-06-18 11:11:09.191457,1416.8,321041.0,475230.0
2025-06-18 11:11:09.293026,1416.8,321220.0,475393.0
2025-06-18 11:11:10.171687,1416.8,321220.0,475393.0
2025-06-18 11:11:10.293446,1416.8,317651.0,475776.0
2025-06-18 11:11:11.178605,1416.8,317651.0,475776.0
2025-06-18 11:11:11.395374,1416.8,319698.0,475387.0
2025-06-18 11:11:12.175631,1416.8,319698.0,475387.0
2025-06-18 11:11:12.393679,1416.8,319494.0,475730.0
2025-06-18 11:11:13.180587,1416.8,319494.0,475730.0
2025-06-18 11:11:13.508007,1417.0,319815.0,475167.0
2025-06-18 11:11:14.184580,1416.8,319815.0,475167.0
2025-06-18 11:11:14.503085,1416.8,321193.0,475747.0
2025-06-18 11:11:15.171524,1416.8,321193.0,475747.0
2025-06-18 11:11:15.594576,1416.9,320883.0,475772.0
2025-06-18 11:11:16.171259,1416.8,320883.0,475772.0
2025-06-18 11:11:16.595462,1416.8,321119.0,475661.0
2025-06-18 11:11:17.188309,1416.8,321119.0,475661.0
2025-06-18 11:11:17.694715,1416.8,321138.0,476393.0
2025-06-18 11:11:18.181586,1416.8,321138.0,476393.0
2025-06-18 11:11:18.695376,1416.8,320731.0,476786.0
2025-06-18 11:11:19.179288,1416.8,320731.0,476786.0
2025-06-18 11:11:19.696650,1416.8,320862.0,476504.0
2025-06-18 11:11:20.175737,1416.8,320862.0,476504.0
2025-06-18 11:11:20.598657,1416.9,305797.0,476590.0
2025-06-18 11:11:21.184780,1416.8,305797.0,476590.0
2025-06-18 11:11:21.695657,1416.8,302343.0,476306.0
2025-06-18 11:11:22.180540,1416.8,302343.0,476306.0
2025-06-18 11:11:22.701947,1416.9,302911.0,475983.0
2025-06-18 11:11:23.172474,1416.8,302911.0,475983.0
2025-06-18 11:11:23.713218,1416.9,303107.0,475963.0
2025-06-18 11:11:24.174588,1416.8,303107.0,475963.0
2025-06-18 11:11:24.699809,1416.8,304655.0,475229.0
2025-06-18 11:11:25.183065,1416.8,304655.0,475229.0
2025-06-18 11:11:25.699003,1416.8,304549.0,475611.0
2025-06-18 11:11:26.177025,1416.8,304549.0,475611.0
2025-06-18 11:11:26.799409,1416.8,304606.0,475274.0
2025-06-18 11:11:27.173703,1416.8,304606.0,475274.0
2025-06-18 11:11:27.799679,1416.8,305441.0,475617.0
2025-06-18 11:11:28.178816,1416.8,305441.0,475617.0
2025-06-18 11:11:28.801239,1416.8,305399.0,476042.0
2025-06-18 11:11:29.192231,1416.8,305399.0,476042.0
2025-06-18 11:11:29.801280,1416.8,294844.0,476213.0
2025-06-18 11:11:30.173775,1416.8,294844.0,476213.0
2025-06-18 11:11:30.802846,1416.8,284524.0,474743.0
2025-06-18 11:11:31.176740,1416.8,284524.0,474743.0
2025-06-18 11:11:31.804266,1416.8,283387.0,476020.0
2025-06-18 11:11:32.180634,1416.8,283387.0,476020.0
2025-06-18 11:11:32.906077,1416.9,284161.0,475423.0
2025-06-18 11:11:33.174666,1416.8,284161.0,475423.0
2025-06-18 11:11:34.016185,1416.8,284041.0,475683.0
2025-06-18 11:11:34.176968,1416.8,284041.0,475683.0
2025-06-18 11:11:35.106769,1416.8,285162.0,474908.0
2025-06-18 11:11:35.178887,1416.8,285162.0,474908.0
2025-06-18 11:11:36.175999,1416.8,285162.0,474908.0
2025-06-18 11:11:36.519782,1416.8,290370.0,475576.0
2025-06-18 11:11:37.190773,1416.8,290370.0,475576.0
2025-06-18 11:11:37.610965,1416.8,290070.0,475245.0
2025-06-18 11:11:38.181603,1416.8,290070.0,475245.0
2025-06-18 11:11:38.807737,1416.8,290007.0,475036.0
2025-06-18 11:11:39.179623,1416.9,290007.0,475036.0
2025-06-18 11:11:40.174174,1416.8,290007.0,475036.0
2025-06-18 11:11:40.408535,1416.8,289987.0,475037.0
2025-06-18 11:11:41.189867,1416.8,289987.0,475037.0
2025-06-18 11:11:41.309279,1416.8,289983.0,475061.0
2025-06-18 11:11:42.179206,1416.8,289983.0,475061.0
2025-06-18 11:11:42.307856,1416.8,290031.0,475033.0
2025-06-18 11:11:43.191734,1416.8,290031.0,475033.0
2025-06-18 11:11:43.310831,1416.9,290200.0,475039.0
2025-06-18 11:11:44.190448,1416.8,290200.0,475039.0
2025-06-18 11:11:44.310279,1416.8,290196.0,475024.0
2025-06-18 11:11:45.184426,1416.8,290196.0,475024.0
2025-06-18 11:11:45.411791,1416.8,290193.0,475080.0
2025-06-18 11:11:46.174729,1416.9,290193.0,475080.0
2025-06-18 11:11:46.311445,1416.9,290172.0,475019.0
2025-06-18 11:11:47.210159,1416.8,290172.0,475019.0
2025-06-18 11:11:47.311344,1416.8,289955.0,475209.0
2025-06-18 11:11:48.184686,1416.8,289955.0,475209.0
2025-06-18 11:11:48.217624,1416.8,291935.0,475166.0
2025-06-18 11:11:49.184869,1416.8,291935.0,475166.0
2025-06-18 11:11:49.313331,1416.8,292000.0,475204.0
2025-06-18 11:11:50.180564,1416.8,292000.0,475204.0
2025-06-18 11:11:50.414963,1416.8,292308.0,475155.0
2025-06-18 11:11:51.204457,1416.8,292308.0,475155.0
2025-06-18 11:11:51.316908,1416.8,292317.0,475464.0
2025-06-18 11:11:52.185850,1416.8,292317.0,475464.0
2025-06-18 11:11:53.120195,1416.9,292209.0,475248.0
2025-06-18 11:11:53.195450,1416.8,292209.0,475248.0
2025-06-18 11:11:54.118672,1416.9,292231.0,475275.0
2025-06-18 11:11:54.185147,1416.9,292231.0,475275.0
2025-06-18 11:11:55.194018,1416.9,292231.0,475275.0
2025-06-18 11:11:55.228727,1416.9,292665.0,475143.0
2025-06-18 11:11:56.122317,1416.9,294995.0,474821.0
2025-06-18 11:11:56.179820,1416.8,294995.0,474821.0
2025-06-18 11:11:57.123091,1416.9,293609.0,474537.0
2025-06-18 11:11:57.186854,1416.9,293609.0,474537.0
2025-06-18 11:11:58.404843,1416.9,293609.0,474537.0
2025-06-18 11:11:58.445882,1416.9,297249.0,473269.0
2025-06-18 11:11:59.178915,1416.9,297249.0,473269.0
2025-06-18 11:11:59.325863,1416.9,297439.0,474158.0
2025-06-18 11:12:00.175957,1416.9,297439.0,474158.0
2025-06-18 11:12:00.425653,1416.9,296790.0,474187.0
2025-06-18 11:12:02.329233,1416.9,353857.0,472197.0
2025-06-18 11:12:02.333641,1416.9,353857.0,472197.0
2025-06-18 11:12:04.182873,1416.9,353857.0,472197.0
2025-06-18 11:12:06.180466,1416.9,353857.0,472197.0
2025-06-18 11:12:06.538758,1416.9,355793.0,472003.0
2025-06-18 11:12:08.182222,1416.9,355793.0,472003.0
2025-06-18 11:12:10.181688,1416.9,355793.0,472003.0
2025-06-18 11:12:11.635259,1417.0,355892.0,472223.0
2025-06-18 11:12:12.197739,1416.9,355892.0,472223.0
2025-06-18 11:12:14.181784,1416.9,355892.0,472223.0
2025-06-18 11:12:16.181352,1416.9,355892.0,472223.0
2025-06-18 11:12:16.836688,1416.9,356010.0,473475.0
2025-06-18 11:12:18.212823,1416.9,356010.0,473475.0
2025-06-18 11:12:20.178068,1416.9,356010.0,473475.0
2025-06-18 11:12:22.145402,1417.0,353711.0,474101.0
2025-06-18 11:12:22.180336,1417.0,353711.0,474101.0
2025-06-18 11:12:24.184184,1416.9,353711.0,474101.0
2025-06-18 11:12:26.182117,1416.9,353711.0,474101.0
2025-06-18 11:12:26.950004,1416.9,350000.0,473297.0
2025-06-18 11:12:28.180677,1416.9,350000.0,473297.0
2025-06-18 11:12:30.188913,1416.9,350000.0,473297.0
2025-06-18 11:12:32.155099,1416.9,347214.0,473290.0
2025-06-18 11:12:32.207738,1416.9,347214.0,473290.0
2025-06-18 11:12:34.184720,1416.9,347214.0,473290.0
2025-06-18 11:12:36.203935,1416.9,347214.0,473290.0
2025-06-18 11:12:37.357328,1417.0,346772.0,473438.0
2025-06-18 11:12:38.186481,1416.9,346772.0,473438.0
2025-06-18 11:12:40.183895,1416.9,346772.0,473438.0
2025-06-18 11:12:42.181709,1416.9,346772.0,473438.0
2025-06-18 11:12:42.669907,1416.9,346737.0,474474.0
2025-06-18 11:12:44.182006,1416.9,346737.0,474474.0
2025-06-18 11:12:46.181183,1416.9,346737.0,474474.0
2025-06-18 11:12:47.562283,1416.9,346737.0,474474.0
2025-06-18 11:12:47.597292,1416.9,346221.0,474307.0
2025-06-18 11:12:48.182764,1417.0,346221.0,474307.0
2025-06-18 11:12:48.627379,1417.0,346221.0,474307.0
2025-06-18 11:12:49.532942,1417.0,346221.0,474307.0
2025-06-18 11:12:50.186769,1416.9,346221.0,474307.0
2025-06-18 11:12:50.447305,1416.9,346221.0,474307.0
2025-06-18 11:12:51.307823,1416.9,346221.0,474307.0
2025-06-18 11:12:52.070436,1416.9,346221.0,474307.0
2025-06-18 11:12:52.181772,1416.9,346221.0,474307.0
2025-06-18 11:12:53.072139,1416.9,346221.0,474307.0
2025-06-18 11:12:53.112299,1417.0,352205.0,473998.0
2025-06-18 11:12:53.634662,1417.0,352205.0,473998.0
2025-06-18 11:12:54.043954,1417.0,352205.0,473998.0
2025-06-18 11:12:54.185095,1416.9,352205.0,473998.0
2025-06-18 11:12:54.533146,1416.9,352205.0,473998.0
2025-06-18 11:12:55.767619,1416.9,352205.0,473998.0
2025-06-18 11:12:56.183983,1416.9,352205.0,473998.0
2025-06-18 11:12:57.010747,1416.9,352205.0,473998.0
2025-06-18 11:12:57.882889,1416.9,352205.0,473998.0
2025-06-18 11:12:58.189538,1416.9,352205.0,473998.0
2025-06-18 11:12:58.570049,1416.9,347452.0,474687.0
2025-06-18 11:12:59.287989,1416.9,347452.0,474687.0
2025-06-18 11:13:00.192691,1416.9,347452.0,474687.0
2025-06-18 11:13:00.400027,1416.9,347452.0,474687.0
2025-06-18 11:13:01.572761,1416.9,347452.0,474687.0
2025-06-18 11:13:02.183309,1416.9,347452.0,474687.0
2025-06-18 11:13:03.034336,1416.9,347452.0,474687.0
2025-06-18 11:13:03.686403,1416.9,346566.0,474977.0
2025-06-18 11:13:04.187044,1416.9,346566.0,474977.0
2025-06-18 11:13:06.184576,1416.9,346566.0,474977.0
2025-06-18 11:13:08.183654,1416.9,346566.0,474977.0
2025-06-18 11:13:08.478639,1416.9,346267.0,474337.0
2025-06-18 11:13:10.184545,1416.9,346267.0,474337.0
2025-06-18 11:13:12.188815,1416.9,346267.0,474337.0
2025-06-18 11:13:13.380318,1417.0,346741.0,474981.0
2025-06-18 11:13:14.185843,1416.9,346741.0,474981.0
2025-06-18 11:13:16.188631,1416.9,346741.0,474981.0
2025-06-18 11:13:18.191724,1416.9,346741.0,474981.0
2025-06-18 11:13:18.196676,1416.9,346859.0,476267.0
2025-06-18 11:13:20.187679,1416.9,346859.0,476267.0
2025-06-18 11:13:22.189065,1416.9,346859.0,476267.0
2025-06-18 11:13:23.085362,1416.5,335928.0,475666.0
2025-06-18 11:13:24.189131,1416.7,335928.0,475666.0
2025-06-18 11:13:26.188321,1416.3,335928.0,475666.0
2025-06-18 11:13:28.089497,1416.7,339420.0,476183.0
2025-06-18 11:13:28.184963,1416.5,339420.0,476183.0
2025-06-18 11:13:30.190408,1416.3,339420.0,476183.0
2025-06-18 11:13:32.186310,1416.3,339420.0,476183.0
2025-06-18 11:13:33.089044,1416.5,336818.0,476172.0
2025-06-18 11:13:34.190585,1416.6,336818.0,476172.0
2025-06-18 11:13:36.188289,1416.6,336818.0,476172.0
2025-06-18 11:13:38.095442,1416.6,339282.0,476186.0
2025-06-18 11:13:38.187532,1416.6,339282.0,476186.0
2025-06-18 11:13:40.192499,1416.3,339282.0,476186.0
2025-06-18 11:13:42.189489,1416.3,339282.0,476186.0
2025-06-18 11:13:43.298456,1416.3,343809.0,476343.0
2025-06-18 11:13:44.193131,1416.3,343809.0,476343.0
2025-06-18 11:13:46.192326,1416.4,343809.0,476343.0
2025-06-18 11:13:48.188458,1416.4,343809.0,476343.0
2025-06-18 11:13:48.298791,1416.5,338757.0,476429.0
2025-06-18 11:13:50.198361,1416.4,338757.0,476429.0
2025-06-18 11:13:52.190578,1416.5,338757.0,476429.0
2025-06-18 11:13:53.004280,1416.5,278443.0,475343.0
2025-06-18 11:13:54.191564,1416.5,278443.0,475343.0
2025-06-18 11:13:56.190737,1416.5,278443.0,475343.0
2025-06-18 11:13:58.189082,1416.5,278443.0,475343.0
2025-06-18 11:13:58.511563,1416.5,278788.0,476584.0
2025-06-18 11:14:00.190133,1416.4,278788.0,476584.0
2025-06-18 11:14:01.706248,1416.4,278219.0,476700.0
2025-06-18 11:14:02.184968,1416.3,278219.0,476700.0
2025-06-18 11:14:02.706463,1416.2,278162.0,477857.0
2025-06-18 11:14:03.187379,1416.2,278162.0,477857.0
2025-06-18 11:14:03.805579,1416.2,275160.0,476954.0
2025-06-18 11:14:04.186819,1416.2,275160.0,476954.0
2025-06-18 11:14:04.807599,1416.2,275658.0,476874.0
2025-06-18 11:14:05.184524,1416.1,275658.0,476874.0
2025-06-18 11:14:05.808197,1416.1,275351.0,476883.0
2025-06-18 11:14:06.188548,1416.2,275351.0,476883.0
2025-06-18 11:14:06.913189,1416.0,279453.0,476558.0
2025-06-18 11:14:07.183948,1416.2,279453.0,476558.0
2025-06-18 11:14:07.809347,1416.4,277126.0,476721.0
2025-06-18 11:14:08.185358,1416.2,277126.0,476721.0
2025-06-18 11:14:08.911294,1416.2,277510.0,476231.0
2025-06-18 11:14:09.187896,1416.2,277510.0,476231.0
2025-06-18 11:14:10.020505,1416.4,278250.0,476242.0
2025-06-18 11:14:10.187620,1416.2,278250.0,476242.0
2025-06-18 11:14:11.110505,1416.2,278215.0,476311.0
2025-06-18 11:14:11.183987,1416.2,278215.0,476311.0
2025-06-18 11:14:12.186961,1416.2,278215.0,476311.0
2025-06-18 11:14:12.215496,1416.2,278260.0,476891.0
2025-06-18 11:14:13.222705,1416.2,278260.0,476891.0
2025-06-18 11:14:13.229728,1416.2,280696.0,476234.0
2025-06-18 11:14:14.189232,1416.0,280696.0,476234.0
2025-06-18 11:14:14.313168,1416.0,281208.0,476873.0
2025-06-18 11:14:15.188308,1416.1,281208.0,476873.0
2025-06-18 11:14:15.312666,1416.1,277545.0,477969.0
2025-06-18 11:14:16.192890,1416.0,277545.0,477969.0
2025-06-18 11:14:16.314792,1416.0,278993.0,477051.0
2025-06-18 11:14:17.188848,1416.0,278993.0,477051.0
2025-06-18 11:14:17.315997,1416.0,275956.0,477381.0
2025-06-18 11:14:18.191649,1416.0,275956.0,477381.0
2025-06-18 11:14:19.031542,1416.0,274755.0,478726.0
2025-06-18 11:14:19.190296,1416.0,274755.0,478726.0
2025-06-18 11:14:20.118413,1416.0,275395.0,478299.0
2025-06-18 11:14:20.185358,1416.0,275395.0,478299.0
2025-06-18 11:14:21.185218,1416.0,275395.0,478299.0
2025-06-18 11:14:21.217265,1416.0,272538.0,478500.0
2025-06-18 11:14:22.235819,1416.0,272538.0,478500.0
2025-06-18 11:14:22.242275,1416.0,281065.0,471874.0
2025-06-18 11:14:23.188594,1416.0,281065.0,471874.0
2025-06-18 11:14:23.319351,1416.0,276678.0,475474.0
2025-06-18 11:14:24.190242,1416.1,276678.0,475474.0
2025-06-18 11:14:24.421866,1416.1,279039.0,474504.0
2025-06-18 11:14:25.187544,1416.1,279039.0,474504.0
2025-06-18 11:14:25.551391,1416.1,280246.0,475127.0
2025-06-18 11:14:26.186931,1416.1,280246.0,475127.0
2025-06-18 11:14:26.622320,1416.1,280189.0,475211.0
2025-06-18 11:14:27.188414,1416.1,280189.0,475211.0
2025-06-18 11:14:27.723245,1416.3,281742.0,473979.0
2025-06-18 11:14:28.189171,1416.1,281742.0,473979.0
2025-06-18 11:14:28.723059,1416.2,281416.0,473427.0
2025-06-18 11:14:29.187855,1416.2,281416.0,473427.0
2025-06-18 11:14:29.826483,1416.2,280493.0,473879.0
2025-06-18 11:14:30.188315,1416.2,280493.0,473879.0
2025-06-18 11:14:30.923895,1416.2,280855.0,473879.0
2025-06-18 11:14:31.187788,1416.2,280855.0,473879.0
2025-06-18 11:14:31.924416,1416.4,286428.0,473260.0
2025-06-18 11:14:32.188154,1416.1,286428.0,473260.0
2025-06-18 11:14:33.035652,1416.3,295611.0,473260.0
2025-06-18 11:14:33.185818,1416.3,295611.0,473260.0
2025-06-18 11:14:34.039756,1416.4,283708.0,472745.0
2025-06-18 11:14:34.197840,1416.3,283708.0,472745.0
2025-06-18 11:14:35.126432,1416.3,285170.0,473011.0
2025-06-18 11:14:35.188928,1416.2,285170.0,473011.0
2025-06-18 11:14:36.190111,1416.3,285170.0,473011.0
2025-06-18 11:14:36.228396,1416.3,279455.0,473636.0
2025-06-18 11:14:37.198203,1416.3,279455.0,473636.0
2025-06-18 11:14:37.330617,1416.3,279645.0,474084.0
2025-06-18 11:14:38.187098,1416.2,279645.0,474084.0
2025-06-18 11:14:38.328917,1416.2,278969.0,474378.0
2025-06-18 11:14:39.185801,1416.2,278969.0,474378.0
2025-06-18 11:14:39.428891,1416.2,280209.0,473058.0
2025-06-18 11:14:40.185892,1416.2,280209.0,473058.0
2025-06-18 11:14:40.538981,1416.4,280095.0,474217.0
2025-06-18 11:14:41.190180,1416.2,280095.0,474217.0
2025-06-18 11:14:41.633015,1416.4,280173.0,473739.0
2025-06-18 11:14:42.187301,1416.2,280173.0,473739.0
2025-06-18 11:14:42.731548,1416.2,280166.0,474568.0
2025-06-18 11:14:43.199535,1416.2,280166.0,474568.0
2025-06-18 11:14:43.733369,1416.1,281482.0,474077.0
2025-06-18 11:14:44.187457,1416.1,281482.0,474077.0
2025-06-18 11:14:44.637660,1416.1,281370.0,473710.0
2025-06-18 11:14:45.187944,1416.2,281370.0,473710.0
2025-06-18 11:14:45.639024,1416.1,281020.0,474003.0
2025-06-18 11:14:46.188918,1416.4,281020.0,474003.0
2025-06-18 11:14:46.735803,1416.4,280941.0,474194.0
2025-06-18 11:14:47.191864,1416.1,280941.0,474194.0
2025-06-18 11:14:47.736866,1416.1,280976.0,474351.0
2025-06-18 11:14:48.194337,1416.1,280976.0,474351.0
2025-06-18 11:14:48.737203,1416.1,280996.0,474815.0
2025-06-18 11:14:49.188633,1416.1,280996.0,474815.0
2025-06-18 11:14:49.838720,1416.1,278522.0,474094.0
2025-06-18 11:14:50.188315,1416.1,278522.0,474094.0
2025-06-18 11:14:50.947634,1416.2,280185.0,474126.0
2025-06-18 11:14:51.187335,1416.2,280185.0,474126.0
2025-06-18 11:14:51.943807,1416.2,280448.0,474254.0
2025-06-18 11:14:52.212824,1416.2,280448.0,474254.0
2025-06-18 11:14:53.048495,1416.4,280739.0,474646.0
2025-06-18 11:14:53.211858,1416.2,280739.0,474646.0
2025-06-18 11:14:53.944027,1416.2,280778.0,474200.0
2025-06-18 11:14:54.187306,1416.2,280778.0,474200.0
2025-06-18 11:14:55.055625,1416.4,280559.0,473885.0
2025-06-18 11:14:55.187052,1416.2,280559.0,473885.0
2025-06-18 11:14:56.053513,1416.2,281237.0,474191.0
2025-06-18 11:14:56.190175,1416.2,281237.0,474191.0
2025-06-18 11:14:57.187991,1416.2,281237.0,474191.0
2025-06-18 11:14:57.447660,1416.2,281217.0,474231.0
2025-06-18 11:14:58.209019,1416.2,281217.0,474231.0
2025-06-18 11:14:58.448659,1416.3,281212.0,474299.0
2025-06-18 11:14:59.189851,1416.2,281212.0,474299.0
2025-06-18 11:14:59.651781,1416.1,283942.0,475125.0
2025-06-18 11:15:00.188625,1416.1,283942.0,475125.0
2025-06-18 11:15:00.748243,1416.3,280787.0,475054.0
2025-06-18 11:15:02.155130,1416.1,281330.0,475758.0
2025-06-18 11:15:02.194156,1416.1,281330.0,475758.0
2025-06-18 11:15:03.155181,1416.1,279209.0,475181.0
2025-06-18 11:15:03.189920,1416.1,279209.0,475181.0
2025-06-18 11:15:04.190668,1416.1,279209.0,475181.0
2025-06-18 11:15:04.249894,1416.1,282613.0,474366.0
2025-06-18 11:15:05.154006,1416.1,279223.0,475500.0
2025-06-18 11:15:05.192988,1416.1,279223.0,475500.0
2025-06-18 11:15:06.954561,1416.1,279223.0,475500.0
2025-06-18 11:15:06.962647,1416.1,278664.0,475433.0
2025-06-18 11:15:07.189561,1416.0,278664.0,475433.0
2025-06-18 11:15:07.252606,1416.1,278688.0,476136.0
2025-06-18 11:15:08.190490,1416.0,278688.0,476136.0
2025-06-18 11:15:08.253121,1416.0,278923.0,476121.0
2025-06-18 11:15:10.474983,1416.0,278923.0,476121.0
2025-06-18 11:15:10.476491,1416.0,279112.0,476160.0
2025-06-18 11:15:10.478226,1416.0,279082.0,475518.0
2025-06-18 11:15:10.512400,1416.0,279082.0,475518.0
2025-06-18 11:15:11.193202,1416.0,279082.0,475518.0
2025-06-18 11:15:11.254942,1416.0,279053.0,476076.0
2025-06-18 11:15:12.190141,1415.9,279053.0,476076.0
2025-06-18 11:15:12.257349,1415.9,279109.0,476891.0
2025-06-18 11:15:13.189568,1415.9,279109.0,476891.0
2025-06-18 11:15:13.359878,1416.0,275961.0,476969.0
2025-06-18 11:15:14.202811,1415.9,275961.0,476969.0
2025-06-18 11:15:14.357914,1416.0,275877.0,476992.0
2025-06-18 11:15:15.208509,1415.9,275877.0,476992.0
2025-06-18 11:15:15.358013,1415.9,279257.0,477218.0
2025-06-18 11:15:16.196199,1415.8,279257.0,477218.0
2025-06-18 11:15:16.459806,1415.8,274546.0,478510.0
2025-06-18 11:15:17.202820,1415.8,274546.0,478510.0
2025-06-18 11:15:17.561145,1415.8,275804.0,478076.0
2025-06-18 11:15:18.194322,1415.7,275804.0,478076.0
2025-06-18 11:15:18.668269,1415.7,276901.0,478795.0
2025-06-18 11:15:19.197133,1415.7,276901.0,478795.0
2025-06-18 11:15:19.765809,1415.9,273782.0,478415.0
2025-06-18 11:15:20.194297,1415.6,273782.0,478415.0
2025-06-18 11:15:20.863416,1415.8,274281.0,478033.0
2025-06-18 11:15:21.190286,1415.6,274281.0,478033.0
2025-06-18 11:15:21.964688,1415.6,270413.0,477690.0
2025-06-18 11:15:22.193460,1415.6,270413.0,477690.0
2025-06-18 11:15:23.064255,1415.7,273281.0,478214.0
2025-06-18 11:15:23.194128,1415.6,273281.0,478214.0
2025-06-18 11:15:24.163514,1415.6,272565.0,477710.0
2025-06-18 11:15:24.191370,1415.6,272565.0,477710.0
2025-06-18 11:15:25.164325,1415.8,274802.0,475547.0
2025-06-18 11:15:25.198107,1415.8,274802.0,475547.0
2025-06-18 11:15:26.194690,1415.9,274802.0,475547.0
2025-06-18 11:15:26.267627,1415.8,273373.0,477268.0
2025-06-18 11:15:27.196101,1415.9,273373.0,477268.0
2025-06-18 11:15:27.365844,1415.9,276981.0,474935.0
2025-06-18 11:15:28.201292,1415.8,276981.0,474935.0
2025-06-18 11:15:28.468121,1415.8,277027.0,475815.0
2025-06-18 11:15:29.203017,1415.9,277027.0,475815.0
2025-06-18 11:15:29.569451,1415.9,274187.0,475296.0
2025-06-18 11:15:30.190584,1415.9,274187.0,475296.0
2025-06-18 11:15:30.668254,1415.9,274156.0,476394.0
2025-06-18 11:15:31.192107,1415.7,274156.0,476394.0
2025-06-18 11:15:31.770424,1415.7,271995.0,476103.0
2025-06-18 11:15:32.193955,1415.7,271995.0,476103.0
2025-06-18 11:15:32.872234,1416.0,269723.0,476687.0
2025-06-18 11:15:33.194929,1415.7,269723.0,476687.0
2025-06-18 11:15:33.975560,1415.7,270936.0,477539.0
2025-06-18 11:15:34.212135,1415.7,270936.0,477539.0
2025-06-18 11:15:35.075264,1415.8,271161.0,477451.0
2025-06-18 11:15:35.195555,1415.7,271161.0,477451.0
2025-06-18 11:15:35.978039,1415.7,269010.0,477903.0
2025-06-18 11:15:36.192229,1415.8,269010.0,477903.0
2025-06-18 11:15:37.176878,1415.7,269064.0,478522.0
2025-06-18 11:15:37.223846,1415.7,269064.0,478522.0
2025-06-18 11:15:38.201681,1415.7,269064.0,478522.0
2025-06-18 11:15:38.281397,1415.7,269107.0,478129.0
2025-06-18 11:15:39.195728,1415.7,269107.0,478129.0
2025-06-18 11:15:39.280395,1415.7,269151.0,478277.0
2025-06-18 11:15:40.194497,1415.7,269151.0,478277.0
2025-06-18 11:15:40.278244,1415.7,269149.0,478296.0
2025-06-18 11:15:41.184482,1415.7,267648.0,478671.0
2025-06-18 11:15:41.198149,1415.7,267648.0,478671.0
2025-06-18 11:15:42.194968,1415.7,267648.0,478671.0
2025-06-18 11:15:42.279811,1415.7,267612.0,478896.0
2025-06-18 11:15:43.197174,1415.7,267612.0,478896.0
2025-06-18 11:15:43.284820,1415.7,271978.0,478593.0
2025-06-18 11:15:44.200397,1415.6,271978.0,478593.0
2025-06-18 11:15:44.381048,1415.6,271951.0,478660.0
2025-06-18 11:15:45.194366,1415.6,271951.0,478660.0
2025-06-18 11:15:45.481401,1415.6,272147.0,478719.0
2025-06-18 11:15:46.210950,1415.6,272147.0,478719.0
2025-06-18 11:15:46.481415,1415.6,272761.0,478439.0
2025-06-18 11:15:47.196512,1415.6,272761.0,478439.0
2025-06-18 11:15:47.582432,1415.6,273576.0,478704.0
2025-06-18 11:15:48.068774,1415.6,273576.0,478704.0
2025-06-18 11:15:48.195646,1415.6,273576.0,478704.0
2025-06-18 11:15:48.683307,1415.7,273513.0,479037.0
2025-06-18 11:15:49.094154,1415.7,273513.0,479037.0
2025-06-18 11:15:49.196179,1415.6,273513.0,479037.0
2025-06-18 11:15:49.784494,1415.6,273335.0,478975.0
2025-06-18 11:15:50.009066,1415.6,273335.0,478975.0
2025-06-18 11:15:50.196896,1415.6,273335.0,478975.0
2025-06-18 11:15:50.785992,1415.5,274772.0,477029.0
2025-06-18 11:15:50.937279,1415.5,274772.0,477029.0
2025-06-18 11:15:51.198864,1415.5,274772.0,477029.0
2025-06-18 11:15:51.779612,1415.5,274772.0,477029.0
2025-06-18 11:15:51.811229,1415.6,272256.0,476960.0
2025-06-18 11:15:52.194074,1415.7,272256.0,476960.0
2025-06-18 11:15:52.563737,1415.7,272256.0,476960.0
2025-06-18 11:15:52.785050,1415.7,273041.0,477015.0
2025-06-18 11:15:53.192042,1415.6,273041.0,477015.0
2025-06-18 11:15:53.568745,1415.6,273041.0,477015.0
2025-06-18 11:15:53.887655,1415.7,271033.0,477330.0
2025-06-18 11:15:54.127370,1415.7,271033.0,477330.0
2025-06-18 11:15:54.196379,1415.5,271033.0,477330.0
2025-06-18 11:15:54.535992,1415.5,271033.0,477330.0
2025-06-18 11:15:54.986379,1415.5,272977.0,478856.0
2025-06-18 11:15:55.030485,1415.5,272977.0,478856.0
2025-06-18 11:15:55.194409,1415.4,272977.0,478856.0
2025-06-18 11:15:55.402180,1415.4,272977.0,478856.0
2025-06-18 11:15:55.986281,1415.5,272034.0,479411.0
2025-06-18 11:15:56.197147,1415.4,272034.0,479411.0
2025-06-18 11:15:56.292455,1415.4,272034.0,479411.0
2025-06-18 11:15:56.989062,1415.4,272400.0,479649.0
2025-06-18 11:15:57.198305,1415.5,272400.0,479649.0
2025-06-18 11:15:57.548108,1415.5,272400.0,479649.0
2025-06-18 11:15:57.986374,1415.4,277478.0,480124.0
2025-06-18 11:15:58.241286,1415.4,277478.0,480124.0
2025-06-18 11:15:58.409152,1415.4,277478.0,480124.0
2025-06-18 11:15:58.987156,1415.4,278107.0,479641.0
2025-06-18 11:15:59.193753,1415.4,278107.0,479641.0
2025-06-18 11:15:59.988208,1415.4,281479.0,479448.0
2025-06-18 11:16:00.106964,1415.4,281479.0,479448.0
2025-06-18 11:16:00.193922,1415.4,281479.0,479448.0
2025-06-18 11:16:01.248855,1415.4,281479.0,479448.0
2025-06-18 11:16:01.684793,1415.4,279292.0,478890.0
2025-06-18 11:16:02.198948,1415.4,279292.0,478890.0
2025-06-18 11:16:02.391979,1415.4,279292.0,478890.0
2025-06-18 11:16:02.686644,1415.5,279548.0,478706.0
2025-06-18 11:16:03.195219,1415.4,279548.0,478706.0
2025-06-18 11:16:03.588593,1415.4,278858.0,478766.0
2025-06-18 11:16:03.882162,1415.4,278858.0,478766.0
2025-06-18 11:16:04.196166,1415.4,278858.0,478766.0
2025-06-18 11:16:04.588504,1415.4,278852.0,479131.0
2025-06-18 11:16:05.201709,1415.4,278852.0,479131.0
2025-06-18 11:16:05.589337,1415.4,278764.0,477876.0
2025-06-18 11:16:06.195243,1415.4,278764.0,477876.0
2025-06-18 11:16:06.590983,1415.5,278846.0,478424.0
2025-06-18 11:16:07.197989,1415.4,278846.0,478424.0
2025-06-18 11:16:07.492290,1415.5,278762.0,478938.0
2025-06-18 11:16:08.727294,1415.4,278762.0,478938.0
2025-06-18 11:16:08.765800,1415.4,278168.0,478354.0
2025-06-18 11:16:09.195375,1415.4,278168.0,478354.0
2025-06-18 11:16:09.392749,1415.4,275053.0,478828.0
2025-06-18 11:16:10.441855,1415.4,275053.0,478828.0
2025-06-18 11:16:10.477355,1415.4,276597.0,479386.0
2025-06-18 11:16:11.196957,1415.4,276597.0,479386.0
2025-06-18 11:16:11.396270,1415.3,267218.0,479675.0
2025-06-18 11:16:12.200185,1415.3,267218.0,479675.0
2025-06-18 11:16:12.394369,1415.3,276355.0,479934.0
2025-06-18 11:16:13.197512,1415.3,276355.0,479934.0
2025-06-18 11:16:13.298899,1415.3,277036.0,480185.0
2025-06-18 11:16:14.195358,1415.3,277036.0,480185.0
2025-06-18 11:16:14.199420,1415.3,277235.0,479554.0
2025-06-18 11:16:15.195799,1415.3,277235.0,479554.0
2025-06-18 11:16:15.201608,1415.3,280527.0,479496.0
2025-06-18 11:16:16.208229,1415.3,280527.0,479496.0
2025-06-18 11:16:16.214900,1415.3,281092.0,479484.0
2025-06-18 11:16:17.097588,1415.3,281315.0,479500.0
2025-06-18 11:16:17.197521,1415.3,281315.0,479500.0
2025-06-18 11:16:18.097720,1415.3,279339.0,479545.0
2025-06-18 11:16:18.196613,1415.3,279339.0,479545.0
2025-06-18 11:16:19.097843,1415.3,280078.0,479347.0
2025-06-18 11:16:19.199390,1415.3,280078.0,479347.0
2025-06-18 11:16:20.098096,1415.4,280715.0,477342.0
2025-06-18 11:16:20.201676,1415.3,280715.0,477342.0
2025-06-18 11:16:21.228854,1415.3,280715.0,477342.0
2025-06-18 11:16:21.231780,1415.3,280680.0,478669.0
2025-06-18 11:16:22.199090,1415.3,280680.0,478669.0
2025-06-18 11:16:22.499991,1415.4,280902.0,478767.0
2025-06-18 11:16:23.197654,1415.3,280902.0,478767.0
2025-06-18 11:16:23.499021,1415.3,280824.0,478394.0
2025-06-18 11:16:24.198286,1415.3,280824.0,478394.0
2025-06-18 11:16:24.402007,1415.3,280839.0,478396.0
2025-06-18 11:16:25.197753,1415.3,280839.0,478396.0
2025-06-18 11:16:25.402146,1415.3,280989.0,478344.0
2025-06-18 11:16:26.199329,1415.3,280989.0,478344.0
2025-06-18 11:16:26.502625,1415.4,280367.0,478346.0
2025-06-18 11:16:27.198475,1415.3,280367.0,478346.0
2025-06-18 11:16:27.505683,1415.3,280420.0,478343.0
2025-06-18 11:16:28.204134,1415.3,280420.0,478343.0
2025-06-18 11:16:28.508229,1415.3,280419.0,478362.0
2025-06-18 11:16:29.198208,1415.3,280419.0,478362.0
2025-06-18 11:16:29.608570,1415.3,282796.0,478286.0
2025-06-18 11:16:30.228740,1415.3,282796.0,478286.0
2025-06-18 11:16:30.713080,1415.5,279458.0,477924.0
2025-06-18 11:16:31.198205,1415.4,279458.0,477924.0
2025-06-18 11:16:31.709193,1415.4,276413.0,477952.0
2025-06-18 11:16:32.202677,1415.4,276413.0,477952.0
2025-06-18 11:16:32.808422,1415.4,279898.0,478172.0
2025-06-18 11:16:33.200233,1415.4,279898.0,478172.0
2025-06-18 11:16:33.709394,1415.4,279877.0,477937.0
2025-06-18 11:16:34.200951,1415.4,279877.0,477937.0
2025-06-18 11:16:34.711267,1415.4,278194.0,478161.0
2025-06-18 11:16:35.203960,1415.4,278194.0,478161.0
2025-06-18 11:16:35.712734,1415.4,279802.0,478161.0
2025-06-18 11:16:36.332636,1415.4,279802.0,478161.0
2025-06-18 11:16:36.712984,1415.4,276410.0,478462.0
2025-06-18 11:16:37.198726,1415.4,276410.0,478462.0
2025-06-18 11:16:37.711497,1415.5,279370.0,477411.0
2025-06-18 11:16:38.234555,1415.4,279370.0,477411.0
2025-06-18 11:16:38.714454,1415.5,279313.0,478333.0
2025-06-18 11:16:40.290971,1415.4,279313.0,478333.0
2025-06-18 11:16:40.327557,1415.4,279238.0,479195.0
2025-06-18 11:16:40.328872,1415.4,279238.0,479195.0
2025-06-18 11:16:40.715100,1415.4,279271.0,479119.0
2025-06-18 11:16:41.209219,1415.4,279271.0,479119.0
2025-06-18 11:16:41.717161,1415.4,280145.0,478917.0
2025-06-18 11:16:42.207803,1415.4,280145.0,478917.0
2025-06-18 11:16:42.715813,1415.4,280141.0,478590.0
2025-06-18 11:16:43.202178,1415.4,280141.0,478590.0
2025-06-18 11:16:43.734976,1415.5,279960.0,478307.0
2025-06-18 11:16:44.200827,1415.4,279960.0,478307.0
2025-06-18 11:16:44.617245,1415.4,280110.0,478301.0
2025-06-18 11:16:45.203848,1415.4,280110.0,478301.0
2025-06-18 11:16:45.615665,1415.5,281841.0,492232.0
2025-06-18 11:16:46.202039,1415.4,281841.0,492232.0
2025-06-18 11:16:46.721477,1415.4,280957.0,492543.0
2025-06-18 11:16:47.206047,1415.4,280957.0,492543.0
2025-06-18 11:16:47.718256,1415.4,280957.0,492395.0
2025-06-18 11:16:48.216621,1415.4,280957.0,492395.0
2025-06-18 11:16:48.725203,1415.4,280997.0,492312.0
2025-06-18 11:16:49.203325,1415.4,280997.0,492312.0
2025-06-18 11:16:49.719164,1415.4,281121.0,492834.0
2025-06-18 11:16:50.204596,1415.3,281121.0,492834.0
2025-06-18 11:16:50.828335,1415.2,276086.0,493641.0
2025-06-18 11:16:51.214452,1415.2,276086.0,493641.0
2025-06-18 11:16:51.830959,1415.2,277223.0,493823.0
2025-06-18 11:16:52.211511,1415.2,277223.0,493823.0
2025-06-18 11:16:52.822973,1415.4,272994.0,493597.0
2025-06-18 11:16:53.203288,1415.2,272994.0,493597.0
2025-06-18 11:16:53.824801,1415.2,273088.0,494360.0
2025-06-18 11:16:54.200890,1415.2,273088.0,494360.0
2025-06-18 11:16:54.823657,1415.2,276629.0,494087.0
2025-06-18 11:16:55.204474,1415.4,276629.0,494087.0
2025-06-18 11:16:55.923702,1415.4,276717.0,493864.0
2025-06-18 11:16:56.204659,1415.2,276717.0,493864.0
2025-06-18 11:16:56.925216,1415.2,276714.0,493494.0
2025-06-18 11:16:57.203630,1415.2,276714.0,493494.0
2025-06-18 11:16:58.025701,1415.2,275410.0,493543.0
2025-06-18 11:16:58.205417,1415.2,275410.0,493543.0
2025-06-18 11:17:00.407108,1415.4,277260.0,493086.0
2025-06-18 11:17:00.408421,1415.2,277260.0,493086.0
2025-06-18 11:17:00.447153,1415.2,278683.0,490626.0
2025-06-18 11:17:00.449407,1415.3,278683.0,490626.0
2025-06-18 11:17:01.726616,1415.3,278663.0,491415.0
2025-06-18 11:17:02.208743,1415.3,278663.0,491415.0
2025-06-18 11:17:03.202689,1415.3,278663.0,491415.0
2025-06-18 11:17:03.325423,1415.3,281678.0,490983.0
2025-06-18 11:17:04.211051,1415.3,281678.0,490983.0
2025-06-18 11:17:04.327474,1415.3,281648.0,491194.0
2025-06-18 11:17:05.206096,1415.3,281648.0,491194.0
2025-06-18 11:17:05.326272,1415.3,279904.0,491278.0
2025-06-18 11:17:06.208641,1415.3,279904.0,491278.0
2025-06-18 11:17:06.326711,1415.3,282413.0,490940.0
2025-06-18 11:17:07.206810,1415.4,282413.0,490940.0
2025-06-18 11:17:07.327527,1415.4,282410.0,490991.0
2025-06-18 11:17:08.206066,1415.3,282410.0,490991.0
2025-06-18 11:17:08.427636,1415.3,282530.0,490767.0
2025-06-18 11:17:09.206904,1415.3,282530.0,490767.0
2025-06-18 11:17:09.428863,1415.3,282497.0,490863.0
2025-06-18 11:17:10.209636,1415.3,282497.0,490863.0
2025-06-18 11:17:10.327195,1415.3,282400.0,490805.0
2025-06-18 11:17:11.208983,1415.3,282400.0,490805.0
2025-06-18 11:17:11.329774,1415.3,282434.0,490791.0
2025-06-18 11:17:12.205577,1415.3,282434.0,490791.0
2025-06-18 11:17:12.430261,1415.3,282475.0,490742.0
2025-06-18 11:17:13.204377,1415.3,282475.0,490742.0
2025-06-18 11:17:13.431369,1415.4,282209.0,490557.0
2025-06-18 11:17:14.208598,1415.3,282209.0,490557.0
2025-06-18 11:17:14.531120,1415.3,282645.0,490731.0
2025-06-18 11:17:15.209805,1415.3,282645.0,490731.0
2025-06-18 11:17:15.531301,1415.3,282871.0,490665.0
2025-06-18 11:17:16.205839,1415.4,282871.0,490665.0
2025-06-18 11:17:16.636462,1415.4,283154.0,490032.0
2025-06-18 11:17:17.207568,1415.3,283154.0,490032.0
2025-06-18 11:17:17.736487,1415.3,282910.0,490183.0
2025-06-18 11:17:18.244926,1415.3,282910.0,490183.0
2025-06-18 11:17:18.833219,1415.3,282814.0,490478.0
2025-06-18 11:17:19.207592,1415.3,282814.0,490478.0
2025-06-18 11:17:19.838071,1415.4,282764.0,490620.0
2025-06-18 11:17:20.208844,1415.3,282764.0,490620.0
2025-06-18 11:17:20.960475,1415.3,282761.0,491146.0
2025-06-18 11:17:21.208041,1415.3,282761.0,491146.0
2025-06-18 11:17:21.936030,1415.3,282851.0,491194.0
2025-06-18 11:17:22.208241,1415.3,282851.0,491194.0
2025-06-18 11:17:23.037056,1415.3,282781.0,491567.0
2025-06-18 11:17:23.206609,1415.3,282781.0,491567.0
2025-06-18 11:17:24.039524,1415.4,282903.0,491565.0
2025-06-18 11:17:24.206611,1415.3,282903.0,491565.0
2025-06-18 11:17:24.949545,1415.4,283043.0,491444.0
2025-06-18 11:17:25.208960,1415.3,283043.0,491444.0
2025-06-18 11:17:25.941538,1415.3,283258.0,491033.0
2025-06-18 11:17:26.209231,1415.3,283258.0,491033.0
2025-06-18 11:17:26.944932,1415.4,283657.0,490775.0
2025-06-18 11:17:27.208144,1415.3,283657.0,490775.0
2025-06-18 11:17:27.944754,1415.4,280198.0,490613.0
2025-06-18 11:17:28.208525,1415.3,280198.0,490613.0
2025-06-18 11:17:28.941222,1415.3,286053.0,490534.0
2025-06-18 11:17:29.209325,1415.3,286053.0,490534.0
2025-06-18 11:17:29.943148,1415.3,283828.0,490587.0
2025-06-18 11:17:30.208407,1415.3,283828.0,490587.0
2025-06-18 11:17:30.945410,1415.4,283460.0,490625.0
2025-06-18 11:17:31.208590,1415.3,283460.0,490625.0
2025-06-18 11:17:31.946067,1415.3,282665.0,490198.0
2025-06-18 11:17:32.208800,1415.3,282665.0,490198.0
2025-06-18 11:17:33.098047,1415.3,281596.0,490677.0
2025-06-18 11:17:33.210637,1415.3,281596.0,490677.0
2025-06-18 11:17:34.153419,1415.1,283452.0,492920.0
2025-06-18 11:17:34.207952,1415.1,283452.0,492920.0
2025-06-18 11:17:35.176465,1415.2,282654.0,492018.0
2025-06-18 11:17:35.209660,1415.2,282654.0,492018.0
2025-06-18 11:17:36.209212,1415.2,282654.0,492018.0
2025-06-18 11:17:36.249706,1415.2,280052.0,492782.0
2025-06-18 11:17:37.208049,1415.2,280052.0,492782.0
2025-06-18 11:17:37.356118,1415.2,280100.0,492842.0
2025-06-18 11:17:38.208313,1415.2,280100.0,492842.0
2025-06-18 11:17:38.349863,1415.2,280188.0,492961.0
2025-06-18 11:17:39.210548,1415.2,280188.0,492961.0
2025-06-18 11:17:39.448542,1415.2,280181.0,493006.0
2025-06-18 11:17:40.208748,1415.2,280181.0,493006.0
2025-06-18 11:17:40.351133,1415.2,280384.0,492863.0
2025-06-18 11:17:41.215630,1415.2,280384.0,492863.0
2025-06-18 11:17:41.352212,1415.2,280395.0,492741.0
2025-06-18 11:17:42.209159,1415.2,280395.0,492741.0
2025-06-18 11:17:42.452120,1415.2,280254.0,492912.0
2025-06-18 11:17:43.211947,1415.2,280254.0,492912.0
2025-06-18 11:17:43.556169,1415.2,280392.0,492702.0
2025-06-18 11:17:44.209655,1415.2,280392.0,492702.0
2025-06-18 11:17:44.656557,1415.2,280533.0,492606.0
2025-06-18 11:17:45.207755,1415.2,280533.0,492606.0
2025-06-18 11:17:45.754635,1415.3,278882.0,494099.0
2025-06-18 11:17:46.209827,1415.2,278882.0,494099.0
2025-06-18 11:17:46.854537,1415.2,280385.0,494195.0
2025-06-18 11:17:47.211692,1415.2,280385.0,494195.0
2025-06-18 11:17:47.854113,1415.3,280477.0,493749.0
2025-06-18 11:17:48.208613,1415.2,280477.0,493749.0
2025-06-18 11:17:48.863305,1415.2,280467.0,493751.0
2025-06-18 11:17:49.207646,1415.2,280467.0,493751.0
2025-06-18 11:17:49.855794,1415.2,280638.0,493815.0
2025-06-18 11:17:50.209043,1415.2,280638.0,493815.0
2025-06-18 11:17:50.857572,1415.2,278892.0,493176.0
2025-06-18 11:17:51.231288,1415.2,278892.0,493176.0
2025-06-18 11:17:51.957493,1415.2,280535.0,493480.0
2025-06-18 11:17:52.207249,1415.2,280535.0,493480.0
2025-06-18 11:17:53.066891,1415.3,280604.0,493402.0
2025-06-18 11:17:53.207478,1415.2,280604.0,493402.0
2025-06-18 11:17:54.104525,1415.3,280707.0,493394.0
2025-06-18 11:17:54.208310,1415.2,280707.0,493394.0
2025-06-18 11:17:55.064950,1415.2,280689.0,493197.0
2025-06-18 11:17:55.211101,1415.2,280689.0,493197.0
2025-06-18 11:17:56.066007,1415.2,280527.0,493481.0
2025-06-18 11:17:56.208568,1415.2,280527.0,493481.0
2025-06-18 11:17:57.166585,1415.2,280526.0,493618.0
2025-06-18 11:17:57.211988,1415.2,280526.0,493618.0
2025-06-18 11:17:58.207597,1415.2,280526.0,493618.0
2025-06-18 11:17:58.262108,1415.2,280658.0,493538.0
2025-06-18 11:17:59.210283,1415.2,280658.0,493538.0
2025-06-18 11:17:59.363222,1415.3,287180.0,490903.0
2025-06-18 11:18:00.237543,1415.2,287180.0,490903.0
2025-06-18 11:18:00.363505,1415.2,286569.0,492295.0
2025-06-18 11:18:02.244914,1415.2,286569.0,492295.0
2025-06-18 11:18:04.209046,1415.3,286569.0,492295.0
2025-06-18 11:18:05.071577,1415.3,284100.0,492337.0
2025-06-18 11:18:06.216175,1415.2,284100.0,492337.0
2025-06-18 11:18:08.234513,1415.2,284100.0,492337.0
2025-06-18 11:18:10.480932,1415.3,283583.0,492509.0
2025-06-18 11:18:10.490817,1415.2,283583.0,492509.0
2025-06-18 11:18:12.213647,1414.7,283583.0,492509.0
2025-06-18 11:18:15.372899,1414.7,263765.0,495501.0
2025-06-18 11:18:16.209950,1414.5,263765.0,495501.0
2025-06-18 11:18:19.213174,1414.7,263765.0,495501.0
2025-06-18 11:18:21.265499,1415.0,263765.0,495501.0
2025-06-18 11:18:21.277589,1414.8,289858.0,486957.0
2025-06-18 11:18:23.207849,1414.9,289858.0,486957.0
2025-06-18 11:18:25.212399,1414.9,289858.0,486957.0
2025-06-18 11:18:26.679719,1415.0,274467.0,489023.0
2025-06-18 11:18:27.209452,1415.0,274467.0,489023.0
2025-06-18 11:18:29.227034,1415.0,274467.0,489023.0
2025-06-18 11:18:31.209864,1415.0,274467.0,489023.0
2025-06-18 11:18:31.686555,1415.0,274060.0,489491.0
2025-06-18 11:18:33.240545,1415.0,274060.0,489491.0
2025-06-18 11:18:35.214777,1415.0,274060.0,489491.0
2025-06-18 11:18:36.786882,1415.2,277844.0,489419.0
2025-06-18 11:18:37.217394,1415.0,277844.0,489419.0
2025-06-18 11:18:39.207432,1415.0,277844.0,489419.0
2025-06-18 11:18:41.212119,1415.2,277844.0,489419.0
2025-06-18 11:18:41.889637,1415.2,281415.0,489870.0
2025-06-18 11:18:43.214541,1415.0,281415.0,489870.0
2025-06-18 11:18:45.207320,1415.0,281415.0,489870.0
2025-06-18 11:18:46.689386,1415.0,284383.0,488350.0
2025-06-18 11:18:47.230015,1415.0,284383.0,488350.0
2025-06-18 11:18:48.506995,1415.0,284383.0,488350.0
2025-06-18 11:18:49.214219,1415.0,284383.0,488350.0
2025-06-18 11:18:49.550053,1415.0,284383.0,488350.0
2025-06-18 11:18:50.460590,1415.0,284383.0,488350.0
2025-06-18 11:18:51.209092,1415.2,284383.0,488350.0
2025-06-18 11:18:51.289483,1415.2,282878.0,486671.0
2025-06-18 11:18:51.403060,1415.2,282878.0,486671.0
2025-06-18 11:18:52.249755,1415.2,282878.0,486671.0
2025-06-18 11:18:53.037495,1415.2,282878.0,486671.0
2025-06-18 11:18:53.208618,1415.0,282878.0,486671.0
2025-06-18 11:18:54.048296,1415.0,282878.0,486671.0
2025-06-18 11:18:55.033412,1415.0,282878.0,486671.0
2025-06-18 11:18:55.209920,1415.0,282878.0,486671.0
2025-06-18 11:18:55.517967,1415.0,282878.0,486671.0
2025-06-18 11:18:56.105040,1415.0,288333.0,488924.0
2025-06-18 11:18:56.780703,1415.0,288333.0,488924.0
2025-06-18 11:18:57.212656,1414.9,288333.0,488924.0
2025-06-18 11:18:58.032415,1414.9,288333.0,488924.0
2025-06-18 11:18:59.211781,1414.9,288333.0,488924.0
2025-06-18 11:19:00.282897,1414.9,288333.0,488924.0
2025-06-18 11:19:00.794564,1414.9,279157.0,489470.0
2025-06-18 11:19:01.213986,1415.0,279157.0,489470.0
2025-06-18 11:19:01.562412,1415.0,279157.0,489470.0
2025-06-18 11:19:02.197356,1414.9,278948.0,488012.0
2025-06-18 11:19:02.208713,1414.9,278948.0,488012.0
2025-06-18 11:19:02.711859,1414.9,278948.0,488012.0
2025-06-18 11:19:03.209670,1414.9,278948.0,488012.0
2025-06-18 11:19:03.293175,1414.9,275441.0,488966.0
2025-06-18 11:19:04.186311,1414.9,275441.0,488966.0
2025-06-18 11:19:04.215152,1414.7,275441.0,488966.0
2025-06-18 11:19:04.294732,1414.7,274507.0,490659.0
2025-06-18 11:19:05.197799,1414.7,275906.0,490936.0
2025-06-18 11:19:05.212416,1414.7,275906.0,490936.0
2025-06-18 11:19:06.196865,1414.8,275239.0,490825.0
2025-06-18 11:19:06.209003,1414.8,275239.0,490825.0
2025-06-18 11:19:07.205146,1414.8,275951.0,490960.0
2025-06-18 11:19:07.212925,1414.8,275951.0,490960.0
2025-06-18 11:19:08.209228,1414.8,276299.0,491064.0
2025-06-18 11:19:08.212597,1414.8,276299.0,491064.0
2025-06-18 11:19:09.206792,1414.8,276299.0,491064.0
2025-06-18 11:19:09.299159,1414.8,276297.0,491019.0
2025-06-18 11:19:10.209299,1414.7,276297.0,491019.0
2025-06-18 11:19:10.300201,1414.7,277498.0,488975.0
2025-06-18 11:19:11.208831,1414.7,277498.0,488975.0
2025-06-18 11:19:11.298584,1414.7,277574.0,490364.0
2025-06-18 11:19:12.207753,1414.7,277574.0,490364.0
2025-06-18 11:19:12.400656,1414.7,278985.0,490310.0
2025-06-18 11:19:13.213552,1414.7,278985.0,490310.0
2025-06-18 11:19:13.504217,1414.9,284735.0,487242.0
2025-06-18 11:19:14.209468,1414.9,284735.0,487242.0
2025-06-18 11:19:14.610434,1414.9,282564.0,488680.0
2025-06-18 11:19:15.209754,1414.9,282564.0,488680.0
2025-06-18 11:19:15.609980,1415.0,284346.0,489308.0
2025-06-18 11:19:16.209724,1414.9,284346.0,489308.0
2025-06-18 11:19:16.608246,1414.9,284348.0,489368.0
2025-06-18 11:19:17.206215,1414.9,284348.0,489368.0
2025-06-18 11:19:17.616643,1415.0,284345.0,489332.0
2025-06-18 11:19:18.210138,1414.9,284345.0,489332.0
2025-06-18 11:19:18.610874,1415.0,283642.0,489039.0
2025-06-18 11:19:19.210023,1414.9,283642.0,489039.0
2025-06-18 11:19:19.612883,1415.0,283421.0,489214.0
2025-06-18 11:19:20.210133,1414.9,283421.0,489214.0
2025-06-18 11:19:20.613200,1414.9,283484.0,489379.0
2025-06-18 11:19:21.209840,1414.9,283484.0,489379.0
2025-06-18 11:19:21.612377,1415.0,279162.0,490002.0
2025-06-18 11:19:22.210196,1415.0,279162.0,490002.0
2025-06-18 11:19:22.613559,1415.0,280223.0,490849.0
2025-06-18 11:19:23.207382,1414.9,280223.0,490849.0
2025-06-18 11:19:23.610425,1414.9,280310.0,491655.0
2025-06-18 11:19:24.215479,1414.9,280310.0,491655.0
2025-06-18 11:19:24.710160,1414.9,280288.0,491640.0
2025-06-18 11:19:25.209758,1414.9,280288.0,491640.0
2025-06-18 11:19:25.812048,1414.9,280352.0,491655.0
2025-06-18 11:19:26.211835,1414.9,280352.0,491655.0
2025-06-18 11:19:26.813531,1414.9,280348.0,491708.0
2025-06-18 11:19:27.214958,1415.0,280348.0,491708.0
2025-06-18 11:19:28.215375,1415.0,280348.0,491708.0
2025-06-18 11:19:28.513511,1414.9,280495.0,491242.0
2025-06-18 11:19:29.210981,1414.9,280495.0,491242.0
2025-06-18 11:19:29.613040,1415.0,280401.0,491433.0
2025-06-18 11:19:30.214493,1414.9,280401.0,491433.0
2025-06-18 11:19:30.713134,1415.0,281355.0,491083.0
2025-06-18 11:19:31.212708,1414.9,281355.0,491083.0
2025-06-18 11:19:31.615170,1414.9,281418.0,491680.0
2025-06-18 11:19:32.208682,1414.9,281418.0,491680.0
2025-06-18 11:19:32.620108,1414.9,283651.0,492008.0
2025-06-18 11:19:33.209143,1414.9,283651.0,492008.0
2025-06-18 11:19:33.626411,1414.8,283757.0,492949.0
2025-06-18 11:19:34.221019,1414.8,283757.0,492949.0
2025-06-18 11:19:34.672057,1414.9,283853.0,491295.0
2025-06-18 11:19:35.212799,1414.8,283853.0,491295.0
2025-06-18 11:19:35.714056,1414.8,280741.0,492402.0
2025-06-18 11:19:36.214320,1414.8,280741.0,492402.0
2025-06-18 11:19:36.714234,1414.9,280830.0,492457.0
2025-06-18 11:19:37.213624,1414.9,280830.0,492457.0
2025-06-18 11:19:37.816531,1414.9,281299.0,491852.0
2025-06-18 11:19:38.234189,1414.8,281299.0,491852.0
2025-06-18 11:19:38.917371,1414.9,281172.0,491990.0
2025-06-18 11:19:39.219951,1414.8,281172.0,491990.0
2025-06-18 11:19:39.917693,1414.8,281265.0,492105.0
2025-06-18 11:19:40.214152,1414.8,281265.0,492105.0
2025-06-18 11:19:40.818688,1414.8,281299.0,492497.0
2025-06-18 11:19:41.210131,1414.8,281299.0,492497.0
2025-06-18 11:19:41.824103,1414.8,281241.0,492515.0
2025-06-18 11:19:42.217871,1414.8,281241.0,492515.0
2025-06-18 11:19:42.920154,1414.9,281481.0,492062.0
2025-06-18 11:19:43.232707,1414.8,281481.0,492062.0
2025-06-18 11:19:43.918875,1414.8,281469.0,492438.0
2025-06-18 11:19:44.220348,1414.8,281469.0,492438.0
2025-06-18 11:19:44.920557,1414.8,281333.0,491771.0
2025-06-18 11:19:45.207830,1414.8,281333.0,491771.0
2025-06-18 11:19:45.919908,1414.9,281358.0,491561.0
2025-06-18 11:19:46.208139,1414.8,281358.0,491561.0
2025-06-18 11:19:46.920940,1414.8,281403.0,492292.0
2025-06-18 11:19:47.213119,1414.8,281403.0,492292.0
2025-06-18 11:19:47.924860,1414.8,281563.0,492505.0
2025-06-18 11:19:48.214851,1414.8,281563.0,492505.0
2025-06-18 11:19:48.925062,1414.8,281582.0,492250.0
2025-06-18 11:19:49.244155,1414.8,281582.0,492250.0
2025-06-18 11:19:49.925626,1414.8,281493.0,492276.0
2025-06-18 11:19:50.213798,1414.8,281493.0,492276.0
2025-06-18 11:19:50.924294,1414.8,281427.0,492388.0
2025-06-18 11:19:51.219428,1414.9,281427.0,492388.0
2025-06-18 11:19:51.926538,1414.8,281292.0,492437.0
2025-06-18 11:19:52.210986,1414.8,281292.0,492437.0
2025-06-18 11:19:52.925643,1414.9,281984.0,492406.0
2025-06-18 11:19:53.213503,1414.8,281984.0,492406.0
2025-06-18 11:19:53.927782,1414.9,280269.0,493051.0
2025-06-18 11:19:54.209635,1414.8,280269.0,493051.0
2025-06-18 11:19:54.928517,1414.8,281548.0,492916.0
2025-06-18 11:19:55.214434,1414.8,281548.0,492916.0
2025-06-18 11:19:56.031141,1414.8,282953.0,492857.0
2025-06-18 11:19:56.208567,1414.8,282953.0,492857.0
2025-06-18 11:19:57.052958,1414.8,282946.0,492919.0
2025-06-18 11:19:57.207183,1414.8,282946.0,492919.0
2025-06-18 11:19:57.932745,1414.8,282776.0,492829.0
2025-06-18 11:19:58.214942,1414.8,282776.0,492829.0
2025-06-18 11:20:00.476442,1414.8,283049.0,492703.0
2025-06-18 11:20:00.479597,1414.8,283049.0,492703.0
2025-06-18 11:20:00.515877,1414.8,283045.0,492700.0
2025-06-18 11:20:00.517832,1414.8,283045.0,492700.0
2025-06-18 11:20:01.223330,1414.8,283045.0,492700.0
2025-06-18 11:20:01.734049,1414.8,282499.0,492676.0
2025-06-18 11:20:02.238284,1414.8,282499.0,492676.0
2025-06-18 11:20:02.736196,1414.8,282077.0,492894.0
2025-06-18 11:20:03.213932,1414.8,282077.0,492894.0
2025-06-18 11:20:03.835224,1414.8,285252.0,493010.0
2025-06-18 11:20:04.209418,1414.8,285252.0,493010.0
2025-06-18 11:20:04.836076,1414.8,285149.0,493021.0
2025-06-18 11:20:05.221976,1414.8,285149.0,493021.0
2025-06-18 11:20:05.838977,1414.9,282719.0,492926.0
2025-06-18 11:20:06.212206,1414.8,282719.0,492926.0
2025-06-18 11:20:06.840823,1414.9,282638.0,492719.0
2025-06-18 11:20:07.211318,1414.8,282638.0,492719.0
2025-06-18 11:20:07.844176,1414.9,282815.0,492966.0
2025-06-18 11:20:08.212845,1414.8,282815.0,492966.0
2025-06-18 11:20:08.749053,1414.8,282814.0,492991.0
2025-06-18 11:20:09.215388,1414.8,282814.0,492991.0
2025-06-18 11:20:09.743827,1414.8,282531.0,493048.0
2025-06-18 11:20:10.215703,1414.8,282531.0,493048.0
2025-06-18 11:20:10.844695,1414.8,279228.0,493284.0
2025-06-18 11:20:11.210742,1414.8,279228.0,493284.0
2025-06-18 11:20:11.845737,1414.9,282023.0,493225.0
2025-06-18 11:20:12.210447,1414.8,282023.0,493225.0
2025-06-18 11:20:12.945733,1414.8,281995.0,493026.0
2025-06-18 11:20:13.210189,1414.8,281995.0,493026.0
2025-06-18 11:20:14.047666,1414.8,281348.0,493009.0
2025-06-18 11:20:14.210238,1414.8,281348.0,493009.0
2025-06-18 11:20:15.190642,1414.8,284618.0,491865.0
2025-06-18 11:20:15.210557,1414.9,284618.0,491865.0
2025-06-18 11:20:16.154809,1414.9,282414.0,491909.0
2025-06-18 11:20:16.213053,1414.9,282414.0,491909.0
2025-06-18 11:20:17.211098,1415.0,282414.0,491909.0
2025-06-18 11:20:17.248857,1415.0,282431.0,492160.0
2025-06-18 11:20:18.219269,1414.9,282431.0,492160.0
2025-06-18 11:20:18.249515,1414.9,282387.0,492255.0
2025-06-18 11:20:19.241468,1414.9,282387.0,492255.0
2025-06-18 11:20:19.349730,1414.9,281925.0,492758.0
2025-06-18 11:20:20.213176,1414.9,281925.0,492758.0
2025-06-18 11:20:20.351212,1414.9,282243.0,492781.0
2025-06-18 11:20:21.234537,1414.9,282243.0,492781.0
2025-06-18 11:20:21.351773,1414.9,280122.0,493305.0
2025-06-18 11:20:22.210157,1414.9,280122.0,493305.0
2025-06-18 11:20:22.353134,1414.9,279985.0,493178.0
2025-06-18 11:20:23.247499,1414.9,279985.0,493178.0
2025-06-18 11:20:23.352524,1414.9,278846.0,493558.0
2025-06-18 11:20:24.209619,1414.9,278846.0,493558.0
2025-06-18 11:20:24.354572,1414.9,278329.0,495719.0
2025-06-18 11:20:25.211786,1414.8,278329.0,495719.0
2025-06-18 11:20:25.355663,1414.8,276570.0,497126.0
2025-06-18 11:20:26.209897,1414.7,276570.0,497126.0
2025-06-18 11:20:26.355380,1414.7,276945.0,498046.0
2025-06-18 11:20:27.213776,1414.7,276945.0,498046.0
2025-06-18 11:20:27.357005,1414.7,277266.0,496846.0
2025-06-18 11:20:28.211607,1414.6,277266.0,496846.0
2025-06-18 11:20:28.358099,1414.6,276401.0,498040.0
2025-06-18 11:20:29.219932,1414.5,276401.0,498040.0
2025-06-18 11:20:29.358424,1414.5,274079.0,499336.0
2025-06-18 11:20:30.212633,1414.5,274079.0,499336.0
2025-06-18 11:20:30.360774,1414.5,273230.0,499367.0
2025-06-18 11:20:31.216912,1414.5,273230.0,499367.0
2025-06-18 11:20:31.260131,1414.5,273265.0,498902.0
2025-06-18 11:20:32.219089,1414.5,273265.0,498902.0
2025-06-18 11:20:32.459046,1414.5,273688.0,499804.0
2025-06-18 11:20:33.210799,1414.5,273688.0,499804.0
2025-06-18 11:20:33.459132,1414.5,273686.0,499552.0
2025-06-18 11:20:34.216497,1414.5,273686.0,499552.0
2025-06-18 11:20:34.560399,1414.5,273670.0,499970.0
2025-06-18 11:20:35.210790,1414.5,273670.0,499970.0
2025-06-18 11:20:35.464196,1414.5,273655.0,499525.0
2025-06-18 11:20:36.217599,1414.5,273655.0,499525.0
2025-06-18 11:20:36.564696,1414.6,274940.0,498870.0
2025-06-18 11:20:37.213150,1414.5,274940.0,498870.0
2025-06-18 11:20:37.566810,1414.5,274736.0,498986.0
2025-06-18 11:20:38.213622,1414.5,274736.0,498986.0
2025-06-18 11:20:38.667610,1414.5,274944.0,499034.0
2025-06-18 11:20:39.212110,1414.5,274944.0,499034.0
2025-06-18 11:20:39.766553,1414.5,275049.0,499087.0
2025-06-18 11:20:40.220559,1414.5,275049.0,499087.0
2025-06-18 11:20:40.672896,1414.5,275046.0,498893.0
2025-06-18 11:20:41.212326,1414.5,275046.0,498893.0
2025-06-18 11:20:41.668594,1414.5,274039.0,499699.0
2025-06-18 11:20:42.216770,1414.5,274039.0,499699.0
2025-06-18 11:20:42.768586,1414.5,274050.0,499737.0
2025-06-18 11:20:43.234599,1414.5,274050.0,499737.0
2025-06-18 11:20:43.775374,1414.5,274150.0,499444.0
2025-06-18 11:20:44.214369,1414.5,274150.0,499444.0
2025-06-18 11:20:44.770259,1414.5,271930.0,499847.0
2025-06-18 11:20:45.217615,1414.5,271930.0,499847.0
2025-06-18 11:20:45.869705,1414.6,272068.0,499088.0
2025-06-18 11:20:46.212174,1414.5,272068.0,499088.0
2025-06-18 11:20:46.772424,1414.5,271781.0,498348.0
2025-06-18 11:20:47.291847,1414.5,271781.0,498348.0
2025-06-18 11:20:47.870561,1414.5,272003.0,499107.0
2025-06-18 11:20:48.211080,1414.5,272003.0,499107.0
2025-06-18 11:20:48.869777,1414.5,271982.0,499124.0
2025-06-18 11:20:49.212422,1414.5,271982.0,499124.0
2025-06-18 11:20:49.771588,1414.5,272225.0,499109.0
2025-06-18 11:20:50.218361,1414.5,272225.0,499109.0
2025-06-18 11:20:50.771498,1414.5,272277.0,499148.0
2025-06-18 11:20:51.223284,1414.5,272277.0,499148.0
2025-06-18 11:20:51.773103,1414.5,274333.0,498845.0
2025-06-18 11:20:52.210249,1414.5,274333.0,498845.0
2025-06-18 11:20:52.875571,1414.6,275034.0,498880.0
2025-06-18 11:20:53.217271,1414.5,275034.0,498880.0
2025-06-18 11:20:53.977670,1414.5,276102.0,491227.0
2025-06-18 11:20:54.212578,1414.5,276102.0,491227.0
2025-06-18 11:20:54.980141,1414.5,277643.0,498710.0
2025-06-18 11:20:55.217333,1414.5,277643.0,498710.0
2025-06-18 11:20:55.877153,1414.5,277693.0,498799.0
2025-06-18 11:20:56.253175,1414.5,277693.0,498799.0
2025-06-18 11:20:57.074198,1414.5,278686.0,498216.0
2025-06-18 11:20:57.218304,1414.5,278686.0,498216.0
2025-06-18 11:20:57.978028,1414.5,278544.0,498274.0
2025-06-18 11:20:58.217128,1414.5,278544.0,498274.0
2025-06-18 11:20:59.077164,1414.5,278619.0,498286.0
2025-06-18 11:20:59.217401,1414.5,278619.0,498286.0
2025-06-18 11:21:00.078067,1414.5,276456.0,498361.0
2025-06-18 11:21:00.216132,1414.5,276456.0,498361.0
2025-06-18 11:21:00.975211,1414.6,276305.0,498628.0
2025-06-18 11:21:01.213760,1414.5,276305.0,498628.0
2025-06-18 11:21:02.213906,1414.5,276305.0,498628.0
2025-06-18 11:21:02.976170,1414.5,276383.0,499044.0
2025-06-18 11:21:03.237024,1414.5,276383.0,499044.0
2025-06-18 11:21:03.876525,1414.5,276475.0,499184.0
2025-06-18 11:21:04.217928,1414.6,276475.0,499184.0
2025-06-18 11:21:04.777548,1414.6,276657.0,499260.0
2025-06-18 11:21:05.216460,1414.6,276657.0,499260.0
2025-06-18 11:21:05.880660,1414.5,276660.0,499300.0
2025-06-18 11:21:06.211290,1414.5,276660.0,499300.0
2025-06-18 11:21:06.978911,1414.5,276268.0,499986.0
2025-06-18 11:21:07.213381,1414.5,276268.0,499986.0
2025-06-18 11:21:07.985159,1414.5,276249.0,499605.0
2025-06-18 11:21:08.215294,1414.5,276249.0,499605.0
2025-06-18 11:21:09.083765,1414.6,276102.0,499845.0
2025-06-18 11:21:09.216788,1414.5,276102.0,499845.0
2025-06-18 11:21:10.085488,1414.5,274655.0,499836.0
2025-06-18 11:21:10.214351,1414.5,274655.0,499836.0
2025-06-18 11:21:11.083595,1414.5,276345.0,499620.0
2025-06-18 11:21:11.218303,1414.5,276345.0,499620.0
2025-06-18 11:21:12.183679,1414.5,276347.0,499815.0
2025-06-18 11:21:12.214050,1414.5,276347.0,499815.0
2025-06-18 11:21:13.249344,1414.5,276347.0,499815.0
2025-06-18 11:21:13.284913,1414.5,276340.0,499766.0
2025-06-18 11:21:14.213281,1414.5,276340.0,499766.0
