timestamp,ltp,bid_qty,ask_qty
2025-06-18 11:01:36.652568,417.25,893227.0,1126880.0
2025-06-18 11:01:37.146658,417.25,893227.0,1126880.0
2025-06-18 11:01:38.338825,417.25,893130.0,1126223.0
2025-06-18 11:01:39.136196,417.25,893130.0,1126223.0
2025-06-18 11:01:41.137663,417.25,893130.0,1126223.0
2025-06-18 11:01:43.134532,417.25,893130.0,1126223.0
2025-06-18 11:01:43.343951,417.25,893344.0,1125671.0
2025-06-18 11:01:45.160951,417.25,893344.0,1125671.0
2025-06-18 11:01:47.145974,417.25,893344.0,1125671.0
2025-06-18 11:01:48.547460,417.25,892371.0,1125635.0
2025-06-18 11:01:49.181457,417.05,892371.0,1125635.0
2025-06-18 11:01:51.150733,417.05,892371.0,1125635.0
2025-06-18 11:01:53.141949,417.05,892371.0,1125635.0
2025-06-18 11:01:54.252395,417.25,892929.0,1125973.0
2025-06-18 11:01:55.149722,417.25,892929.0,1125973.0
2025-06-18 11:01:57.153043,417.25,892929.0,1125973.0
2025-06-18 11:01:59.143820,417.25,892929.0,1125973.0
2025-06-18 11:01:59.662321,417.25,891853.0,1125760.0
2025-06-18 11:02:01.145092,417.25,891853.0,1125760.0
2025-06-18 11:02:03.143957,417.25,891853.0,1125760.0
2025-06-18 11:02:05.201902,417.25,891076.0,1127647.0
2025-06-18 11:02:05.205544,417.25,891076.0,1127647.0
2025-06-18 11:02:07.144420,417.25,891076.0,1127647.0
2025-06-18 11:02:09.141939,417.05,891076.0,1127647.0
2025-06-18 11:02:10.061830,417.05,890717.0,1128151.0
2025-06-18 11:02:11.145345,417.05,890717.0,1128151.0
2025-06-18 11:02:13.148054,416.7,890717.0,1128151.0
2025-06-18 11:02:15.168015,416.85,890717.0,1128151.0
2025-06-18 11:02:15.565947,416.65,865848.0,1145840.0
2025-06-18 11:02:17.148245,416.85,865848.0,1145840.0
2025-06-18 11:02:19.139648,416.6,865848.0,1145840.0
2025-06-18 11:02:20.770040,416.8,864156.0,1145107.0
2025-06-18 11:02:21.139366,416.8,864156.0,1145107.0
2025-06-18 11:02:23.145235,416.8,864156.0,1145107.0
2025-06-18 11:02:25.143378,416.6,864156.0,1145107.0
2025-06-18 11:02:25.875122,416.65,864905.0,1145134.0
2025-06-18 11:02:27.150284,416.65,864905.0,1145134.0
2025-06-18 11:02:29.152786,416.8,864905.0,1145134.0
2025-06-18 11:02:30.878726,416.65,864374.0,1145185.0
2025-06-18 11:02:31.142820,416.8,864374.0,1145185.0
2025-06-18 11:02:33.149107,416.8,864374.0,1145185.0
2025-06-18 11:02:35.153759,416.8,864374.0,1145185.0
2025-06-18 11:02:36.663163,416.8,872711.0,1138709.0
2025-06-18 11:02:37.150945,416.8,872711.0,1138709.0
2025-06-18 11:02:39.195172,416.8,872711.0,1138709.0
2025-06-18 11:02:41.145144,416.8,872711.0,1138709.0
2025-06-18 11:02:41.584609,416.8,861168.0,1134853.0
2025-06-18 11:02:43.151349,416.9,861168.0,1134853.0
2025-06-18 11:02:45.147498,416.9,861168.0,1134853.0
2025-06-18 11:02:46.893047,416.9,860624.0,1137106.0
2025-06-18 11:02:47.155388,416.85,860624.0,1137106.0
2025-06-18 11:02:49.150894,416.9,860624.0,1137106.0
2025-06-18 11:02:51.230824,416.9,860624.0,1137106.0
2025-06-18 11:02:52.200726,416.9,861266.0,1138622.0
2025-06-18 11:02:53.150784,416.9,861266.0,1138622.0
2025-06-18 11:02:55.149513,416.9,861266.0,1138622.0
2025-06-18 11:02:57.154938,416.75,861266.0,1138622.0
2025-06-18 11:02:57.501735,416.9,861476.0,1134661.0
2025-06-18 11:02:59.150937,416.7,861476.0,1134661.0
2025-06-18 11:03:01.146067,416.9,861476.0,1134661.0
2025-06-18 11:03:01.896820,416.8,856779.0,1140746.0
2025-06-18 11:03:02.139001,416.8,856779.0,1140746.0
2025-06-18 11:03:02.897182,416.8,854663.0,1144630.0
2025-06-18 11:03:03.142622,416.8,854663.0,1144630.0
2025-06-18 11:03:03.801062,416.8,855905.0,1145772.0
2025-06-18 11:03:04.147280,416.8,855905.0,1145772.0
2025-06-18 11:03:05.141825,416.8,855905.0,1145772.0
2025-06-18 11:03:05.399080,416.8,854894.0,1146157.0
2025-06-18 11:03:06.142053,416.6,854894.0,1146157.0
2025-06-18 11:03:06.402691,416.8,853377.0,1146524.0
2025-06-18 11:03:07.144664,416.8,853377.0,1146524.0
2025-06-18 11:03:07.403329,416.8,853700.0,1148363.0
2025-06-18 11:03:08.144410,416.6,853700.0,1148363.0
2025-06-18 11:03:08.402468,416.8,852833.0,1148293.0
2025-06-18 11:03:09.146270,416.8,852833.0,1148293.0
2025-06-18 11:03:09.504860,416.6,853275.0,1148271.0
2025-06-18 11:03:10.141700,416.8,853275.0,1148271.0
2025-06-18 11:03:10.607969,416.75,851614.0,1148230.0
2025-06-18 11:03:11.146378,416.65,851614.0,1148230.0
2025-06-18 11:03:11.701838,416.75,850878.0,1149273.0
2025-06-18 11:03:12.142143,416.75,850878.0,1149273.0
2025-06-18 11:03:12.802994,416.75,850918.0,1149206.0
2025-06-18 11:03:13.142805,416.75,850918.0,1149206.0
2025-06-18 11:03:13.903982,416.75,850880.0,1148678.0
2025-06-18 11:03:14.148771,416.75,850880.0,1148678.0
2025-06-18 11:03:15.002521,416.6,850818.0,1149502.0
2025-06-18 11:03:15.141210,416.75,850818.0,1149502.0
2025-06-18 11:03:16.007605,416.75,851136.0,1148573.0
2025-06-18 11:03:16.146592,416.75,851136.0,1148573.0
2025-06-18 11:03:17.106475,416.75,850097.0,1148388.0
2025-06-18 11:03:17.145478,416.75,850097.0,1148388.0
2025-06-18 11:03:18.145110,416.7,850097.0,1148388.0
2025-06-18 11:03:18.205771,416.75,849767.0,1148121.0
2025-06-18 11:03:19.145703,416.7,849767.0,1148121.0
2025-06-18 11:03:19.305358,416.7,849391.0,1145632.0
2025-06-18 11:03:20.151142,416.6,849391.0,1145632.0
2025-06-18 11:03:20.406219,416.7,849293.0,1148471.0
2025-06-18 11:03:21.203542,416.75,849293.0,1148471.0
2025-06-18 11:03:21.305596,416.75,848866.0,1148176.0
2025-06-18 11:03:22.167570,416.65,848866.0,1148176.0
2025-06-18 11:03:22.405742,416.75,848777.0,1148560.0
2025-06-18 11:03:23.148426,416.75,848777.0,1148560.0
2025-06-18 11:03:23.505316,416.6,848865.0,1146766.0
2025-06-18 11:03:24.149320,416.6,848865.0,1146766.0
2025-06-18 11:03:24.605819,416.6,849678.0,1146418.0
2025-06-18 11:03:25.145136,416.65,849678.0,1146418.0
2025-06-18 11:03:25.707925,416.75,846393.0,1146057.0
2025-06-18 11:03:26.147565,416.75,846393.0,1146057.0
2025-06-18 11:03:26.807655,416.55,847474.0,1146750.0
2025-06-18 11:03:27.145294,416.75,847474.0,1146750.0
2025-06-18 11:03:27.810639,416.75,847714.0,1146280.0
2025-06-18 11:03:28.147732,416.75,847714.0,1146280.0
2025-06-18 11:03:28.810022,416.75,847716.0,1146243.0
2025-06-18 11:03:29.147237,416.75,847716.0,1146243.0
2025-06-18 11:03:29.911064,416.55,838360.0,1145746.0
2025-06-18 11:03:30.144853,416.65,838360.0,1145746.0
2025-06-18 11:03:31.012950,416.5,838321.0,1148940.0
2025-06-18 11:03:31.150955,416.5,838321.0,1148940.0
2025-06-18 11:03:32.113709,416.6,837514.0,1148776.0
2025-06-18 11:03:32.149796,416.65,837514.0,1148776.0
2025-06-18 11:03:33.145800,416.55,837514.0,1148776.0
2025-06-18 11:03:33.214218,416.65,838291.0,1147739.0
2025-06-18 11:03:34.153363,416.65,838291.0,1147739.0
2025-06-18 11:03:34.313750,416.65,838143.0,1147591.0
2025-06-18 11:03:35.148492,416.65,838143.0,1147591.0
2025-06-18 11:03:35.413786,416.65,837588.0,1148867.0
2025-06-18 11:03:36.221722,416.5,837588.0,1148867.0
2025-06-18 11:03:36.415224,416.65,839023.0,1149503.0
2025-06-18 11:03:37.149262,416.65,839023.0,1149503.0
2025-06-18 11:03:37.322909,416.65,838321.0,1149672.0
2025-06-18 11:03:38.150449,416.55,838321.0,1149672.0
2025-06-18 11:03:38.518732,416.65,839788.0,1147253.0
2025-06-18 11:03:39.145661,416.55,839788.0,1147253.0
2025-06-18 11:03:39.617613,416.65,838102.0,1147029.0
2025-06-18 11:03:40.144518,416.65,838102.0,1147029.0
2025-06-18 11:03:40.718031,416.65,838271.0,1146870.0
2025-06-18 11:03:41.167977,416.55,838271.0,1146870.0
2025-06-18 11:03:41.869156,416.5,837101.0,1150204.0
2025-06-18 11:03:42.154663,416.55,837101.0,1150204.0
2025-06-18 11:03:42.717925,416.55,837384.0,1150228.0
2025-06-18 11:03:43.153190,416.55,837384.0,1150228.0
2025-06-18 11:03:43.818526,416.55,838309.0,1150184.0
2025-06-18 11:03:44.153421,416.55,838309.0,1150184.0
2025-06-18 11:03:44.917294,416.55,837891.0,1149557.0
2025-06-18 11:03:45.166923,416.55,837891.0,1149557.0
2025-06-18 11:03:46.023574,416.55,837891.0,1149557.0
2025-06-18 11:03:46.060966,416.55,837987.0,1147696.0
2025-06-18 11:03:46.166751,416.55,837987.0,1147696.0
2025-06-18 11:03:47.073382,416.55,837987.0,1147696.0
2025-06-18 11:03:47.125057,416.55,836959.0,1147941.0
2025-06-18 11:03:47.172691,416.55,836959.0,1147941.0
2025-06-18 11:03:47.977148,416.55,836959.0,1147941.0
2025-06-18 11:03:48.020711,416.55,836130.0,1149279.0
2025-06-18 11:03:48.155060,416.65,836130.0,1149279.0
2025-06-18 11:03:48.893195,416.65,836130.0,1149279.0
2025-06-18 11:03:49.133536,416.5,835371.0,1150101.0
2025-06-18 11:03:49.159585,416.5,835371.0,1150101.0
2025-06-18 11:03:49.731885,416.5,835371.0,1150101.0
2025-06-18 11:03:50.154937,416.65,835371.0,1150101.0
2025-06-18 11:03:50.222515,416.55,835351.0,1147093.0
2025-06-18 11:03:50.552979,416.55,835351.0,1147093.0
2025-06-18 11:03:51.166429,416.55,835351.0,1147093.0
2025-06-18 11:03:51.222229,416.55,834927.0,1147583.0
2025-06-18 11:03:51.588255,416.55,834927.0,1147583.0
2025-06-18 11:03:52.192173,416.65,834927.0,1147583.0
2025-06-18 11:03:52.198719,416.65,834927.0,1147583.0
2025-06-18 11:03:52.231921,416.65,835438.0,1147563.0
2025-06-18 11:03:52.569184,416.65,835438.0,1147563.0
2025-06-18 11:03:53.069742,416.65,835438.0,1147563.0
2025-06-18 11:03:53.166691,416.5,835438.0,1147563.0
2025-06-18 11:03:53.325493,416.55,834920.0,1147451.0
2025-06-18 11:03:53.440351,416.55,834920.0,1147451.0
2025-06-18 11:03:54.159680,416.65,834920.0,1147451.0
2025-06-18 11:03:54.326021,416.65,834704.0,1148456.0
2025-06-18 11:03:54.451519,416.65,834704.0,1148456.0
2025-06-18 11:03:55.160097,416.55,834704.0,1148456.0
2025-06-18 11:03:55.324025,416.65,834192.0,1149378.0
2025-06-18 11:03:55.721598,416.65,834192.0,1149378.0
2025-06-18 11:03:56.161911,416.6,834192.0,1149378.0
2025-06-18 11:03:56.326276,416.65,834133.0,1150308.0
2025-06-18 11:03:56.584520,416.65,834133.0,1150308.0
2025-06-18 11:04:00.409330,416.55,834133.0,1150308.0
2025-06-18 11:04:00.456143,416.65,834130.0,1150226.0
2025-06-18 11:04:00.462020,416.65,834130.0,1150226.0
2025-06-18 11:04:00.467421,416.65,834130.0,1150226.0
2025-06-18 11:04:00.509191,416.5,833581.0,1151061.0
2025-06-18 11:04:00.512327,416.5,833581.0,1151061.0
2025-06-18 11:04:00.515147,416.5,833581.0,1151061.0
2025-06-18 11:04:00.546730,416.65,834965.0,1150857.0
2025-06-18 11:04:00.548400,416.65,834965.0,1150857.0
2025-06-18 11:04:00.551354,416.65,834965.0,1150857.0
2025-06-18 11:04:00.583373,416.65,834532.0,1151733.0
2025-06-18 11:04:01.183862,416.65,834532.0,1151733.0
2025-06-18 11:04:01.918904,416.65,834532.0,1151733.0
2025-06-18 11:04:03.214776,416.65,834532.0,1151733.0
2025-06-18 11:04:04.834927,416.65,834228.0,1152077.0
2025-06-18 11:04:05.196848,416.65,834228.0,1152077.0
2025-06-18 11:04:07.199701,416.65,834228.0,1152077.0
2025-06-18 11:04:09.158071,416.65,834228.0,1152077.0
2025-06-18 11:04:09.941551,416.65,834559.0,1150314.0
2025-06-18 11:04:11.162246,416.45,834559.0,1150314.0
2025-06-18 11:04:13.158111,416.65,834559.0,1150314.0
2025-06-18 11:04:14.942796,416.65,834822.0,1149470.0
2025-06-18 11:04:15.159021,416.65,834822.0,1149470.0
2025-06-18 11:04:17.159094,416.65,834822.0,1149470.0
2025-06-18 11:04:19.189526,416.6,834822.0,1149470.0
2025-06-18 11:04:20.354533,416.6,835871.0,1150900.0
2025-06-18 11:04:21.187706,416.6,835871.0,1150900.0
2025-06-18 11:04:23.161829,416.6,835871.0,1150900.0
2025-06-18 11:04:25.162442,416.55,835871.0,1150900.0
2025-06-18 11:04:25.557895,416.55,835325.0,1152851.0
2025-06-18 11:04:27.159756,416.6,835325.0,1152851.0
2025-06-18 11:04:29.157358,416.4,835325.0,1152851.0
2025-06-18 11:04:30.664441,416.6,836703.0,1152381.0
2025-06-18 11:04:31.159408,416.6,836703.0,1152381.0
2025-06-18 11:04:33.168672,416.6,836703.0,1152381.0
2025-06-18 11:04:35.167088,416.6,836703.0,1152381.0
2025-06-18 11:04:35.665142,416.6,837101.0,1153434.0
2025-06-18 11:04:37.176141,416.6,837101.0,1153434.0
2025-06-18 11:04:39.163995,416.6,837101.0,1153434.0
2025-06-18 11:04:40.499840,416.6,836804.0,1153214.0
2025-06-18 11:04:41.154154,416.6,836804.0,1153214.0
2025-06-18 11:04:43.174725,416.55,836804.0,1153214.0
2025-06-18 11:04:45.198588,416.55,836804.0,1153214.0
2025-06-18 11:04:45.567698,416.6,837111.0,1154556.0
2025-06-18 11:04:47.171313,416.4,837111.0,1154556.0
2025-06-18 11:04:49.160421,416.6,837111.0,1154556.0
2025-06-18 11:04:50.374392,416.55,837366.0,1156592.0
2025-06-18 11:04:51.161677,416.35,837366.0,1156592.0
2025-06-18 11:04:53.158630,416.4,837366.0,1156592.0
2025-06-18 11:04:55.289398,416.55,842182.0,1157652.0
2025-06-18 11:04:57.212024,416.35,842182.0,1157652.0
2025-06-18 11:04:59.162789,416.35,842182.0,1157652.0
2025-06-18 11:05:00.001782,416.5,841692.0,1155266.0
2025-06-18 11:05:01.181859,416.35,841692.0,1155266.0
2025-06-18 11:05:05.169175,416.35,841692.0,1155266.0
2025-06-18 11:05:05.176175,416.5,844207.0,1151015.0
2025-06-18 11:05:05.207456,416.5,844207.0,1151015.0
2025-06-18 11:05:07.390298,416.5,844207.0,1151015.0
2025-06-18 11:05:09.190927,416.3,844207.0,1151015.0
2025-06-18 11:05:09.492703,416.5,838448.0,1161030.0
2025-06-18 11:05:11.161379,416.3,838448.0,1161030.0
2025-06-18 11:05:13.161126,416.3,838448.0,1161030.0
2025-06-18 11:05:14.993186,416.15,835478.0,1175034.0
2025-06-18 11:05:15.162740,416.15,835478.0,1175034.0
2025-06-18 11:05:17.172284,416.1,835478.0,1175034.0
2025-06-18 11:05:19.196019,416.15,835478.0,1175034.0
2025-06-18 11:05:20.385367,416.15,835767.0,1168896.0
2025-06-18 11:05:21.186904,416.25,835767.0,1168896.0
2025-06-18 11:05:23.204242,416.35,835767.0,1168896.0
2025-06-18 11:05:25.156754,416.35,835767.0,1168896.0
2025-06-18 11:05:25.291785,416.35,838832.0,1163254.0
2025-06-18 11:05:27.174304,416.35,838832.0,1163254.0
2025-06-18 11:05:29.171005,416.35,838832.0,1163254.0
2025-06-18 11:05:30.093278,416.25,838068.0,1161886.0
2025-06-18 11:05:31.166667,416.3,838068.0,1161886.0
2025-06-18 11:05:33.206560,416.35,838068.0,1161886.0
2025-06-18 11:05:35.212246,416.35,838068.0,1161886.0
2025-06-18 11:05:35.297414,416.3,841535.0,1165551.0
2025-06-18 11:05:37.173179,416.35,841535.0,1165551.0
2025-06-18 11:05:39.278184,416.35,841535.0,1165551.0
2025-06-18 11:05:40.800643,416.4,841217.0,1163153.0
2025-06-18 11:05:41.167448,416.4,841217.0,1163153.0
2025-06-18 11:05:43.173315,416.4,841217.0,1163153.0
2025-06-18 11:05:45.164424,416.4,841217.0,1163153.0
2025-06-18 11:05:45.702742,416.4,842416.0,1161026.0
2025-06-18 11:05:47.190794,416.35,842416.0,1161026.0
2025-06-18 11:05:49.172027,416.4,842416.0,1161026.0
2025-06-18 11:05:50.804611,416.4,843885.0,1162102.0
2025-06-18 11:05:51.175393,416.4,843885.0,1162102.0
2025-06-18 11:05:53.163045,416.35,843885.0,1162102.0
2025-06-18 11:05:55.166278,416.4,843885.0,1162102.0
2025-06-18 11:05:56.018405,416.35,842710.0,1162919.0
2025-06-18 11:05:57.191226,416.35,842710.0,1162919.0
2025-06-18 11:05:59.168663,416.25,842710.0,1162919.0
2025-06-18 11:06:00.914088,416.2,843348.0,1162795.0
2025-06-18 11:06:01.167314,416.35,843348.0,1162795.0
2025-06-18 11:06:02.164519,416.35,843348.0,1162795.0
2025-06-18 11:06:02.213997,416.3,843041.0,1162645.0
2025-06-18 11:06:03.157713,416.3,843041.0,1162645.0
2025-06-18 11:06:03.312245,416.3,842966.0,1162902.0
2025-06-18 11:06:04.165387,416.3,842966.0,1162902.0
2025-06-18 11:06:04.314522,416.3,842960.0,1163037.0
2025-06-18 11:06:05.156067,416.3,842960.0,1163037.0
2025-06-18 11:06:05.421571,416.3,842959.0,1163167.0
2025-06-18 11:06:06.159769,416.3,842959.0,1163167.0
2025-06-18 11:06:06.515513,416.3,842056.0,1163202.0
2025-06-18 11:06:07.166279,416.3,842056.0,1163202.0
2025-06-18 11:06:07.615200,416.3,843062.0,1163637.0
2025-06-18 11:06:08.162516,416.3,843062.0,1163637.0
2025-06-18 11:06:08.617691,416.3,843093.0,1162907.0
2025-06-18 11:06:09.162722,416.3,843093.0,1162907.0
2025-06-18 11:06:09.620590,416.3,843447.0,1162502.0
2025-06-18 11:06:10.197656,416.3,843447.0,1162502.0
2025-06-18 11:06:10.617694,416.3,844807.0,1163232.0
2025-06-18 11:06:11.201715,416.3,844807.0,1163232.0
2025-06-18 11:06:11.616302,416.4,851635.0,1147137.0
2025-06-18 11:06:12.166552,416.5,851635.0,1147137.0
2025-06-18 11:06:12.618572,416.5,856477.0,1137453.0
2025-06-18 11:06:13.169389,416.55,856477.0,1137453.0
2025-06-18 11:06:14.162987,416.7,856477.0,1137453.0
2025-06-18 11:06:14.224955,416.7,853176.0,1138934.0
2025-06-18 11:06:15.166036,416.7,853176.0,1138934.0
2025-06-18 11:06:15.229527,416.6,851753.0,1142552.0
2025-06-18 11:06:16.159633,416.6,851753.0,1142552.0
2025-06-18 11:06:16.327200,416.6,852475.0,1141049.0
2025-06-18 11:06:17.163854,416.6,852475.0,1141049.0
2025-06-18 11:06:17.322103,416.6,851105.0,1138983.0
2025-06-18 11:06:18.166052,416.6,851105.0,1138983.0
2025-06-18 11:06:18.324642,416.6,848197.0,1146002.0
2025-06-18 11:06:19.157263,416.5,848197.0,1146002.0
2025-06-18 11:06:19.323757,416.5,847306.0,1146890.0
2025-06-18 11:06:20.156640,416.45,847306.0,1146890.0
2025-06-18 11:06:20.323875,416.45,845287.0,1150907.0
2025-06-18 11:06:21.158628,416.4,845287.0,1150907.0
2025-06-18 11:06:21.427406,416.4,847019.0,1150162.0
2025-06-18 11:06:22.160552,416.5,847019.0,1150162.0
2025-06-18 11:06:23.165666,416.5,847019.0,1150162.0
2025-06-18 11:06:23.428333,416.5,847178.0,1150288.0
2025-06-18 11:06:24.165823,416.3,847178.0,1150288.0
2025-06-18 11:06:24.426748,416.5,846305.0,1149952.0
2025-06-18 11:06:25.160271,416.3,846305.0,1149952.0
2025-06-18 11:06:25.428713,416.3,848454.0,1148769.0
2025-06-18 11:06:26.214936,416.5,848454.0,1148769.0
2025-06-18 11:06:26.530052,416.5,847732.0,1150352.0
2025-06-18 11:06:27.159633,416.5,847732.0,1150352.0
2025-06-18 11:06:27.629577,416.35,848241.0,1151742.0
2025-06-18 11:06:28.163680,416.5,848241.0,1151742.0
2025-06-18 11:06:28.529995,416.5,848723.0,1151359.0
2025-06-18 11:06:29.158883,416.5,848723.0,1151359.0
2025-06-18 11:06:29.728713,416.5,848660.0,1151498.0
2025-06-18 11:06:30.165224,416.4,848660.0,1151498.0
2025-06-18 11:06:30.734325,416.5,847914.0,1152566.0
2025-06-18 11:06:31.166957,416.5,847914.0,1152566.0
2025-06-18 11:06:31.830503,416.5,847959.0,1150925.0
2025-06-18 11:06:32.167980,416.3,847959.0,1150925.0
2025-06-18 11:06:32.737815,416.5,848496.0,1150442.0
2025-06-18 11:06:33.166579,416.5,848496.0,1150442.0
2025-06-18 11:06:33.833012,416.5,850712.0,1150273.0
2025-06-18 11:06:34.228293,416.5,850712.0,1150273.0
2025-06-18 11:06:34.838309,416.5,851360.0,1151692.0
2025-06-18 11:06:35.163891,416.6,851360.0,1151692.0
2025-06-18 11:06:36.167841,416.55,851360.0,1151692.0
2025-06-18 11:06:36.560379,416.5,848778.0,1153312.0
2025-06-18 11:06:37.160620,416.35,848778.0,1153312.0
2025-06-18 11:06:37.542909,416.4,848528.0,1153680.0
2025-06-18 11:06:38.159064,416.5,848528.0,1153680.0
2025-06-18 11:06:38.437281,416.5,849575.0,1151155.0
2025-06-18 11:06:39.167937,416.35,849575.0,1151155.0
2025-06-18 11:06:39.537435,416.4,847990.0,1153598.0
2025-06-18 11:06:40.166877,416.35,847990.0,1153598.0
2025-06-18 11:06:40.536521,416.35,849546.0,1152951.0
2025-06-18 11:06:41.162626,416.5,849546.0,1152951.0
2025-06-18 11:06:41.539136,416.5,850220.0,1151324.0
2025-06-18 11:06:42.159298,416.35,850220.0,1151324.0
2025-06-18 11:06:42.539872,416.5,848107.0,1152800.0
2025-06-18 11:06:43.160118,416.5,848107.0,1152800.0
2025-06-18 11:06:43.539587,416.5,849350.0,1152439.0
2025-06-18 11:06:44.162585,416.5,849350.0,1152439.0
2025-06-18 11:06:44.755335,416.5,850533.0,1152050.0
2025-06-18 11:06:45.158711,416.5,850533.0,1152050.0
2025-06-18 11:06:45.541759,416.5,849604.0,1150445.0
2025-06-18 11:06:46.164315,416.5,849604.0,1150445.0
2025-06-18 11:06:46.718050,416.5,849772.0,1150314.0
2025-06-18 11:06:46.719184,416.5,849772.0,1150314.0
2025-06-18 11:06:47.167625,416.5,849772.0,1150314.0
2025-06-18 11:06:47.544117,416.5,849830.0,1150915.0
2025-06-18 11:06:47.612855,416.5,849830.0,1150915.0
2025-06-18 11:06:48.169930,416.3,849830.0,1150915.0
2025-06-18 11:06:48.551627,416.3,849830.0,1150915.0
2025-06-18 11:06:48.562933,416.5,848867.0,1152589.0
2025-06-18 11:06:49.163308,416.3,848867.0,1152589.0
2025-06-18 11:06:49.766451,416.3,848867.0,1152589.0
2025-06-18 11:06:49.806895,416.5,849905.0,1152370.0
2025-06-18 11:06:50.162061,416.5,849905.0,1152370.0
2025-06-18 11:06:50.287768,416.5,849905.0,1152370.0
2025-06-18 11:06:50.540468,416.5,849872.0,1152138.0
2025-06-18 11:06:51.052291,416.5,849872.0,1152138.0
2025-06-18 11:06:51.156426,416.35,849872.0,1152138.0
2025-06-18 11:06:51.550619,416.5,849875.0,1152077.0
2025-06-18 11:06:52.037845,416.5,849875.0,1152077.0
2025-06-18 11:06:52.168336,416.5,849875.0,1152077.0
2025-06-18 11:06:52.551865,416.5,849885.0,1151337.0
2025-06-18 11:06:52.602467,416.5,849885.0,1151337.0
2025-06-18 11:06:53.161788,416.35,849885.0,1151337.0
2025-06-18 11:06:53.447081,416.35,850573.0,1149437.0
2025-06-18 11:06:53.557773,416.35,850573.0,1149437.0
2025-06-18 11:06:54.201023,416.35,850573.0,1149437.0
2025-06-18 11:06:54.555929,416.35,848297.0,1148710.0
2025-06-18 11:06:54.741746,416.35,848297.0,1148710.0
2025-06-18 11:06:55.162801,416.45,848297.0,1148710.0
2025-06-18 11:06:55.446525,416.45,848413.0,1153231.0
2025-06-18 11:06:56.201408,416.45,848413.0,1153231.0
2025-06-18 11:06:56.241171,416.45,848413.0,1153231.0
2025-06-18 11:06:56.445631,416.45,849216.0,1150866.0
2025-06-18 11:06:57.112836,416.45,849216.0,1150866.0
2025-06-18 11:06:57.160328,416.45,849216.0,1150866.0
2025-06-18 11:06:57.446425,416.45,849122.0,1152005.0
2025-06-18 11:06:58.336448,416.45,849122.0,1152005.0
2025-06-18 11:06:58.447453,416.45,848721.0,1151356.0
2025-06-18 11:06:58.516176,416.45,848721.0,1151356.0
2025-06-18 11:06:59.159170,416.35,848721.0,1151356.0
2025-06-18 11:06:59.445423,416.35,848609.0,1152679.0
2025-06-18 11:06:59.659849,416.35,848609.0,1152679.0
2025-06-18 11:07:00.157414,416.25,848609.0,1152679.0
2025-06-18 11:07:00.447761,416.3,847378.0,1156654.0
2025-06-18 11:07:00.816962,416.3,847378.0,1156654.0
2025-06-18 11:07:01.164982,416.25,847378.0,1156654.0
2025-06-18 11:07:01.550023,416.4,846714.0,1153449.0
2025-06-18 11:07:02.160536,416.45,846714.0,1153449.0
2025-06-18 11:07:02.286146,416.45,846714.0,1153449.0
2025-06-18 11:07:02.656242,416.4,846850.0,1154349.0
2025-06-18 11:07:03.159001,416.45,846850.0,1154349.0
2025-06-18 11:07:05.036476,416.45,847766.0,1151148.0
2025-06-18 11:07:05.081867,416.5,847766.0,1151148.0
2025-06-18 11:07:05.114895,416.35,846462.0,1153277.0
2025-06-18 11:07:05.169438,416.45,846462.0,1153277.0
2025-06-18 11:07:05.851695,416.45,846459.0,1153139.0
2025-06-18 11:07:06.161585,416.35,846459.0,1153139.0
2025-06-18 11:07:06.859938,416.45,845263.0,1153456.0
2025-06-18 11:07:07.159295,416.45,845263.0,1153456.0
2025-06-18 11:07:10.437276,416.45,844967.0,1152651.0
2025-06-18 11:07:10.483860,416.45,844967.0,1152651.0
2025-06-18 11:07:10.525882,416.45,846544.0,1150573.0
2025-06-18 11:07:10.531076,416.45,846544.0,1150573.0
2025-06-18 11:07:10.536840,416.25,847059.0,1150893.0
2025-06-18 11:07:10.575245,416.5,847059.0,1150893.0
2025-06-18 11:07:10.858864,416.5,847087.0,1150754.0
2025-06-18 11:07:11.164653,416.5,847087.0,1150754.0
2025-06-18 11:07:11.858779,416.5,848442.0,1151536.0
2025-06-18 11:07:12.167627,416.35,848442.0,1151536.0
2025-06-18 11:07:12.860047,416.5,848445.0,1151313.0
2025-06-18 11:07:13.163477,416.5,848445.0,1151313.0
2025-06-18 11:07:13.860256,416.35,825188.0,1156848.0
2025-06-18 11:07:14.160556,416.05,825188.0,1156848.0
2025-06-18 11:07:14.960077,416.35,836439.0,1160709.0
2025-06-18 11:07:15.161422,416.35,836439.0,1160709.0
2025-06-18 11:07:15.958219,416.35,838085.0,1158428.0
2025-06-18 11:07:16.164575,416.35,838085.0,1158428.0
2025-06-18 11:07:16.960728,416.35,837806.0,1158504.0
2025-06-18 11:07:17.168321,416.25,837806.0,1158504.0
2025-06-18 11:07:18.060353,416.35,838347.0,1159580.0
2025-06-18 11:07:18.168822,416.35,838347.0,1159580.0
2025-06-18 11:07:19.062824,416.3,838647.0,1158476.0
2025-06-18 11:07:19.164153,416.3,838647.0,1158476.0
2025-06-18 11:07:20.060327,416.25,839952.0,1161880.0
2025-06-18 11:07:20.160438,416.25,839952.0,1161880.0
2025-06-18 11:07:21.058415,416.2,836933.0,1159850.0
2025-06-18 11:07:21.167385,416.2,836933.0,1159850.0
2025-06-18 11:07:22.195001,416.35,836951.0,1158570.0
2025-06-18 11:07:22.200054,416.35,836951.0,1158570.0
2025-06-18 11:07:23.058449,416.35,838954.0,1158863.0
2025-06-18 11:07:23.163863,416.35,838954.0,1158863.0
2025-06-18 11:07:24.061353,416.2,838568.0,1158884.0
2025-06-18 11:07:24.163673,416.2,838568.0,1158884.0
2025-06-18 11:07:25.165976,416.35,838568.0,1158884.0
2025-06-18 11:07:25.167043,416.35,838797.0,1158920.0
2025-06-18 11:07:26.219207,416.2,838797.0,1158920.0
2025-06-18 11:07:26.260177,416.35,838686.0,1159209.0
2025-06-18 11:07:27.170573,416.25,838686.0,1159209.0
2025-06-18 11:07:27.360779,416.35,837730.0,1159267.0
2025-06-18 11:07:28.167273,416.35,837730.0,1159267.0
2025-06-18 11:07:28.362493,416.35,837731.0,1159264.0
2025-06-18 11:07:29.174555,416.35,837731.0,1159264.0
2025-06-18 11:07:29.361053,416.35,837700.0,1158819.0
2025-06-18 11:07:30.192673,416.2,837700.0,1158819.0
2025-06-18 11:07:30.463618,416.35,837849.0,1158920.0
2025-06-18 11:07:31.169103,416.3,837849.0,1158920.0
2025-06-18 11:07:31.561565,416.3,836282.0,1160720.0
2025-06-18 11:07:32.177504,416.3,836282.0,1160720.0
2025-06-18 11:07:32.463609,416.2,837100.0,1160209.0
2025-06-18 11:07:33.169153,416.35,837100.0,1160209.0
2025-06-18 11:07:33.370170,416.35,836839.0,1160051.0
2025-06-18 11:07:34.169842,416.35,836839.0,1160051.0
2025-06-18 11:07:34.363649,416.35,836781.0,1160071.0
2025-06-18 11:07:35.163289,416.35,836781.0,1160071.0
2025-06-18 11:07:35.364849,416.35,837061.0,1159824.0
2025-06-18 11:07:36.163509,416.35,837061.0,1159824.0
2025-06-18 11:07:36.367935,416.35,837032.0,1159185.0
2025-06-18 11:07:37.167484,416.35,837032.0,1159185.0
2025-06-18 11:07:37.368485,416.35,837052.0,1159266.0
2025-06-18 11:07:38.167413,416.35,837052.0,1159266.0
2025-06-18 11:07:38.369108,416.35,837057.0,1159186.0
2025-06-18 11:07:39.206472,416.2,837057.0,1159186.0
2025-06-18 11:07:39.560154,416.2,837658.0,1161418.0
2025-06-18 11:07:40.199405,416.15,837658.0,1161418.0
2025-06-18 11:07:40.476511,416.2,839798.0,1157477.0
2025-06-18 11:07:41.169221,416.3,839798.0,1157477.0
2025-06-18 11:07:41.569330,416.3,839148.0,1159328.0
2025-06-18 11:07:42.169467,416.2,839148.0,1159328.0
2025-06-18 11:07:42.680262,416.3,838059.0,1160522.0
2025-06-18 11:07:43.169751,416.3,838059.0,1160522.0
2025-06-18 11:07:44.750797,416.3,837811.0,1159892.0
2025-06-18 11:07:44.792972,416.3,837811.0,1159892.0
2025-06-18 11:07:44.800144,416.3,838596.0,1161952.0
2025-06-18 11:07:45.172465,416.3,838596.0,1161952.0
2025-06-18 11:07:45.872921,416.3,838590.0,1161958.0
2025-06-18 11:07:46.172461,416.3,838590.0,1161958.0
2025-06-18 11:07:46.874170,416.2,838359.0,1160414.0
2025-06-18 11:07:47.174817,416.3,838359.0,1160414.0
2025-06-18 11:07:47.875338,416.3,838359.0,1159906.0
2025-06-18 11:07:48.168484,416.3,838359.0,1159906.0
2025-06-18 11:07:48.872702,416.3,838509.0,1160810.0
2025-06-18 11:07:49.167864,416.3,838509.0,1160810.0
2025-06-18 11:07:49.982395,416.3,837621.0,1161281.0
2025-06-18 11:07:50.170357,416.3,837621.0,1161281.0
2025-06-18 11:07:51.073536,416.3,839022.0,1161247.0
2025-06-18 11:07:51.173383,416.3,839022.0,1161247.0
2025-06-18 11:07:52.075806,416.3,838309.0,1161366.0
2025-06-18 11:07:52.174885,416.3,838309.0,1161366.0
2025-06-18 11:07:53.076167,416.3,838897.0,1161059.0
2025-06-18 11:07:53.169117,416.3,838897.0,1161059.0
2025-06-18 11:07:54.167234,416.3,838897.0,1161059.0
2025-06-18 11:07:54.174581,416.3,837973.0,1161699.0
2025-06-18 11:07:55.163076,416.1,837973.0,1161699.0
2025-06-18 11:07:55.201323,416.3,837764.0,1161889.0
2025-06-18 11:07:56.176688,416.3,837764.0,1161889.0
2025-06-18 11:07:56.187749,416.3,837914.0,1161832.0
2025-06-18 11:07:57.167723,416.3,837914.0,1161832.0
2025-06-18 11:07:57.176456,416.3,836543.0,1161579.0
2025-06-18 11:07:58.177297,416.3,836543.0,1161579.0
2025-06-18 11:07:58.280640,416.3,837108.0,1160611.0
2025-06-18 11:07:59.169376,416.2,837108.0,1160611.0
2025-06-18 11:07:59.177729,416.2,838534.0,1160654.0
2025-06-18 11:08:00.435880,416.3,838534.0,1160654.0
2025-06-18 11:08:00.476147,416.3,838438.0,1162435.0
2025-06-18 11:08:01.277969,416.3,837782.0,1162946.0
2025-06-18 11:08:02.199785,416.3,837782.0,1162946.0
2025-06-18 11:08:04.187191,416.3,837782.0,1162946.0
2025-06-18 11:08:06.178208,416.25,837782.0,1162946.0
2025-06-18 11:08:06.723268,416.25,838497.0,1162723.0
2025-06-18 11:08:08.183991,416.2,838497.0,1162723.0
2025-06-18 11:08:10.200921,416.25,838497.0,1162723.0
2025-06-18 11:08:12.251378,416.25,837242.0,1162025.0
2025-06-18 11:08:12.256760,416.25,837242.0,1162025.0
2025-06-18 11:08:14.199370,416.25,837242.0,1162025.0
2025-06-18 11:08:16.200868,416.2,837242.0,1162025.0
2025-06-18 11:08:20.485757,416.25,836859.0,1161092.0
2025-06-18 11:08:20.497321,416.25,836859.0,1161092.0
2025-06-18 11:08:20.568282,416.25,836859.0,1161092.0
2025-06-18 11:08:22.177256,416.25,836859.0,1161092.0
2025-06-18 11:08:22.296115,416.25,841143.0,1163856.0
2025-06-18 11:08:26.169298,416.3,841143.0,1163856.0
2025-06-18 11:08:28.009724,416.3,839260.0,1164609.0
2025-06-18 11:08:28.178332,416.3,839260.0,1164609.0
2025-06-18 11:08:30.181289,416.3,839260.0,1164609.0
2025-06-18 11:08:32.177259,416.25,839260.0,1164609.0
2025-06-18 11:08:33.627464,416.25,839418.0,1165094.0
2025-06-18 11:08:34.177132,416.3,839418.0,1165094.0
2025-06-18 11:08:36.176144,416.25,839418.0,1165094.0
2025-06-18 11:08:38.178855,416.1,839418.0,1165094.0
2025-06-18 11:08:38.808642,416.1,839174.0,1165947.0
2025-06-18 11:08:40.191262,416.05,839174.0,1165947.0
2025-06-18 11:08:42.184595,416.1,839174.0,1165947.0
2025-06-18 11:08:44.019801,416.25,843285.0,1164597.0
2025-06-18 11:08:44.185871,416.25,843285.0,1164597.0
2025-06-18 11:08:46.204104,416.1,843285.0,1164597.0
2025-06-18 11:08:48.175192,416.25,843285.0,1164597.0
2025-06-18 11:08:49.210311,416.3,841650.0,1164494.0
2025-06-18 11:08:50.175098,416.25,841650.0,1164494.0
2025-06-18 11:08:52.178502,416.35,841650.0,1164494.0
2025-06-18 11:08:54.180487,416.3,841650.0,1164494.0
2025-06-18 11:08:54.518499,416.3,844068.0,1158904.0
2025-06-18 11:08:56.183550,416.3,844068.0,1158904.0
2025-06-18 11:08:58.175589,416.2,844068.0,1158904.0
2025-06-18 11:08:59.614157,416.2,846307.0,1159953.0
2025-06-18 11:09:00.175502,416.3,846307.0,1159953.0
2025-06-18 11:09:02.212301,416.3,846307.0,1159953.0
2025-06-18 11:09:04.188980,416.2,846307.0,1159953.0
2025-06-18 11:09:04.418371,416.2,846181.0,1163789.0
2025-06-18 11:09:06.176585,416.3,846181.0,1163789.0
2025-06-18 11:09:08.177091,416.25,846181.0,1163789.0
2025-06-18 11:09:09.743237,416.25,846246.0,1163343.0
2025-06-18 11:09:10.181909,416.25,846246.0,1163343.0
2025-06-18 11:09:12.172456,416.3,846246.0,1163343.0
2025-06-18 11:09:14.348189,416.3,846246.0,1163343.0
2025-06-18 11:09:15.323512,416.4,846352.0,1156195.0
2025-06-18 11:09:16.173412,416.4,846352.0,1156195.0
2025-06-18 11:09:18.873171,416.4,846352.0,1156195.0
2025-06-18 11:09:20.198939,416.2,846352.0,1156195.0
2025-06-18 11:09:20.925242,416.2,847642.0,1163051.0
2025-06-18 11:09:22.170194,416.2,847642.0,1163051.0
2025-06-18 11:09:24.176552,416.35,847642.0,1163051.0
2025-06-18 11:09:26.182469,416.35,847642.0,1163051.0
2025-06-18 11:09:26.230530,416.35,845427.0,1162351.0
2025-06-18 11:09:28.185128,416.3,845427.0,1162351.0
2025-06-18 11:09:30.182694,416.3,845427.0,1162351.0
2025-06-18 11:09:31.431610,416.3,847275.0,1164570.0
2025-06-18 11:09:32.216354,416.3,847275.0,1164570.0
2025-06-18 11:09:34.178273,416.3,847275.0,1164570.0
2025-06-18 11:09:36.177153,416.1,847275.0,1164570.0
2025-06-18 11:09:36.840914,416.3,846947.0,1165480.0
2025-06-18 11:09:38.207399,416.3,846947.0,1165480.0
2025-06-18 11:09:40.173890,416.3,846947.0,1165480.0
2025-06-18 11:09:42.145728,416.3,846697.0,1165828.0
2025-06-18 11:09:42.183179,416.3,846697.0,1165828.0
2025-06-18 11:09:44.207593,416.3,846697.0,1165828.0
2025-06-18 11:09:46.255757,416.3,846697.0,1165828.0
2025-06-18 11:09:47.137065,416.3,846697.0,1165828.0
2025-06-18 11:09:47.440713,416.3,851576.0,1166054.0
2025-06-18 11:09:48.177528,416.3,851576.0,1166054.0
2025-06-18 11:09:48.250276,416.3,851576.0,1166054.0
2025-06-18 11:09:49.101075,416.3,851576.0,1166054.0
2025-06-18 11:09:50.024759,416.3,851576.0,1166054.0
2025-06-18 11:09:50.173659,416.3,851576.0,1166054.0
2025-06-18 11:09:50.862269,416.3,851576.0,1166054.0
2025-06-18 11:09:51.636433,416.3,851576.0,1166054.0
2025-06-18 11:09:52.177629,416.3,851576.0,1166054.0
2025-06-18 11:09:52.626360,416.3,851576.0,1166054.0
2025-06-18 11:09:52.842952,416.3,851197.0,1165876.0
2025-06-18 11:09:53.232575,416.3,851197.0,1165876.0
2025-06-18 11:09:54.089957,416.3,851197.0,1165876.0
2025-06-18 11:09:54.215664,416.3,851197.0,1165876.0
2025-06-18 11:09:54.461747,416.3,851197.0,1165876.0
2025-06-18 11:09:55.335577,416.3,851197.0,1165876.0
2025-06-18 11:09:56.177583,416.3,851197.0,1165876.0
2025-06-18 11:09:56.586631,416.3,851197.0,1165876.0
2025-06-18 11:09:57.562294,416.3,851197.0,1165876.0
2025-06-18 11:09:58.046698,416.3,853075.0,1164861.0
2025-06-18 11:09:58.182186,416.35,853075.0,1164861.0
2025-06-18 11:09:58.966795,416.35,853075.0,1164861.0
2025-06-18 11:10:00.119085,416.35,853075.0,1164861.0
2025-06-18 11:10:00.176077,416.2,853075.0,1164861.0
2025-06-18 11:10:01.247529,416.2,853075.0,1164861.0
2025-06-18 11:10:02.178414,416.3,853075.0,1164861.0
2025-06-18 11:10:02.716152,416.3,853075.0,1164861.0
2025-06-18 11:10:03.050752,416.3,849555.0,1169363.0
2025-06-18 11:10:04.174660,416.3,849555.0,1169363.0
2025-06-18 11:10:06.179756,416.25,849555.0,1169363.0
2025-06-18 11:10:09.453014,416.1,845096.0,1169401.0
2025-06-18 11:10:09.458077,416.25,845096.0,1169401.0
2025-06-18 11:10:10.190123,416.25,845096.0,1169401.0
2025-06-18 11:10:12.178597,416.25,845096.0,1169401.0
2025-06-18 11:10:13.659495,416.25,844430.0,1168032.0
2025-06-18 11:10:14.186016,416.25,844430.0,1168032.0
2025-06-18 11:10:16.179402,416.25,844430.0,1168032.0
2025-06-18 11:10:18.180305,416.25,844430.0,1168032.0
2025-06-18 11:10:18.956540,416.1,845113.0,1249927.0
2025-06-18 11:10:20.177961,416.25,845113.0,1249927.0
2025-06-18 11:10:22.178932,416.25,845113.0,1249927.0
2025-06-18 11:10:24.058412,416.25,850877.0,1243718.0
2025-06-18 11:10:24.187233,416.3,850877.0,1243718.0
2025-06-18 11:10:28.186064,416.4,850877.0,1243718.0
2025-06-18 11:10:29.667636,416.4,850295.0,1241628.0
2025-06-18 11:10:31.185824,416.35,850295.0,1241628.0
2025-06-18 11:10:34.181852,416.35,850295.0,1241628.0
2025-06-18 11:10:35.171813,416.35,848886.0,1240981.0
2025-06-18 11:10:36.176918,416.3,848886.0,1240981.0
2025-06-18 11:10:38.180227,416.35,848886.0,1240981.0
2025-06-18 11:10:40.177756,416.35,848886.0,1240981.0
2025-06-18 11:10:40.670395,416.35,851769.0,1244197.0
2025-06-18 11:10:42.183640,416.35,851769.0,1244197.0
2025-06-18 11:10:44.178118,416.35,851769.0,1244197.0
2025-06-18 11:10:46.072523,416.35,849908.0,1243923.0
2025-06-18 11:10:46.175557,416.35,849908.0,1243923.0
2025-06-18 11:10:48.210597,416.35,849908.0,1243923.0
2025-06-18 11:10:50.182274,416.3,849908.0,1243923.0
2025-06-18 11:10:51.180381,416.3,850825.0,1243261.0
2025-06-18 11:10:52.181973,416.3,850825.0,1243261.0
2025-06-18 11:10:54.188052,416.3,850825.0,1243261.0
2025-06-18 11:10:56.177093,416.3,850825.0,1243261.0
2025-06-18 11:10:56.382847,416.3,849679.0,1243270.0
2025-06-18 11:10:58.179423,416.3,849679.0,1243270.0
2025-06-18 11:11:00.176606,416.3,849679.0,1243270.0
2025-06-18 11:11:01.586213,416.3,853463.0,1245214.0
2025-06-18 11:11:02.205272,416.3,853463.0,1245214.0
2025-06-18 11:11:04.177588,416.3,853463.0,1245214.0
2025-06-18 11:11:06.182421,416.3,853463.0,1245214.0
2025-06-18 11:11:07.001587,416.3,853943.0,1246261.0
2025-06-18 11:11:08.188445,416.35,853943.0,1246261.0
2025-06-18 11:11:10.179442,416.25,853943.0,1246261.0
2025-06-18 11:11:12.183646,416.25,853943.0,1246261.0
2025-06-18 11:11:12.396255,416.25,851861.0,1246693.0
2025-06-18 11:11:14.197705,416.25,851861.0,1246693.0
2025-06-18 11:11:16.177430,416.25,851861.0,1246693.0
2025-06-18 11:11:17.800274,416.25,853017.0,1246989.0
2025-06-18 11:11:18.194155,416.35,853017.0,1246989.0
2025-06-18 11:11:20.187404,416.35,853017.0,1246989.0
2025-06-18 11:11:22.187561,416.35,853017.0,1246989.0
2025-06-18 11:11:22.900679,416.35,852796.0,1247813.0
2025-06-18 11:11:24.181817,416.35,852796.0,1247813.0
2025-06-18 11:11:26.187520,416.35,852796.0,1247813.0
2025-06-18 11:11:28.005228,416.35,852243.0,1247841.0
2025-06-18 11:11:28.200870,416.35,852243.0,1247841.0
2025-06-18 11:11:30.180605,416.35,852243.0,1247841.0
2025-06-18 11:11:32.190107,416.35,852243.0,1247841.0
2025-06-18 11:11:33.207671,416.35,851795.0,1248730.0
2025-06-18 11:11:34.182278,416.35,851795.0,1248730.0
2025-06-18 11:11:36.183223,416.35,851795.0,1248730.0
2025-06-18 11:11:38.019714,416.35,853348.0,1247106.0
2025-06-18 11:11:38.191174,416.35,853348.0,1247106.0
2025-06-18 11:11:40.180337,416.35,853348.0,1247106.0
2025-06-18 11:11:42.191484,416.35,853348.0,1247106.0
2025-06-18 11:11:43.211481,416.35,855679.0,1245423.0
2025-06-18 11:11:44.204718,416.35,855679.0,1245423.0
2025-06-18 11:11:46.180533,416.4,855679.0,1245423.0
2025-06-18 11:11:48.205628,416.4,855679.0,1245423.0
2025-06-18 11:11:48.221748,416.4,857271.0,1241195.0
2025-06-18 11:11:50.197316,416.4,857271.0,1241195.0
2025-06-18 11:11:52.221423,416.4,857271.0,1241195.0
2025-06-18 11:11:53.218805,416.4,857011.0,1241155.0
2025-06-18 11:11:54.207164,416.4,857011.0,1241155.0
2025-06-18 11:11:56.197213,416.4,857011.0,1241155.0
2025-06-18 11:11:58.424253,416.4,857011.0,1241155.0
2025-06-18 11:11:58.449007,416.4,857648.0,1242212.0
2025-06-18 11:12:00.182920,416.4,857648.0,1242212.0
2025-06-18 11:12:02.335816,416.4,857648.0,1242212.0
2025-06-18 11:12:03.130876,416.4,859792.0,1242715.0
2025-06-18 11:12:04.184615,416.4,859792.0,1242715.0
2025-06-18 11:12:06.182207,416.4,859792.0,1242715.0
2025-06-18 11:12:07.828162,416.4,859084.0,1240867.0
2025-06-18 11:12:08.184449,416.4,859084.0,1240867.0
2025-06-18 11:12:10.192237,416.4,859084.0,1240867.0
2025-06-18 11:12:12.200023,416.4,859084.0,1240867.0
2025-06-18 11:12:12.933649,416.4,857642.0,1240186.0
2025-06-18 11:12:14.186222,416.45,857642.0,1240186.0
2025-06-18 11:12:16.184630,416.45,857642.0,1240186.0
2025-06-18 11:12:18.213549,416.45,857642.0,1240186.0
2025-06-18 11:12:18.238981,416.45,857840.0,1238389.0
2025-06-18 11:12:20.180563,416.4,857840.0,1238389.0
2025-06-18 11:12:22.181130,416.35,857840.0,1238389.0
2025-06-18 11:12:23.342786,416.4,855610.0,1247501.0
2025-06-18 11:12:24.187834,416.4,855610.0,1247501.0
2025-06-18 11:12:26.185212,416.4,855610.0,1247501.0
2025-06-18 11:12:28.182648,416.4,855610.0,1247501.0
2025-06-18 11:12:28.272026,416.4,853783.0,1242175.0
2025-06-18 11:12:30.193249,416.4,853783.0,1242175.0
2025-06-18 11:12:32.208552,416.4,853783.0,1242175.0
2025-06-18 11:12:33.454612,416.4,854394.0,1243679.0
2025-06-18 11:12:34.186357,416.4,854394.0,1243679.0
2025-06-18 11:12:36.205183,416.4,854394.0,1243679.0
2025-06-18 11:12:38.190143,416.4,854394.0,1243679.0
2025-06-18 11:12:38.757233,416.35,854739.0,1243584.0
2025-06-18 11:12:40.186457,416.3,854739.0,1243584.0
2025-06-18 11:12:42.184746,416.35,854739.0,1243584.0
2025-06-18 11:12:43.759862,416.35,854593.0,1249120.0
2025-06-18 11:12:44.184073,416.35,854593.0,1249120.0
2025-06-18 11:12:46.183859,416.35,854593.0,1249120.0
2025-06-18 11:12:47.561539,416.35,854593.0,1249120.0
2025-06-18 11:12:48.186274,416.35,854593.0,1249120.0
2025-06-18 11:12:48.626618,416.35,854593.0,1249120.0
2025-06-18 11:12:48.764063,416.2,858006.0,1248892.0
2025-06-18 11:12:49.532313,416.2,858006.0,1248892.0
2025-06-18 11:12:50.188451,416.35,858006.0,1248892.0
2025-06-18 11:12:50.447040,416.35,858006.0,1248892.0
2025-06-18 11:12:51.304303,416.35,858006.0,1248892.0
2025-06-18 11:12:52.069582,416.35,858006.0,1248892.0
2025-06-18 11:12:52.185473,416.3,858006.0,1248892.0
2025-06-18 11:12:53.071804,416.3,858006.0,1248892.0
2025-06-18 11:12:54.042853,416.3,858006.0,1248892.0
2025-06-18 11:12:54.186707,416.3,858006.0,1248892.0
2025-06-18 11:12:54.466000,416.3,854532.0,1248781.0
2025-06-18 11:12:54.532588,416.3,854532.0,1248781.0
2025-06-18 11:12:55.766990,416.3,854532.0,1248781.0
2025-06-18 11:12:56.186888,416.3,854532.0,1248781.0
2025-06-18 11:12:57.009411,416.3,854532.0,1248781.0
2025-06-18 11:12:57.882620,416.3,854532.0,1248781.0
2025-06-18 11:12:58.190939,416.3,854532.0,1248781.0
2025-06-18 11:12:59.287478,416.3,854532.0,1248781.0
2025-06-18 11:12:59.974451,416.3,855548.0,1250305.0
2025-06-18 11:13:00.195322,416.3,855548.0,1250305.0
2025-06-18 11:13:00.399817,416.3,855548.0,1250305.0
2025-06-18 11:13:01.572258,416.3,855548.0,1250305.0
2025-06-18 11:13:02.185100,416.3,855548.0,1250305.0
2025-06-18 11:13:03.033609,416.3,855548.0,1250305.0
2025-06-18 11:13:04.189717,416.3,855548.0,1250305.0
2025-06-18 11:13:04.872647,416.3,856042.0,1250171.0
2025-06-18 11:13:06.186886,416.3,856042.0,1250171.0
2025-06-18 11:13:08.185783,416.35,856042.0,1250171.0
2025-06-18 11:13:09.879131,416.3,854180.0,1248628.0
2025-06-18 11:13:10.186341,416.35,854180.0,1248628.0
2025-06-18 11:13:12.189682,416.35,854180.0,1248628.0
2025-06-18 11:13:14.188007,416.35,854180.0,1248628.0
2025-06-18 11:13:14.580188,416.35,854061.0,1247124.0
2025-06-18 11:13:16.192617,416.35,854061.0,1247124.0
2025-06-18 11:13:18.193425,416.35,854061.0,1247124.0
2025-06-18 11:13:19.482413,416.3,852885.0,1250570.0
2025-06-18 11:13:20.189277,416.15,852885.0,1250570.0
2025-06-18 11:13:22.192756,416.3,852885.0,1250570.0
2025-06-18 11:13:24.190141,416.35,852885.0,1250570.0
2025-06-18 11:13:24.389778,416.35,850534.0,1251692.0
2025-06-18 11:13:26.189284,416.35,850534.0,1251692.0
2025-06-18 11:13:28.189175,416.35,850534.0,1251692.0
2025-06-18 11:13:29.396031,416.35,851211.0,1250743.0
2025-06-18 11:13:30.192773,416.35,851211.0,1250743.0
2025-06-18 11:13:32.187844,416.3,851211.0,1250743.0
2025-06-18 11:13:34.192446,416.3,851211.0,1250743.0
2025-06-18 11:13:34.196327,416.3,851106.0,1252138.0
2025-06-18 11:13:36.190151,416.35,851106.0,1252138.0
2025-06-18 11:13:38.188365,416.35,851106.0,1252138.0
2025-06-18 11:13:39.494506,416.2,851820.0,1252230.0
2025-06-18 11:13:40.194110,416.2,851820.0,1252230.0
2025-06-18 11:13:42.190959,416.3,851820.0,1252230.0
2025-06-18 11:13:44.195481,416.35,851820.0,1252230.0
2025-06-18 11:13:44.598718,416.35,853919.0,1249522.0
2025-06-18 11:13:46.194315,416.35,853919.0,1249522.0
2025-06-18 11:13:48.190963,416.35,853919.0,1249522.0
2025-06-18 11:13:49.499936,416.35,854294.0,1246592.0
2025-06-18 11:13:50.202482,416.35,854294.0,1246592.0
2025-06-18 11:13:52.192334,416.35,854294.0,1246592.0
2025-06-18 11:13:54.193237,416.3,854294.0,1246592.0
2025-06-18 11:13:54.398863,416.2,856990.0,1248278.0
2025-06-18 11:13:56.192109,416.3,856990.0,1248278.0
2025-06-18 11:13:58.189843,416.35,856990.0,1248278.0
2025-06-18 11:13:59.905396,416.25,857793.0,1248236.0
2025-06-18 11:14:00.192538,416.25,857793.0,1248236.0
2025-06-18 11:14:02.191014,416.25,857793.0,1248236.0
2025-06-18 11:14:04.194968,416.3,857793.0,1248236.0
2025-06-18 11:14:04.706665,416.3,858854.0,1249543.0
2025-06-18 11:14:06.191324,416.35,858854.0,1249543.0
2025-06-18 11:14:08.194511,416.35,858854.0,1249543.0
2025-06-18 11:14:09.709851,416.25,864509.0,1248964.0
2025-06-18 11:14:10.193055,416.35,864509.0,1248964.0
2025-06-18 11:14:12.190645,416.35,864509.0,1248964.0
2025-06-18 11:14:14.195390,416.35,864509.0,1248964.0
2025-06-18 11:14:14.812268,416.35,863416.0,1247248.0
2025-06-18 11:14:16.202551,416.35,863416.0,1247248.0
2025-06-18 11:14:19.717594,416.35,865884.0,1245652.0
2025-06-18 11:14:20.191624,416.35,865884.0,1245652.0
2025-06-18 11:14:22.239812,416.35,865884.0,1245652.0
2025-06-18 11:14:24.199182,416.35,865884.0,1245652.0
2025-06-18 11:14:24.544626,416.3,866415.0,1245507.0
2025-06-18 11:14:26.192834,416.35,866415.0,1245507.0
2025-06-18 11:14:28.194001,416.35,866415.0,1245507.0
2025-06-18 11:14:29.828891,416.4,865105.0,1246672.0
2025-06-18 11:14:30.194387,416.4,865105.0,1246672.0
2025-06-18 11:14:32.204896,416.4,865105.0,1246672.0
2025-06-18 11:14:34.201803,416.4,865105.0,1246672.0
2025-06-18 11:14:35.128611,416.4,865678.0,1246753.0
2025-06-18 11:14:36.196683,416.4,865678.0,1246753.0
2025-06-18 11:14:38.197223,416.4,865678.0,1246753.0
2025-06-18 11:14:40.193905,416.25,865678.0,1246753.0
2025-06-18 11:14:40.231220,416.25,867853.0,1245009.0
2025-06-18 11:14:42.191087,416.4,867853.0,1245009.0
2025-06-18 11:14:44.192042,416.4,867853.0,1245009.0
2025-06-18 11:14:45.438977,416.4,868566.0,1245131.0
2025-06-18 11:14:46.197111,416.4,868566.0,1245131.0
2025-06-18 11:14:48.197754,416.45,868566.0,1245131.0
2025-06-18 11:14:50.201444,416.45,868566.0,1245131.0
2025-06-18 11:14:50.949746,416.4,867501.0,1246603.0
2025-06-18 11:14:52.215624,416.45,867501.0,1246603.0
2025-06-18 11:14:54.192864,416.45,867501.0,1246603.0
2025-06-18 11:14:56.197000,416.4,867501.0,1246603.0
2025-06-18 11:14:56.447200,416.4,865054.0,1247450.0
2025-06-18 11:14:58.213804,416.4,865054.0,1247450.0
2025-06-18 11:15:00.193853,416.25,865054.0,1247450.0
2025-06-18 11:15:01.750615,416.25,866356.0,1248486.0
2025-06-18 11:15:02.198527,416.35,866356.0,1248486.0
2025-06-18 11:15:04.197205,416.35,866356.0,1248486.0
2025-06-18 11:15:06.958284,416.35,866356.0,1248486.0
2025-06-18 11:15:06.965688,416.35,865589.0,1251360.0
2025-06-18 11:15:08.195732,416.4,865589.0,1251360.0
2025-06-18 11:15:10.513396,416.4,865589.0,1251360.0
2025-06-18 11:15:12.198047,416.4,865589.0,1251360.0
2025-06-18 11:15:12.258012,416.4,866223.0,1251891.0
2025-06-18 11:15:14.208200,416.4,866223.0,1251891.0
2025-06-18 11:15:16.205408,416.4,866223.0,1251891.0
2025-06-18 11:15:17.259640,416.4,866164.0,1252476.0
2025-06-18 11:15:18.199883,416.4,866164.0,1252476.0
2025-06-18 11:15:20.200013,416.4,866164.0,1252476.0
2025-06-18 11:15:22.163651,416.4,867346.0,1251935.0
2025-06-18 11:15:22.198195,416.4,867346.0,1251935.0
2025-06-18 11:15:24.200665,416.35,867346.0,1251935.0
2025-06-18 11:15:26.199821,416.35,867346.0,1251935.0
2025-06-18 11:15:27.366023,416.35,866310.0,1253043.0
2025-06-18 11:15:28.207773,416.4,866310.0,1253043.0
2025-06-18 11:15:30.199627,416.35,866310.0,1253043.0
2025-06-18 11:15:32.200249,416.35,866310.0,1253043.0
2025-06-18 11:15:33.071100,416.35,868707.0,1251151.0
2025-06-18 11:15:34.215190,416.35,868707.0,1251151.0
2025-06-18 11:15:36.198049,416.35,868707.0,1251151.0
2025-06-18 11:15:38.212426,416.35,868707.0,1251151.0
2025-06-18 11:15:38.376897,416.35,867031.0,1254840.0
2025-06-18 11:15:40.198851,416.4,867031.0,1254840.0
2025-06-18 11:15:42.199994,416.4,867031.0,1254840.0
2025-06-18 11:15:43.479667,416.4,867633.0,1255868.0
2025-06-18 11:15:44.204568,416.4,867633.0,1255868.0
2025-06-18 11:15:46.216994,416.4,867633.0,1255868.0
2025-06-18 11:15:48.068114,416.4,867633.0,1255868.0
2025-06-18 11:15:48.202244,416.4,867633.0,1255868.0
2025-06-18 11:15:48.882021,416.4,868582.0,1253500.0
2025-06-18 11:15:49.093765,416.4,868582.0,1253500.0
2025-06-18 11:15:50.203312,416.4,868582.0,1253500.0
2025-06-18 11:15:50.936477,416.4,868582.0,1253500.0
2025-06-18 11:15:51.778679,416.4,868582.0,1253500.0
2025-06-18 11:15:52.201140,416.4,868582.0,1253500.0
2025-06-18 11:15:52.562963,416.4,868582.0,1253500.0
2025-06-18 11:15:53.565766,416.4,868582.0,1253500.0
2025-06-18 11:15:54.125890,416.4,868582.0,1253500.0
2025-06-18 11:15:54.200472,416.4,868582.0,1253500.0
2025-06-18 11:15:54.385872,416.4,869590.0,1254354.0
2025-06-18 11:15:54.535277,416.4,869590.0,1254354.0
2025-06-18 11:15:55.029759,416.4,869590.0,1254354.0
2025-06-18 11:15:56.203382,416.4,869590.0,1254354.0
2025-06-18 11:15:56.291253,416.4,869590.0,1254354.0
2025-06-18 11:15:57.547279,416.4,869590.0,1254354.0
2025-06-18 11:15:58.245690,416.4,869590.0,1254354.0
2025-06-18 11:15:58.408607,416.4,869590.0,1254354.0
2025-06-18 11:15:59.587852,416.25,871455.0,1250855.0
2025-06-18 11:16:00.106513,416.25,871455.0,1250855.0
2025-06-18 11:16:00.197801,416.25,871455.0,1250855.0
2025-06-18 11:16:01.248154,416.25,871455.0,1250855.0
2025-06-18 11:16:02.202841,416.35,871455.0,1250855.0
2025-06-18 11:16:02.386337,416.35,871455.0,1250855.0
2025-06-18 11:16:03.881779,416.35,871455.0,1250855.0
2025-06-18 11:16:04.199857,416.4,871455.0,1250855.0
2025-06-18 11:16:04.890436,416.4,868999.0,1250244.0
2025-06-18 11:16:06.200659,416.4,868999.0,1250244.0
2025-06-18 11:16:08.729383,416.4,868999.0,1250244.0
2025-06-18 11:16:10.436501,416.4,872374.0,1249182.0
2025-06-18 11:16:10.445486,416.4,872374.0,1249182.0
2025-06-18 11:16:12.204918,416.4,872374.0,1249182.0
2025-06-18 11:16:14.201155,416.4,872374.0,1249182.0
2025-06-18 11:16:15.596481,416.4,870393.0,1252300.0
2025-06-18 11:16:16.214280,416.4,870393.0,1252300.0
2025-06-18 11:16:18.208017,416.4,870393.0,1252300.0
2025-06-18 11:16:20.207851,416.2,870393.0,1252300.0
2025-06-18 11:16:20.799116,416.15,872588.0,1255360.0
2025-06-18 11:16:22.212713,416.35,872588.0,1255360.0
2025-06-18 11:16:24.207604,416.35,872588.0,1255360.0
2025-06-18 11:16:25.904952,416.1,871974.0,1252635.0
2025-06-18 11:16:26.204912,416.35,871974.0,1252635.0
2025-06-18 11:16:28.207442,416.3,871974.0,1252635.0
2025-06-18 11:16:30.231124,416.3,871974.0,1252635.0
2025-06-18 11:16:30.713933,416.3,871720.0,1254030.0
2025-06-18 11:16:32.206553,416.3,871720.0,1254030.0
2025-06-18 11:16:34.217554,416.3,871720.0,1254030.0
2025-06-18 11:16:36.330652,416.3,870149.0,1253706.0
2025-06-18 11:16:36.369481,416.3,870149.0,1253706.0
2025-06-18 11:16:38.238529,416.35,870149.0,1253706.0
2025-06-18 11:16:40.330205,416.3,870149.0,1253706.0
2025-06-18 11:16:41.314550,416.3,869936.0,1255117.0
2025-06-18 11:16:42.212380,416.3,869936.0,1255117.0
2025-06-18 11:16:44.205561,416.35,869936.0,1255117.0
2025-06-18 11:16:46.207858,416.35,869936.0,1255117.0
2025-06-18 11:16:46.420633,416.35,870799.0,1256836.0
2025-06-18 11:16:48.220455,416.35,870799.0,1256836.0
2025-06-18 11:16:50.209558,416.3,870799.0,1256836.0
2025-06-18 11:16:51.521741,416.3,869079.0,1254863.0
2025-06-18 11:16:52.221194,416.3,869079.0,1254863.0
2025-06-18 11:16:54.207206,416.3,869079.0,1254863.0
2025-06-18 11:16:56.210103,416.3,869079.0,1254863.0
2025-06-18 11:16:56.722608,416.3,868572.0,1255081.0
2025-06-18 11:16:58.210728,416.3,868572.0,1255081.0
2025-06-18 11:17:00.451873,416.15,868572.0,1255081.0
2025-06-18 11:17:01.827643,416.3,869262.0,1254891.0
2025-06-18 11:17:02.213141,416.3,869262.0,1254891.0
2025-06-18 11:17:04.214468,416.3,869262.0,1254891.0
2025-06-18 11:17:06.214314,416.3,869262.0,1254891.0
2025-06-18 11:17:06.928132,416.3,869656.0,1255687.0
2025-06-18 11:17:08.209059,416.3,869656.0,1255687.0
2025-06-18 11:17:10.214953,416.3,869656.0,1255687.0
2025-06-18 11:17:12.031426,416.2,869375.0,1255052.0
2025-06-18 11:17:12.213902,416.3,869375.0,1255052.0
2025-06-18 11:17:14.212580,416.3,869375.0,1255052.0
2025-06-18 11:17:16.209142,416.3,869375.0,1255052.0
2025-06-18 11:17:17.136556,416.2,868818.0,1255122.0
2025-06-18 11:17:18.248366,416.3,868818.0,1255122.0
2025-06-18 11:17:20.214484,416.3,868818.0,1255122.0
2025-06-18 11:17:22.213852,416.3,868818.0,1255122.0
2025-06-18 11:17:22.337555,416.3,869391.0,1256436.0
2025-06-18 11:17:24.214443,416.3,869391.0,1256436.0
2025-06-18 11:17:26.212223,416.3,869391.0,1256436.0
2025-06-18 11:17:27.442674,416.3,870284.0,1256563.0
2025-06-18 11:17:28.212304,416.3,870284.0,1256563.0
2025-06-18 11:17:30.213020,416.3,870284.0,1256563.0
2025-06-18 11:17:32.212638,416.3,870284.0,1256563.0
2025-06-18 11:17:32.547523,416.3,870606.0,1256082.0
2025-06-18 11:17:34.211906,416.3,870606.0,1256082.0
2025-06-18 11:17:36.213472,416.25,870606.0,1256082.0
2025-06-18 11:17:37.551414,416.25,869301.0,1254572.0
2025-06-18 11:17:38.215423,416.25,869301.0,1254572.0
2025-06-18 11:17:40.215588,416.15,869301.0,1254572.0
2025-06-18 11:17:42.213467,416.25,869301.0,1254572.0
2025-06-18 11:17:42.759548,416.1,872837.0,1258161.0
2025-06-18 11:17:44.212047,416.25,872837.0,1258161.0
2025-06-18 11:17:46.218296,416.3,872837.0,1258161.0
2025-06-18 11:17:47.560632,416.3,872298.0,1255552.0
2025-06-18 11:17:48.213757,416.3,872298.0,1255552.0
2025-06-18 11:17:50.218092,416.3,872298.0,1255552.0
2025-06-18 11:17:52.212556,416.3,872298.0,1255552.0
2025-06-18 11:17:52.258848,416.3,871281.0,1257015.0
2025-06-18 11:17:54.215836,416.3,871281.0,1257015.0
2025-06-18 11:17:56.211297,416.3,871281.0,1257015.0
2025-06-18 11:17:56.863810,416.1,871525.0,1256594.0
2025-06-18 11:17:58.210978,416.3,871525.0,1256594.0
2025-06-18 11:18:00.238658,416.25,871525.0,1256594.0
2025-06-18 11:18:01.466697,416.1,866502.0,1259855.0
2025-06-18 11:18:02.247786,416.25,866502.0,1259855.0
2025-06-18 11:18:04.216930,416.25,866502.0,1259855.0
2025-06-18 11:18:06.217652,416.25,866502.0,1259855.0
2025-06-18 11:18:06.267975,416.25,867773.0,1262037.0
2025-06-18 11:18:08.235706,416.25,867773.0,1262037.0
2025-06-18 11:18:10.492334,416.2,867773.0,1262037.0
2025-06-18 11:18:11.107673,415.7,807893.0,1268118.0
2025-06-18 11:18:13.241589,415.9,807893.0,1268118.0
2025-06-18 11:18:16.876813,415.9,815956.0,1267457.0
2025-06-18 11:18:17.208472,415.9,815956.0,1267457.0
2025-06-18 11:18:19.215222,416.0,815956.0,1267457.0
2025-06-18 11:18:21.266712,415.9,815956.0,1267457.0
2025-06-18 11:18:22.678892,416.0,831141.0,1265869.0
2025-06-18 11:18:23.210082,415.9,831141.0,1265869.0
2025-06-18 11:18:25.214830,415.95,831141.0,1265869.0
2025-06-18 11:18:27.211500,415.95,831141.0,1265869.0
2025-06-18 11:18:27.882115,415.8,834333.0,1268488.0
2025-06-18 11:18:29.229738,415.95,834333.0,1268488.0
2025-06-18 11:18:31.214118,415.95,834333.0,1268488.0
2025-06-18 11:18:32.986124,415.95,834244.0,1266654.0
2025-06-18 11:18:33.241444,415.95,834244.0,1266654.0
2025-06-18 11:18:35.218020,415.95,834244.0,1266654.0
2025-06-18 11:18:37.219029,415.95,834244.0,1266654.0
2025-06-18 11:18:38.188130,415.95,834784.0,1266121.0
2025-06-18 11:18:39.214949,415.95,834784.0,1266121.0
2025-06-18 11:18:41.212953,415.95,834784.0,1266121.0
2025-06-18 11:18:43.109515,415.95,832568.0,1269278.0
2025-06-18 11:18:43.216878,415.95,832568.0,1269278.0
2025-06-18 11:18:45.211325,415.95,832568.0,1269278.0
2025-06-18 11:18:47.233962,415.95,832568.0,1269278.0
2025-06-18 11:18:47.790345,415.95,832107.0,1272994.0
2025-06-18 11:18:48.506574,415.95,832107.0,1272994.0
2025-06-18 11:18:49.216063,415.95,832107.0,1272994.0
2025-06-18 11:18:49.549512,415.95,832107.0,1272994.0
2025-06-18 11:18:50.459345,415.95,832107.0,1272994.0
2025-06-18 11:18:51.211970,415.95,832107.0,1272994.0
2025-06-18 11:18:51.402025,415.95,832107.0,1272994.0
2025-06-18 11:18:52.249162,415.95,832107.0,1272994.0
2025-06-18 11:18:52.394039,415.95,831433.0,1272588.0
2025-06-18 11:18:53.036538,415.95,831433.0,1272588.0
2025-06-18 11:18:53.214740,415.95,831433.0,1272588.0
2025-06-18 11:18:54.046968,415.95,831433.0,1272588.0
2025-06-18 11:18:55.032874,415.95,831433.0,1272588.0
2025-06-18 11:18:55.212534,415.95,831433.0,1272588.0
2025-06-18 11:18:55.516679,415.95,831433.0,1272588.0
2025-06-18 11:18:56.779717,415.95,831433.0,1272588.0
2025-06-18 11:18:57.197566,415.95,832767.0,1272912.0
2025-06-18 11:18:57.216392,415.95,832767.0,1272912.0
2025-06-18 11:18:58.030156,415.95,832767.0,1272912.0
2025-06-18 11:18:59.215388,415.95,832767.0,1272912.0
2025-06-18 11:19:00.282698,415.95,832767.0,1272912.0
2025-06-18 11:19:01.218343,415.95,832767.0,1272912.0
2025-06-18 11:19:01.562050,415.95,832767.0,1272912.0
2025-06-18 11:19:01.898915,415.95,849005.0,1255298.0
2025-06-18 11:19:02.214022,416.1,849005.0,1255298.0
2025-06-18 11:19:02.710603,416.1,849005.0,1255298.0
2025-06-18 11:19:02.993892,416.0,853904.0,1250585.0
2025-06-18 11:19:03.213050,416.1,853904.0,1250585.0
2025-06-18 11:19:03.998209,416.15,853491.0,1255154.0
2025-06-18 11:19:04.185428,416.15,853491.0,1255154.0
2025-06-18 11:19:04.221748,416.15,853491.0,1255154.0
2025-06-18 11:19:04.899384,416.15,852489.0,1254825.0
2025-06-18 11:19:05.214725,416.15,852489.0,1254825.0
2025-06-18 11:19:06.210798,416.15,852489.0,1254825.0
2025-06-18 11:19:06.298949,416.15,853116.0,1254636.0
2025-06-18 11:19:07.215743,416.15,853116.0,1254636.0
2025-06-18 11:19:07.298795,416.15,852104.0,1253608.0
2025-06-18 11:19:08.215275,416.15,852104.0,1253608.0
2025-06-18 11:19:08.299314,416.15,851414.0,1255639.0
2025-06-18 11:19:09.211249,416.1,851414.0,1255639.0
2025-06-18 11:19:09.400557,416.1,850055.0,1258082.0
2025-06-18 11:19:10.213182,416.1,850055.0,1258082.0
2025-06-18 11:19:10.401691,416.1,850310.0,1258187.0
2025-06-18 11:19:11.211231,416.1,850310.0,1258187.0
2025-06-18 11:19:11.401268,416.1,848462.0,1258090.0
2025-06-18 11:19:12.209881,416.1,848462.0,1258090.0
2025-06-18 11:19:12.502544,416.1,847936.0,1258020.0
2025-06-18 11:19:13.219113,416.1,847936.0,1258020.0
2025-06-18 11:19:13.701629,416.1,848142.0,1257345.0
2025-06-18 11:19:14.211209,416.1,848142.0,1257345.0
2025-06-18 11:19:14.802043,416.1,849545.0,1257047.0
2025-06-18 11:19:15.210816,416.1,849545.0,1257047.0
2025-06-18 11:19:15.805051,416.1,849013.0,1256300.0
2025-06-18 11:19:16.214225,416.1,849013.0,1256300.0
2025-06-18 11:19:16.807194,416.1,849015.0,1256261.0
2025-06-18 11:19:17.213249,416.1,849015.0,1256261.0
2025-06-18 11:19:17.808209,416.0,849066.0,1256278.0
2025-06-18 11:19:18.213130,416.1,849066.0,1256278.0
2025-06-18 11:19:18.807587,416.0,839015.0,1262417.0
2025-06-18 11:19:19.212423,416.0,839015.0,1262417.0
2025-06-18 11:19:19.808425,415.9,840583.0,1261470.0
2025-06-18 11:19:20.213701,416.0,840583.0,1261470.0
2025-06-18 11:19:20.711121,416.0,841429.0,1266227.0
2025-06-18 11:19:21.212731,416.0,841429.0,1266227.0
2025-06-18 11:19:21.809272,416.0,842532.0,1266386.0
2025-06-18 11:19:22.215562,416.0,842532.0,1266386.0
2025-06-18 11:19:22.810641,416.0,842582.0,1265971.0
2025-06-18 11:19:23.213938,416.0,842582.0,1265971.0
2025-06-18 11:19:23.811008,416.0,842211.0,1265814.0
2025-06-18 11:19:24.216118,416.0,842211.0,1265814.0
2025-06-18 11:19:24.913908,415.9,841899.0,1269659.0
2025-06-18 11:19:25.212862,415.95,841899.0,1269659.0
2025-06-18 11:19:26.014435,415.95,841676.0,1269290.0
2025-06-18 11:19:26.216699,415.95,841676.0,1269290.0
2025-06-18 11:19:27.011369,415.95,841450.0,1268794.0
2025-06-18 11:19:27.215865,415.95,841450.0,1268794.0
2025-06-18 11:19:28.112897,415.95,840560.0,1267661.0
2025-06-18 11:19:28.217928,415.95,840560.0,1267661.0
2025-06-18 11:19:29.212936,415.95,840560.0,1267661.0
2025-06-18 11:19:29.221536,415.95,842210.0,1267264.0
2025-06-18 11:19:30.216353,416.0,842210.0,1267264.0
2025-06-18 11:19:30.313227,416.0,839944.0,1266917.0
2025-06-18 11:19:31.216749,416.0,839944.0,1266917.0
2025-06-18 11:19:31.315189,416.0,842267.0,1268071.0
2025-06-18 11:19:32.209623,416.0,842267.0,1268071.0
2025-06-18 11:19:32.316873,416.05,845014.0,1268525.0
2025-06-18 11:19:33.210761,416.05,845014.0,1268525.0
2025-06-18 11:19:33.315233,416.05,845047.0,1267878.0
2025-06-18 11:19:34.243393,416.05,845047.0,1267878.0
2025-06-18 11:19:34.323556,416.05,848937.0,1259658.0
2025-06-18 11:19:35.216252,416.05,848937.0,1259658.0
2025-06-18 11:19:35.315907,416.05,849939.0,1258537.0
2025-06-18 11:19:36.216201,416.05,849939.0,1258537.0
2025-06-18 11:19:36.314525,416.05,847917.0,1259779.0
2025-06-18 11:19:37.216516,416.1,847917.0,1259779.0
2025-06-18 11:19:37.419361,416.1,845631.0,1260066.0
2025-06-18 11:19:38.235386,416.1,845631.0,1260066.0
2025-06-18 11:19:38.516652,416.1,847015.0,1259462.0
2025-06-18 11:19:39.223405,416.1,847015.0,1259462.0
2025-06-18 11:19:39.619012,416.1,847612.0,1261187.0
2025-06-18 11:19:40.217603,416.1,847612.0,1261187.0
2025-06-18 11:19:40.521765,416.1,849489.0,1260668.0
2025-06-18 11:19:41.213835,416.1,849489.0,1260668.0
2025-06-18 11:19:41.519291,416.1,850289.0,1256702.0
2025-06-18 11:19:42.257634,416.15,850289.0,1256702.0
2025-06-18 11:19:42.521363,416.15,850385.0,1257588.0
2025-06-18 11:19:43.234349,416.15,850385.0,1257588.0
2025-06-18 11:19:43.630947,416.15,849566.0,1257490.0
2025-06-18 11:19:44.222067,416.15,849566.0,1257490.0
2025-06-18 11:19:44.620405,416.15,850133.0,1257692.0
2025-06-18 11:19:45.210493,416.15,850133.0,1257692.0
2025-06-18 11:19:45.522024,416.0,848412.0,1257558.0
2025-06-18 11:19:46.215061,416.15,848412.0,1257558.0
2025-06-18 11:19:46.622217,416.15,849950.0,1257293.0
2025-06-18 11:19:47.215823,416.15,849950.0,1257293.0
2025-06-18 11:19:47.628019,416.15,850385.0,1257296.0
2025-06-18 11:19:48.221114,416.15,850385.0,1257296.0
2025-06-18 11:19:48.627699,416.15,847254.0,1255625.0
2025-06-18 11:19:49.268504,416.15,847254.0,1255625.0
2025-06-18 11:19:49.629750,416.15,848458.0,1256201.0
2025-06-18 11:19:50.224066,416.15,848458.0,1256201.0
2025-06-18 11:19:50.631945,416.15,848459.0,1255906.0
2025-06-18 11:19:51.222807,416.15,848459.0,1255906.0
2025-06-18 11:19:51.628352,416.15,847453.0,1256842.0
2025-06-18 11:19:52.216559,416.15,847453.0,1256842.0
2025-06-18 11:19:52.626812,416.15,847078.0,1254697.0
2025-06-18 11:19:53.221546,416.15,847078.0,1254697.0
2025-06-18 11:19:53.627284,416.15,847078.0,1254765.0
2025-06-18 11:19:54.212339,416.15,847078.0,1254765.0
2025-06-18 11:19:54.628920,416.15,847185.0,1254680.0
2025-06-18 11:19:55.217469,416.15,847185.0,1254680.0
2025-06-18 11:19:55.630245,416.15,846814.0,1254620.0
2025-06-18 11:19:56.209817,416.15,846814.0,1254620.0
2025-06-18 11:19:57.014191,416.15,846505.0,1254283.0
2025-06-18 11:19:57.214727,416.15,846505.0,1254283.0
2025-06-18 11:19:57.632980,416.15,846948.0,1253492.0
2025-06-18 11:19:58.216785,416.15,846948.0,1253492.0
2025-06-18 11:20:00.434190,416.15,844807.0,1256225.0
2025-06-18 11:20:00.482390,416.0,844807.0,1256225.0
2025-06-18 11:20:00.513065,416.2,845178.0,1257470.0
2025-06-18 11:20:00.519386,416.15,845178.0,1257470.0
2025-06-18 11:20:00.734989,416.15,844656.0,1255888.0
2025-06-18 11:20:01.227274,416.15,844656.0,1255888.0
2025-06-18 11:20:03.220923,416.15,844656.0,1255888.0
2025-06-18 11:20:03.536687,416.2,847806.0,1267470.0
2025-06-18 11:20:05.225697,416.2,847806.0,1267470.0
2025-06-18 11:20:06.216759,416.2,847806.0,1267470.0
2025-06-18 11:20:07.218677,416.15,847806.0,1267470.0
2025-06-18 11:20:08.217641,416.15,847806.0,1267470.0
2025-06-18 11:20:08.344353,416.15,848455.0,1267665.0
2025-06-18 11:20:09.218549,416.15,848455.0,1267665.0
2025-06-18 11:20:10.218040,416.15,848455.0,1267665.0
2025-06-18 11:20:11.217194,416.15,848455.0,1267665.0
2025-06-18 11:20:12.217786,416.15,848455.0,1267665.0
2025-06-18 11:20:12.947181,416.15,848449.0,1263780.0
2025-06-18 11:20:13.221728,416.15,848449.0,1263780.0
2025-06-18 11:20:14.214224,416.15,848449.0,1263780.0
2025-06-18 11:20:15.213421,416.15,848449.0,1263780.0
2025-06-18 11:20:16.218608,416.15,848449.0,1263780.0
2025-06-18 11:20:17.219383,416.15,848449.0,1263780.0
2025-06-18 11:20:17.655825,416.0,848725.0,1262740.0
2025-06-18 11:20:18.223865,416.15,848725.0,1262740.0
2025-06-18 11:20:19.244992,416.15,848725.0,1262740.0
2025-06-18 11:20:20.220428,416.15,848725.0,1262740.0
2025-06-18 11:20:21.236678,416.15,848725.0,1262740.0
2025-06-18 11:20:22.217701,416.15,848725.0,1262740.0
2025-06-18 11:20:22.553939,416.15,848320.0,1265980.0
2025-06-18 11:20:23.250799,416.2,848320.0,1265980.0
2025-06-18 11:20:24.216304,416.2,848320.0,1265980.0
2025-06-18 11:20:25.217143,416.2,848320.0,1265980.0
2025-06-18 11:20:26.217423,416.2,848320.0,1265980.0
2025-06-18 11:20:27.218891,416.2,848320.0,1265980.0
2025-06-18 11:20:27.758913,416.1,849401.0,1262528.0
2025-06-18 11:20:28.217014,416.1,849401.0,1262528.0
2025-06-18 11:20:29.224706,416.05,849401.0,1262528.0
2025-06-18 11:20:30.224455,416.25,849401.0,1262528.0
2025-06-18 11:20:31.219429,416.15,849401.0,1262528.0
2025-06-18 11:20:32.222515,416.15,849401.0,1262528.0
2025-06-18 11:20:32.715614,416.15,854311.0,1263953.0
2025-06-18 11:20:33.216544,416.1,854311.0,1263953.0
2025-06-18 11:20:34.222427,416.15,854311.0,1263953.0
2025-06-18 11:20:35.218148,416.2,854311.0,1263953.0
2025-06-18 11:20:36.222135,416.2,854311.0,1263953.0
2025-06-18 11:20:37.218977,416.2,854311.0,1263953.0
2025-06-18 11:20:37.567477,416.15,852247.0,1267886.0
2025-06-18 11:20:38.218677,416.15,852247.0,1267886.0
2025-06-18 11:20:39.216608,416.0,852247.0,1267886.0
2025-06-18 11:20:40.227230,415.95,852247.0,1267886.0
2025-06-18 11:20:41.218454,415.9,852247.0,1267886.0
2025-06-18 11:20:42.219613,416.05,852247.0,1267886.0
2025-06-18 11:20:42.367335,416.05,848568.0,1273406.0
2025-06-18 11:20:43.238334,416.0,848568.0,1273406.0
2025-06-18 11:20:44.227922,416.0,848568.0,1273406.0
2025-06-18 11:20:45.220926,416.0,848568.0,1273406.0
2025-06-18 11:20:46.220191,416.0,848568.0,1273406.0
2025-06-18 11:20:47.295280,416.0,848568.0,1273406.0
2025-06-18 11:20:47.371969,416.0,845906.0,1274129.0
2025-06-18 11:20:48.218002,416.05,845906.0,1274129.0
2025-06-18 11:20:49.219061,416.05,845906.0,1274129.0
2025-06-18 11:20:50.225032,416.0,845906.0,1274129.0
2025-06-18 11:20:52.215962,416.2,845906.0,1274129.0
2025-06-18 11:20:52.374194,416.2,857470.0,1256100.0
2025-06-18 11:20:53.223014,416.2,857470.0,1256100.0
2025-06-18 11:20:54.224758,416.2,857470.0,1256100.0
2025-06-18 11:20:55.219814,416.2,857470.0,1256100.0
2025-06-18 11:20:56.256513,416.2,857470.0,1256100.0
2025-06-18 11:20:57.225548,416.2,857470.0,1256100.0
2025-06-18 11:20:57.486316,416.2,857931.0,1259418.0
2025-06-18 11:20:58.223988,416.2,857931.0,1259418.0
2025-06-18 11:20:59.220816,416.05,857931.0,1259418.0
2025-06-18 11:21:00.222263,416.2,857931.0,1259418.0
2025-06-18 11:21:01.224765,416.2,857931.0,1259418.0
2025-06-18 11:21:02.213162,416.2,857931.0,1259418.0
2025-06-18 11:21:02.876827,416.2,855767.0,1265379.0
2025-06-18 11:21:03.236869,416.2,855767.0,1265379.0
2025-06-18 11:21:03.777460,416.2,855770.0,1267133.0
2025-06-18 11:21:04.216981,416.1,855770.0,1267133.0
2025-06-18 11:21:04.678876,416.1,855754.0,1266585.0
2025-06-18 11:21:05.215659,416.1,855754.0,1266585.0
2025-06-18 11:21:05.777322,416.1,856513.0,1267074.0
2025-06-18 11:21:06.210709,416.1,856513.0,1267074.0
2025-06-18 11:21:06.879518,416.1,855754.0,1268319.0
2025-06-18 11:21:07.211074,416.05,855754.0,1268319.0
2025-06-18 11:21:07.983145,416.1,854798.0,1268014.0
2025-06-18 11:21:08.214095,416.1,854798.0,1268014.0
2025-06-18 11:21:08.983479,416.2,855716.0,1267262.0
2025-06-18 11:21:09.215572,416.2,855716.0,1267262.0
2025-06-18 11:21:09.983740,416.2,854926.0,1267206.0
2025-06-18 11:21:10.213232,416.2,854926.0,1267206.0
2025-06-18 11:21:10.988216,416.05,855360.0,1243716.0
2025-06-18 11:21:11.217679,416.2,855360.0,1243716.0
2025-06-18 11:21:12.084921,416.2,861340.0,1256002.0
2025-06-18 11:21:12.213435,416.2,861340.0,1256002.0
2025-06-18 11:21:13.188098,416.2,861879.0,1255821.0
2025-06-18 11:21:13.248619,416.2,861879.0,1255821.0
2025-06-18 11:21:14.212441,416.2,861879.0,1255821.0
2025-06-18 11:21:14.286966,416.2,860045.0,1254973.0
2025-06-18 11:21:15.187269,416.2,860530.0,1254865.0
2025-06-18 11:21:15.232472,416.2,860530.0,1254865.0
2025-06-18 11:21:16.190222,416.15,852831.0,1264641.0
2025-06-18 11:21:16.217712,416.15,852831.0,1264641.0
2025-06-18 11:21:17.259471,416.15,852831.0,1264641.0
2025-06-18 11:21:17.289393,416.15,851403.0,1264881.0
2025-06-18 11:21:18.217992,416.15,851403.0,1264881.0
2025-06-18 11:21:18.391801,416.15,852899.0,1265386.0
2025-06-18 11:21:19.214678,416.15,852899.0,1265386.0
2025-06-18 11:21:19.287593,416.15,852646.0,1266195.0
2025-06-18 11:21:20.216300,416.15,852646.0,1266195.0
2025-06-18 11:21:20.289462,416.15,854542.0,1263729.0
2025-06-18 11:21:21.224639,416.15,854542.0,1263729.0
2025-06-18 11:21:21.288541,416.15,855253.0,1265642.0
2025-06-18 11:21:22.217331,416.15,855253.0,1265642.0
2025-06-18 11:21:22.388795,416.15,855520.0,1266879.0
2025-06-18 11:21:23.212793,416.15,855520.0,1266879.0
2025-06-18 11:21:23.488255,416.15,855729.0,1267181.0
2025-06-18 11:21:24.216707,416.15,855729.0,1267181.0
2025-06-18 11:21:24.388241,416.15,855328.0,1266409.0
2025-06-18 11:21:25.213139,416.15,855328.0,1266409.0
2025-06-18 11:21:25.490771,416.15,855329.0,1267816.0
2025-06-18 11:21:26.218857,416.15,855329.0,1267816.0
2025-06-18 11:21:26.592901,416.15,855484.0,1267262.0
2025-06-18 11:21:27.226809,416.0,855484.0,1267262.0
2025-06-18 11:21:27.596244,416.0,857919.0,1247235.0
2025-06-18 11:21:28.216765,416.15,857919.0,1247235.0
2025-06-18 11:21:28.599713,416.15,857314.0,1253844.0
2025-06-18 11:21:29.214593,416.15,857314.0,1253844.0
2025-06-18 11:21:29.595546,416.15,857289.0,1256691.0
2025-06-18 11:21:30.217439,416.15,857289.0,1256691.0
2025-06-18 11:21:30.692215,416.15,855691.0,1262963.0
2025-06-18 11:21:31.216133,416.15,855691.0,1262963.0
2025-06-18 11:21:31.793793,416.15,856225.0,1262305.0
2025-06-18 11:21:32.213036,416.15,856225.0,1262305.0
2025-06-18 11:21:32.795181,416.15,856577.0,1262910.0
2025-06-18 11:21:33.217647,416.15,856577.0,1262910.0
2025-06-18 11:21:33.795282,416.15,856578.0,1262632.0
2025-06-18 11:21:34.218315,416.15,856578.0,1262632.0
2025-06-18 11:21:34.794304,416.15,856583.0,1262561.0
2025-06-18 11:21:35.217092,416.0,856583.0,1262561.0
2025-06-18 11:21:35.796156,416.15,856476.0,1265311.0
2025-06-18 11:21:36.214460,416.15,856476.0,1265311.0
2025-06-18 11:21:36.895210,416.15,856758.0,1265178.0
2025-06-18 11:21:37.219298,416.15,856758.0,1265178.0
2025-06-18 11:21:37.997858,416.15,856758.0,1265084.0
2025-06-18 11:21:38.223225,416.15,856758.0,1265084.0
2025-06-18 11:21:38.996349,416.0,855451.0,1263640.0
2025-06-18 11:21:39.244767,416.0,855451.0,1263640.0
2025-06-18 11:21:39.999445,415.9,852104.0,1267273.0
2025-06-18 11:21:40.214505,416.0,852104.0,1267273.0
2025-06-18 11:21:41.000797,416.0,852756.0,1266526.0
2025-06-18 11:21:41.217187,416.0,852756.0,1266526.0
2025-06-18 11:21:42.001764,415.95,852890.0,1265213.0
2025-06-18 11:21:42.216265,416.1,852890.0,1265213.0
2025-06-18 11:21:43.002972,416.1,853046.0,1267870.0
2025-06-18 11:21:43.216266,416.1,853046.0,1267870.0
2025-06-18 11:21:44.001902,416.1,854023.0,1267336.0
2025-06-18 11:21:44.219648,416.1,854023.0,1267336.0
2025-06-18 11:21:45.007544,416.1,854027.0,1267016.0
2025-06-18 11:21:45.219361,416.1,854027.0,1267016.0
2025-06-18 11:21:46.003844,415.9,854427.0,1266977.0
2025-06-18 11:21:46.227453,416.1,854427.0,1266977.0
2025-06-18 11:21:47.003001,416.1,853871.0,1265188.0
2025-06-18 11:21:47.232118,416.1,853871.0,1265188.0
2025-06-18 11:21:48.116880,416.0,854593.0,1264949.0
2025-06-18 11:21:48.219575,416.1,854593.0,1264949.0
2025-06-18 11:21:49.051967,416.1,854593.0,1264949.0
2025-06-18 11:21:49.110334,416.1,854049.0,1263881.0
2025-06-18 11:21:49.221474,416.1,854049.0,1263881.0
2025-06-18 11:21:50.142284,416.1,854049.0,1263881.0
2025-06-18 11:21:50.226895,416.1,854049.0,1263881.0
2025-06-18 11:21:50.302920,416.1,853895.0,1263836.0
2025-06-18 11:21:51.055685,416.1,853895.0,1263836.0
2025-06-18 11:21:51.249853,416.1,853893.0,1263746.0
2025-06-18 11:21:51.251738,416.1,853893.0,1263746.0
2025-06-18 11:21:52.581662,416.1,853893.0,1263746.0
2025-06-18 11:21:52.592415,416.1,853710.0,1263726.0
2025-06-18 11:21:52.594313,416.1,853710.0,1263726.0
2025-06-18 11:21:52.848781,416.1,853710.0,1263726.0
2025-06-18 11:21:53.206701,416.1,854950.0,1264619.0
2025-06-18 11:21:53.251808,416.1,854950.0,1264619.0
2025-06-18 11:21:53.642643,416.1,854950.0,1264619.0
2025-06-18 11:21:54.217963,416.1,854950.0,1264619.0
2025-06-18 11:21:54.308642,416.1,854367.0,1265072.0
2025-06-18 11:21:54.655521,416.1,854367.0,1265072.0
2025-06-18 11:21:55.211713,416.1,854367.0,1265072.0
2025-06-18 11:21:55.225935,416.1,854083.0,1265990.0
2025-06-18 11:21:55.226770,416.1,854083.0,1265990.0
2025-06-18 11:21:55.644702,416.1,854083.0,1265990.0
2025-06-18 11:21:56.111713,416.1,854083.0,1265990.0
2025-06-18 11:21:56.215475,416.1,854083.0,1265990.0
2025-06-18 11:21:56.310409,416.1,854091.0,1265938.0
2025-06-18 11:21:56.482500,416.1,854091.0,1265938.0
2025-06-18 11:21:57.221943,416.1,854091.0,1265938.0
2025-06-18 11:21:57.310690,416.1,854343.0,1265788.0
2025-06-18 11:21:57.362630,416.1,854343.0,1265788.0
2025-06-18 11:21:58.219542,416.1,854343.0,1265788.0
2025-06-18 11:21:58.315811,416.1,854544.0,1265686.0
2025-06-18 11:21:58.700970,416.1,854544.0,1265686.0
2025-06-18 11:21:59.254428,416.1,854544.0,1265686.0
2025-06-18 11:21:59.311813,416.1,853682.0,1266201.0
2025-06-18 11:21:59.503264,416.1,853682.0,1266201.0
2025-06-18 11:22:00.222977,416.1,853682.0,1266201.0
2025-06-18 11:22:00.312210,416.1,853413.0,1266480.0
2025-06-18 11:22:00.884847,416.1,853413.0,1266480.0
2025-06-18 11:22:01.219800,416.1,853413.0,1266480.0
2025-06-18 11:22:02.013231,416.1,853413.0,1266480.0
2025-06-18 11:22:02.221283,416.1,853413.0,1266480.0
2025-06-18 11:22:02.313103,416.1,854851.0,1265214.0
2025-06-18 11:22:03.223951,416.1,854851.0,1265214.0
2025-06-18 11:22:03.229416,416.1,853364.0,1264523.0
2025-06-18 11:22:03.392219,416.1,853364.0,1264523.0
2025-06-18 11:22:05.183854,416.1,853364.0,1264523.0
2025-06-18 11:22:05.191586,416.1,854534.0,1264341.0
2025-06-18 11:22:05.224063,416.1,854534.0,1264341.0
2025-06-18 11:22:05.231551,416.1,854534.0,1264341.0
2025-06-18 11:22:05.414972,416.1,854694.0,1264506.0
2025-06-18 11:22:06.221487,416.1,854694.0,1264506.0
2025-06-18 11:22:06.519126,416.1,853631.0,1265033.0
2025-06-18 11:22:07.220053,416.0,853631.0,1265033.0
2025-06-18 11:22:07.657069,416.0,851265.0,1265164.0
2025-06-18 11:22:08.219878,416.0,851265.0,1265164.0
2025-06-18 11:22:08.655218,416.1,853873.0,1265231.0
2025-06-18 11:22:09.218089,416.1,853873.0,1265231.0
2025-06-18 11:22:09.715650,416.1,853262.0,1265682.0
2025-06-18 11:22:10.217946,416.1,853262.0,1265682.0
2025-06-18 11:22:10.715355,416.1,852587.0,1266256.0
2025-06-18 11:22:11.302355,416.1,852587.0,1266256.0
2025-06-18 11:22:11.717510,415.95,852825.0,1262875.0
2025-06-18 11:22:12.219281,416.1,852825.0,1262875.0
2025-06-18 11:22:12.720745,415.9,852629.0,1262799.0
2025-06-18 11:22:13.222303,416.1,852629.0,1262799.0
2025-06-18 11:22:13.818789,416.1,853395.0,1263807.0
2025-06-18 11:22:14.219452,416.1,853395.0,1263807.0
2025-06-18 11:22:14.820949,416.1,853153.0,1263710.0
2025-06-18 11:22:15.220001,416.1,853153.0,1263710.0
2025-06-18 11:22:15.923587,416.1,854032.0,1264966.0
2025-06-18 11:22:16.224891,416.1,854032.0,1264966.0
2025-06-18 11:22:17.024550,416.1,853739.0,1264846.0
2025-06-18 11:22:17.218697,416.1,853739.0,1264846.0
2025-06-18 11:22:18.025798,416.1,853199.0,1265775.0
2025-06-18 11:22:18.221152,416.1,853199.0,1265775.0
2025-06-18 11:22:19.027632,415.95,850983.0,1268309.0
2025-06-18 11:22:19.356490,415.95,850983.0,1268309.0
2025-06-18 11:22:20.029814,415.9,851575.0,1267441.0
2025-06-18 11:22:20.218914,415.95,851575.0,1267441.0
2025-06-18 11:22:21.029332,415.9,851320.0,1267343.0
2025-06-18 11:22:21.220506,415.95,851320.0,1267343.0
2025-06-18 11:22:21.929784,415.95,851456.0,1267325.0
2025-06-18 11:22:22.248896,415.95,851456.0,1267325.0
2025-06-18 11:22:22.933675,415.9,849827.0,1268553.0
2025-06-18 11:22:23.221479,415.95,849827.0,1268553.0
2025-06-18 11:22:23.830346,415.95,851063.0,1268707.0
2025-06-18 11:22:24.222483,415.95,851063.0,1268707.0
2025-06-18 11:22:24.830480,415.95,851686.0,1268806.0
2025-06-18 11:22:25.228240,415.95,851686.0,1268806.0
2025-06-18 11:22:25.931535,415.9,851191.0,1269266.0
2025-06-18 11:22:26.230896,415.95,851191.0,1269266.0
2025-06-18 11:22:27.032887,415.95,851840.0,1269566.0
2025-06-18 11:22:27.267251,415.95,851840.0,1269566.0
2025-06-18 11:22:28.033658,415.95,851558.0,1269695.0
2025-06-18 11:22:28.244710,415.95,851558.0,1269695.0
2025-06-18 11:22:29.033750,415.95,851456.0,1268981.0
2025-06-18 11:22:29.219687,415.95,851456.0,1268981.0
2025-06-18 11:22:30.144948,415.95,851330.0,1269222.0
2025-06-18 11:22:30.219899,415.95,851330.0,1269222.0
2025-06-18 11:22:31.220266,415.95,851330.0,1269222.0
2025-06-18 11:22:31.237610,415.95,851579.0,1269168.0
2025-06-18 11:22:32.247575,415.95,851579.0,1269168.0
2025-06-18 11:22:32.334312,415.95,851451.0,1268623.0
2025-06-18 11:22:33.226293,415.95,851451.0,1268623.0
2025-06-18 11:22:33.430960,415.95,850857.0,1268452.0
2025-06-18 11:22:34.245317,415.95,850857.0,1268452.0
2025-06-18 11:22:34.530266,415.95,849765.0,1268525.0
2025-06-18 11:22:35.218195,415.95,849765.0,1268525.0
2025-06-18 11:22:35.532405,415.9,850313.0,1268151.0
2025-06-18 11:22:36.219559,415.95,850313.0,1268151.0
2025-06-18 11:22:36.535446,415.95,849048.0,1266003.0
2025-06-18 11:22:37.219729,415.95,849048.0,1266003.0
2025-06-18 11:22:37.535298,415.95,849198.0,1267137.0
2025-06-18 11:22:38.253430,415.95,849198.0,1267137.0
2025-06-18 11:22:38.435022,415.95,849825.0,1266618.0
2025-06-18 11:22:39.227576,415.95,849825.0,1266618.0
2025-06-18 11:22:39.437818,415.95,849149.0,1266789.0
2025-06-18 11:22:40.223995,415.95,849149.0,1266789.0
2025-06-18 11:22:40.436469,416.1,854410.0,1264806.0
2025-06-18 11:22:41.224056,416.1,854410.0,1264806.0
2025-06-18 11:22:41.541120,416.1,858100.0,1264611.0
2025-06-18 11:22:42.220690,416.1,858100.0,1264611.0
2025-06-18 11:22:42.438939,416.1,857611.0,1264393.0
2025-06-18 11:22:43.220051,416.1,857611.0,1264393.0
2025-06-18 11:22:43.537150,416.1,857755.0,1264114.0
2025-06-18 11:22:45.130179,416.1,857755.0,1264114.0
2025-06-18 11:22:45.186645,416.1,857734.0,1265131.0
2025-06-18 11:22:45.244769,416.1,857734.0,1265131.0
2025-06-18 11:22:45.539919,416.1,856692.0,1263955.0
2025-06-18 11:22:46.228882,416.1,856692.0,1263955.0
2025-06-18 11:22:46.540501,416.1,856429.0,1264284.0
2025-06-18 11:22:47.220942,416.0,856429.0,1264284.0
2025-06-18 11:22:47.541002,416.0,855791.0,1263594.0
2025-06-18 11:22:48.229557,416.0,855791.0,1263594.0
2025-06-18 11:22:48.445123,416.0,855906.0,1263585.0
2025-06-18 11:22:49.219523,416.0,855906.0,1263585.0
2025-06-18 11:22:49.545196,416.0,855693.0,1263509.0
2025-06-18 11:22:50.227187,416.0,855693.0,1263509.0
2025-06-18 11:22:50.444337,416.0,856399.0,1262008.0
2025-06-18 11:22:51.219452,416.1,856399.0,1262008.0
2025-06-18 11:22:51.449934,416.1,857116.0,1261447.0
2025-06-18 11:22:52.255170,416.1,857116.0,1261447.0
2025-06-18 11:22:52.450808,416.1,857180.0,1260385.0
2025-06-18 11:22:53.220638,416.1,857180.0,1260385.0
2025-06-18 11:22:53.450258,416.1,856463.0,1260352.0
2025-06-18 11:22:54.228458,416.1,856463.0,1260352.0
2025-06-18 11:22:54.551130,416.1,855649.0,1260949.0
2025-06-18 11:22:55.224437,416.15,855649.0,1260949.0
2025-06-18 11:22:55.691420,416.15,855380.0,1261069.0
2025-06-18 11:22:56.224004,416.15,855380.0,1261069.0
2025-06-18 11:22:56.668529,416.15,856999.0,1260968.0
2025-06-18 11:22:57.221507,416.15,856999.0,1260968.0
2025-06-18 11:22:57.753648,416.15,856994.0,1261041.0
2025-06-18 11:22:58.227067,416.15,856994.0,1261041.0
2025-06-18 11:22:58.754374,416.0,856620.0,1259236.0
2025-06-18 11:22:59.236074,416.0,856620.0,1259236.0
2025-06-18 11:22:59.753361,415.95,858940.0,1258530.0
2025-06-18 11:23:00.236273,416.1,858940.0,1258530.0
2025-06-18 11:23:00.754539,416.0,839379.0,1271384.0
2025-06-18 11:23:01.225824,416.0,839379.0,1271384.0
2025-06-18 11:23:02.243727,416.0,839379.0,1271384.0
2025-06-18 11:23:03.236613,416.0,839379.0,1271384.0
2025-06-18 11:23:04.228185,416.0,839379.0,1271384.0
2025-06-18 11:23:05.227730,416.0,839379.0,1271384.0
2025-06-18 11:23:05.255897,416.0,844902.0,1271653.0
2025-06-18 11:23:06.237029,416.0,844902.0,1271653.0
2025-06-18 11:23:07.228405,416.0,844902.0,1271653.0
2025-06-18 11:23:08.230765,416.0,844902.0,1271653.0
2025-06-18 11:23:09.224497,416.0,844902.0,1271653.0
2025-06-18 11:23:10.229082,416.0,844902.0,1271653.0
2025-06-18 11:23:10.354777,416.0,846274.0,1271375.0
2025-06-18 11:23:11.235896,416.0,846274.0,1271375.0
2025-06-18 11:23:12.573852,416.0,846274.0,1271375.0
2025-06-18 11:23:13.241439,416.0,846274.0,1271375.0
2025-06-18 11:23:14.233883,416.0,846274.0,1271375.0
2025-06-18 11:23:15.170870,416.0,843449.0,1270499.0
2025-06-18 11:23:15.231853,416.0,843449.0,1270499.0
2025-06-18 11:23:18.230967,415.9,843449.0,1270499.0
2025-06-18 11:23:20.684940,415.9,844108.0,1274121.0
2025-06-18 11:23:21.224193,415.9,844108.0,1274121.0
2025-06-18 11:23:23.239388,415.9,844108.0,1274121.0
2025-06-18 11:23:25.260705,415.9,844108.0,1274121.0
2025-06-18 11:23:26.187656,415.9,843607.0,1273197.0
2025-06-18 11:23:27.232453,415.9,843607.0,1273197.0
2025-06-18 11:23:29.247581,415.9,843607.0,1273197.0
2025-06-18 11:23:31.280342,415.9,843607.0,1273197.0
2025-06-18 11:23:31.376586,415.9,842736.0,1275120.0
2025-06-18 11:23:33.237522,415.9,842736.0,1275120.0
2025-06-18 11:23:35.231835,415.9,842736.0,1275120.0
2025-06-18 11:23:36.692785,415.95,846490.0,1278390.0
2025-06-18 11:23:37.237167,415.95,846490.0,1278390.0
2025-06-18 11:23:39.235515,415.8,846490.0,1278390.0
2025-06-18 11:23:41.247331,415.95,846490.0,1278390.0
2025-06-18 11:23:41.481808,415.95,847087.0,1276790.0
2025-06-18 11:23:43.237180,415.95,847087.0,1276790.0
2025-06-18 11:23:45.234123,415.95,847087.0,1276790.0
2025-06-18 11:23:46.479384,415.95,850245.0,1274433.0
2025-06-18 11:23:47.234348,415.95,850245.0,1274433.0
2025-06-18 11:23:49.350750,415.95,850245.0,1274433.0
2025-06-18 11:23:51.241572,415.95,850245.0,1274433.0
2025-06-18 11:23:51.284261,415.95,849671.0,1275615.0
2025-06-18 11:23:53.237023,415.95,849671.0,1275615.0
2025-06-18 11:23:55.238971,415.95,849671.0,1275615.0
2025-06-18 11:23:55.994398,415.95,848750.0,1271969.0
2025-06-18 11:23:57.244322,415.95,848750.0,1271969.0
2025-06-18 11:23:59.239358,415.9,848750.0,1271969.0
2025-06-18 11:24:01.086420,415.75,852797.0,1276072.0
2025-06-18 11:24:01.238035,415.9,852797.0,1276072.0
2025-06-18 11:24:03.238703,415.85,852797.0,1276072.0
2025-06-18 11:24:05.240924,415.85,852797.0,1276072.0
2025-06-18 11:24:05.991646,415.85,852629.0,1275147.0
2025-06-18 11:24:07.243842,415.95,852629.0,1275147.0
2025-06-18 11:24:09.240844,415.9,852629.0,1275147.0
2025-06-18 11:24:10.896973,415.85,855763.0,1276162.0
2025-06-18 11:24:11.246455,415.9,855763.0,1276162.0
2025-06-18 11:24:13.236156,415.9,855763.0,1276162.0
2025-06-18 11:24:15.240072,415.9,855763.0,1276162.0
2025-06-18 11:24:17.165197,415.9,855261.0,1274681.0
2025-06-18 11:24:17.360539,415.9,855261.0,1274681.0
2025-06-18 11:24:19.278672,415.9,855261.0,1274681.0
2025-06-18 11:24:20.801070,415.85,856485.0,1273657.0
2025-06-18 11:24:21.262425,415.95,856485.0,1273657.0
2025-06-18 11:24:23.261780,415.85,856485.0,1273657.0
2025-06-18 11:24:25.235179,415.95,856485.0,1273657.0
2025-06-18 11:24:26.002931,415.95,851348.0,1276071.0
2025-06-18 11:24:27.253937,415.9,851348.0,1276071.0
2025-06-18 11:24:29.248388,415.9,851348.0,1276071.0
2025-06-18 11:24:31.217436,415.9,850967.0,1274211.0
2025-06-18 11:24:31.263834,415.9,850967.0,1274211.0
2025-06-18 11:24:33.280494,415.9,850967.0,1274211.0
2025-06-18 11:24:35.242942,415.9,850967.0,1274211.0
2025-06-18 11:24:36.008067,415.9,859111.0,1271121.0
2025-06-18 11:24:37.262224,415.9,859111.0,1271121.0
2025-06-18 11:24:39.270464,415.9,859111.0,1271121.0
2025-06-18 11:24:40.809394,415.9,857453.0,1275472.0
2025-06-18 11:24:41.234503,415.9,857453.0,1275472.0
2025-06-18 11:24:43.236335,415.9,857453.0,1275472.0
2025-06-18 11:24:45.231287,415.9,857453.0,1275472.0
2025-06-18 11:24:45.712357,415.9,858920.0,1272355.0
2025-06-18 11:24:47.241952,415.95,858920.0,1272355.0
2025-06-18 11:24:49.451398,415.95,858920.0,1272355.0
2025-06-18 11:24:49.487772,415.95,858920.0,1272355.0
2025-06-18 11:24:50.561364,415.95,858920.0,1272355.0
2025-06-18 11:24:50.922453,415.9,860888.0,1275279.0
2025-06-18 11:24:51.253996,415.95,860888.0,1275279.0
2025-06-18 11:24:51.482010,415.95,860888.0,1275279.0
2025-06-18 11:24:52.409549,415.95,860888.0,1275279.0
2025-06-18 11:24:53.235543,415.95,860888.0,1275279.0
2025-06-18 11:24:53.263701,415.95,860888.0,1275279.0
2025-06-18 11:24:54.044934,415.95,860888.0,1275279.0
2025-06-18 11:24:55.064833,415.95,860888.0,1275279.0
2025-06-18 11:24:55.312189,415.95,860888.0,1275279.0
2025-06-18 11:24:55.639768,415.95,860888.0,1275279.0
2025-06-18 11:24:55.748009,415.9,858778.0,1271145.0
2025-06-18 11:24:56.053774,415.9,858778.0,1271145.0
2025-06-18 11:24:57.232548,415.8,858778.0,1271145.0
2025-06-18 11:24:57.783266,415.8,858778.0,1271145.0
2025-06-18 11:24:59.028778,415.8,858778.0,1271145.0
2025-06-18 11:24:59.238930,415.9,858778.0,1271145.0
2025-06-18 11:24:59.902508,415.9,858778.0,1271145.0
2025-06-18 11:25:00.627753,415.8,859578.0,1271342.0
2025-06-18 11:25:01.233032,415.8,859578.0,1271342.0
2025-06-18 11:25:01.295486,415.8,859578.0,1271342.0
2025-06-18 11:25:02.015150,415.9,859680.0,1272569.0
2025-06-18 11:25:02.245593,415.9,859680.0,1272569.0
2025-06-18 11:25:02.417027,415.9,859680.0,1272569.0
2025-06-18 11:25:02.927478,415.9,860205.0,1272587.0
2025-06-18 11:25:03.229054,415.9,860205.0,1272587.0
2025-06-18 11:25:03.548993,415.9,860205.0,1272587.0
2025-06-18 11:25:03.949104,415.9,858811.0,1277278.0
2025-06-18 11:25:04.231431,415.9,858811.0,1277278.0
2025-06-18 11:25:04.825055,415.9,858620.0,1277263.0
2025-06-18 11:25:05.018508,415.9,858620.0,1277263.0
2025-06-18 11:25:05.237787,415.9,858620.0,1277263.0
2025-06-18 11:25:05.726717,415.9,856991.0,1272623.0
2025-06-18 11:25:06.226294,415.85,856991.0,1272623.0
2025-06-18 11:25:06.630736,415.85,857066.0,1274111.0
2025-06-18 11:25:07.228146,415.8,857066.0,1274111.0
2025-06-18 11:25:07.526883,415.8,853800.0,1274293.0
2025-06-18 11:25:08.227845,415.8,853800.0,1274293.0
2025-06-18 11:25:08.430134,415.8,854276.0,1274209.0
2025-06-18 11:25:09.226499,415.8,854276.0,1274209.0
2025-06-18 11:25:09.432333,415.8,854155.0,1274198.0
2025-06-18 11:25:10.227055,415.8,854155.0,1274198.0
2025-06-18 11:25:10.430262,415.8,854149.0,1274523.0
2025-06-18 11:25:11.264364,415.8,854149.0,1274523.0
2025-06-18 11:25:11.331706,415.8,854197.0,1274462.0
2025-06-18 11:25:12.228840,415.8,854197.0,1274462.0
2025-06-18 11:25:12.237183,415.8,854566.0,1274288.0
2025-06-18 11:25:13.132389,415.75,847052.0,1281287.0
2025-06-18 11:25:13.255699,415.75,847052.0,1281287.0
2025-06-18 11:25:14.031784,415.65,849568.0,1278879.0
2025-06-18 11:25:14.235568,415.65,849568.0,1278879.0
2025-06-18 11:25:14.947188,415.65,849679.0,1277792.0
2025-06-18 11:25:15.228251,415.65,849679.0,1277792.0
2025-06-18 11:25:15.932369,415.65,845173.0,1277133.0
2025-06-18 11:25:16.228219,415.65,845173.0,1277133.0
2025-06-18 11:25:16.833106,415.65,846168.0,1277594.0
2025-06-18 11:25:17.226917,415.65,846168.0,1277594.0
2025-06-18 11:25:17.735622,415.6,846729.0,1277550.0
2025-06-18 11:25:18.229522,415.65,846729.0,1277550.0
2025-06-18 11:25:18.641451,415.65,846887.0,1277264.0
2025-06-18 11:25:19.229742,415.65,846887.0,1277264.0
2025-06-18 11:25:19.534272,415.65,846381.0,1277603.0
2025-06-18 11:25:20.230621,415.65,846381.0,1277603.0
2025-06-18 11:25:20.537486,415.65,847372.0,1277264.0
2025-06-18 11:25:21.229602,415.7,847372.0,1277264.0
2025-06-18 11:25:21.536353,415.7,845850.0,1276259.0
2025-06-18 11:25:22.230766,415.7,845850.0,1276259.0
2025-06-18 11:25:22.537829,415.7,846697.0,1276259.0
2025-06-18 11:25:23.365006,415.7,846697.0,1276259.0
2025-06-18 11:25:23.538095,415.7,846717.0,1275897.0
2025-06-18 11:25:24.239833,415.7,846717.0,1275897.0
2025-06-18 11:25:24.538818,415.7,847082.0,1275518.0
2025-06-18 11:25:25.227768,415.7,847082.0,1275518.0
2025-06-18 11:25:25.538432,415.7,847023.0,1275427.0
2025-06-18 11:25:26.230495,415.7,847023.0,1275427.0
2025-06-18 11:25:26.544717,415.7,846755.0,1277466.0
2025-06-18 11:25:27.229011,415.75,846755.0,1277466.0
2025-06-18 11:25:27.620531,415.75,846760.0,1278692.0
2025-06-18 11:25:28.232645,415.75,846760.0,1278692.0
2025-06-18 11:25:28.539014,415.75,846669.0,1279368.0
2025-06-18 11:25:29.232029,415.75,846669.0,1279368.0
2025-06-18 11:25:29.598749,415.75,847159.0,1278868.0
2025-06-18 11:25:30.270416,415.75,847159.0,1278868.0
2025-06-18 11:25:30.538628,415.75,847192.0,1280274.0
2025-06-18 11:25:31.232353,415.75,847192.0,1280274.0
2025-06-18 11:25:32.153370,415.75,847331.0,1280203.0
2025-06-18 11:25:32.234972,415.75,847331.0,1280203.0
2025-06-18 11:25:33.228295,415.75,847331.0,1280203.0
2025-06-18 11:25:33.646398,415.75,846928.0,1281229.0
2025-06-18 11:25:34.231156,415.75,846928.0,1281229.0
2025-06-18 11:25:34.543523,415.75,847460.0,1279970.0
2025-06-18 11:25:35.239910,415.7,847460.0,1279970.0
2025-06-18 11:25:35.543684,415.7,847135.0,1277436.0
2025-06-18 11:25:36.232797,415.7,847135.0,1277436.0
2025-06-18 11:25:36.647440,415.7,848359.0,1275755.0
2025-06-18 11:25:37.229326,415.7,848359.0,1275755.0
2025-06-18 11:25:37.649568,415.65,847219.0,1275665.0
2025-06-18 11:25:39.899567,415.65,847219.0,1275665.0
2025-06-18 11:25:39.903355,415.65,846671.0,1275714.0
2025-06-18 11:25:39.908153,415.65,846671.0,1275714.0
2025-06-18 11:25:39.941685,415.65,845735.0,1275540.0
2025-06-18 11:25:40.228004,415.65,845735.0,1275540.0
2025-06-18 11:25:40.612349,415.65,845892.0,1275683.0
2025-06-18 11:25:41.225168,415.75,845892.0,1275683.0
2025-06-18 11:25:41.651641,415.75,847766.0,1280581.0
2025-06-18 11:25:42.228948,415.75,847766.0,1280581.0
2025-06-18 11:25:42.745115,415.75,847680.0,1278674.0
2025-06-18 11:25:43.229388,415.75,847680.0,1278674.0
2025-06-18 11:25:43.843884,415.75,847248.0,1278579.0
2025-06-18 11:25:44.229609,415.75,847248.0,1278579.0
2025-06-18 11:25:44.944880,415.75,847897.0,1278269.0
2025-06-18 11:25:45.230808,415.75,847897.0,1278269.0
2025-06-18 11:25:46.047133,415.75,847523.0,1278038.0
2025-06-18 11:25:46.237348,415.75,847523.0,1278038.0
2025-06-18 11:25:47.155063,415.75,846828.0,1277153.0
2025-06-18 11:25:47.232234,415.75,846828.0,1277153.0
2025-06-18 11:25:48.237865,415.75,846828.0,1277153.0
2025-06-18 11:25:48.257899,415.75,847105.0,1278830.0
2025-06-18 11:25:49.225261,415.75,847105.0,1278830.0
2025-06-18 11:25:49.260754,415.75,848231.0,1278775.0
2025-06-18 11:25:50.225806,415.75,848231.0,1278775.0
2025-06-18 11:25:50.372972,415.75,848331.0,1279388.0
2025-06-18 11:25:51.233358,415.75,848331.0,1279388.0
2025-06-18 11:25:51.449158,415.75,848282.0,1278679.0
2025-06-18 11:25:52.240064,415.75,848282.0,1278679.0
2025-06-18 11:25:52.448148,415.75,847869.0,1278122.0
2025-06-18 11:25:53.230567,415.75,847869.0,1278122.0
2025-06-18 11:25:53.448726,415.75,847888.0,1278081.0
2025-06-18 11:25:54.230107,415.75,847888.0,1278081.0
2025-06-18 11:25:54.451009,415.75,847885.0,1278142.0
2025-06-18 11:25:55.233875,415.75,847885.0,1278142.0
2025-06-18 11:25:55.548996,415.75,847127.0,1279093.0
2025-06-18 11:25:56.225794,415.7,847127.0,1279093.0
2025-06-18 11:25:56.663490,415.75,848699.0,1278138.0
2025-06-18 11:25:57.243832,415.75,848699.0,1278138.0
2025-06-18 11:25:57.658848,415.75,849005.0,1280374.0
2025-06-18 11:25:58.232416,415.75,849005.0,1280374.0
2025-06-18 11:25:58.661800,415.75,848664.0,1278775.0
2025-06-18 11:25:59.226292,415.7,848664.0,1278775.0
2025-06-18 11:25:59.752262,415.6,846499.0,1276359.0
2025-06-18 11:26:00.232067,415.75,846499.0,1276359.0
2025-06-18 11:26:00.750978,415.75,848787.0,1279941.0
2025-06-18 11:26:01.236834,415.75,848787.0,1279941.0
2025-06-18 11:26:02.262969,415.6,848699.0,1278637.0
2025-06-18 11:26:03.257962,415.75,848699.0,1278637.0
2025-06-18 11:26:05.256978,415.75,848699.0,1278637.0
2025-06-18 11:26:07.238160,415.75,848699.0,1278637.0
2025-06-18 11:26:07.456558,415.75,847919.0,1279391.0
2025-06-18 11:26:09.255793,415.75,847919.0,1279391.0
2025-06-18 11:26:11.402757,415.75,847919.0,1279391.0
2025-06-18 11:26:12.194264,415.75,846902.0,1279125.0
2025-06-18 11:26:13.242391,415.75,846902.0,1279125.0
2025-06-18 11:26:15.252540,415.75,846902.0,1279125.0
2025-06-18 11:26:17.066622,415.75,848873.0,1277361.0
2025-06-18 11:26:17.232373,415.75,848873.0,1277361.0
2025-06-18 11:26:19.251040,415.65,848873.0,1277361.0
2025-06-18 11:26:21.293812,415.75,848873.0,1277361.0
2025-06-18 11:26:21.968282,415.6,846247.0,1280440.0
2025-06-18 11:26:23.271393,415.75,846247.0,1280440.0
2025-06-18 11:26:25.277482,415.7,846247.0,1280440.0
2025-06-18 11:26:26.870632,415.75,848105.0,1280090.0
2025-06-18 11:26:27.254202,415.75,848105.0,1280090.0
2025-06-18 11:26:29.261697,415.75,848105.0,1280090.0
2025-06-18 11:26:31.238033,415.75,848105.0,1280090.0
2025-06-18 11:26:31.874120,415.75,848834.0,1279596.0
2025-06-18 11:26:33.248885,415.75,848834.0,1279596.0
2025-06-18 11:26:35.234147,415.75,848834.0,1279596.0
2025-06-18 11:26:36.577679,415.75,851738.0,1269635.0
2025-06-18 11:26:37.256514,415.75,851738.0,1269635.0
2025-06-18 11:26:39.246675,415.75,851738.0,1269635.0
2025-06-18 11:26:41.246541,415.95,851738.0,1269635.0
2025-06-18 11:26:41.779232,415.95,859414.0,1270714.0
2025-06-18 11:26:43.261035,415.95,859414.0,1270714.0
2025-06-18 11:26:45.233212,415.95,859414.0,1270714.0
2025-06-18 11:26:47.080410,415.95,860162.0,1270768.0
2025-06-18 11:26:47.242434,415.95,860162.0,1270768.0
2025-06-18 11:26:49.241327,415.95,860162.0,1270768.0
2025-06-18 11:26:51.237974,415.85,860162.0,1270768.0
2025-06-18 11:26:51.987763,415.85,857803.0,1269479.0
2025-06-18 11:26:53.243009,415.85,857803.0,1269479.0
2025-06-18 11:26:55.242771,415.85,857803.0,1269479.0
2025-06-18 11:26:56.891980,415.85,857032.0,1270169.0
2025-06-18 11:26:57.237022,415.85,857032.0,1270169.0
2025-06-18 11:26:59.250067,415.8,857032.0,1270169.0
2025-06-18 11:27:01.243403,415.9,857032.0,1270169.0
2025-06-18 11:27:02.204580,415.85,855306.0,1271962.0
2025-06-18 11:27:03.240547,415.7,855306.0,1271962.0
2025-06-18 11:27:05.250317,415.9,855306.0,1271962.0
2025-06-18 11:27:07.096558,415.9,857545.0,1276163.0
2025-06-18 11:27:07.269255,415.9,857545.0,1276163.0
2025-06-18 11:27:09.278593,415.9,857545.0,1276163.0
2025-06-18 11:27:11.257881,415.9,857545.0,1276163.0
2025-06-18 11:27:12.102085,415.9,858310.0,1275198.0
2025-06-18 11:27:13.244274,415.9,858310.0,1275198.0
2025-06-18 11:27:15.262052,415.9,858310.0,1275198.0
2025-06-18 11:27:17.004641,415.9,857109.0,1274643.0
2025-06-18 11:27:17.255913,415.9,857109.0,1274643.0
2025-06-18 11:27:20.476661,415.85,857109.0,1274643.0
2025-06-18 11:27:21.258539,415.9,857109.0,1274643.0
2025-06-18 11:27:21.906587,415.9,857380.0,1275949.0
2025-06-18 11:27:23.290543,415.85,857380.0,1275949.0
2025-06-18 11:27:25.295325,415.9,857380.0,1275949.0
2025-06-18 11:27:26.719841,415.9,856978.0,1278213.0
2025-06-18 11:27:27.301630,415.9,856978.0,1278213.0
2025-06-18 11:27:29.295629,415.65,856978.0,1278213.0
2025-06-18 11:27:31.296993,415.9,856978.0,1278213.0
2025-06-18 11:27:31.810701,415.9,857023.0,1280583.0
2025-06-18 11:27:33.260350,415.9,857023.0,1280583.0
2025-06-18 11:27:35.261921,415.9,857023.0,1280583.0
2025-06-18 11:27:37.117749,415.9,867070.0,1278971.0
2025-06-18 11:27:37.255524,415.9,867070.0,1278971.0
2025-06-18 11:27:39.245085,415.75,867070.0,1278971.0
2025-06-18 11:27:41.254428,415.9,867070.0,1278971.0
2025-06-18 11:27:42.121623,415.7,866892.0,1277538.0
2025-06-18 11:27:43.250468,415.9,866892.0,1277538.0
2025-06-18 11:27:45.242476,415.85,866892.0,1277538.0
2025-06-18 11:27:47.244554,415.85,866892.0,1277538.0
2025-06-18 11:27:48.219950,415.85,869186.0,1273278.0
2025-06-18 11:27:49.244678,415.85,869186.0,1273278.0
2025-06-18 11:27:49.917043,415.85,869186.0,1273278.0
2025-06-18 11:27:51.001218,415.85,869186.0,1273278.0
2025-06-18 11:27:51.240918,415.85,869186.0,1273278.0
2025-06-18 11:27:51.917688,415.85,869186.0,1273278.0
2025-06-18 11:27:52.846524,415.85,869186.0,1273278.0
2025-06-18 11:27:53.244744,415.85,869186.0,1273278.0
2025-06-18 11:27:53.761994,415.85,869186.0,1273278.0
2025-06-18 11:27:54.026697,415.85,869549.0,1274307.0
2025-06-18 11:27:54.488664,415.85,869549.0,1274307.0
2025-06-18 11:27:55.246964,415.85,869549.0,1274307.0
2025-06-18 11:27:55.505531,415.85,869549.0,1274307.0
2025-06-18 11:27:56.070807,415.85,869549.0,1274307.0
2025-06-18 11:27:57.245740,415.85,869549.0,1274307.0
2025-06-18 11:27:57.337935,415.85,869549.0,1274307.0
2025-06-18 11:27:58.256235,415.85,869549.0,1274307.0
2025-06-18 11:27:59.030728,415.8,868329.0,1274022.0
2025-06-18 11:27:59.242586,415.8,868329.0,1274022.0
2025-06-18 11:27:59.455295,415.8,868329.0,1274022.0
2025-06-18 11:28:00.317467,415.8,868329.0,1274022.0
2025-06-18 11:28:01.237502,415.8,868329.0,1274022.0
2025-06-18 11:28:01.720089,415.8,868329.0,1274022.0
2025-06-18 11:28:02.853644,415.8,868329.0,1274022.0
2025-06-18 11:28:03.239110,415.85,868329.0,1274022.0
2025-06-18 11:28:03.629955,415.85,868538.0,1272700.0
2025-06-18 11:28:03.967178,415.85,868538.0,1272700.0
2025-06-18 11:28:05.238700,415.85,868538.0,1272700.0
2025-06-18 11:28:05.607088,415.85,868538.0,1272700.0
2025-06-18 11:28:07.241402,415.85,868538.0,1272700.0
2025-06-18 11:28:10.477603,415.85,872643.0,1272250.0
2025-06-18 11:28:10.489428,415.85,872643.0,1272250.0
2025-06-18 11:28:11.244303,415.85,872643.0,1272250.0
2025-06-18 11:28:13.246158,415.85,871281.0,1272403.0
2025-06-18 11:28:13.247740,415.85,871281.0,1272403.0
2025-06-18 11:28:15.245916,415.9,871281.0,1272403.0
2025-06-18 11:28:17.265837,415.9,871281.0,1272403.0
2025-06-18 11:28:18.240982,415.9,870739.0,1272092.0
2025-06-18 11:28:19.244589,415.85,870739.0,1272092.0
2025-06-18 11:28:21.244383,415.9,870739.0,1272092.0
2025-06-18 11:28:23.249343,415.9,870739.0,1272092.0
2025-06-18 11:28:23.745126,415.9,871868.0,1273339.0
2025-06-18 11:28:25.248774,415.9,871868.0,1273339.0
2025-06-18 11:28:27.246716,416.0,871868.0,1273339.0
2025-06-18 11:28:28.943123,416.2,891448.0,1258055.0
2025-06-18 11:28:29.248811,416.15,891448.0,1258055.0
2025-06-18 11:28:31.246163,416.15,891448.0,1258055.0
2025-06-18 11:28:33.246180,416.0,891448.0,1258055.0
2025-06-18 11:28:33.944701,416.0,888510.0,1261103.0
2025-06-18 11:28:35.247306,416.1,888510.0,1261103.0
2025-06-18 11:28:37.247479,416.15,888510.0,1261103.0
2025-06-18 11:28:38.848711,416.0,891216.0,1259596.0
2025-06-18 11:28:39.248747,416.1,891216.0,1259596.0
2025-06-18 11:28:41.248885,416.1,891216.0,1259596.0
2025-06-18 11:28:43.242992,416.15,891216.0,1259596.0
2025-06-18 11:28:43.856159,416.15,888214.0,1261358.0
2025-06-18 11:28:45.246149,416.15,888214.0,1261358.0
2025-06-18 11:28:47.342704,416.15,888214.0,1261358.0
2025-06-18 11:28:48.861694,416.15,886225.0,1258109.0
2025-06-18 11:28:49.244786,416.15,886225.0,1258109.0
2025-06-18 11:28:51.251030,416.15,886225.0,1258109.0
2025-06-18 11:28:53.247330,416.15,886225.0,1258109.0
2025-06-18 11:28:53.964491,416.15,886185.0,1258073.0
2025-06-18 11:28:55.248366,416.15,886185.0,1258073.0
2025-06-18 11:28:57.266003,416.15,886185.0,1258073.0
2025-06-18 11:28:58.567460,416.15,886587.0,1257582.0
2025-06-18 11:28:59.246258,416.15,886587.0,1257582.0
2025-06-18 11:29:01.566120,416.15,889876.0,1255671.0
2025-06-18 11:29:02.271125,416.15,889876.0,1255671.0
2025-06-18 11:29:02.768067,416.15,888954.0,1255494.0
2025-06-18 11:29:03.248978,416.15,888954.0,1255494.0
2025-06-18 11:29:03.863390,416.15,889176.0,1259021.0
2025-06-18 11:29:04.252906,416.2,889176.0,1259021.0
2025-06-18 11:29:04.964105,416.2,889297.0,1259583.0
2025-06-18 11:29:05.274635,416.2,889297.0,1259583.0
2025-06-18 11:29:05.867691,416.0,889176.0,1259387.0
2025-06-18 11:29:06.254727,416.2,889176.0,1259387.0
2025-06-18 11:29:06.968122,416.2,889389.0,1259013.0
2025-06-18 11:29:07.244239,416.2,889389.0,1259013.0
2025-06-18 11:29:08.202832,416.2,888468.0,1259813.0
2025-06-18 11:29:08.249798,416.2,888468.0,1259813.0
2025-06-18 11:29:09.256283,416.0,888182.0,1260061.0
2025-06-18 11:29:09.271725,416.2,888182.0,1260061.0
2025-06-18 11:29:10.246577,416.2,888182.0,1260061.0
2025-06-18 11:29:10.268162,416.2,886401.0,1259442.0
2025-06-18 11:29:11.266886,416.2,886401.0,1259442.0
2025-06-18 11:29:11.272387,416.2,886661.0,1261159.0
