timestamp,ltp,bid_qty,ask_qty
2025-06-18 11:01:36.650579,3610.0,72795.0,146975.0
2025-06-18 11:01:39.240310,3610.0,72767.0,146942.0
2025-06-18 11:01:40.130571,3609.8,72767.0,146942.0
2025-06-18 11:01:44.190991,3609.8,72534.0,146927.0
2025-06-18 11:01:46.149385,3609.5,72534.0,146927.0
2025-06-18 11:01:47.187351,3609.7,72534.0,146927.0
2025-06-18 11:01:49.653083,3609.7,72882.0,146988.0
2025-06-18 11:01:51.152707,3609.7,72882.0,146988.0
2025-06-18 11:01:54.202364,3609.7,72882.0,146988.0
2025-06-18 11:01:55.151106,3609.7,72882.0,146988.0
2025-06-18 11:01:55.250560,3609.7,72100.0,146736.0
2025-06-18 11:01:57.155388,3609.8,72100.0,146736.0
2025-06-18 11:02:00.557297,3609.8,72309.0,146378.0
2025-06-18 11:02:02.160787,3609.8,71712.0,146379.0
2025-06-18 11:02:03.139634,3609.8,71712.0,146379.0
2025-06-18 11:02:03.178813,3609.8,72599.0,146518.0
2025-06-18 11:02:05.164897,3610.0,72599.0,146518.0
2025-06-18 11:02:05.202025,3610.0,72621.0,145587.0
2025-06-18 11:02:05.204694,3610.0,72621.0,145587.0
2025-06-18 11:02:05.759675,3611.9,74344.0,143011.0
2025-06-18 11:02:06.140103,3610.0,74344.0,143011.0
2025-06-18 11:02:06.860162,3610.0,71193.0,145082.0
2025-06-18 11:02:07.139451,3610.0,71193.0,145082.0
2025-06-18 11:02:07.858000,3610.0,71625.0,145119.0
2025-06-18 11:02:08.989748,3610.0,72643.0,145070.0
2025-06-18 11:02:10.061263,3609.8,72637.0,145065.0
2025-06-18 11:02:10.140432,3609.8,72637.0,145065.0
2025-06-18 11:02:11.174122,3609.8,72830.0,145067.0
2025-06-18 11:02:12.138080,3610.0,72830.0,145067.0
2025-06-18 11:02:12.263626,3610.0,72865.0,144416.0
2025-06-18 11:02:13.144316,3610.2,72865.0,144416.0
2025-06-18 11:02:13.175987,3610.2,73209.0,143393.0
2025-06-18 11:02:14.139461,3610.2,73209.0,143393.0
2025-06-18 11:02:14.175955,3610.2,73211.0,143683.0
2025-06-18 11:02:15.165350,3610.4,73211.0,143683.0
2025-06-18 11:02:15.266144,3610.4,74175.0,142403.0
2025-06-18 11:02:16.186262,3610.8,74175.0,142403.0
2025-06-18 11:02:16.368504,3610.8,74941.0,142700.0
2025-06-18 11:02:17.478917,3610.8,73389.0,142769.0
2025-06-18 11:02:18.136980,3611.9,73389.0,142769.0
2025-06-18 11:02:18.568706,3611.9,74209.0,142738.0
2025-06-18 11:02:19.568748,3612.0,74403.0,142411.0
2025-06-18 11:02:20.136733,3610.9,74403.0,142411.0
2025-06-18 11:02:20.669101,3610.9,74372.0,142000.0
2025-06-18 11:02:21.136841,3612.0,74372.0,142000.0
2025-06-18 11:02:21.768146,3612.0,73373.0,142310.0
2025-06-18 11:02:22.141081,3612.0,73373.0,142310.0
2025-06-18 11:02:22.870084,3612.0,74093.0,142011.0
2025-06-18 11:02:23.139312,3612.0,74093.0,142011.0
2025-06-18 11:02:23.873563,3612.0,75271.0,141114.0
2025-06-18 11:02:24.150865,3612.0,75271.0,141114.0
2025-06-18 11:02:24.982113,3612.3,77200.0,139702.0
2025-06-18 11:02:25.138672,3612.3,77200.0,139702.0
2025-06-18 11:02:25.986137,3612.5,77211.0,139445.0
2025-06-18 11:02:26.145048,3612.5,77211.0,139445.0
2025-06-18 11:02:27.074261,3612.5,77082.0,139623.0
2025-06-18 11:02:28.139093,3613.2,77082.0,139623.0
2025-06-18 11:02:28.176140,3613.8,74946.0,140453.0
2025-06-18 11:02:29.141645,3613.8,74946.0,140453.0
2025-06-18 11:02:29.190249,3613.8,76029.0,140222.0
2025-06-18 11:02:30.152173,3612.3,76029.0,140222.0
2025-06-18 11:02:30.274057,3612.3,73699.0,141695.0
2025-06-18 11:02:31.137707,3612.2,73699.0,141695.0
2025-06-18 11:02:31.376168,3610.7,74045.0,142632.0
2025-06-18 11:02:32.142850,3612.4,74045.0,142632.0
2025-06-18 11:02:32.486653,3612.4,74532.0,142263.0
2025-06-18 11:02:33.143009,3611.2,74532.0,142263.0
2025-06-18 11:02:33.577736,3611.2,73993.0,142008.0
2025-06-18 11:02:34.678027,3611.2,73982.0,142142.0
2025-06-18 11:02:35.148398,3612.4,73982.0,142142.0
2025-06-18 11:02:35.778882,3612.4,74113.0,142656.0
2025-06-18 11:02:36.786844,3612.4,73941.0,142656.0
2025-06-18 11:02:37.779787,3612.4,74695.0,142736.0
2025-06-18 11:02:38.881427,3612.4,74147.0,142332.0
2025-06-18 11:02:40.007542,3612.4,73543.0,142488.0
2025-06-18 11:02:40.140392,3612.0,73543.0,142488.0
2025-06-18 11:02:41.084483,3611.8,73181.0,143472.0
2025-06-18 11:02:41.137619,3611.8,73181.0,143472.0
2025-06-18 11:02:42.140790,3611.9,73181.0,143472.0
2025-06-18 11:02:42.188194,3611.9,71777.0,143482.0
2025-06-18 11:02:43.193480,3611.9,71865.0,143450.0
2025-06-18 11:02:44.145113,3612.0,71865.0,143450.0
2025-06-18 11:02:44.285403,3612.0,72945.0,143384.0
2025-06-18 11:02:45.284784,3612.0,71517.0,143548.0
2025-06-18 11:02:46.143545,3611.1,71517.0,143548.0
2025-06-18 11:02:46.286237,3611.1,71876.0,143535.0
2025-06-18 11:02:47.287597,3611.1,71924.0,143326.0
2025-06-18 11:02:48.287166,3611.1,73124.0,143270.0
2025-06-18 11:02:49.144179,3611.8,73124.0,143270.0
2025-06-18 11:02:49.286017,3611.8,73098.0,143414.0
2025-06-18 11:02:50.140430,3611.1,73098.0,143414.0
2025-06-18 11:02:50.186419,3611.1,72666.0,143452.0
2025-06-18 11:02:51.289688,3611.1,72483.0,144532.0
2025-06-18 11:02:52.142438,3610.9,72483.0,144532.0
2025-06-18 11:02:52.291899,3610.9,71318.0,144217.0
2025-06-18 11:02:53.142961,3609.8,71318.0,144217.0
2025-06-18 11:02:53.292318,3609.8,70475.0,144563.0
2025-06-18 11:02:54.290962,3609.8,70965.0,144900.0
2025-06-18 11:02:55.145938,3610.0,70965.0,144900.0
2025-06-18 11:02:55.198507,3610.0,72311.0,144236.0
2025-06-18 11:02:56.142460,3610.0,72311.0,144236.0
2025-06-18 11:02:56.192532,3610.0,71937.0,144321.0
2025-06-18 11:02:57.145584,3610.8,71937.0,144321.0
2025-06-18 11:02:57.198139,3610.8,72123.0,144013.0
2025-06-18 11:02:58.198813,3610.8,72278.0,144339.0
2025-06-18 11:02:59.143075,3611.0,72278.0,144339.0
2025-06-18 11:02:59.197721,3611.0,72345.0,144001.0
2025-06-18 11:03:00.146858,3610.0,72345.0,144001.0
2025-06-18 11:03:00.201284,3610.0,72288.0,144721.0
2025-06-18 11:03:01.150353,3610.0,72288.0,144721.0
2025-06-18 11:03:01.399941,3610.0,72024.0,144381.0
2025-06-18 11:03:02.136222,3609.8,72024.0,144381.0
2025-06-18 11:03:02.298828,3609.8,72031.0,144760.0
2025-06-18 11:03:03.139159,3610.0,72031.0,144760.0
2025-06-18 11:03:03.298375,3610.0,71867.0,144734.0
2025-06-18 11:03:04.200546,3610.0,72007.0,144876.0
2025-06-18 11:03:05.099197,3610.0,72008.0,144773.0
2025-06-18 11:03:05.137645,3610.0,72008.0,144773.0
2025-06-18 11:03:06.101077,3610.0,72008.0,144891.0
2025-06-18 11:03:07.103346,3610.0,72012.0,144898.0
2025-06-18 11:03:08.102335,3610.0,72163.0,144810.0
2025-06-18 11:03:09.203131,3610.0,72163.0,144810.0
2025-06-18 11:03:10.138374,3610.0,72163.0,144810.0
2025-06-18 11:03:10.305297,3610.0,71106.0,144789.0
2025-06-18 11:03:11.140988,3610.0,71106.0,144789.0
2025-06-18 11:03:11.402255,3610.0,72185.0,144732.0
2025-06-18 11:03:12.139269,3610.0,72185.0,144732.0
2025-06-18 11:03:12.503860,3610.0,71090.0,144659.0
2025-06-18 11:03:13.139967,3610.0,71090.0,144659.0
2025-06-18 11:03:13.604418,3610.0,71101.0,144961.0
2025-06-18 11:03:14.141958,3610.0,71101.0,144961.0
2025-06-18 11:03:14.702011,3610.0,70932.0,145076.0
2025-06-18 11:03:15.802142,3610.0,71107.0,144995.0
2025-06-18 11:03:16.801999,3610.0,72309.0,144655.0
2025-06-18 11:03:17.901779,3610.0,71030.0,144870.0
2025-06-18 11:03:19.003243,3610.0,72543.0,145181.0
2025-06-18 11:03:20.104394,3610.0,71027.0,145192.0
2025-06-18 11:03:21.109542,3610.0,72528.0,145192.0
2025-06-18 11:03:21.198478,3610.0,72528.0,145192.0
2025-06-18 11:03:22.104126,3610.0,72571.0,144886.0
2025-06-18 11:03:22.162726,3610.0,72571.0,144886.0
2025-06-18 11:03:23.144995,3610.0,72571.0,144886.0
2025-06-18 11:03:23.206415,3610.0,72730.0,144752.0
2025-06-18 11:03:24.306600,3610.0,72755.0,144775.0
2025-06-18 11:03:25.406597,3610.0,72431.0,144868.0
2025-06-18 11:03:26.144250,3610.0,72431.0,144868.0
2025-06-18 11:03:26.509718,3609.9,70827.0,144486.0
2025-06-18 11:03:27.140757,3609.9,70827.0,144486.0
2025-06-18 11:03:27.513744,3609.9,72265.0,144667.0
2025-06-18 11:03:28.140739,3610.0,72265.0,144667.0
2025-06-18 11:03:28.509658,3610.0,72265.0,144749.0
2025-06-18 11:03:29.609933,3610.0,70920.0,144760.0
2025-06-18 11:03:30.139460,3610.0,70920.0,144760.0
2025-06-18 11:03:30.712189,3610.0,69238.0,144666.0
2025-06-18 11:03:31.148477,3609.8,69238.0,144666.0
2025-06-18 11:03:31.813482,3609.8,71262.0,145044.0
2025-06-18 11:03:32.912705,3609.8,71919.0,144877.0
2025-06-18 11:03:34.015504,3609.8,71924.0,144920.0
2025-06-18 11:03:34.151828,3610.0,71924.0,144920.0
2025-06-18 11:03:35.114038,3610.0,72067.0,144600.0
2025-06-18 11:03:35.145584,3610.0,72067.0,144600.0
2025-06-18 11:03:36.123522,3610.0,72077.0,144581.0
2025-06-18 11:03:37.144026,3610.0,72077.0,144581.0
2025-06-18 11:03:37.213989,3610.0,72179.0,145446.0
2025-06-18 11:03:38.146846,3610.0,72179.0,145446.0
2025-06-18 11:03:38.220133,3610.0,71899.0,145439.0
2025-06-18 11:03:39.141862,3610.0,71899.0,145439.0
2025-06-18 11:03:39.316259,3610.0,72015.0,145823.0
2025-06-18 11:03:40.416943,3610.0,72127.0,145619.0
2025-06-18 11:03:41.520577,3610.0,70610.0,145690.0
2025-06-18 11:03:42.517964,3610.0,70759.0,145714.0
2025-06-18 11:03:43.520156,3610.0,72276.0,145301.0
2025-06-18 11:03:44.149419,3610.0,72276.0,145301.0
2025-06-18 11:03:44.617916,3610.0,72275.0,145619.0
2025-06-18 11:03:45.718374,3610.0,70759.0,145846.0
2025-06-18 11:03:46.027355,3610.0,70759.0,145846.0
2025-06-18 11:03:46.819911,3610.0,72084.0,145837.0
2025-06-18 11:03:47.120908,3610.0,72084.0,145837.0
2025-06-18 11:03:47.720286,3610.0,72115.0,145846.0
2025-06-18 11:03:47.981607,3610.0,72115.0,145846.0
2025-06-18 11:03:48.821731,3610.0,72339.0,145852.0
2025-06-18 11:03:48.901134,3610.0,72339.0,145852.0
2025-06-18 11:03:49.746918,3610.0,72339.0,145852.0
2025-06-18 11:03:49.922495,3610.0,72361.0,145817.0
2025-06-18 11:03:50.152925,3610.0,72361.0,145817.0
2025-06-18 11:03:50.556039,3610.0,72361.0,145817.0
2025-06-18 11:03:50.922081,3610.0,72376.0,145837.0
2025-06-18 11:03:51.595858,3610.0,72376.0,145837.0
2025-06-18 11:03:52.027279,3610.0,72376.0,145532.0
2025-06-18 11:03:52.158487,3610.0,72376.0,145532.0
2025-06-18 11:03:52.228707,3610.0,72376.0,145532.0
2025-06-18 11:03:53.023529,3610.0,72380.0,145831.0
2025-06-18 11:03:53.074304,3610.0,72380.0,145831.0
2025-06-18 11:03:53.156455,3610.0,72380.0,145831.0
2025-06-18 11:03:53.444552,3610.0,72380.0,145831.0
2025-06-18 11:03:54.023979,3610.0,72416.0,145831.0
2025-06-18 11:03:54.476593,3610.0,72416.0,145831.0
2025-06-18 11:03:55.023303,3610.0,72423.0,145831.0
2025-06-18 11:03:55.725003,3610.0,72423.0,145831.0
2025-06-18 11:03:56.025544,3610.0,72370.0,145882.0
2025-06-18 11:03:56.583030,3610.0,72370.0,145882.0
2025-06-18 11:04:00.402448,3609.8,72368.0,145881.0
2025-06-18 11:04:00.407054,3609.8,72368.0,145881.0
2025-06-18 11:04:00.460070,3609.8,72340.0,145880.0
2025-06-18 11:04:00.508651,3609.8,72340.0,145880.0
2025-06-18 11:04:00.510679,3610.0,72339.0,145877.0
2025-06-18 11:04:00.511106,3610.0,72339.0,145877.0
2025-06-18 11:04:00.540895,3610.0,72339.0,145877.0
2025-06-18 11:04:00.547906,3610.0,72339.0,145877.0
2025-06-18 11:04:00.549525,3610.0,72371.0,145526.0
2025-06-18 11:04:00.552082,3610.0,72371.0,145526.0
2025-06-18 11:04:01.186680,3610.0,72371.0,145526.0
2025-06-18 11:04:01.336543,3610.0,72344.0,145665.0
2025-06-18 11:04:01.922549,3610.0,72344.0,145665.0
2025-06-18 11:04:02.331979,3610.0,72353.0,145659.0
2025-06-18 11:04:03.182907,3609.4,72353.0,145659.0
2025-06-18 11:04:03.331326,3609.4,72356.0,145668.0
2025-06-18 11:04:04.330542,3609.4,72354.0,145669.0
2025-06-18 11:04:05.152437,3609.4,72354.0,145669.0
2025-06-18 11:04:05.332977,3609.4,72381.0,145557.0
2025-06-18 11:04:06.332628,3609.4,72253.0,145551.0
2025-06-18 11:04:07.432838,3609.4,72260.0,145544.0
2025-06-18 11:04:08.152460,3609.4,72260.0,145544.0
2025-06-18 11:04:08.435400,3609.4,72454.0,145550.0
2025-06-18 11:04:09.547155,3610.0,72452.0,145257.0
2025-06-18 11:04:10.149417,3610.0,72452.0,145257.0
2025-06-18 11:04:10.537115,3610.0,72451.0,145549.0
2025-06-18 11:04:12.237601,3610.0,72454.0,145259.0
2025-06-18 11:04:13.338241,3610.0,72471.0,145553.0
2025-06-18 11:04:14.439457,3610.0,72470.0,145577.0
2025-06-18 11:04:15.439837,3610.0,72444.0,145603.0
2025-06-18 11:04:16.942026,3610.0,72446.0,145615.0
2025-06-18 11:04:17.842158,3610.0,72362.0,145615.0
2025-06-18 11:04:18.848261,3610.0,72363.0,145617.0
2025-06-18 11:04:19.955524,3609.4,72355.0,145661.0
2025-06-18 11:04:20.150620,3609.4,72355.0,145661.0
2025-06-18 11:04:21.056536,3609.4,72355.0,145654.0
2025-06-18 11:04:22.167781,3609.4,72364.0,145662.0
2025-06-18 11:04:23.149961,3610.0,72364.0,145662.0
2025-06-18 11:04:23.255547,3610.0,72364.0,145660.0
2025-06-18 11:04:24.154503,3609.4,72364.0,145660.0
2025-06-18 11:04:24.255834,3609.4,72348.0,145653.0
2025-06-18 11:04:25.155567,3610.0,72348.0,145653.0
2025-06-18 11:04:25.357709,3610.0,72417.0,145615.0
2025-06-18 11:04:26.149555,3609.4,72417.0,145615.0
2025-06-18 11:04:26.465128,3609.4,72318.0,145435.0
2025-06-18 11:04:27.558935,3609.4,72318.0,145735.0
2025-06-18 11:04:29.150539,3610.0,72318.0,145735.0
2025-06-18 11:04:29.466267,3610.0,72318.0,145734.0
2025-06-18 11:04:31.561351,3610.0,72311.0,145728.0
2025-06-18 11:04:32.664431,3609.4,72622.0,145833.0
2025-06-18 11:04:33.150998,3609.4,72622.0,145833.0
2025-06-18 11:04:33.665591,3609.4,72772.0,145971.0
2025-06-18 11:04:34.762213,3609.4,72712.0,146230.0
2025-06-18 11:04:35.864651,3609.4,72529.0,145981.0
2025-06-18 11:04:36.971369,3609.4,72530.0,145997.0
2025-06-18 11:04:38.065064,3610.0,72176.0,145530.0
2025-06-18 11:04:38.146068,3610.0,72176.0,145530.0
2025-06-18 11:04:39.065356,3609.3,72337.0,145263.0
2025-06-18 11:04:39.152127,3609.3,72337.0,145263.0
2025-06-18 11:04:40.065909,3609.3,72337.0,145248.0
2025-06-18 11:04:41.145566,3610.0,72337.0,145248.0
2025-06-18 11:04:41.168542,3610.0,72213.0,145530.0
2025-06-18 11:04:42.271221,3610.0,72233.0,145536.0
2025-06-18 11:04:43.366594,3610.0,72389.0,145212.0
2025-06-18 11:04:45.568423,3610.0,72377.0,145396.0
2025-06-18 11:04:46.568656,3610.0,72365.0,145522.0
2025-06-18 11:04:47.152643,3610.0,72365.0,145522.0
2025-06-18 11:04:47.570931,3610.0,72190.0,145543.0
2025-06-18 11:04:48.154815,3610.0,72190.0,145543.0
2025-06-18 11:04:48.475915,3610.0,72191.0,145521.0
2025-06-18 11:04:49.149390,3609.1,72191.0,145521.0
2025-06-18 11:04:49.571783,3609.1,72196.0,145524.0
2025-06-18 11:04:50.673025,3609.1,72201.0,145524.0
2025-06-18 11:04:51.149088,3610.0,72201.0,145524.0
2025-06-18 11:04:51.677703,3610.0,72373.0,145515.0
2025-06-18 11:04:52.156955,3610.0,72373.0,145515.0
2025-06-18 11:04:52.773469,3610.0,72374.0,145398.0
2025-06-18 11:04:53.146672,3610.0,72374.0,145398.0
2025-06-18 11:04:53.771256,3610.0,72407.0,145346.0
2025-06-18 11:04:54.772639,3610.0,72076.0,145366.0
2025-06-18 11:04:55.774538,3610.0,72226.0,145371.0
2025-06-18 11:04:56.144836,3610.0,72226.0,145371.0
2025-06-18 11:04:56.874747,3610.0,72213.0,145443.0
2025-06-18 11:04:57.984897,3609.3,72108.0,145490.0
2025-06-18 11:04:58.156652,3609.3,72108.0,145490.0
2025-06-18 11:04:59.078738,3610.0,72234.0,145492.0
2025-06-18 11:04:59.155178,3610.0,72234.0,145492.0
2025-06-18 11:05:00.186609,3610.0,72077.0,145446.0
2025-06-18 11:05:05.171314,3609.3,72077.0,145446.0
2025-06-18 11:05:05.679157,3610.0,72230.0,145511.0
2025-06-18 11:05:06.160986,3610.0,72230.0,145511.0
2025-06-18 11:05:08.159113,3610.0,72230.0,145511.0
2025-06-18 11:05:10.156751,3609.3,72230.0,145511.0
2025-06-18 11:05:10.378740,3609.3,72083.0,145729.0
2025-06-18 11:05:12.201171,3609.9,72083.0,145729.0
2025-06-18 11:05:15.167669,3610.0,72083.0,145729.0
2025-06-18 11:05:16.682651,3610.0,72152.0,145524.0
2025-06-18 11:05:17.182325,3609.9,72152.0,145524.0
2025-06-18 11:05:19.205503,3610.0,72152.0,145524.0
2025-06-18 11:05:21.189391,3609.4,72152.0,145524.0
2025-06-18 11:05:21.286509,3609.4,72291.0,145367.0
2025-06-18 11:05:26.160344,3609.5,72291.0,145367.0
2025-06-18 11:05:26.192235,3609.5,72335.0,145459.0
2025-06-18 11:05:31.002266,3609.2,70089.0,147649.0
2025-06-18 11:05:32.174222,3609.2,70089.0,147649.0
2025-06-18 11:05:36.166360,3609.2,70089.0,147649.0
2025-06-18 11:05:36.398137,3609.2,70223.0,147448.0
2025-06-18 11:05:41.799463,3609.2,70371.0,147839.0
2025-06-18 11:05:43.176886,3609.1,70371.0,147839.0
2025-06-18 11:05:46.159889,3608.9,70371.0,147839.0
2025-06-18 11:05:46.607227,3608.5,69776.0,148693.0
2025-06-18 11:05:47.194883,3608.8,69776.0,148693.0
2025-06-18 11:05:49.187766,3608.8,69776.0,148693.0
2025-06-18 11:05:51.180414,3608.0,69776.0,148693.0
2025-06-18 11:05:51.707664,3608.0,69116.0,148517.0
2025-06-18 11:05:53.167705,3608.3,69116.0,148517.0
2025-06-18 11:05:55.205286,3608.0,69116.0,148517.0
2025-06-18 11:05:56.912485,3608.0,70235.0,148529.0
2025-06-18 11:05:59.172628,3608.3,70235.0,148529.0
2025-06-18 11:06:01.714370,3608.3,70484.0,148464.0
2025-06-18 11:06:02.716340,3608.3,70486.0,148464.0
2025-06-18 11:06:03.715126,3608.3,70477.0,148166.0
2025-06-18 11:06:04.824417,3608.3,70477.0,148075.0
2025-06-18 11:06:05.917619,3608.3,70425.0,148376.0
2025-06-18 11:06:07.019991,3608.3,70425.0,148395.0
2025-06-18 11:06:08.120294,3608.0,70468.0,148207.0
2025-06-18 11:06:08.162963,3608.0,70468.0,148207.0
2025-06-18 11:06:09.120408,3608.4,70375.0,147917.0
2025-06-18 11:06:09.163310,3608.4,70375.0,147917.0
2025-06-18 11:06:10.117254,3608.4,70390.0,147632.0
2025-06-18 11:06:11.119465,3608.4,70390.0,147629.0
2025-06-18 11:06:12.116302,3608.4,70363.0,147665.0
2025-06-18 11:06:13.120291,3608.4,70510.0,147656.0
2025-06-18 11:06:13.169699,3608.4,70510.0,147656.0
2025-06-18 11:06:14.163625,3608.4,70510.0,147656.0
2025-06-18 11:06:14.225813,3608.4,70736.0,147973.0
2025-06-18 11:06:15.166239,3608.0,70736.0,147973.0
2025-06-18 11:06:15.229645,3608.0,70676.0,147797.0
2025-06-18 11:06:16.327623,3608.0,70681.0,147752.0
2025-06-18 11:06:17.164726,3608.4,70681.0,147752.0
2025-06-18 11:06:17.322627,3608.4,71123.0,147751.0
2025-06-18 11:06:18.325453,3608.4,70673.0,147751.0
2025-06-18 11:06:19.324332,3608.4,69623.0,147752.0
2025-06-18 11:06:20.927823,3608.4,69864.0,147645.0
2025-06-18 11:06:22.160715,3608.8,69864.0,147645.0
2025-06-18 11:06:23.428772,3608.8,74082.0,143849.0
2025-06-18 11:06:24.166248,3610.0,74082.0,143849.0
2025-06-18 11:06:24.427013,3610.0,73648.0,143881.0
2025-06-18 11:06:25.160406,3610.0,73648.0,143881.0
2025-06-18 11:06:26.129617,3610.2,72711.0,143942.0
2025-06-18 11:06:26.215317,3610.2,72711.0,143942.0
2025-06-18 11:06:27.226739,3610.2,73923.0,144100.0
2025-06-18 11:06:28.127514,3610.2,73906.0,144199.0
2025-06-18 11:06:29.128713,3610.2,73910.0,144139.0
2025-06-18 11:06:30.329164,3610.2,73699.0,144181.0
2025-06-18 11:06:31.331255,3610.2,73724.0,144181.0
2025-06-18 11:06:32.332051,3610.2,73902.0,144181.0
2025-06-18 11:06:33.332429,3610.2,73878.0,144251.0
2025-06-18 11:06:34.228543,3610.2,73878.0,144251.0
2025-06-18 11:06:34.340222,3610.2,73726.0,143993.0
2025-06-18 11:06:35.164015,3610.2,73726.0,143993.0
2025-06-18 11:06:35.540226,3610.2,72669.0,144273.0
2025-06-18 11:06:36.561392,3610.2,73962.0,143999.0
2025-06-18 11:06:37.543185,3610.8,72674.0,144094.0
2025-06-18 11:06:38.159406,3610.8,72674.0,144094.0
2025-06-18 11:06:38.535061,3610.8,72472.0,144167.0
2025-06-18 11:06:39.538591,3610.8,73502.0,144161.0
2025-06-18 11:06:40.167033,3610.8,73502.0,144161.0
2025-06-18 11:06:40.537445,3610.8,73497.0,144081.0
2025-06-18 11:06:41.539734,3610.8,73338.0,144100.0
2025-06-18 11:06:42.540652,3610.8,73488.0,144100.0
2025-06-18 11:06:43.540926,3610.0,73637.0,144407.0
2025-06-18 11:06:44.163039,3610.0,73637.0,144407.0
2025-06-18 11:06:44.755786,3610.0,72437.0,144421.0
2025-06-18 11:06:45.542826,3610.0,73681.0,144421.0
2025-06-18 11:06:46.760386,3610.0,73681.0,144421.0
2025-06-18 11:06:46.941768,3610.0,73644.0,144421.0
2025-06-18 11:06:47.621226,3610.0,73644.0,144421.0
2025-06-18 11:06:48.555201,3610.0,73644.0,144421.0
2025-06-18 11:06:48.563151,3610.0,73645.0,144135.0
2025-06-18 11:06:49.163521,3610.0,73645.0,144135.0
2025-06-18 11:06:49.768869,3610.0,73645.0,144135.0
2025-06-18 11:06:49.807131,3610.0,73583.0,144274.0
2025-06-18 11:06:50.286992,3610.0,73583.0,144274.0
2025-06-18 11:06:50.541015,3610.0,73601.0,144291.0
2025-06-18 11:06:51.056028,3610.0,73601.0,144291.0
2025-06-18 11:06:51.551938,3610.0,73601.0,144276.0
2025-06-18 11:06:52.046340,3610.0,73601.0,144276.0
2025-06-18 11:06:52.554093,3610.0,73416.0,144329.0
2025-06-18 11:06:52.603872,3610.0,73416.0,144329.0
2025-06-18 11:06:53.517660,3610.0,73416.0,144329.0
2025-06-18 11:06:53.562426,3610.7,73546.0,144438.0
2025-06-18 11:06:53.870132,3610.7,73546.0,144438.0
2025-06-18 11:06:54.201260,3610.7,73546.0,144438.0
2025-06-18 11:06:54.557221,3610.7,73554.0,144301.0
2025-06-18 11:06:54.761387,3610.7,73554.0,144301.0
2025-06-18 11:06:55.447252,3610.7,73394.0,144247.0
2025-06-18 11:06:56.267146,3610.7,73394.0,144247.0
2025-06-18 11:06:56.447076,3610.7,72351.0,144247.0
2025-06-18 11:06:57.106094,3610.7,72351.0,144247.0
2025-06-18 11:06:57.447118,3610.7,73556.0,144400.0
2025-06-18 11:06:58.336749,3608.8,73556.0,144400.0
2025-06-18 11:06:58.448177,3608.8,72068.0,145771.0
2025-06-18 11:06:58.542296,3608.8,72068.0,145771.0
2025-06-18 11:06:59.159742,3608.8,72068.0,145771.0
2025-06-18 11:06:59.447119,3608.8,71652.0,146500.0
2025-06-18 11:06:59.692633,3608.8,71652.0,146500.0
2025-06-18 11:07:00.449526,3608.8,71647.0,146651.0
2025-06-18 11:07:00.830426,3608.8,71647.0,146651.0
2025-06-18 11:07:01.655203,3609.8,72074.0,146257.0
2025-06-18 11:07:02.160927,3609.8,72074.0,146257.0
2025-06-18 11:07:02.289425,3609.8,72074.0,146257.0
2025-06-18 11:07:02.754243,3608.8,71960.0,146277.0
2025-06-18 11:07:03.160513,3608.8,71960.0,146277.0
2025-06-18 11:07:05.037786,3608.8,69924.0,146955.0
2025-06-18 11:07:05.115290,3608.8,71325.0,146756.0
2025-06-18 11:07:05.954152,3609.5,70163.0,146371.0
2025-06-18 11:07:06.162679,3609.5,70163.0,146371.0
2025-06-18 11:07:06.953478,3609.5,70617.0,146717.0
2025-06-18 11:07:10.478333,3608.8,70579.0,147200.0
2025-06-18 11:07:10.484653,3608.8,70579.0,147200.0
2025-06-18 11:07:10.531888,3608.8,70579.0,147200.0
2025-06-18 11:07:10.535666,3608.8,70163.0,147003.0
2025-06-18 11:07:10.580719,3608.8,70934.0,146887.0
2025-06-18 11:07:11.458398,3608.8,71083.0,146568.0
2025-06-18 11:07:12.169965,3609.2,71083.0,146568.0
2025-06-18 11:07:12.457115,3609.2,70304.0,146531.0
2025-06-18 11:07:13.165891,3609.2,70304.0,146531.0
2025-06-18 11:07:13.458761,3609.2,71039.0,146574.0
2025-06-18 11:07:14.161646,3609.2,71039.0,146574.0
2025-06-18 11:07:14.461240,3609.2,71447.0,146621.0
2025-06-18 11:07:15.461160,3609.2,71260.0,146456.0
2025-06-18 11:07:16.166336,3609.3,71260.0,146456.0
2025-06-18 11:07:16.459959,3609.3,71154.0,146824.0
2025-06-18 11:07:17.563903,3609.3,71188.0,146669.0
2025-06-18 11:07:18.169502,3609.3,71188.0,146669.0
2025-06-18 11:07:18.560610,3609.3,71397.0,146945.0
2025-06-18 11:07:19.560083,3608.3,70314.0,147002.0
2025-06-18 11:07:20.160815,3608.3,70314.0,147002.0
2025-06-18 11:07:20.598198,3608.9,70125.0,147281.0
2025-06-18 11:07:21.168267,3608.9,70125.0,147281.0
2025-06-18 11:07:21.577441,3608.9,71020.0,147203.0
2025-06-18 11:07:22.560767,3608.9,71406.0,147085.0
2025-06-18 11:07:23.164947,3609.3,71406.0,147085.0
2025-06-18 11:07:23.565279,3609.4,71448.0,146552.0
2025-06-18 11:07:24.165118,3609.4,71448.0,146552.0
2025-06-18 11:07:24.667361,3609.4,71609.0,146649.0
2025-06-18 11:07:25.762402,3609.4,71175.0,146867.0
2025-06-18 11:07:26.220595,3609.5,71175.0,146867.0
2025-06-18 11:07:26.860931,3607.3,70391.0,147801.0
2025-06-18 11:07:27.171561,3607.3,70391.0,147801.0
2025-06-18 11:07:27.964100,3608.8,71051.0,147581.0
2025-06-18 11:07:28.168409,3608.8,71051.0,147581.0
2025-06-18 11:07:28.967262,3608.9,71793.0,147381.0
2025-06-18 11:07:29.176075,3608.9,71793.0,147381.0
2025-06-18 11:07:30.042355,3608.9,71749.0,147558.0
2025-06-18 11:07:30.192940,3609.0,71749.0,147558.0
2025-06-18 11:07:31.067625,3609.0,71814.0,147381.0
2025-06-18 11:07:32.064502,3609.0,71342.0,147435.0
2025-06-18 11:07:33.066593,3609.0,70467.0,147070.0
2025-06-18 11:07:33.964500,3609.0,70461.0,147123.0
2025-06-18 11:07:34.966201,3608.8,71332.0,147141.0
2025-06-18 11:07:35.163559,3608.8,71332.0,147141.0
2025-06-18 11:07:35.969280,3608.8,70262.0,147230.0
2025-06-18 11:07:36.973265,3608.8,70210.0,147562.0
2025-06-18 11:07:37.973659,3608.8,70758.0,147601.0
2025-06-18 11:07:38.168500,3608.8,70758.0,147601.0
2025-06-18 11:07:38.974731,3608.8,70119.0,147667.0
2025-06-18 11:07:39.975810,3608.8,70743.0,147536.0
2025-06-18 11:07:41.070612,3608.1,70748.0,147437.0
2025-06-18 11:07:41.170448,3608.1,70748.0,147437.0
2025-06-18 11:07:42.183607,3608.1,70740.0,147455.0
2025-06-18 11:07:43.170329,3608.5,70740.0,147455.0
2025-06-18 11:07:43.185033,3608.5,70747.0,147447.0
2025-06-18 11:07:44.797708,3608.5,70746.0,147459.0
2025-06-18 11:07:45.375071,3608.5,70733.0,147424.0
2025-06-18 11:07:46.173387,3608.1,70733.0,147424.0
2025-06-18 11:07:46.478533,3608.1,70586.0,147281.0
2025-06-18 11:07:47.474228,3608.1,70073.0,147281.0
2025-06-18 11:07:48.477151,3608.1,70973.0,147281.0
2025-06-18 11:07:49.480358,3608.1,70706.0,147548.0
2025-06-18 11:07:50.574374,3608.5,70669.0,147555.0
2025-06-18 11:07:51.174547,3608.5,70669.0,147555.0
2025-06-18 11:07:51.575695,3608.5,70669.0,147254.0
2025-06-18 11:07:52.176074,3608.5,70669.0,147254.0
2025-06-18 11:07:52.683744,3608.5,71015.0,147692.0
2025-06-18 11:07:53.715827,3608.5,71657.0,147701.0
2025-06-18 11:07:55.161583,3608.5,71085.0,148323.0
2025-06-18 11:07:55.774943,3608.5,70694.0,147813.0
2025-06-18 11:07:56.774600,3608.5,71465.0,147645.0
2025-06-18 11:07:57.779874,3608.5,71492.0,147670.0
2025-06-18 11:07:58.180317,3607.4,71492.0,147670.0
2025-06-18 11:07:58.876618,3607.4,71494.0,147576.0
2025-06-18 11:07:59.776145,3607.4,71487.0,147549.0
2025-06-18 11:08:00.779692,3607.4,70588.0,147567.0
2025-06-18 11:08:01.775827,3607.4,70352.0,148280.0
2025-06-18 11:08:02.783091,3607.4,71127.0,147911.0
2025-06-18 11:08:03.879156,3607.4,70248.0,147860.0
2025-06-18 11:08:04.987655,3607.4,71454.0,147860.0
2025-06-18 11:08:05.882513,3607.4,71428.0,147824.0
2025-06-18 11:08:06.174122,3607.2,71428.0,147824.0
2025-06-18 11:08:06.990794,3607.4,71087.0,147677.0
2025-06-18 11:08:07.180044,3607.4,71087.0,147677.0
2025-06-18 11:08:08.084789,3607.4,71091.0,147572.0
2025-06-18 11:08:09.244694,3607.4,71165.0,147557.0
2025-06-18 11:08:10.284273,3607.4,71267.0,147766.0
2025-06-18 11:08:11.175873,3607.6,71267.0,147766.0
2025-06-18 11:08:11.284929,3607.6,70153.0,147750.0
2025-06-18 11:08:12.286541,3607.6,70159.0,147741.0
2025-06-18 11:08:13.176844,3607.3,70159.0,147741.0
2025-06-18 11:08:13.287725,3607.0,71419.0,147467.0
2025-06-18 11:08:14.186238,3607.0,71419.0,147467.0
2025-06-18 11:08:14.286614,3607.0,70352.0,147145.0
2025-06-18 11:08:15.199038,3607.3,70352.0,147145.0
2025-06-18 11:08:15.207192,3607.3,71403.0,147430.0
2025-06-18 11:08:16.193534,3607.3,71403.0,147430.0
2025-06-18 11:08:16.203597,3607.3,71268.0,147419.0
2025-06-18 11:08:20.485018,3607.3,71251.0,147421.0
2025-06-18 11:08:20.499081,3607.3,71252.0,147468.0
2025-06-18 11:08:20.530220,3607.3,71252.0,147468.0
2025-06-18 11:08:20.533697,3607.3,71429.0,147457.0
2025-06-18 11:08:20.540407,3607.3,71429.0,147457.0
2025-06-18 11:08:20.569786,3607.3,71428.0,147910.0
2025-06-18 11:08:21.594691,3607.3,71599.0,147562.0
2025-06-18 11:08:22.170647,3607.3,71599.0,147562.0
2025-06-18 11:08:22.695477,3607.6,72777.0,145536.0
2025-06-18 11:08:23.176913,3607.6,72777.0,145536.0
2025-06-18 11:08:24.078252,3607.6,72633.0,145861.0
2025-06-18 11:08:24.896250,3607.6,71428.0,146382.0
2025-06-18 11:08:25.170624,3607.6,71428.0,146382.0
2025-06-18 11:08:26.027766,3607.6,70770.0,146680.0
2025-06-18 11:08:26.168129,3607.6,70770.0,146680.0
2025-06-18 11:08:27.013942,3607.6,71468.0,146776.0
2025-06-18 11:08:28.008812,3607.6,71820.0,146498.0
2025-06-18 11:08:29.013326,3607.6,72427.0,146169.0
2025-06-18 11:08:29.169868,3607.6,72427.0,146169.0
2025-06-18 11:08:30.014344,3607.6,71095.0,146462.0
2025-06-18 11:08:31.014780,3607.6,72445.0,146164.0
2025-06-18 11:08:31.186279,3607.6,72445.0,146164.0
2025-06-18 11:08:31.905196,3607.6,72427.0,146578.0
2025-06-18 11:08:33.015929,3607.0,71918.0,146580.0
2025-06-18 11:08:33.178088,3607.0,71918.0,146580.0
2025-06-18 11:08:34.106655,3607.0,72119.0,146588.0
2025-06-18 11:08:35.204509,3607.0,71969.0,146603.0
2025-06-18 11:08:36.169559,3607.1,71969.0,146603.0
2025-06-18 11:08:36.206027,3607.1,71994.0,146186.0
2025-06-18 11:08:37.209442,3607.1,72177.0,146274.0
2025-06-18 11:08:38.207509,3607.1,71929.0,146837.0
2025-06-18 11:08:39.206852,3607.1,72403.0,146616.0
2025-06-18 11:08:40.176701,3607.1,72403.0,146616.0
2025-06-18 11:08:40.222378,3607.1,72127.0,146546.0
2025-06-18 11:08:41.173077,3607.6,72127.0,146546.0
2025-06-18 11:08:41.308667,3607.6,72165.0,146567.0
2025-06-18 11:08:42.409653,3607.6,71302.0,146568.0
2025-06-18 11:08:43.411930,3607.6,72352.0,146568.0
2025-06-18 11:08:44.520352,3607.6,71301.0,146579.0
2025-06-18 11:08:45.518018,3607.6,71869.0,147052.0
2025-06-18 11:08:46.201788,3607.6,71869.0,147052.0
2025-06-18 11:08:46.609904,3607.6,72347.0,146810.0
2025-06-18 11:08:47.709820,3607.6,72106.0,146742.0
2025-06-18 11:08:48.709423,3607.6,71915.0,146795.0
2025-06-18 11:08:49.712362,3607.6,71721.0,146749.0
2025-06-18 11:08:50.715077,3607.6,71398.0,147237.0
2025-06-18 11:08:51.811139,3607.6,70748.0,146550.0
2025-06-18 11:08:52.911980,3607.6,72260.0,146539.0
2025-06-18 11:08:53.911097,3607.6,71804.0,146693.0
2025-06-18 11:08:54.912495,3607.6,71285.0,146795.0
2025-06-18 11:08:55.911506,3607.1,71739.0,147232.0
2025-06-18 11:08:56.175662,3607.1,71739.0,147232.0
2025-06-18 11:08:56.911880,3607.1,71779.0,147216.0
2025-06-18 11:08:57.815162,3607.1,71336.0,147103.0
2025-06-18 11:08:58.914918,3607.1,71134.0,147477.0
2025-06-18 11:08:59.177484,3607.6,71134.0,147477.0
2025-06-18 11:09:00.039094,3607.6,70051.0,147391.0
2025-06-18 11:09:01.168332,3607.6,70051.0,147391.0
2025-06-18 11:09:01.916554,3607.6,71545.0,147520.0
2025-06-18 11:09:02.915889,3607.6,70251.0,147187.0
2025-06-18 11:09:03.917186,3607.6,70293.0,147020.0
2025-06-18 11:09:05.178584,3607.6,70293.0,147020.0
2025-06-18 11:09:05.917833,3607.6,71156.0,147126.0
2025-06-18 11:09:06.171929,3607.6,71156.0,147126.0
2025-06-18 11:09:06.851184,3607.5,70257.0,146681.0
2025-06-18 11:09:07.171670,3607.5,70257.0,146681.0
2025-06-18 11:09:07.822948,3607.5,71633.0,146805.0
2025-06-18 11:09:08.719739,3607.5,71607.0,146909.0
2025-06-18 11:09:09.168042,3607.6,71607.0,146909.0
2025-06-18 11:09:09.743661,3607.6,70244.0,146775.0
2025-06-18 11:09:11.121699,3607.6,71363.0,145738.0
2025-06-18 11:09:12.120621,3607.6,72045.0,145614.0
2025-06-18 11:09:12.166564,3607.6,72045.0,145614.0
2025-06-18 11:09:14.304125,3607.6,72219.0,145652.0
2025-06-18 11:09:14.341668,3607.5,71214.0,146083.0
2025-06-18 11:09:14.345544,3607.5,71214.0,146083.0
2025-06-18 11:09:15.173969,3607.6,71214.0,146083.0
2025-06-18 11:09:15.223388,3607.6,72006.0,146188.0
2025-06-18 11:09:16.322283,3607.5,71722.0,145909.0
2025-06-18 11:09:17.172037,3607.5,71722.0,145909.0
2025-06-18 11:09:17.424961,3607.5,71933.0,146330.0
2025-06-18 11:09:18.877640,3607.6,71786.0,146434.0
2025-06-18 11:09:19.165750,3607.6,71786.0,146434.0
2025-06-18 11:09:19.924425,3607.6,72502.0,146334.0
2025-06-18 11:09:20.196913,3607.6,72502.0,146334.0
2025-06-18 11:09:20.924714,3607.6,71949.0,145523.0
2025-06-18 11:09:21.171630,3607.6,71949.0,145523.0
2025-06-18 11:09:21.927078,3607.6,71781.0,145530.0
2025-06-18 11:09:22.964923,3607.6,71802.0,145940.0
2025-06-18 11:09:23.828297,3607.6,70600.0,146179.0
2025-06-18 11:09:24.173440,3607.6,70600.0,146179.0
2025-06-18 11:09:24.828294,3607.6,71337.0,146198.0
2025-06-18 11:09:25.829147,3607.6,71189.0,146198.0
2025-06-18 11:09:26.932009,3607.6,70616.0,146197.0
2025-06-18 11:09:28.033760,3607.6,71828.0,146169.0
2025-06-18 11:09:28.175508,3607.6,71828.0,146169.0
2025-06-18 11:09:29.037955,3607.6,72327.0,146053.0
2025-06-18 11:09:30.131669,3607.6,70795.0,145755.0
2025-06-18 11:09:31.230617,3607.6,71049.0,145751.0
2025-06-18 11:09:32.231024,3607.6,71049.0,145752.0
2025-06-18 11:09:33.233118,3607.6,71935.0,145766.0
2025-06-18 11:09:34.174786,3607.6,71935.0,145766.0
2025-06-18 11:09:34.335095,3607.6,72071.0,145912.0
2025-06-18 11:09:35.437446,3607.6,71066.0,145912.0
2025-06-18 11:09:36.171642,3607.6,71066.0,145912.0
2025-06-18 11:09:36.542735,3607.6,71986.0,146027.0
2025-06-18 11:09:37.640474,3607.6,71940.0,146027.0
2025-06-18 11:09:39.846776,3607.6,71190.0,146006.0
2025-06-18 11:09:39.902617,3607.6,72390.0,146027.0
2025-06-18 11:09:40.735759,3607.6,72390.0,146128.0
2025-06-18 11:09:41.737314,3607.6,72600.0,146128.0
2025-06-18 11:09:42.738939,3607.6,71505.0,146128.0
2025-06-18 11:09:43.838198,3607.6,71503.0,146129.0
2025-06-18 11:09:44.188765,3607.6,71503.0,146129.0
2025-06-18 11:09:44.942223,3607.6,72820.0,146128.0
2025-06-18 11:09:45.941874,3607.6,72820.0,146128.0
2025-06-18 11:09:46.939100,3607.6,72821.0,146128.0
2025-06-18 11:09:47.140149,3607.6,72821.0,146128.0
2025-06-18 11:09:48.170757,3607.5,72821.0,146128.0
2025-06-18 11:09:48.226274,3607.5,72821.0,146128.0
2025-06-18 11:09:48.443136,3607.5,72925.0,146126.0
2025-06-18 11:09:49.104112,3607.5,72925.0,146126.0
2025-06-18 11:09:49.174405,3607.6,72925.0,146126.0
2025-06-18 11:09:49.542729,3607.6,72355.0,146665.0
2025-06-18 11:09:50.022616,3607.6,72355.0,146665.0
2025-06-18 11:09:50.170770,3607.7,72355.0,146665.0
2025-06-18 11:09:50.650838,3607.5,72136.0,146716.0
2025-06-18 11:09:50.901044,3607.5,72136.0,146716.0
2025-06-18 11:09:51.170318,3607.5,72136.0,146716.0
2025-06-18 11:09:51.640023,3607.5,72136.0,146716.0
2025-06-18 11:09:51.674371,3607.5,72487.0,146703.0
2025-06-18 11:09:52.640917,3607.5,72487.0,146703.0
2025-06-18 11:09:52.676693,3607.6,71728.0,146148.0
2025-06-18 11:09:53.178055,3607.6,71728.0,146148.0
2025-06-18 11:09:53.226073,3607.6,71728.0,146148.0
2025-06-18 11:09:53.648468,3607.6,73149.0,146408.0
2025-06-18 11:09:54.094417,3607.6,73149.0,146408.0
2025-06-18 11:09:54.743276,3607.8,73733.0,146387.0
2025-06-18 11:09:55.180811,3607.8,73733.0,146387.0
2025-06-18 11:09:55.345459,3607.8,73733.0,146387.0
2025-06-18 11:09:55.744284,3607.8,72623.0,146296.0
2025-06-18 11:09:56.596171,3607.8,72623.0,146296.0
2025-06-18 11:09:56.743873,3607.8,73950.0,146208.0
2025-06-18 11:09:57.179522,3607.6,73950.0,146208.0
2025-06-18 11:09:57.588914,3607.6,73950.0,146208.0
2025-06-18 11:09:57.844496,3607.8,72113.0,146179.0
2025-06-18 11:09:58.177717,3607.8,72113.0,146179.0
2025-06-18 11:09:58.956308,3607.8,72684.0,146224.0
2025-06-18 11:09:58.974320,3607.8,72684.0,146224.0
2025-06-18 11:10:00.046503,3607.8,72709.0,145608.0
2025-06-18 11:10:00.121237,3607.8,72709.0,145608.0
2025-06-18 11:10:01.168669,3607.6,72709.0,145608.0
2025-06-18 11:10:01.250542,3607.6,72709.0,145608.0
2025-06-18 11:10:02.723161,3607.6,72709.0,145608.0
2025-06-18 11:10:03.217484,3607.8,72709.0,145608.0
2025-06-18 11:10:04.050720,3607.8,74359.0,145883.0
2025-06-18 11:10:06.182582,3607.6,74359.0,145883.0
2025-06-18 11:10:09.511168,3607.8,73270.0,145863.0
2025-06-18 11:10:09.513582,3607.8,73270.0,145863.0
2025-06-18 11:10:11.189187,3608.0,73270.0,145863.0
2025-06-18 11:10:14.188540,3608.1,73270.0,145863.0
2025-06-18 11:10:14.662568,3608.1,74529.0,145997.0
2025-06-18 11:10:17.186076,3608.1,74529.0,145997.0
2025-06-18 11:10:19.755597,3608.1,73816.0,146248.0
2025-06-18 11:10:21.189099,3607.2,73816.0,146248.0
2025-06-18 11:10:23.177845,3607.3,73816.0,146248.0
2025-06-18 11:10:24.958944,3607.3,73193.0,146283.0
2025-06-18 11:10:28.188227,3608.0,73193.0,146283.0
2025-06-18 11:10:30.563753,3607.3,74394.0,146162.0
2025-06-18 11:10:31.190272,3607.3,74394.0,146162.0
2025-06-18 11:10:36.168826,3607.3,73066.0,145900.0
2025-06-18 11:10:37.179049,3607.3,73066.0,145900.0
2025-06-18 11:10:41.670149,3607.3,72313.0,146137.0
2025-06-18 11:10:43.177724,3607.3,72313.0,146137.0
2025-06-18 11:10:45.175171,3608.0,72313.0,146137.0
2025-06-18 11:10:46.975971,3608.2,74132.0,144692.0
2025-06-18 11:10:47.175748,3608.2,74132.0,144692.0
2025-06-18 11:10:48.212765,3608.7,74132.0,144692.0
2025-06-18 11:10:52.088762,3608.7,75099.0,145257.0
2025-06-18 11:10:55.178734,3608.7,75099.0,145257.0
2025-06-18 11:10:56.179310,3608.2,75099.0,145257.0
2025-06-18 11:10:57.282558,3608.2,74939.0,144581.0
2025-06-18 11:11:01.172884,3609.1,74939.0,144581.0
2025-06-18 11:11:01.887315,3609.2,74892.0,145208.0
2025-06-18 11:11:02.201351,3609.2,74892.0,145208.0
2025-06-18 11:11:02.987266,3608.3,73846.0,145639.0
2025-06-18 11:11:03.175207,3608.3,73846.0,145639.0
2025-06-18 11:11:03.888018,3608.3,73851.0,145223.0
2025-06-18 11:11:04.792703,3608.3,74869.0,145373.0
2025-06-18 11:11:05.890458,3608.3,74679.0,145535.0
2025-06-18 11:11:06.891886,3608.3,74929.0,145567.0
2025-06-18 11:11:08.039964,3608.3,74929.0,145310.0
2025-06-18 11:11:09.002287,3608.3,73890.0,145636.0
2025-06-18 11:11:10.003615,3608.3,75020.0,146097.0
2025-06-18 11:11:11.107105,3608.3,75035.0,146358.0
2025-06-18 11:11:12.096460,3609.1,74822.0,146265.0
2025-06-18 11:11:12.179021,3609.1,74822.0,146265.0
2025-06-18 11:11:13.202522,3609.1,73745.0,146255.0
2025-06-18 11:11:14.203766,3609.1,75264.0,146254.0
2025-06-18 11:11:15.173203,3609.3,75264.0,146254.0
2025-06-18 11:11:15.293690,3609.3,75005.0,145556.0
2025-06-18 11:11:16.195612,3609.3,73813.0,145576.0
2025-06-18 11:11:17.296280,3609.3,75038.0,145602.0
2025-06-18 11:11:18.402526,3609.3,74884.0,145646.0
2025-06-18 11:11:19.396990,3609.3,75335.0,145646.0
2025-06-18 11:11:20.395638,3609.3,75296.0,145638.0
2025-06-18 11:11:21.296754,3609.3,73806.0,145671.0
2025-06-18 11:11:22.182124,3609.4,73806.0,145671.0
2025-06-18 11:11:22.399366,3609.4,75241.0,145479.0
2025-06-18 11:11:23.400016,3609.4,75433.0,146021.0
2025-06-18 11:11:24.176984,3609.5,75433.0,146021.0
2025-06-18 11:11:24.398116,3609.5,74934.0,145736.0
2025-06-18 11:11:25.398579,3608.9,75186.0,145773.0
2025-06-18 11:11:26.179133,3608.9,75186.0,145773.0
2025-06-18 11:11:26.399811,3608.9,73853.0,145500.0
2025-06-18 11:11:27.508937,3608.9,73842.0,145920.0
2025-06-18 11:11:28.536577,3608.9,75374.0,145900.0
2025-06-18 11:11:29.511680,3608.9,75025.0,146686.0
2025-06-18 11:11:30.175863,3608.7,75025.0,146686.0
2025-06-18 11:11:30.513154,3608.7,74797.0,147123.0
2025-06-18 11:11:31.515570,3608.7,73598.0,147010.0
2025-06-18 11:11:32.533347,3608.7,74973.0,147022.0
2025-06-18 11:11:33.176721,3609.1,74973.0,147022.0
2025-06-18 11:11:33.607058,3609.1,74830.0,146996.0
2025-06-18 11:11:34.178741,3609.1,74830.0,146996.0
2025-06-18 11:11:34.708198,3609.3,75068.0,145945.0
2025-06-18 11:11:35.180468,3609.3,75068.0,145945.0
2025-06-18 11:11:35.807423,3609.3,75068.0,146435.0
2025-06-18 11:11:36.710331,3609.3,74923.0,146616.0
2025-06-18 11:11:37.811188,3609.3,73709.0,146701.0
2025-06-18 11:11:38.912174,3609.3,74916.0,146701.0
2025-06-18 11:11:40.025835,3609.3,75129.0,146696.0
2025-06-18 11:11:40.175820,3609.3,75129.0,146696.0
2025-06-18 11:11:40.911261,3609.3,75186.0,146351.0
2025-06-18 11:11:41.192158,3609.3,75186.0,146351.0
2025-06-18 11:11:42.021262,3609.3,75193.0,146395.0
2025-06-18 11:11:43.036327,3609.3,75195.0,146392.0
2025-06-18 11:11:43.193919,3609.3,75195.0,146392.0
2025-06-18 11:11:44.038073,3609.3,75187.0,146425.0
2025-06-18 11:11:45.092538,3609.3,75187.0,146426.0
2025-06-18 11:11:46.036290,3609.3,75692.0,146089.0
2025-06-18 11:11:47.033363,3609.3,75546.0,146163.0
2025-06-18 11:11:48.024570,3609.3,75396.0,146164.0
2025-06-18 11:11:49.037888,3609.3,74998.0,146053.0
2025-06-18 11:11:50.028565,3609.3,74816.0,146339.0
2025-06-18 11:11:50.919037,3609.3,73651.0,146352.0
2025-06-18 11:11:52.024514,3609.3,74805.0,146396.0
2025-06-18 11:11:53.197211,3609.3,74805.0,146396.0
2025-06-18 11:11:53.216741,3609.3,74918.0,146627.0
2025-06-18 11:11:54.193072,3609.3,74918.0,146627.0
2025-06-18 11:11:54.317195,3609.3,75621.0,146603.0
2025-06-18 11:11:55.420130,3609.3,75485.0,146630.0
2025-06-18 11:11:56.320958,3609.3,75049.0,146207.0
2025-06-18 11:11:57.324973,3609.3,75049.0,146312.0
2025-06-18 11:11:58.447922,3609.3,75049.0,146413.0
2025-06-18 11:11:59.553307,3609.3,75049.0,146400.0
2025-06-18 11:12:00.626957,3609.3,75023.0,146087.0
2025-06-18 11:12:03.928802,3609.3,75489.0,146387.0
2025-06-18 11:12:04.186556,3608.6,75489.0,146387.0
2025-06-18 11:12:07.179655,3608.7,75489.0,146387.0
2025-06-18 11:12:08.186852,3609.5,75489.0,146387.0
2025-06-18 11:12:08.729272,3609.5,74481.0,146701.0
2025-06-18 11:12:10.194606,3608.4,74481.0,146701.0
2025-06-18 11:12:12.202356,3609.4,74481.0,146701.0
2025-06-18 11:12:13.836727,3609.4,74348.0,147176.0
2025-06-18 11:12:18.216263,3608.9,74348.0,147176.0
2025-06-18 11:12:19.142815,3608.9,74553.0,147359.0
2025-06-18 11:12:22.183022,3608.9,74553.0,147359.0
2025-06-18 11:12:24.144822,3608.4,74009.0,147399.0
2025-06-18 11:12:24.191028,3608.4,74009.0,147399.0
2025-06-18 11:12:26.187973,3609.0,74009.0,147399.0
2025-06-18 11:12:29.155921,3607.3,71428.0,149129.0
2025-06-18 11:12:29.179818,3607.3,71428.0,149129.0
2025-06-18 11:12:30.197021,3607.0,71428.0,149129.0
2025-06-18 11:12:33.181618,3607.6,71428.0,149129.0
2025-06-18 11:12:34.188104,3607.6,71428.0,149129.0
2025-06-18 11:12:34.351599,3607.6,71901.0,147955.0
2025-06-18 11:12:38.195045,3607.0,71901.0,147955.0
2025-06-18 11:12:39.661851,3607.0,72171.0,147951.0
2025-06-18 11:12:42.187201,3607.6,72171.0,147951.0
2025-06-18 11:12:44.662039,3607.6,72148.0,147827.0
2025-06-18 11:12:47.564990,3607.6,72148.0,147827.0
2025-06-18 11:12:48.629332,3607.6,72148.0,147827.0
2025-06-18 11:12:49.536331,3607.6,72148.0,147827.0
2025-06-18 11:12:49.762844,3607.6,71854.0,147651.0
2025-06-18 11:12:50.455158,3607.6,71854.0,147651.0
2025-06-18 11:12:51.316804,3607.6,71854.0,147651.0
2025-06-18 11:12:52.104122,3607.6,71854.0,147651.0
2025-06-18 11:12:53.074292,3607.6,71854.0,147651.0
2025-06-18 11:12:54.046558,3607.6,71854.0,147651.0
2025-06-18 11:12:54.188385,3607.6,71854.0,147651.0
2025-06-18 11:12:54.523583,3607.6,71854.0,147651.0
2025-06-18 11:12:55.467000,3607.6,71800.0,147487.0
2025-06-18 11:12:55.805518,3607.6,71800.0,147487.0
2025-06-18 11:12:57.015108,3607.6,71800.0,147487.0
2025-06-18 11:12:57.884325,3607.6,71800.0,147487.0
2025-06-18 11:12:58.193105,3607.9,71800.0,147487.0
2025-06-18 11:12:59.290323,3607.9,71800.0,147487.0
2025-06-18 11:13:00.197029,3607.9,71800.0,147487.0
2025-06-18 11:13:00.403141,3607.9,71800.0,147487.0
2025-06-18 11:13:00.871207,3607.9,71381.0,147144.0
2025-06-18 11:13:01.576790,3607.9,71381.0,147144.0
2025-06-18 11:13:02.071057,3607.0,71534.0,147475.0
2025-06-18 11:13:02.179005,3607.0,71534.0,147475.0
2025-06-18 11:13:03.037332,3607.0,71534.0,147475.0
2025-06-18 11:13:03.077286,3607.9,72684.0,147415.0
2025-06-18 11:13:03.211203,3607.9,72684.0,147415.0
2025-06-18 11:13:04.172092,3607.9,71341.0,147398.0
2025-06-18 11:13:05.176028,3607.9,71152.0,147398.0
2025-06-18 11:13:06.176426,3607.9,72659.0,147617.0
2025-06-18 11:13:07.277381,3607.9,72653.0,147590.0
2025-06-18 11:13:08.180319,3607.6,72653.0,147590.0
2025-06-18 11:13:08.277559,3607.6,73020.0,147263.0
2025-06-18 11:13:09.276361,3607.6,72717.0,147326.0
2025-06-18 11:13:10.278047,3607.6,71286.0,147778.0
2025-06-18 11:13:11.277556,3607.6,72646.0,147477.0
2025-06-18 11:13:12.184014,3606.6,72646.0,147477.0
2025-06-18 11:13:12.277599,3606.6,72362.0,147278.0
2025-06-18 11:13:13.277272,3606.6,72703.0,147771.0
2025-06-18 11:13:14.181162,3607.0,72703.0,147771.0
2025-06-18 11:13:14.377603,3607.0,72058.0,148114.0
2025-06-18 11:13:15.185642,3607.0,72058.0,148114.0
2025-06-18 11:13:15.479934,3607.2,72490.0,147131.0
2025-06-18 11:13:16.180491,3607.2,72490.0,147131.0
2025-06-18 11:13:16.580830,3607.6,72003.0,146573.0
2025-06-18 11:13:17.184847,3607.6,72003.0,146573.0
2025-06-18 11:13:17.482702,3607.6,73201.0,146719.0
2025-06-18 11:13:18.585575,3607.6,72668.0,147574.0
2025-06-18 11:13:19.183503,3607.9,72668.0,147574.0
2025-06-18 11:13:19.582487,3606.6,72751.0,147795.0
2025-06-18 11:13:20.184585,3606.6,72751.0,147795.0
2025-06-18 11:13:20.581201,3606.6,71411.0,147769.0
2025-06-18 11:13:21.682652,3606.6,71435.0,147654.0
2025-06-18 11:13:22.583693,3606.6,72934.0,147648.0
2025-06-18 11:13:23.587872,3606.6,72928.0,147370.0
2025-06-18 11:13:24.584451,3606.6,73022.0,147357.0
2025-06-18 11:13:25.585266,3606.6,71529.0,147477.0
2025-06-18 11:13:26.585440,3606.6,73030.0,147360.0
2025-06-18 11:13:27.586039,3606.6,73022.0,147466.0
2025-06-18 11:13:28.587350,3607.9,73089.0,147337.0
2025-06-18 11:13:29.184824,3607.9,73089.0,147337.0
2025-06-18 11:13:29.587621,3607.5,72542.0,148677.0
2025-06-18 11:13:30.187250,3607.5,72542.0,148677.0
2025-06-18 11:13:30.691352,3607.5,71222.0,147837.0
2025-06-18 11:13:31.183770,3607.9,71222.0,147837.0
2025-06-18 11:13:31.689172,3607.9,72578.0,147836.0
2025-06-18 11:13:32.690222,3607.9,71222.0,147836.0
2025-06-18 11:13:33.789717,3607.9,72722.0,147552.0
2025-06-18 11:13:34.891820,3607.9,72607.0,146867.0
2025-06-18 11:13:35.891116,3607.9,72699.0,146840.0
2025-06-18 11:13:36.893228,3607.9,71450.0,147142.0
2025-06-18 11:13:37.893902,3607.9,72626.0,147151.0
2025-06-18 11:13:38.893515,3607.9,72621.0,147138.0
2025-06-18 11:13:39.994020,3607.9,70827.0,147118.0
2025-06-18 11:13:41.094397,3607.9,72338.0,147120.0
2025-06-18 11:13:42.095338,3607.9,72182.0,147111.0
2025-06-18 11:13:43.096246,3607.9,71583.0,147219.0
2025-06-18 11:13:44.098497,3607.9,72013.0,147505.0
2025-06-18 11:13:44.185189,3607.9,72013.0,147505.0
2025-06-18 11:13:45.101289,3607.9,70813.0,147505.0
2025-06-18 11:13:46.097154,3607.5,72009.0,147504.0
2025-06-18 11:13:46.184541,3607.5,72009.0,147504.0
2025-06-18 11:13:47.099362,3607.5,71547.0,147511.0
2025-06-18 11:13:48.097298,3607.5,72419.0,148139.0
2025-06-18 11:13:49.183292,3607.9,72419.0,148139.0
2025-06-18 11:13:49.204147,3607.9,72037.0,147670.0
2025-06-18 11:13:50.182305,3607.9,72037.0,147670.0
2025-06-18 11:13:50.296463,3607.9,71100.0,148301.0
2025-06-18 11:13:51.397960,3607.9,72002.0,148015.0
2025-06-18 11:13:52.297838,3607.9,71129.0,147356.0
2025-06-18 11:13:53.298986,3607.9,72525.0,147080.0
2025-06-18 11:13:54.186597,3607.9,72525.0,147080.0
2025-06-18 11:13:54.299074,3607.9,71280.0,147282.0
2025-06-18 11:13:55.299039,3607.9,72614.0,147417.0
2025-06-18 11:13:56.400896,3607.9,71708.0,147396.0
2025-06-18 11:13:57.186822,3607.5,71708.0,147396.0
2025-06-18 11:13:57.303138,3607.5,71101.0,147396.0
2025-06-18 11:13:58.184147,3607.9,71101.0,147396.0
2025-06-18 11:13:58.302735,3607.9,71701.0,147379.0
2025-06-18 11:13:59.303121,3607.9,72024.0,147378.0
2025-06-18 11:14:00.402935,3607.9,70530.0,147334.0
2025-06-18 11:14:02.507168,3607.9,72178.0,147279.0
2025-06-18 11:14:03.511853,3607.9,71988.0,147289.0
2025-06-18 11:14:04.605175,3607.9,72004.0,146996.0
2025-06-18 11:14:05.606258,3607.9,72441.0,147158.0
2025-06-18 11:14:06.914705,3607.9,72661.0,147119.0
2025-06-18 11:14:07.907945,3607.9,72661.0,147075.0
2025-06-18 11:14:09.016084,3607.9,71704.0,146993.0
2025-06-18 11:14:09.188344,3607.9,71704.0,146993.0
2025-06-18 11:14:10.110049,3608.0,72667.0,146997.0
2025-06-18 11:14:10.187885,3608.0,72667.0,146997.0
2025-06-18 11:14:11.112564,3608.0,72633.0,146710.0
2025-06-18 11:14:11.184561,3608.0,72633.0,146710.0
2025-06-18 11:14:12.310325,3608.0,72668.0,147003.0
2025-06-18 11:14:13.312034,3608.0,71927.0,147011.0
2025-06-18 11:14:14.189612,3608.0,71927.0,147011.0
2025-06-18 11:14:14.313435,3608.0,71884.0,146992.0
2025-06-18 11:14:15.312899,3608.0,71888.0,146991.0
2025-06-18 11:14:17.028140,3608.0,73404.0,147002.0
2025-06-18 11:14:17.917581,3607.9,72951.0,147000.0
2025-06-18 11:14:18.192033,3607.9,72951.0,147000.0
2025-06-18 11:14:20.185917,3607.9,72951.0,147000.0
2025-06-18 11:14:20.217183,3607.9,71846.0,147352.0
2025-06-18 11:14:21.219335,3607.9,73047.0,147355.0
2025-06-18 11:14:22.242712,3607.9,73098.0,146881.0
2025-06-18 11:14:23.320898,3607.9,73098.0,146864.0
2025-06-18 11:14:24.423054,3607.9,73416.0,146890.0
2025-06-18 11:14:25.620654,3607.9,73416.0,146882.0
2025-06-18 11:14:27.120630,3607.9,73395.0,146890.0
2025-06-18 11:14:28.220819,3607.9,74203.0,145776.0
2025-06-18 11:14:29.228270,3607.9,74074.0,145777.0
2025-06-18 11:14:30.324359,3607.9,73461.0,146100.0
2025-06-18 11:14:31.188195,3608.3,73461.0,146100.0
2025-06-18 11:14:31.325896,3608.3,72817.0,145916.0
2025-06-18 11:14:32.425254,3608.3,74099.0,146013.0
2025-06-18 11:14:33.424961,3608.3,74616.0,145219.0
2025-06-18 11:14:34.535059,3608.3,74591.0,145402.0
2025-06-18 11:14:35.189534,3609.0,74591.0,145402.0
2025-06-18 11:14:35.627821,3609.0,74730.0,145719.0
2025-06-18 11:14:36.726988,3609.0,74574.0,145699.0
2025-06-18 11:14:37.828979,3609.0,74721.0,145390.0
2025-06-18 11:14:38.828748,3609.0,73371.0,145703.0
2025-06-18 11:14:39.928307,3609.0,73412.0,145414.0
2025-06-18 11:14:41.040951,3609.0,74693.0,145411.0
2025-06-18 11:14:42.130428,3609.0,74774.0,145424.0
2025-06-18 11:14:43.131065,3609.0,74779.0,145470.0
2025-06-18 11:14:44.137321,3609.0,74604.0,145664.0
2025-06-18 11:14:45.138409,3609.0,74470.0,145632.0
2025-06-18 11:14:46.138970,3609.0,75653.0,144990.0
2025-06-18 11:14:47.149032,3609.0,74156.0,144958.0
2025-06-18 11:14:48.144699,3609.0,75354.0,145197.0
2025-06-18 11:14:49.238451,3609.0,75284.0,145260.0
2025-06-18 11:14:50.342485,3609.0,74778.0,145491.0
2025-06-18 11:14:51.341592,3609.0,74777.0,145492.0
2025-06-18 11:14:52.443289,3609.0,74939.0,145487.0
2025-06-18 11:14:53.549334,3609.0,75230.0,145466.0
2025-06-18 11:14:54.187799,3608.2,75230.0,145466.0
2025-06-18 11:14:54.445034,3608.2,75242.0,145240.0
2025-06-18 11:14:55.187382,3609.0,75242.0,145240.0
2025-06-18 11:14:55.445693,3609.0,74041.0,144808.0
2025-06-18 11:14:56.190572,3609.0,74041.0,144808.0
2025-06-18 11:14:56.445977,3609.0,75132.0,146007.0
2025-06-18 11:14:57.449087,3609.0,74702.0,145931.0
2025-06-18 11:14:58.209728,3609.0,74702.0,145931.0
2025-06-18 11:14:58.554348,3609.0,74878.0,145931.0
2025-06-18 11:14:59.653734,3609.0,75049.0,146066.0
2025-06-18 11:15:00.749599,3609.0,73826.0,146063.0
2025-06-18 11:15:02.752171,3609.0,74715.0,146052.0
2025-06-18 11:15:04.199181,3609.0,74715.0,146052.0
2025-06-18 11:15:06.960942,3609.0,74715.0,146052.0
2025-06-18 11:15:07.953889,3609.0,74509.0,145906.0
2025-06-18 11:15:10.514270,3609.0,74509.0,145906.0
2025-06-18 11:15:13.164764,3609.0,75684.0,145734.0
2025-06-18 11:15:14.210135,3609.0,75684.0,145734.0
2025-06-18 11:15:16.206609,3609.0,75684.0,145734.0
2025-06-18 11:15:18.162933,3609.0,76215.0,144977.0
2025-06-18 11:15:19.198382,3609.1,76215.0,144977.0
2025-06-18 11:15:23.065216,3609.1,75126.0,144723.0
2025-06-18 11:15:23.196069,3609.1,75126.0,144723.0
2025-06-18 11:15:28.210046,3608.7,75126.0,144723.0
2025-06-18 11:15:28.374337,3608.7,74354.0,145191.0
2025-06-18 11:15:31.197080,3608.6,74354.0,145191.0
2025-06-18 11:15:33.976252,3609.1,75408.0,145179.0
2025-06-18 11:15:34.217321,3609.1,75408.0,145179.0
2025-06-18 11:15:39.378084,3609.1,75975.0,144735.0
2025-06-18 11:15:44.381745,3609.1,76248.0,145224.0
2025-06-18 11:15:45.195881,3609.0,76248.0,145224.0
2025-06-18 11:15:48.071766,3609.0,76248.0,145224.0
2025-06-18 11:15:49.097051,3609.0,76248.0,145224.0
2025-06-18 11:15:49.883369,3609.0,75703.0,144876.0
2025-06-18 11:15:50.014131,3609.0,75703.0,144876.0
2025-06-18 11:15:50.941798,3609.0,75703.0,144876.0
2025-06-18 11:15:51.781214,3609.0,75703.0,144876.0
2025-06-18 11:15:52.565657,3609.0,75703.0,144876.0
2025-06-18 11:15:53.572902,3609.0,75703.0,144876.0
2025-06-18 11:15:54.135463,3609.0,75703.0,144876.0
2025-06-18 11:15:54.203132,3609.0,75703.0,144876.0
2025-06-18 11:15:54.540756,3609.0,75703.0,144876.0
2025-06-18 11:15:55.036857,3609.0,75703.0,144876.0
2025-06-18 11:15:55.286210,3609.0,75210.0,145136.0
2025-06-18 11:15:55.406492,3609.0,75210.0,145136.0
2025-06-18 11:15:56.301031,3609.0,75210.0,145136.0
2025-06-18 11:15:57.555503,3609.0,75210.0,145136.0
2025-06-18 11:15:58.247514,3609.1,75210.0,145136.0
2025-06-18 11:15:58.412145,3609.1,75210.0,145136.0
2025-06-18 11:16:00.115537,3609.1,75210.0,145136.0
2025-06-18 11:16:00.200161,3609.0,75210.0,145136.0
2025-06-18 11:16:00.488283,3609.0,75898.0,145564.0
2025-06-18 11:16:01.250448,3609.0,75898.0,145564.0
2025-06-18 11:16:02.400096,3609.0,75898.0,145564.0
2025-06-18 11:16:03.197735,3609.0,75898.0,145564.0
2025-06-18 11:16:03.880540,3609.0,75898.0,145564.0
2025-06-18 11:16:05.790237,3609.1,76203.0,145590.0
2025-06-18 11:16:07.200342,3609.1,76203.0,145590.0
2025-06-18 11:16:08.732667,3609.1,76203.0,145590.0
2025-06-18 11:16:10.997933,3609.1,75596.0,145480.0
2025-06-18 11:16:13.199854,3609.1,75596.0,145480.0
2025-06-18 11:16:16.597292,3609.7,73877.0,145352.0
2025-06-18 11:16:17.204974,3609.7,73877.0,145352.0
2025-06-18 11:16:18.210152,3609.7,73877.0,145352.0
2025-06-18 11:16:21.699495,3609.6,75636.0,145400.0
2025-06-18 11:16:22.215410,3609.6,75636.0,145400.0
2025-06-18 11:16:26.804664,3609.3,76115.0,145314.0
2025-06-18 11:16:28.208904,3609.3,76115.0,145314.0
2025-06-18 11:16:30.232559,3609.6,76115.0,145314.0
2025-06-18 11:16:31.710480,3609.6,75909.0,145715.0
2025-06-18 11:16:32.208801,3609.6,75909.0,145715.0
2025-06-18 11:16:37.012695,3609.0,75976.0,146095.0
2025-06-18 11:16:37.200651,3609.0,75976.0,146095.0
2025-06-18 11:16:42.314456,3609.0,75851.0,146026.0
2025-06-18 11:16:46.210306,3609.3,75851.0,146026.0
2025-06-18 11:16:47.417308,3609.3,75418.0,145882.0
2025-06-18 11:16:50.211831,3608.6,75418.0,145882.0
2025-06-18 11:16:52.224194,3609.0,75418.0,145882.0
2025-06-18 11:16:52.521683,3609.0,74537.0,147374.0
2025-06-18 11:16:57.624858,3609.0,75240.0,146985.0
2025-06-18 11:17:01.199904,3608.6,75240.0,146985.0
2025-06-18 11:17:01.628305,3608.6,73903.0,147556.0
2025-06-18 11:17:02.727114,3608.6,75105.0,147528.0
2025-06-18 11:17:03.825612,3608.6,74828.0,147548.0
2025-06-18 11:17:04.727245,3608.6,74982.0,147572.0
2025-06-18 11:17:05.729675,3608.6,75441.0,147593.0
2025-06-18 11:17:06.728445,3608.6,74817.0,147605.0
2025-06-18 11:17:07.729977,3608.6,75118.0,147459.0
2025-06-18 11:17:08.205859,3608.6,75118.0,147459.0
2025-06-18 11:17:08.828617,3608.5,74525.0,147343.0
2025-06-18 11:17:09.206368,3608.5,74525.0,147343.0
2025-06-18 11:17:09.730027,3608.4,73286.0,148004.0
2025-06-18 11:17:10.208600,3608.4,73286.0,148004.0
2025-06-18 11:17:10.731017,3608.4,73813.0,148277.0
2025-06-18 11:17:11.830832,3608.4,72621.0,148333.0
2025-06-18 11:17:12.832146,3608.4,73963.0,148387.0
2025-06-18 11:17:13.931608,3607.7,72917.0,149641.0
2025-06-18 11:17:14.208388,3607.7,72917.0,149641.0
2025-06-18 11:17:14.949682,3607.9,73450.0,149350.0
2025-06-18 11:17:15.208588,3607.9,73450.0,149350.0
2025-06-18 11:17:16.034079,3607.9,73502.0,149320.0
2025-06-18 11:17:17.134862,3607.9,73570.0,149313.0
2025-06-18 11:17:18.250855,3607.9,73533.0,149359.0
2025-06-18 11:17:19.333252,3607.9,73592.0,149362.0
2025-06-18 11:17:20.335380,3607.9,73538.0,149487.0
2025-06-18 11:17:21.335955,3607.9,73611.0,148911.0
2025-06-18 11:17:22.439629,3607.9,73506.0,148580.0
2025-06-18 11:17:23.440749,3607.9,73808.0,148202.0
2025-06-18 11:17:24.440509,3607.9,73500.0,148208.0
2025-06-18 11:17:25.444519,3607.9,73185.0,148449.0
2025-06-18 11:17:26.442690,3607.9,73493.0,148459.0
2025-06-18 11:17:27.207270,3607.9,73493.0,148459.0
2025-06-18 11:17:27.441635,3607.9,72649.0,148629.0
2025-06-18 11:17:28.208323,3607.6,72649.0,148629.0
2025-06-18 11:17:28.440531,3607.6,73899.0,148516.0
2025-06-18 11:17:29.208781,3607.9,73899.0,148516.0
2025-06-18 11:17:29.441604,3607.9,73750.0,148211.0
2025-06-18 11:17:30.342961,3607.9,73542.0,148886.0
2025-06-18 11:17:31.343301,3607.9,72778.0,148854.0
2025-06-18 11:17:32.445402,3607.9,73244.0,148554.0
2025-06-18 11:17:33.547412,3607.9,73643.0,148388.0
2025-06-18 11:17:34.653913,3607.9,73668.0,148440.0
2025-06-18 11:17:35.651546,3607.9,72265.0,148551.0
2025-06-18 11:17:36.748717,3607.9,72265.0,148560.0
2025-06-18 11:17:37.750184,3607.9,73758.0,148560.0
2025-06-18 11:17:38.849814,3607.9,73597.0,148554.0
2025-06-18 11:17:39.848432,3607.9,73648.0,148281.0
2025-06-18 11:17:40.208389,3607.6,73648.0,148281.0
2025-06-18 11:17:40.751686,3607.6,73517.0,148267.0
2025-06-18 11:17:41.849327,3607.6,73807.0,148344.0
2025-06-18 11:17:42.951010,3607.6,73357.0,148351.0
2025-06-18 11:17:43.950926,3607.6,73357.0,148371.0
2025-06-18 11:17:44.209282,3607.6,73357.0,148371.0
2025-06-18 11:17:45.156696,3607.6,73363.0,148200.0
2025-06-18 11:17:46.251987,3607.6,73812.0,148488.0
2025-06-18 11:17:47.211416,3607.9,73812.0,148488.0
2025-06-18 11:17:47.251718,3607.9,73924.0,148517.0
2025-06-18 11:17:48.253818,3607.9,73934.0,148508.0
2025-06-18 11:17:49.253877,3607.9,74022.0,148527.0
2025-06-18 11:17:50.253518,3607.9,73770.0,148576.0
2025-06-18 11:17:51.230826,3607.9,73770.0,148576.0
2025-06-18 11:17:51.355708,3607.9,73015.0,149481.0
2025-06-18 11:17:52.456538,3607.9,73624.0,149468.0
2025-06-18 11:17:53.207071,3607.5,73624.0,149468.0
2025-06-18 11:17:53.458539,3607.5,71478.0,149775.0
2025-06-18 11:17:54.563274,3607.5,72974.0,149764.0
2025-06-18 11:17:55.460034,3607.5,73102.0,149699.0
2025-06-18 11:17:56.461439,3607.5,73102.0,149699.0
2025-06-18 11:17:57.663453,3607.5,73119.0,149688.0
2025-06-18 11:17:58.674383,3607.5,73119.0,149695.0
2025-06-18 11:17:59.763036,3607.5,73127.0,149814.0
2025-06-18 11:18:00.861763,3607.5,73123.0,149826.0
2025-06-18 11:18:01.968121,3607.5,73000.0,148688.0
2025-06-18 11:18:02.965559,3607.5,73705.0,148985.0
2025-06-18 11:18:03.205663,3607.5,73705.0,148985.0
2025-06-18 11:18:03.966837,3607.5,73298.0,148666.0
2025-06-18 11:18:04.865156,3607.5,72869.0,148472.0
2025-06-18 11:18:05.865598,3607.5,71876.0,148571.0
2025-06-18 11:18:06.966569,3607.5,73067.0,148861.0
2025-06-18 11:18:08.106321,3607.5,73185.0,148634.0
2025-06-18 11:18:08.968292,3607.5,73183.0,148627.0
2025-06-18 11:18:10.481946,3607.5,73173.0,148957.0
2025-06-18 11:18:10.970565,3607.1,71198.0,149307.0
2025-06-18 11:18:11.213628,3607.1,71198.0,149307.0
2025-06-18 11:18:11.969775,3607.1,70893.0,149097.0
2025-06-18 11:18:12.210165,3607.1,70893.0,149097.0
2025-06-18 11:18:13.080654,3607.1,71858.0,149458.0
2025-06-18 11:18:13.236882,3607.1,71858.0,149458.0
2025-06-18 11:18:14.084302,3607.2,71588.0,149274.0
2025-06-18 11:18:14.206191,3607.2,71588.0,149274.0
2025-06-18 11:18:15.173503,3607.2,71590.0,149443.0
2025-06-18 11:18:16.206012,3607.2,71590.0,149443.0
2025-06-18 11:18:16.272364,3607.2,71571.0,149474.0
2025-06-18 11:18:17.272059,3607.2,71404.0,149272.0
2025-06-18 11:18:18.274490,3607.2,71449.0,149159.0
2025-06-18 11:18:19.275393,3607.2,71487.0,149169.0
2025-06-18 11:18:20.274628,3607.2,71503.0,148961.0
2025-06-18 11:18:21.261583,3606.5,71503.0,148961.0
2025-06-18 11:18:21.274281,3606.5,71432.0,149641.0
2025-06-18 11:18:22.274766,3606.5,70675.0,149364.0
2025-06-18 11:18:23.204187,3607.2,70675.0,149364.0
2025-06-18 11:18:23.281568,3607.2,71591.0,149554.0
2025-06-18 11:18:24.206409,3606.5,71591.0,149554.0
2025-06-18 11:18:24.279437,3606.5,71424.0,149652.0
2025-06-18 11:18:25.208028,3606.5,71424.0,149652.0
2025-06-18 11:18:25.276876,3606.5,71575.0,149658.0
2025-06-18 11:18:26.208054,3606.5,71575.0,149658.0
2025-06-18 11:18:26.279192,3606.5,71608.0,149657.0
2025-06-18 11:18:27.207884,3607.2,71608.0,149657.0
2025-06-18 11:18:27.280619,3607.2,71504.0,149269.0
2025-06-18 11:18:28.281766,3607.2,72284.0,148932.0
2025-06-18 11:18:29.383129,3607.2,72295.0,148827.0
2025-06-18 11:18:30.206074,3606.5,72295.0,148827.0
2025-06-18 11:18:30.484800,3606.5,71791.0,149529.0
2025-06-18 11:18:31.207366,3607.2,71791.0,149529.0
2025-06-18 11:18:31.486112,3607.2,72286.0,149187.0
2025-06-18 11:18:32.484391,3607.2,72296.0,149483.0
2025-06-18 11:18:33.589356,3607.2,71561.0,148574.0
2025-06-18 11:18:34.922235,3606.7,71561.0,148574.0
2025-06-18 11:18:34.961651,3606.7,72775.0,149069.0
2025-06-18 11:18:35.784764,3606.7,72610.0,149397.0
2025-06-18 11:18:36.784518,3606.7,72911.0,149396.0
2025-06-18 11:18:37.212177,3606.7,72911.0,149396.0
2025-06-18 11:18:37.886955,3606.7,72632.0,149386.0
2025-06-18 11:18:38.887903,3606.7,73032.0,149083.0
2025-06-18 11:18:40.487547,3606.7,73473.0,149234.0
2025-06-18 11:18:41.589326,3606.7,71935.0,149332.0
2025-06-18 11:18:42.596212,3606.7,71936.0,149331.0
2025-06-18 11:18:43.598771,3606.7,73292.0,149290.0
2025-06-18 11:18:44.214753,3606.7,73292.0,149290.0
2025-06-18 11:18:44.596880,3606.7,73443.0,149289.0
2025-06-18 11:18:46.190476,3606.7,73267.0,149281.0
2025-06-18 11:18:47.195582,3606.7,73266.0,149283.0
2025-06-18 11:18:48.474302,3606.7,73266.0,149283.0
2025-06-18 11:18:48.888182,3606.7,73266.0,149292.0
2025-06-18 11:18:49.554491,3606.7,73266.0,149292.0
2025-06-18 11:18:49.989726,3606.7,72685.0,149304.0
2025-06-18 11:18:50.465310,3606.7,72685.0,149304.0
2025-06-18 11:18:50.990001,3606.7,73171.0,149302.0
2025-06-18 11:18:51.405842,3606.7,73171.0,149302.0
2025-06-18 11:18:52.100399,3606.5,73170.0,149302.0
2025-06-18 11:18:52.213344,3606.5,73170.0,149302.0
2025-06-18 11:18:52.257987,3606.5,73170.0,149302.0
2025-06-18 11:18:53.039697,3606.5,73170.0,149302.0
2025-06-18 11:18:53.100091,3606.7,73168.0,149300.0
2025-06-18 11:18:53.205432,3606.7,73168.0,149300.0
2025-06-18 11:18:54.058879,3606.7,73168.0,149300.0
2025-06-18 11:18:54.993768,3606.7,73250.0,148849.0
2025-06-18 11:18:55.035229,3606.7,73250.0,148849.0
2025-06-18 11:18:55.895076,3606.7,71750.0,149267.0
2025-06-18 11:18:56.790610,3606.7,71750.0,149267.0
2025-06-18 11:18:56.994990,3606.7,72928.0,149253.0
2025-06-18 11:18:57.992794,3606.7,72920.0,148986.0
2025-06-18 11:18:58.064485,3606.7,72920.0,148986.0
2025-06-18 11:18:59.104953,3606.7,72943.0,148961.0
2025-06-18 11:19:00.203249,3606.7,73119.0,148845.0
2025-06-18 11:19:00.284903,3606.7,73119.0,148845.0
2025-06-18 11:19:01.222250,3606.7,73119.0,148845.0
2025-06-18 11:19:01.568603,3606.7,73119.0,148845.0
2025-06-18 11:19:01.698174,3606.9,73705.0,146465.0
2025-06-18 11:19:02.211752,3606.6,73705.0,146465.0
2025-06-18 11:19:02.721688,3606.6,73705.0,146465.0
2025-06-18 11:19:02.796470,3606.6,72995.0,147410.0
2025-06-18 11:19:03.899368,3606.6,73286.0,147405.0
2025-06-18 11:19:04.191355,3606.6,73286.0,147405.0
2025-06-18 11:19:04.897790,3606.6,74798.0,147445.0
2025-06-18 11:19:05.798094,3606.6,74820.0,147431.0
2025-06-18 11:19:06.209815,3606.7,74820.0,147431.0
2025-06-18 11:19:06.798770,3606.6,73132.0,147642.0
2025-06-18 11:19:07.214567,3606.6,73132.0,147642.0
2025-06-18 11:19:07.798409,3606.6,74042.0,147545.0
2025-06-18 11:19:08.899367,3606.6,74677.0,147552.0
2025-06-18 11:19:09.998183,3606.6,73428.0,147309.0
2025-06-18 11:19:10.898177,3607.0,73318.0,147274.0
2025-06-18 11:19:11.209542,3607.0,73318.0,147274.0
2025-06-18 11:19:11.998210,3607.0,73219.0,147291.0
2025-06-18 11:19:13.151387,3607.0,74933.0,147512.0
2025-06-18 11:19:13.215987,3607.0,74933.0,147512.0
2025-06-18 11:19:14.202473,3607.0,74066.0,146977.0
2025-06-18 11:19:15.206777,3607.0,75923.0,146865.0
2025-06-18 11:19:16.207337,3607.3,75806.0,145715.0
2025-06-18 11:19:16.212461,3607.3,75806.0,145715.0
2025-06-18 11:19:17.216371,3607.3,75804.0,145599.0
2025-06-18 11:19:18.216032,3607.3,76340.0,145784.0
2025-06-18 11:19:19.216939,3607.3,75933.0,145700.0
2025-06-18 11:19:20.211688,3608.7,75933.0,145700.0
2025-06-18 11:19:20.218804,3608.7,73607.0,146300.0
2025-06-18 11:19:21.221715,3608.7,74924.0,146357.0
2025-06-18 11:19:22.212949,3608.4,74924.0,146357.0
2025-06-18 11:19:22.218072,3608.4,74689.0,146709.0
2025-06-18 11:19:23.219946,3608.4,73779.0,146648.0
2025-06-18 11:19:24.215841,3608.4,73779.0,146648.0
2025-06-18 11:19:24.311972,3608.4,73267.0,147288.0
2025-06-18 11:19:25.412673,3608.4,75078.0,147259.0
2025-06-18 11:19:26.214216,3607.0,75078.0,147259.0
2025-06-18 11:19:26.413095,3607.0,73579.0,147041.0
2025-06-18 11:19:27.515685,3607.0,74573.0,147183.0
2025-06-18 11:19:28.613687,3607.0,74605.0,147175.0
2025-06-18 11:19:29.714240,3607.0,71929.0,147366.0
2025-06-18 11:19:30.714374,3608.1,74520.0,147097.0
2025-06-18 11:19:31.214731,3608.1,74520.0,147097.0
2025-06-18 11:19:31.715570,3608.1,73333.0,147202.0
2025-06-18 11:19:32.715245,3608.1,74845.0,147163.0
2025-06-18 11:19:33.717595,3607.0,75061.0,147167.0
2025-06-18 11:19:34.240082,3607.0,75061.0,147167.0
2025-06-18 11:19:34.717132,3607.0,74668.0,147151.0
2025-06-18 11:19:35.214197,3608.1,74668.0,147151.0
2025-06-18 11:19:35.725500,3608.1,70160.0,146846.0
2025-06-18 11:19:36.817956,3608.1,73007.0,147162.0
2025-06-18 11:19:37.918692,3608.1,75037.0,147159.0
2025-06-18 11:19:39.017905,3608.1,73830.0,147199.0
2025-06-18 11:19:39.221968,3608.1,73830.0,147199.0
2025-06-18 11:19:40.018909,3608.1,75219.0,147039.0
2025-06-18 11:19:40.216459,3608.1,75219.0,147039.0
2025-06-18 11:19:40.919085,3608.1,73808.0,147071.0
2025-06-18 11:19:41.212608,3608.1,73808.0,147071.0
2025-06-18 11:19:41.920339,3608.1,75413.0,147096.0
2025-06-18 11:19:43.021892,3608.1,73931.0,147120.0
2025-06-18 11:19:44.024402,3608.1,73941.0,147105.0
2025-06-18 11:19:45.023807,3607.5,73923.0,147129.0
2025-06-18 11:19:45.209275,3607.5,73923.0,147129.0
2025-06-18 11:19:46.024195,3607.5,73958.0,147008.0
2025-06-18 11:19:46.213668,3607.5,73958.0,147008.0
2025-06-18 11:19:47.124680,3607.5,73957.0,147030.0
2025-06-18 11:19:48.120488,3607.5,75327.0,147048.0
2025-06-18 11:19:49.128329,3607.5,75114.0,146754.0
2025-06-18 11:19:50.123251,3607.5,74099.0,146770.0
2025-06-18 11:19:51.129418,3608.1,75604.0,147038.0
2025-06-18 11:19:51.221707,3608.1,75604.0,147038.0
2025-06-18 11:19:52.123493,3608.1,75674.0,147038.0
2025-06-18 11:19:53.037926,3608.1,75709.0,147046.0
2025-06-18 11:19:53.220269,3608.1,75709.0,147046.0
2025-06-18 11:19:54.028381,3608.1,75006.0,147160.0
2025-06-18 11:19:55.030216,3608.1,73957.0,147185.0
2025-06-18 11:19:56.034501,3608.1,75388.0,147346.0
2025-06-18 11:19:57.053845,3607.5,75317.0,147420.0
2025-06-18 11:19:57.213574,3607.5,75317.0,147420.0
2025-06-18 11:19:58.040643,3607.5,75336.0,147430.0
2025-06-18 11:20:00.478377,3607.5,75462.0,147423.0
2025-06-18 11:20:00.516961,3607.1,75322.0,147614.0
2025-06-18 11:20:00.518786,3607.1,75322.0,147614.0
2025-06-18 11:20:01.231435,3608.1,75322.0,147614.0
2025-06-18 11:20:01.835244,3608.1,75469.0,147307.0
2025-06-18 11:20:02.239972,3608.1,75469.0,147307.0
2025-06-18 11:20:02.835012,3608.1,75151.0,146961.0
2025-06-18 11:20:03.837898,3608.1,75309.0,147011.0
2025-06-18 11:20:04.839918,3608.1,75320.0,147031.0
2025-06-18 11:20:05.841133,3608.1,75425.0,147344.0
2025-06-18 11:20:06.213720,3608.1,75425.0,147344.0
2025-06-18 11:20:06.843461,3608.1,74193.0,146502.0
2025-06-18 11:20:07.846863,3608.1,75818.0,147139.0
2025-06-18 11:20:08.844026,3608.1,75668.0,146846.0
2025-06-18 11:20:09.843979,3608.1,75815.0,147040.0
2025-06-18 11:20:10.846402,3608.4,75840.0,146262.0
2025-06-18 11:20:11.214325,3608.4,75840.0,146262.0
2025-06-18 11:20:11.945953,3608.4,75981.0,146496.0
2025-06-18 11:20:12.211449,3608.2,75981.0,146496.0
2025-06-18 11:20:13.046072,3608.2,75714.0,146464.0
2025-06-18 11:20:14.153784,3608.2,75562.0,146812.0
2025-06-18 11:20:15.246449,3608.2,75067.0,146231.0
2025-06-18 11:20:16.247243,3608.2,75485.0,146425.0
2025-06-18 11:20:17.348497,3608.2,75598.0,146679.0
2025-06-18 11:20:18.220378,3608.2,75598.0,146679.0
2025-06-18 11:20:18.349908,3608.2,75688.0,146570.0
2025-06-18 11:20:19.351137,3608.2,75684.0,146576.0
2025-06-18 11:20:20.215436,3608.7,75684.0,146576.0
2025-06-18 11:20:20.450672,3608.7,75423.0,146778.0
2025-06-18 11:20:21.451478,3608.7,73981.0,146290.0
2025-06-18 11:20:22.454774,3608.7,75658.0,146252.0
2025-06-18 11:20:23.355272,3608.7,75652.0,146253.0
2025-06-18 11:20:24.210728,3608.7,75652.0,146253.0
2025-06-18 11:20:24.453587,3608.7,75832.0,146424.0
2025-06-18 11:20:25.356695,3608.7,74331.0,146571.0
2025-06-18 11:20:26.210255,3608.7,74331.0,146571.0
2025-06-18 11:20:26.454741,3608.7,75841.0,146568.0
2025-06-18 11:20:27.357642,3608.7,75932.0,146633.0
2025-06-18 11:20:28.212600,3608.1,75932.0,146633.0
2025-06-18 11:20:28.458103,3608.1,75124.0,147169.0
2025-06-18 11:20:29.221209,3607.7,75124.0,147169.0
2025-06-18 11:20:29.459523,3607.7,75086.0,147392.0
2025-06-18 11:20:30.214178,3608.4,75086.0,147392.0
2025-06-18 11:20:30.361089,3608.4,74108.0,147159.0
2025-06-18 11:20:31.360357,3608.4,74793.0,147038.0
2025-06-18 11:20:32.959076,3608.4,74799.0,147038.0
2025-06-18 11:20:33.961153,3608.4,74642.0,147068.0
2025-06-18 11:20:34.217753,3607.7,74642.0,147068.0
2025-06-18 11:20:35.063760,3607.7,74809.0,147055.0
2025-06-18 11:20:35.211749,3607.7,74809.0,147055.0
2025-06-18 11:20:35.965191,3607.7,74825.0,147127.0
2025-06-18 11:20:37.070701,3607.7,74829.0,147115.0
2025-06-18 11:20:38.166705,3607.7,74829.0,146815.0
2025-06-18 11:20:39.213156,3608.6,74829.0,146815.0
2025-06-18 11:20:39.265781,3608.6,74829.0,147126.0
2025-06-18 11:20:40.167989,3608.6,74832.0,147144.0
2025-06-18 11:20:41.265306,3608.6,74797.0,147280.0
2025-06-18 11:20:42.267543,3608.6,74441.0,147016.0
2025-06-18 11:20:43.234941,3607.7,74441.0,147016.0
2025-06-18 11:20:43.366772,3607.7,74745.0,147396.0
2025-06-18 11:20:44.369089,3607.7,74406.0,147479.0
2025-06-18 11:20:45.218113,3608.6,74406.0,147479.0
2025-06-18 11:20:45.368442,3608.6,73263.0,146734.0
2025-06-18 11:20:46.368968,3608.6,74321.0,146734.0
2025-06-18 11:20:47.369859,3608.6,73288.0,146383.0
2025-06-18 11:20:48.212466,3608.5,73288.0,146383.0
2025-06-18 11:20:48.369222,3608.5,74603.0,147099.0
2025-06-18 11:20:49.370097,3608.5,74604.0,147110.0
2025-06-18 11:20:50.219670,3607.7,74604.0,147110.0
2025-06-18 11:20:50.372509,3607.7,73452.0,147428.0
2025-06-18 11:20:51.371434,3607.7,74354.0,147413.0
2025-06-18 11:20:52.372835,3607.7,74480.0,147519.0
2025-06-18 11:20:53.472424,3608.5,74601.0,147453.0
2025-06-18 11:20:54.220051,3608.5,74601.0,147453.0
2025-06-18 11:20:54.574077,3608.5,74567.0,147164.0
2025-06-18 11:20:55.474620,3608.5,74567.0,147177.0
2025-06-18 11:20:56.475775,3608.5,74580.0,147240.0
2025-06-18 11:20:57.219303,3607.7,74580.0,147240.0
2025-06-18 11:20:57.574589,3607.7,74589.0,147655.0
2025-06-18 11:20:58.218052,3607.7,74589.0,147655.0
2025-06-18 11:20:58.574840,3607.7,74581.0,147666.0
2025-06-18 11:20:59.674437,3607.7,74580.0,147697.0
2025-06-18 11:21:00.675034,3607.7,74695.0,147685.0
2025-06-18 11:21:02.777451,3607.7,74687.0,147672.0
2025-06-18 11:21:03.236691,3607.4,74687.0,147672.0
2025-06-18 11:21:03.677819,3608.5,74670.0,147163.0
2025-06-18 11:21:04.216211,3608.6,74670.0,147163.0
2025-06-18 11:21:04.678433,3608.6,74652.0,147338.0
2025-06-18 11:21:05.679981,3608.6,74697.0,147351.0
2025-06-18 11:21:06.780718,3608.6,74730.0,147089.0
2025-06-18 11:21:07.882261,3608.6,74832.0,147115.0
2025-06-18 11:21:08.885327,3608.6,74835.0,147133.0
2025-06-18 11:21:09.982509,3608.6,74494.0,147233.0
2025-06-18 11:21:11.683746,3608.1,74654.0,147275.0
2025-06-18 11:21:12.213071,3608.1,74654.0,147275.0
2025-06-18 11:21:12.789457,3608.1,74875.0,147297.0
2025-06-18 11:21:13.888202,3608.1,74875.0,147302.0
2025-06-18 11:21:14.792032,3608.1,74875.0,147020.0
2025-06-18 11:21:15.231823,3608.6,74875.0,147020.0
2025-06-18 11:21:15.887137,3608.6,74895.0,147030.0
2025-06-18 11:21:16.889804,3608.6,74868.0,147116.0
2025-06-18 11:21:17.989914,3607.5,72872.0,147707.0
2025-06-18 11:21:18.217775,3608.5,72872.0,147707.0
2025-06-18 11:21:18.990618,3608.5,74409.0,147388.0
2025-06-18 11:21:19.895137,3608.5,74441.0,147425.0
2025-06-18 11:21:20.891402,3608.5,74539.0,147132.0
2025-06-18 11:21:21.989039,3608.5,74559.0,147128.0
2025-06-18 11:21:22.992865,3608.5,74552.0,147103.0
2025-06-18 11:21:23.991400,3608.6,74550.0,147105.0
2025-06-18 11:21:24.216151,3608.6,74550.0,147105.0
2025-06-18 11:21:24.991249,3608.6,74564.0,147384.0
2025-06-18 11:21:25.212509,3608.6,74564.0,147384.0
2025-06-18 11:21:26.093522,3608.6,74264.0,147375.0
2025-06-18 11:21:26.218704,3608.6,74264.0,147375.0
2025-06-18 11:21:27.093860,3608.6,74387.0,147108.0
2025-06-18 11:21:27.226580,3608.6,74387.0,147108.0
2025-06-18 11:21:28.096818,3608.6,74400.0,147449.0
2025-06-18 11:21:29.096176,3608.6,73059.0,147449.0
2025-06-18 11:21:30.192524,3608.5,73260.0,147688.0
2025-06-18 11:21:30.217139,3608.5,73260.0,147688.0
2025-06-18 11:21:31.292031,3608.5,73648.0,147893.0
2025-06-18 11:21:32.395496,3608.5,74064.0,147908.0
2025-06-18 11:21:33.217304,3608.4,74064.0,147908.0
2025-06-18 11:21:33.294103,3608.4,72907.0,147714.0
2025-06-18 11:21:34.198534,3608.4,74408.0,147723.0
2025-06-18 11:21:35.295769,3608.4,74410.0,147730.0
2025-06-18 11:21:36.396643,3608.4,73810.0,147155.0
2025-06-18 11:21:37.219013,3608.4,73810.0,147155.0
2025-06-18 11:21:37.497802,3608.4,74131.0,147417.0
2025-06-18 11:21:38.604729,3608.4,72931.0,147765.0
2025-06-18 11:21:39.244232,3608.0,72931.0,147765.0
2025-06-18 11:21:39.610627,3608.0,74451.0,147884.0
2025-06-18 11:21:40.607831,3608.3,74436.0,147885.0
2025-06-18 11:21:41.216491,3608.3,74436.0,147885.0
2025-06-18 11:21:41.634192,3608.3,74430.0,147856.0
2025-06-18 11:21:42.215246,3607.5,74430.0,147856.0
2025-06-18 11:21:42.639870,3608.3,74278.0,147884.0
2025-06-18 11:21:43.215458,3608.3,74278.0,147884.0
2025-06-18 11:21:43.501542,3608.3,73866.0,147723.0
2025-06-18 11:21:44.509528,3608.0,74332.0,147651.0
2025-06-18 11:21:45.218283,3608.3,74332.0,147651.0
2025-06-18 11:21:45.628551,3608.3,74333.0,147751.0
2025-06-18 11:21:46.227000,3608.3,74333.0,147751.0
2025-06-18 11:21:46.612950,3608.2,74092.0,147480.0
2025-06-18 11:21:47.231569,3608.2,74092.0,147480.0
2025-06-18 11:21:47.609927,3608.2,74502.0,147508.0
2025-06-18 11:21:48.616199,3608.2,74369.0,147613.0
2025-06-18 11:21:49.085354,3608.2,74369.0,147613.0
2025-06-18 11:21:49.704082,3607.5,74215.0,147969.0
2025-06-18 11:21:50.215732,3607.5,74215.0,147969.0
2025-06-18 11:21:50.226544,3607.5,74215.0,147969.0
2025-06-18 11:21:50.807871,3607.0,72454.0,149458.0
2025-06-18 11:21:51.063386,3607.0,72454.0,149458.0
2025-06-18 11:21:51.251538,3607.0,72454.0,149458.0
2025-06-18 11:21:52.537142,3607.0,72930.0,149566.0
2025-06-18 11:21:52.586543,3607.0,72930.0,149566.0
2025-06-18 11:21:52.804716,3607.0,72922.0,149675.0
2025-06-18 11:21:52.852304,3607.0,72922.0,149675.0
2025-06-18 11:21:53.656967,3607.0,72922.0,149675.0
2025-06-18 11:21:53.708397,3607.0,72734.0,149496.0
2025-06-18 11:21:54.665274,3607.0,72734.0,149496.0
2025-06-18 11:21:54.808017,3607.0,72741.0,149522.0
2025-06-18 11:21:55.215949,3607.0,72741.0,149522.0
2025-06-18 11:21:55.713089,3607.0,72788.0,149522.0
2025-06-18 11:21:56.123705,3607.0,72788.0,149522.0
2025-06-18 11:21:56.712770,3607.2,72832.0,149262.0
2025-06-18 11:21:57.221318,3607.2,72832.0,149262.0
2025-06-18 11:21:57.372225,3607.2,72832.0,149262.0
2025-06-18 11:21:57.712884,3607.2,72833.0,149262.0
2025-06-18 11:21:58.712314,3607.2,72833.0,149262.0
2025-06-18 11:21:58.713250,3607.2,72833.0,149262.0
2025-06-18 11:21:59.507024,3607.2,72833.0,149262.0
2025-06-18 11:21:59.715346,3607.2,72833.0,149248.0
2025-06-18 11:22:00.812485,3607.2,71252.0,149195.0
2025-06-18 11:22:00.912397,3607.2,71252.0,149195.0
2025-06-18 11:22:02.027081,3607.2,71252.0,149195.0
2025-06-18 11:22:03.394429,3607.2,71252.0,149195.0
2025-06-18 11:22:05.223054,3607.2,71252.0,149195.0
2025-06-18 11:22:06.317336,3607.2,72751.0,149249.0
2025-06-18 11:22:11.306711,3607.2,72751.0,149249.0
2025-06-18 11:22:11.534563,3607.2,72696.0,149267.0
2025-06-18 11:22:16.239395,3607.2,72696.0,149267.0
2025-06-18 11:22:16.523280,3607.2,71901.0,149276.0
2025-06-18 11:22:17.255399,3607.2,71901.0,149276.0
2025-06-18 11:22:21.256056,3607.2,71901.0,149276.0
2025-06-18 11:22:21.528421,3607.1,71258.0,149567.0
2025-06-18 11:22:22.253268,3607.1,71258.0,149567.0
2025-06-18 11:22:25.232289,3607.2,71258.0,149567.0
2025-06-18 11:22:26.429327,3607.2,72568.0,149293.0
2025-06-18 11:22:27.269967,3607.2,72568.0,149293.0
2025-06-18 11:22:28.248653,3606.9,72568.0,149293.0
2025-06-18 11:22:29.225172,3606.9,72568.0,149293.0
2025-06-18 11:22:31.239888,3606.9,72863.0,149227.0
2025-06-18 11:22:34.250673,3606.9,72863.0,149227.0
2025-06-18 11:22:36.238269,3606.9,72915.0,149480.0
2025-06-18 11:22:37.225697,3606.9,72915.0,149480.0
2025-06-18 11:22:38.257194,3607.2,72915.0,149480.0
2025-06-18 11:22:41.338965,3607.2,72774.0,149319.0
2025-06-18 11:22:43.224034,3607.2,72774.0,149319.0
2025-06-18 11:22:46.655439,3607.2,73192.0,149177.0
2025-06-18 11:22:49.227074,3607.1,73192.0,149177.0
2025-06-18 11:22:50.232414,3606.8,73192.0,149177.0
2025-06-18 11:22:51.847700,3606.8,72789.0,149160.0
2025-06-18 11:22:53.234774,3607.2,72789.0,149160.0
2025-06-18 11:22:54.233665,3607.2,72789.0,149160.0
2025-06-18 11:22:56.232506,3606.7,72789.0,149160.0
2025-06-18 11:22:56.669322,3606.7,73086.0,149003.0
2025-06-18 11:23:01.756181,3606.7,71329.0,148759.0
2025-06-18 11:23:02.756434,3606.7,71452.0,149068.0
2025-06-18 11:23:03.228432,3606.7,71452.0,149068.0
2025-06-18 11:23:03.669627,3606.7,71302.0,149359.0
2025-06-18 11:23:04.753678,3606.7,71888.0,149460.0
2025-06-18 11:23:05.853781,3606.7,71024.0,149475.0
2025-06-18 11:23:06.956122,3606.7,72068.0,149456.0
2025-06-18 11:23:08.053515,3605.0,70097.0,149563.0
2025-06-18 11:23:08.220583,3605.0,70097.0,149563.0
2025-06-18 11:23:08.955330,3605.0,70111.0,149548.0
2025-06-18 11:23:10.054450,3605.0,67509.0,150231.0
2025-06-18 11:23:11.057398,3605.8,70674.0,149712.0
2025-06-18 11:23:11.221647,3605.8,70674.0,149712.0
2025-06-18 11:23:12.567544,3605.8,70988.0,149713.0
2025-06-18 11:23:13.168305,3605.8,71052.0,149738.0
2025-06-18 11:23:14.196307,3605.8,69516.0,149752.0
2025-06-18 11:23:15.224101,3605.0,69516.0,149752.0
2025-06-18 11:23:15.260153,3605.0,71207.0,149417.0
2025-06-18 11:23:16.225614,3605.0,71207.0,149417.0
2025-06-18 11:23:16.360573,3605.0,70915.0,149939.0
2025-06-18 11:23:17.461901,3605.0,70934.0,149900.0
2025-06-18 11:23:18.460026,3605.0,70973.0,149918.0
2025-06-18 11:23:19.461278,3605.0,70973.0,149733.0
2025-06-18 11:23:20.223787,3605.0,70973.0,149733.0
2025-06-18 11:23:20.563864,3605.0,71106.0,149801.0
2025-06-18 11:23:21.223398,3605.6,71106.0,149801.0
2025-06-18 11:23:21.678517,3605.6,71163.0,149798.0
2025-06-18 11:23:22.766918,3605.6,70975.0,149928.0
2025-06-18 11:23:23.679028,3605.6,70978.0,149626.0
2025-06-18 11:23:24.258601,3605.0,70978.0,149626.0
2025-06-18 11:23:24.761884,3605.0,70977.0,149935.0
2025-06-18 11:23:25.225627,3603.6,70977.0,149935.0
2025-06-18 11:23:25.765399,3603.6,70793.0,150740.0
2025-06-18 11:23:26.766860,3604.0,71092.0,150587.0
2025-06-18 11:23:27.226627,3604.0,71092.0,150587.0
2025-06-18 11:23:27.871281,3604.0,71279.0,150366.0
2025-06-18 11:23:28.972463,3604.0,71238.0,150321.0
2025-06-18 11:23:29.871950,3604.0,71349.0,150321.0
2025-06-18 11:23:30.225709,3604.0,71349.0,150321.0
2025-06-18 11:23:30.977436,3604.0,71422.0,150308.0
2025-06-18 11:23:32.072371,3604.0,71432.0,150307.0
2025-06-18 11:23:32.242486,3604.0,71432.0,150307.0
2025-06-18 11:23:33.074583,3603.6,71430.0,150307.0
2025-06-18 11:23:33.228319,3603.6,71430.0,150307.0
2025-06-18 11:23:34.074919,3603.6,71443.0,150307.0
2025-06-18 11:23:34.973458,3603.6,71442.0,150277.0
2025-06-18 11:23:35.228049,3603.6,71442.0,150277.0
2025-06-18 11:23:36.239136,3603.6,71442.0,150277.0
2025-06-18 11:23:36.377670,3603.6,71757.0,150093.0
2025-06-18 11:23:37.231237,3604.2,71757.0,150093.0
2025-06-18 11:23:37.383256,3604.2,72678.0,148284.0
2025-06-18 11:23:38.231013,3604.2,72678.0,148284.0
2025-06-18 11:23:38.476412,3604.2,72622.0,148700.0
2025-06-18 11:23:39.380846,3604.2,72395.0,148706.0
2025-06-18 11:23:40.379304,3604.2,72382.0,148720.0
2025-06-18 11:23:41.234146,3604.2,72382.0,148720.0
2025-06-18 11:23:41.580003,3604.2,72361.0,148747.0
2025-06-18 11:23:42.480825,3604.2,72364.0,148792.0
2025-06-18 11:23:43.234324,3603.6,72364.0,148792.0
2025-06-18 11:23:43.484893,3604.2,72340.0,149117.0
2025-06-18 11:23:44.251356,3604.2,72340.0,149117.0
2025-06-18 11:23:44.478428,3604.2,72351.0,149086.0
2025-06-18 11:23:45.379286,3604.2,72314.0,149092.0
2025-06-18 11:23:46.477936,3604.2,72316.0,148969.0
2025-06-18 11:23:47.228275,3604.2,72316.0,148969.0
2025-06-18 11:23:47.399395,3605.2,72797.0,147767.0
2025-06-18 11:23:49.298585,3605.2,72797.0,147767.0
2025-06-18 11:23:49.342604,3605.2,73316.0,147943.0
2025-06-18 11:23:49.391141,3605.2,73279.0,148013.0
2025-06-18 11:23:50.381831,3605.2,73075.0,148064.0
2025-06-18 11:23:51.384083,3605.2,73158.0,147817.0
2025-06-18 11:23:52.233204,3605.4,73158.0,147817.0
2025-06-18 11:23:52.387616,3605.4,73202.0,148094.0
2025-06-18 11:23:53.230666,3605.4,73202.0,148094.0
2025-06-18 11:23:53.488071,3605.4,73229.0,147727.0
2025-06-18 11:23:54.486988,3605.4,73082.0,149246.0
2025-06-18 11:23:55.233816,3605.0,73082.0,149246.0
2025-06-18 11:23:55.389588,3605.0,73146.0,149360.0
2025-06-18 11:23:56.237648,3605.0,73146.0,149360.0
2025-06-18 11:23:56.487975,3605.0,73134.0,149532.0
2025-06-18 11:23:57.233618,3604.2,73134.0,149532.0
2025-06-18 11:23:57.589322,3604.2,73068.0,149582.0
2025-06-18 11:23:58.253581,3605.0,73068.0,149582.0
2025-06-18 11:23:58.696653,3605.0,73101.0,149157.0
2025-06-18 11:23:59.593517,3605.0,73424.0,149458.0
2025-06-18 11:24:00.589209,3605.0,73655.0,149055.0
2025-06-18 11:24:01.240574,3605.0,73655.0,149055.0
2025-06-18 11:24:01.887084,3605.0,73800.0,149229.0
2025-06-18 11:24:02.237737,3605.0,73800.0,149229.0
2025-06-18 11:24:02.896381,3604.2,73743.0,148923.0
2025-06-18 11:24:03.233297,3604.2,73743.0,148923.0
2025-06-18 11:24:03.892019,3604.2,73719.0,148941.0
2025-06-18 11:24:04.890386,3604.2,73668.0,148865.0
2025-06-18 11:24:05.990407,3604.2,73669.0,149231.0
2025-06-18 11:24:06.269897,3604.2,73669.0,149231.0
2025-06-18 11:24:07.092987,3605.0,74616.0,148515.0
2025-06-18 11:24:07.238788,3605.0,74616.0,148515.0
2025-06-18 11:24:08.204955,3605.0,74608.0,148588.0
2025-06-18 11:24:09.235555,3605.0,74608.0,148588.0
2025-06-18 11:24:09.293790,3605.0,73776.0,148477.0
2025-06-18 11:24:10.396424,3605.0,73445.0,148641.0
2025-06-18 11:24:11.495231,3605.0,73446.0,148647.0
2025-06-18 11:24:12.498151,3605.0,73592.0,148358.0
2025-06-18 11:24:13.232810,3604.3,73592.0,148358.0
2025-06-18 11:24:13.498263,3604.3,73593.0,148623.0
2025-06-18 11:24:14.902508,3604.3,73618.0,148645.0
2025-06-18 11:24:17.166658,3605.0,73668.0,148660.0
2025-06-18 11:24:17.284743,3605.0,73668.0,148660.0
2025-06-18 11:24:17.290439,3605.0,73458.0,148215.0
2025-06-18 11:24:17.897388,3605.0,73759.0,148236.0
2025-06-18 11:24:18.229325,3605.0,73759.0,148236.0
2025-06-18 11:24:18.801879,3604.1,73641.0,148509.0
2025-06-18 11:24:19.229493,3604.1,73641.0,148509.0
2025-06-18 11:24:20.007898,3605.0,73956.0,148473.0
2025-06-18 11:24:20.239127,3605.0,73956.0,148473.0
2025-06-18 11:24:21.003387,3604.2,72109.0,148433.0
2025-06-18 11:24:21.232053,3604.2,72109.0,148433.0
2025-06-18 11:24:22.002195,3604.3,73599.0,148429.0
2025-06-18 11:24:22.232346,3604.3,73599.0,148429.0
2025-06-18 11:24:23.101451,3605.0,73779.0,148324.0
2025-06-18 11:24:23.234713,3605.0,73779.0,148324.0
2025-06-18 11:24:24.213309,3604.2,73679.0,148647.0
2025-06-18 11:24:24.238801,3604.2,73679.0,148647.0
2025-06-18 11:24:25.205300,3604.2,73680.0,149016.0
2025-06-18 11:24:26.210765,3604.9,73694.0,148993.0
2025-06-18 11:24:26.234543,3604.9,73694.0,148993.0
2025-06-18 11:24:27.104035,3604.9,73568.0,148998.0
2025-06-18 11:24:27.231244,3604.9,73568.0,148998.0
2025-06-18 11:24:28.207645,3604.9,73477.0,148675.0
2025-06-18 11:24:29.212397,3605.0,73784.0,148715.0
2025-06-18 11:24:29.242966,3605.0,73784.0,148715.0
2025-06-18 11:24:30.215283,3604.9,73326.0,149054.0
2025-06-18 11:24:30.235495,3604.9,73326.0,149054.0
2025-06-18 11:24:31.237483,3605.0,73326.0,149054.0
2025-06-18 11:24:31.302889,3605.0,73175.0,148472.0
2025-06-18 11:24:32.241223,3604.3,73175.0,148472.0
2025-06-18 11:24:32.405185,3604.3,73323.0,148343.0
2025-06-18 11:24:33.276211,3605.0,73323.0,148343.0
2025-06-18 11:24:33.505271,3605.0,73252.0,148337.0
2025-06-18 11:24:34.232915,3605.0,73252.0,148337.0
2025-06-18 11:24:34.404951,3605.0,73290.0,148040.0
2025-06-18 11:24:35.505560,3605.0,73520.0,147810.0
2025-06-18 11:24:36.607890,3605.0,73733.0,147959.0
2025-06-18 11:24:37.711876,3605.0,73773.0,147933.0
2025-06-18 11:24:38.246161,3605.1,73773.0,147933.0
2025-06-18 11:24:38.706596,3605.1,73750.0,147913.0
2025-06-18 11:24:39.236784,3606.5,73750.0,147913.0
2025-06-18 11:24:39.805874,3606.5,74120.0,146720.0
2025-06-18 11:24:40.907536,3606.5,72615.0,146697.0
2025-06-18 11:24:41.231700,3605.0,72615.0,146697.0
2025-06-18 11:24:42.007938,3605.0,74156.0,146997.0
2025-06-18 11:24:43.108548,3605.0,74134.0,147011.0
2025-06-18 11:24:44.009500,3605.0,74168.0,146992.0
2025-06-18 11:24:45.109167,3605.0,74168.0,147005.0
2025-06-18 11:24:46.210390,3605.0,74147.0,147023.0
2025-06-18 11:24:47.238512,3605.4,74147.0,147023.0
2025-06-18 11:24:47.310075,3605.4,74298.0,146744.0
2025-06-18 11:24:48.410152,3605.4,74192.0,146798.0
2025-06-18 11:24:49.495163,3605.4,74192.0,146798.0
2025-06-18 11:24:49.533157,3605.4,74229.0,146798.0
2025-06-18 11:24:50.259472,3605.0,74229.0,146798.0
2025-06-18 11:24:50.573775,3605.0,74229.0,146798.0
2025-06-18 11:24:50.613439,3605.0,74282.0,146948.0
2025-06-18 11:24:51.249827,3605.0,74282.0,146948.0
2025-06-18 11:24:51.480836,3605.0,74282.0,146948.0
2025-06-18 11:24:51.712924,3605.0,74289.0,146940.0
2025-06-18 11:24:52.451556,3605.0,74289.0,146940.0
2025-06-18 11:24:52.815213,3605.0,74381.0,146623.0
2025-06-18 11:24:53.232840,3605.0,74381.0,146623.0
2025-06-18 11:24:53.279367,3605.0,74381.0,146623.0
2025-06-18 11:24:53.717883,3605.0,74409.0,146859.0
2025-06-18 11:24:54.048503,3605.0,74409.0,146859.0
2025-06-18 11:24:54.232193,3605.0,74409.0,146859.0
2025-06-18 11:24:54.818229,3605.0,73472.0,147044.0
2025-06-18 11:24:55.068373,3605.0,73472.0,147044.0
2025-06-18 11:24:55.942751,3605.0,73930.0,147076.0
2025-06-18 11:24:56.064841,3605.0,73930.0,147076.0
2025-06-18 11:24:56.917203,3605.0,73850.0,147109.0
2025-06-18 11:24:57.795445,3605.0,73850.0,147109.0
2025-06-18 11:24:58.019027,3605.0,73839.0,147087.0
2025-06-18 11:24:59.020486,3605.0,73757.0,147047.0
2025-06-18 11:24:59.031995,3605.0,73757.0,147047.0
2025-06-18 11:25:00.124140,3604.3,73845.0,147369.0
2025-06-18 11:25:00.230566,3604.3,73845.0,147369.0
2025-06-18 11:25:01.286360,3604.3,73845.0,147369.0
2025-06-18 11:25:02.014215,3604.3,73814.0,147383.0
2025-06-18 11:25:02.420475,3604.3,73814.0,147383.0
2025-06-18 11:25:02.825284,3604.4,73728.0,147173.0
2025-06-18 11:25:03.228446,3604.4,73728.0,147173.0
2025-06-18 11:25:03.561468,3604.4,73728.0,147173.0
2025-06-18 11:25:03.826850,3604.4,73584.0,147163.0
2025-06-18 11:25:04.728515,3604.4,73572.0,147124.0
2025-06-18 11:25:05.017023,3604.4,73572.0,147124.0
2025-06-18 11:25:05.632113,3604.4,73953.0,147317.0
2025-06-18 11:25:06.225707,3604.4,73953.0,147317.0
2025-06-18 11:25:06.528191,3604.4,73548.0,147252.0
2025-06-18 11:25:07.428176,3604.4,73303.0,147345.0
2025-06-18 11:25:08.329013,3604.4,73403.0,147340.0
2025-06-18 11:25:09.430224,3604.4,73450.0,147327.0
2025-06-18 11:25:10.330686,3604.4,73032.0,147499.0
2025-06-18 11:25:11.263912,3604.4,73032.0,147499.0
2025-06-18 11:25:11.269952,3604.4,73307.0,147562.0
2025-06-18 11:25:12.132168,3604.4,73341.0,147282.0
2025-06-18 11:25:13.031419,3604.4,73441.0,147611.0
2025-06-18 11:25:13.951369,3604.4,73446.0,147304.0
2025-06-18 11:25:14.946218,3604.4,73710.0,147164.0
2025-06-18 11:25:15.833979,3604.4,73710.0,146732.0
2025-06-18 11:25:16.736741,3604.4,73869.0,147025.0
2025-06-18 11:25:17.636370,3604.4,73680.0,147034.0
2025-06-18 11:25:18.536580,3604.4,73681.0,146734.0
2025-06-18 11:25:19.437655,3604.4,73644.0,147099.0
2025-06-18 11:25:20.537114,3605.0,74096.0,147110.0
2025-06-18 11:25:21.229036,3605.0,74096.0,147110.0
2025-06-18 11:25:21.436140,3605.0,74232.0,147121.0
2025-06-18 11:25:22.535434,3605.0,74244.0,147121.0
2025-06-18 11:25:23.536061,3605.0,74610.0,147084.0
2025-06-18 11:25:24.538029,3605.0,74611.0,147084.0
2025-06-18 11:25:25.227159,3604.4,74611.0,147084.0
2025-06-18 11:25:25.537894,3604.4,74329.0,147155.0
2025-06-18 11:25:26.228706,3604.4,74329.0,147155.0
2025-06-18 11:25:26.543605,3604.4,74480.0,147403.0
2025-06-18 11:25:27.616132,3604.4,74104.0,147423.0
2025-06-18 11:25:28.232208,3605.0,74104.0,147423.0
2025-06-18 11:25:28.537194,3605.0,74133.0,147422.0
2025-06-18 11:25:29.596640,3605.0,74506.0,147410.0
2025-06-18 11:25:30.538060,3605.0,73980.0,147406.0
2025-06-18 11:25:31.540939,3605.0,74001.0,147406.0
2025-06-18 11:25:32.542817,3605.0,73666.0,147407.0
2025-06-18 11:25:33.540581,3605.0,73842.0,147091.0
2025-06-18 11:25:34.541528,3605.0,73949.0,147410.0
2025-06-18 11:25:35.542797,3605.0,73949.0,147120.0
2025-06-18 11:25:36.552501,3605.0,73692.0,147420.0
2025-06-18 11:25:37.546234,3605.0,73693.0,147445.0
2025-06-18 11:25:39.899372,3605.0,73693.0,147445.0
2025-06-18 11:25:39.903066,3605.0,73940.0,147119.0
2025-06-18 11:25:39.941528,3605.0,73940.0,147425.0
2025-06-18 11:25:40.227540,3604.3,73940.0,147425.0
2025-06-18 11:25:40.611919,3604.3,73948.0,147425.0
2025-06-18 11:25:41.224736,3604.3,73948.0,147425.0
2025-06-18 11:25:41.545207,3604.3,73948.0,147126.0
2025-06-18 11:25:43.344914,3604.3,73556.0,147296.0
2025-06-18 11:25:44.444794,3604.3,73556.0,147287.0
2025-06-18 11:25:45.545650,3604.3,73366.0,147304.0
2025-06-18 11:25:46.660793,3604.3,73267.0,147319.0
2025-06-18 11:25:47.749001,3604.3,73373.0,147316.0
2025-06-18 11:25:48.849318,3604.3,73394.0,147316.0
2025-06-18 11:25:49.849454,3604.3,73370.0,147331.0
2025-06-18 11:25:50.948918,3604.3,73370.0,147329.0
2025-06-18 11:25:51.952658,3604.3,73377.0,147285.0
2025-06-18 11:25:52.950763,3604.3,73369.0,147278.0
2025-06-18 11:25:54.052748,3604.3,73388.0,147000.0
2025-06-18 11:25:55.051603,3605.0,73805.0,147010.0
2025-06-18 11:25:55.233537,3605.0,73805.0,147010.0
2025-06-18 11:25:56.186106,3605.0,73773.0,147028.0
2025-06-18 11:25:56.225590,3605.0,73773.0,147028.0
2025-06-18 11:25:57.242125,3605.0,73928.0,147003.0
2025-06-18 11:25:58.164570,3605.0,73930.0,147003.0
2025-06-18 11:25:59.252627,3605.0,73905.0,146667.0
2025-06-18 11:26:00.251800,3605.0,73918.0,146976.0
2025-06-18 11:26:03.064748,3604.7,73973.0,146868.0
2025-06-18 11:26:03.260663,3604.7,73973.0,146868.0
2025-06-18 11:26:05.258947,3605.0,73973.0,146868.0
2025-06-18 11:26:08.248271,3605.2,73973.0,146868.0
2025-06-18 11:26:08.266104,3605.2,74205.0,147094.0
2025-06-18 11:26:13.063775,3605.2,74216.0,146897.0
2025-06-18 11:26:15.254011,3604.4,74216.0,146897.0
2025-06-18 11:26:17.233960,3604.5,74216.0,146897.0
2025-06-18 11:26:17.965482,3604.5,74333.0,147153.0
2025-06-18 11:26:19.252378,3605.2,74333.0,147153.0
2025-06-18 11:26:22.228044,3604.5,74333.0,147153.0
2025-06-18 11:26:22.871546,3604.5,74337.0,147268.0
2025-06-18 11:26:25.278875,3605.2,74337.0,147268.0
2025-06-18 11:26:27.680586,3605.2,74439.0,146820.0
2025-06-18 11:26:29.263648,3605.2,74439.0,146820.0
2025-06-18 11:26:31.240327,3605.2,74439.0,146820.0
2025-06-18 11:26:32.694418,3605.2,74593.0,146154.0
2025-06-18 11:26:33.270871,3605.2,74593.0,146154.0
2025-06-18 11:26:35.267889,3605.0,74593.0,146154.0
2025-06-18 11:26:37.378729,3605.0,75119.0,146278.0
2025-06-18 11:26:38.240926,3605.2,75119.0,146278.0
2025-06-18 11:26:42.689505,3605.2,75696.0,146506.0
2025-06-18 11:26:47.885306,3605.2,75487.0,146472.0
2025-06-18 11:26:49.246673,3605.0,75487.0,146472.0
2025-06-18 11:26:52.242326,3605.0,75487.0,146472.0
2025-06-18 11:26:52.786516,3605.4,74100.0,145856.0
2025-06-18 11:26:53.247375,3605.4,74100.0,145856.0
2025-06-18 11:26:57.800242,3605.4,75673.0,146042.0
2025-06-18 11:26:59.255906,3605.3,75673.0,146042.0
2025-06-18 11:27:01.494185,3605.3,76270.0,145677.0
2025-06-18 11:27:02.495165,3605.3,76419.0,145977.0
2025-06-18 11:27:03.624481,3605.3,76321.0,145958.0
2025-06-18 11:27:04.621102,3605.3,76426.0,145991.0
2025-06-18 11:27:05.595274,3605.1,76365.0,145981.0
2025-06-18 11:27:06.261849,3605.1,76365.0,145981.0
2025-06-18 11:27:06.726716,3605.1,76353.0,145998.0
2025-06-18 11:27:07.711100,3605.1,76395.0,145998.0
2025-06-18 11:27:08.799519,3605.1,76392.0,145998.0
2025-06-18 11:27:09.237554,3605.4,76392.0,145998.0
2025-06-18 11:27:09.803530,3605.6,73932.0,145622.0
2025-06-18 11:27:10.239730,3605.2,73932.0,145622.0
2025-06-18 11:27:10.903730,3605.4,75786.0,145665.0
2025-06-18 11:27:11.245944,3605.4,75786.0,145665.0
2025-06-18 11:27:12.002980,3605.4,75597.0,145735.0
2025-06-18 11:27:13.102476,3605.4,74545.0,145985.0
2025-06-18 11:27:14.229517,3606.4,76063.0,145478.0
2025-06-18 11:27:14.245453,3606.4,76063.0,145478.0
2025-06-18 11:27:15.225177,3606.4,76957.0,145441.0
2025-06-18 11:27:16.239701,3606.4,76957.0,145441.0
2025-06-18 11:27:16.303455,3606.4,76997.0,145455.0
2025-06-18 11:27:17.242812,3606.4,76997.0,145455.0
2025-06-18 11:27:17.402623,3606.4,75414.0,145249.0
2025-06-18 11:27:18.504039,3606.4,76819.0,145435.0
2025-06-18 11:27:20.482702,3606.4,76739.0,145262.0
2025-06-18 11:27:20.520783,3606.4,77058.0,145255.0
2025-06-18 11:27:21.605557,3606.4,77166.0,145285.0
2025-06-18 11:27:22.245698,3606.3,77166.0,145285.0
2025-06-18 11:27:22.607302,3606.3,75790.0,145559.0
2025-06-18 11:27:23.606195,3606.3,76711.0,145548.0
2025-06-18 11:27:24.509307,3606.3,75330.0,145540.0
2025-06-18 11:27:25.604951,3606.4,76935.0,145544.0
2025-06-18 11:27:26.270292,3606.8,76935.0,145544.0
2025-06-18 11:27:26.607337,3606.8,76962.0,145609.0
2025-06-18 11:27:27.288781,3606.8,76962.0,145609.0
2025-06-18 11:27:27.606514,3606.8,76547.0,145621.0
2025-06-18 11:27:28.609183,3606.8,76634.0,145621.0
2025-06-18 11:27:29.512509,3606.8,77146.0,144735.0
2025-06-18 11:27:30.608374,3606.8,77057.0,144998.0
2025-06-18 11:27:31.269689,3606.8,77057.0,144998.0
2025-06-18 11:27:31.717454,3606.8,77163.0,144835.0
2025-06-18 11:27:32.812272,3606.8,77006.0,144860.0
2025-06-18 11:27:33.812812,3606.8,76106.0,144879.0
2025-06-18 11:27:34.233156,3606.8,76106.0,144879.0
2025-06-18 11:27:34.913071,3606.8,76165.0,145026.0
2025-06-18 11:27:35.241621,3606.8,76165.0,145026.0
2025-06-18 11:27:36.013583,3606.8,77650.0,145024.0
2025-06-18 11:27:37.116314,3606.8,77630.0,144542.0
2025-06-18 11:27:38.213748,3606.4,76935.0,144589.0
2025-06-18 11:27:38.244623,3606.4,76935.0,144589.0
2025-06-18 11:27:39.315220,3606.4,76367.0,144578.0
2025-06-18 11:27:40.317409,3606.4,77382.0,144535.0
2025-06-18 11:27:41.417651,3606.4,77987.0,144793.0
2025-06-18 11:27:42.517620,3606.4,78148.0,144951.0
2025-06-18 11:27:43.617649,3606.4,78490.0,144824.0
2025-06-18 11:27:44.719898,3606.3,78469.0,144825.0
2025-06-18 11:27:45.236843,3606.3,78469.0,144825.0
2025-06-18 11:27:45.617463,3606.3,77934.0,144813.0
2025-06-18 11:27:46.726685,3606.7,78617.0,143116.0
2025-06-18 11:27:47.238370,3606.7,78617.0,143116.0
2025-06-18 11:27:47.818390,3606.9,76547.0,143270.0
2025-06-18 11:27:48.234401,3606.9,76547.0,143270.0
2025-06-18 11:27:48.920414,3606.3,77798.0,143292.0
2025-06-18 11:27:49.239149,3606.3,77798.0,143292.0
2025-06-18 11:27:49.919741,3606.3,77798.0,143292.0
2025-06-18 11:27:49.952065,3606.3,78397.0,143290.0
2025-06-18 11:27:50.919489,3606.3,76965.0,143515.0
2025-06-18 11:27:51.005970,3606.3,76965.0,143515.0
2025-06-18 11:27:51.927614,3606.3,76965.0,143515.0
2025-06-18 11:27:51.930320,3606.3,78719.0,143778.0
2025-06-18 11:27:52.235091,3606.3,78719.0,143778.0
2025-06-18 11:27:52.851950,3606.3,78719.0,143778.0
2025-06-18 11:27:52.921002,3606.3,77233.0,143786.0
2025-06-18 11:27:53.239695,3606.3,77233.0,143786.0
2025-06-18 11:27:53.763587,3606.3,77233.0,143786.0
2025-06-18 11:27:53.922246,3606.3,78262.0,143718.0
2025-06-18 11:27:54.236720,3606.3,78262.0,143718.0
2025-06-18 11:27:54.491433,3606.3,78262.0,143718.0
2025-06-18 11:27:54.922738,3606.3,78418.0,143752.0
2025-06-18 11:27:55.511139,3606.3,78418.0,143752.0
2025-06-18 11:27:55.924121,3607.2,78245.0,143740.0
2025-06-18 11:27:56.068072,3607.2,78245.0,143740.0
2025-06-18 11:27:56.236907,3607.2,78245.0,143740.0
2025-06-18 11:27:56.473865,3607.2,78245.0,143740.0
2025-06-18 11:27:56.830170,3607.2,77784.0,143500.0
2025-06-18 11:27:56.953063,3607.2,77784.0,143500.0
2025-06-18 11:27:57.237212,3607.2,77784.0,143500.0
2025-06-18 11:27:57.341719,3607.2,77784.0,143500.0
2025-06-18 11:27:57.925467,3607.2,77687.0,143519.0
2025-06-18 11:27:58.263054,3607.2,77687.0,143519.0
2025-06-18 11:27:58.923504,3607.2,77494.0,143524.0
2025-06-18 11:27:59.458056,3607.2,77494.0,143524.0
2025-06-18 11:27:59.926245,3607.2,76862.0,143577.0
2025-06-18 11:28:00.252886,3607.2,76862.0,143577.0
2025-06-18 11:28:00.319913,3607.2,76862.0,143577.0
2025-06-18 11:28:01.723219,3607.2,76862.0,143577.0
2025-06-18 11:28:02.855357,3607.2,76862.0,143577.0
2025-06-18 11:28:03.245893,3607.2,76862.0,143577.0
2025-06-18 11:28:03.970132,3607.2,76862.0,143577.0
2025-06-18 11:28:04.527792,3607.2,77146.0,144058.0
2025-06-18 11:28:05.604058,3607.2,77146.0,144058.0
2025-06-18 11:28:07.244414,3607.1,77146.0,144058.0
2025-06-18 11:28:10.493768,3607.1,77242.0,144226.0
2025-06-18 11:28:14.245399,3607.1,77916.0,143882.0
2025-06-18 11:28:17.268263,3607.2,77916.0,143882.0
2025-06-18 11:28:19.247017,3607.2,78333.0,143754.0
2025-06-18 11:28:24.742048,3607.2,78470.0,143636.0
2025-06-18 11:28:25.251632,3607.3,78470.0,143636.0
2025-06-18 11:28:27.249492,3607.4,78470.0,143636.0
2025-06-18 11:28:29.252223,3607.2,78470.0,143636.0
2025-06-18 11:28:29.942260,3607.2,78402.0,142930.0
2025-06-18 11:28:31.247497,3607.1,78402.0,142930.0
2025-06-18 11:28:33.252174,3607.2,78402.0,142930.0
2025-06-18 11:28:34.762280,3607.5,78135.0,143501.0
2025-06-18 11:28:35.251195,3607.5,78135.0,143501.0
2025-06-18 11:28:37.250379,3607.5,78135.0,143501.0
2025-06-18 11:28:39.750260,3607.5,78708.0,143319.0
2025-06-18 11:28:42.244629,3607.5,78708.0,143319.0
2025-06-18 11:28:43.256773,3607.1,78708.0,143319.0
2025-06-18 11:28:44.759326,3607.1,78745.0,143460.0
2025-06-18 11:28:47.346091,3607.1,78745.0,143460.0
2025-06-18 11:28:49.762203,3607.1,77359.0,143659.0
2025-06-18 11:28:51.252391,3607.1,77359.0,143659.0
2025-06-18 11:28:54.239757,3607.5,77359.0,143659.0
2025-06-18 11:28:54.673397,3607.5,77650.0,143924.0
2025-06-18 11:28:59.249902,3607.5,77650.0,143924.0
2025-06-18 11:28:59.364937,3607.5,78703.0,144131.0
2025-06-18 11:29:03.264485,3607.1,78703.0,144131.0
2025-06-18 11:29:04.064942,3606.9,79158.0,144402.0
2025-06-18 11:29:05.279276,3606.9,79158.0,144402.0
2025-06-18 11:29:07.254585,3606.9,79158.0,144402.0
2025-06-18 11:29:08.968891,3606.9,79008.0,144445.0
2025-06-18 11:29:11.271597,3606.9,79008.0,144445.0
2025-06-18 11:29:14.182391,3607.1,79457.0,144023.0
2025-06-18 11:29:15.274448,3607.1,79457.0,144023.0
2025-06-18 11:29:17.256332,3607.3,79457.0,144023.0
2025-06-18 11:29:19.261785,3607.5,79457.0,144023.0
2025-06-18 11:29:19.575033,3607.5,79619.0,143375.0
2025-06-18 11:29:21.256379,3607.5,79619.0,143375.0
2025-06-18 11:29:24.887570,3607.5,78911.0,144633.0
2025-06-18 11:29:27.251570,3607.5,78911.0,144633.0
2025-06-18 11:29:29.250183,3607.1,78911.0,144633.0
2025-06-18 11:29:30.196748,3607.1,77383.0,145573.0
2025-06-18 11:29:35.262089,3607.5,77383.0,145573.0
2025-06-18 11:29:35.493366,3607.5,78057.0,145123.0
2025-06-18 11:29:37.247775,3607.5,78057.0,145123.0
2025-06-18 11:29:39.253111,3607.5,78057.0,145123.0
2025-06-18 11:29:40.888919,3607.5,78384.0,144967.0
2025-06-18 11:29:43.252607,3607.1,78384.0,144967.0
2025-06-18 11:29:45.253618,3607.0,78384.0,144967.0
2025-06-18 11:29:45.993350,3607.0,78352.0,145260.0
2025-06-18 11:29:47.251020,3607.0,78352.0,145260.0
2025-06-18 11:29:50.595113,3607.0,78361.0,145482.0
2025-06-18 11:29:51.252001,3607.0,78361.0,145482.0
2025-06-18 11:29:54.249909,3608.0,78361.0,145482.0
