timestamp,ltp,bid_qty,ask_qty
2025-06-18 11:01:36.657653,12794.0,19423.0,32724.0
2025-06-18 11:01:37.147116,12795.0,19423.0,32724.0
2025-06-18 11:01:38.647947,12795.0,19428.0,32967.0
2025-06-18 11:01:39.137100,12795.0,19428.0,32967.0
2025-06-18 11:01:41.138311,12795.0,19428.0,32967.0
2025-06-18 11:01:43.134902,12795.0,19428.0,32967.0
2025-06-18 11:01:43.653911,12795.0,19475.0,32951.0
2025-06-18 11:01:45.161310,12795.0,19475.0,32951.0
2025-06-18 11:01:48.957979,12795.0,19481.0,32973.0
2025-06-18 11:01:49.182010,12794.0,19481.0,32973.0
2025-06-18 11:01:53.142269,12794.0,19481.0,32973.0
2025-06-18 11:01:54.660856,12794.0,19373.0,33333.0
2025-06-18 11:01:55.150364,12795.0,19373.0,33333.0
2025-06-18 11:01:59.144725,12795.0,19373.0,33333.0
2025-06-18 11:02:00.052135,12795.0,19361.0,33290.0
2025-06-18 11:02:01.147762,12795.0,19361.0,33290.0
2025-06-18 11:02:05.206271,12795.0,19315.0,33240.0
2025-06-18 11:02:09.142989,12794.0,19315.0,33240.0
2025-06-18 11:02:10.365404,12795.0,19466.0,33235.0
2025-06-18 11:02:11.148004,12795.0,19466.0,33235.0
2025-06-18 11:02:15.168474,12795.0,19466.0,33235.0
2025-06-18 11:02:15.988525,12795.0,19485.0,33170.0
2025-06-18 11:02:17.148954,12795.0,19485.0,33170.0
2025-06-18 11:02:21.069380,12795.0,19599.0,32900.0
2025-06-18 11:02:21.140741,12795.0,19599.0,32900.0
2025-06-18 11:02:23.146128,12794.0,19599.0,32900.0
2025-06-18 11:02:25.143815,12794.0,19599.0,32900.0
2025-06-18 11:02:26.274097,12794.0,19503.0,33014.0
2025-06-18 11:02:29.153306,12795.0,19503.0,33014.0
2025-06-18 11:02:31.143893,12795.0,19503.0,33014.0
2025-06-18 11:02:31.274985,12795.0,19635.0,33008.0
2025-06-18 11:02:33.150108,12794.0,19635.0,33008.0
2025-06-18 11:02:36.704821,12794.0,19547.0,33015.0
2025-06-18 11:02:37.152531,12794.0,19547.0,33015.0
2025-06-18 11:02:39.197227,12795.0,19547.0,33015.0
2025-06-18 11:02:41.145985,12795.0,19547.0,33015.0
2025-06-18 11:02:42.012842,12795.0,19312.0,32976.0
2025-06-18 11:02:43.153209,12795.0,19312.0,32976.0
2025-06-18 11:02:45.149523,12795.0,19312.0,32976.0
2025-06-18 11:02:47.156380,12795.0,19312.0,32976.0
2025-06-18 11:02:47.193383,12795.0,19270.0,33017.0
2025-06-18 11:02:49.153267,12795.0,19270.0,33017.0
2025-06-18 11:02:52.590628,12795.0,19163.0,33333.0
2025-06-18 11:02:55.150299,12794.0,19163.0,33333.0
2025-06-18 11:02:57.155259,12795.0,19163.0,33333.0
2025-06-18 11:02:57.795515,12794.0,18881.0,33511.0
2025-06-18 11:02:59.152553,12794.0,18881.0,33511.0
2025-06-18 11:03:01.147822,12795.0,18881.0,33511.0
2025-06-18 11:03:03.044345,12794.0,18833.0,33668.0
2025-06-18 11:03:03.147317,12794.0,18833.0,33668.0
2025-06-18 11:03:05.146277,12792.0,18833.0,33668.0
2025-06-18 11:03:07.148418,12794.0,18833.0,33668.0
2025-06-18 11:03:08.305332,12794.0,18862.0,33547.0
2025-06-18 11:03:12.145456,12790.0,18862.0,33547.0
2025-06-18 11:03:13.606061,12790.0,18698.0,33897.0
2025-06-18 11:03:17.154214,12789.0,18698.0,33897.0
2025-06-18 11:03:18.705810,12789.0,18595.0,33898.0
2025-06-18 11:03:19.154188,12789.0,18595.0,33898.0
2025-06-18 11:03:21.211283,12790.0,18595.0,33898.0
2025-06-18 11:03:23.156978,12785.0,18595.0,33898.0
2025-06-18 11:03:24.009772,12785.0,18644.0,33910.0
2025-06-18 11:03:25.149570,12786.0,18644.0,33910.0
2025-06-18 11:03:29.155701,12785.0,18644.0,33910.0
2025-06-18 11:03:29.213053,12785.0,18375.0,33920.0
2025-06-18 11:03:31.158369,12789.0,18375.0,33920.0
2025-06-18 11:03:33.152377,12788.0,18375.0,33920.0
2025-06-18 11:03:34.716970,12789.0,18327.0,33994.0
2025-06-18 11:03:35.153287,12789.0,18327.0,33994.0
2025-06-18 11:03:39.153569,12789.0,18327.0,33994.0
2025-06-18 11:03:40.216170,12789.0,18340.0,33983.0
2025-06-18 11:03:41.172588,12789.0,18340.0,33983.0
2025-06-18 11:03:45.169479,12789.0,18340.0,33983.0
2025-06-18 11:03:45.218733,12789.0,18369.0,34039.0
2025-06-18 11:03:46.025277,12789.0,18369.0,34039.0
2025-06-18 11:03:47.075353,12789.0,18369.0,34039.0
2025-06-18 11:03:48.898639,12789.0,18369.0,34039.0
2025-06-18 11:03:49.169442,12790.0,18369.0,34039.0
2025-06-18 11:03:49.742609,12790.0,18369.0,34039.0
2025-06-18 11:03:49.924067,12790.0,18464.0,33997.0
2025-06-18 11:03:50.554615,12790.0,18464.0,33997.0
2025-06-18 11:03:51.171117,12789.0,18464.0,33997.0
2025-06-18 11:03:51.589422,12789.0,18464.0,33997.0
2025-06-18 11:03:52.200486,12789.0,18464.0,33997.0
2025-06-18 11:03:53.071662,12789.0,18464.0,33997.0
2025-06-18 11:03:53.203582,12787.0,18464.0,33997.0
2025-06-18 11:03:53.442766,12787.0,18464.0,33997.0
2025-06-18 11:03:54.453028,12787.0,18464.0,33997.0
2025-06-18 11:03:54.825988,12787.0,18314.0,34296.0
2025-06-18 11:03:55.722758,12787.0,18314.0,34296.0
2025-06-18 11:03:56.586362,12787.0,18314.0,34296.0
2025-06-18 11:04:00.454817,12783.0,18314.0,34296.0
2025-06-18 11:04:00.468056,12783.0,18314.0,34296.0
2025-06-18 11:04:00.540447,12783.0,18314.0,34296.0
2025-06-18 11:04:00.547636,12780.0,18183.0,34311.0
2025-06-18 11:04:00.551608,12780.0,18183.0,34311.0
2025-06-18 11:04:01.184863,12788.0,18183.0,34311.0
2025-06-18 11:04:01.920062,12788.0,18183.0,34311.0
2025-06-18 11:04:05.138951,12788.0,18295.0,34210.0
2025-06-18 11:04:07.200649,12786.0,18295.0,34210.0
2025-06-18 11:04:09.158535,12786.0,18295.0,34210.0
2025-06-18 11:04:10.340099,12786.0,18173.0,34274.0
2025-06-18 11:04:11.163099,12786.0,18173.0,34274.0
2025-06-18 11:04:15.159211,12780.0,18173.0,34274.0
2025-06-18 11:04:15.244236,12780.0,17982.0,34424.0
2025-06-18 11:04:19.190352,12780.0,17982.0,34424.0
2025-06-18 11:04:20.754732,12784.0,18090.0,34393.0
2025-06-18 11:04:21.188531,12784.0,18090.0,34393.0
2025-06-18 11:04:25.964349,12783.0,18072.0,34367.0
2025-06-18 11:04:27.160758,12783.0,18072.0,34367.0
2025-06-18 11:04:31.063541,12784.0,18157.0,34274.0
2025-06-18 11:04:31.160480,12784.0,18157.0,34274.0
2025-06-18 11:04:33.169506,12786.0,18157.0,34274.0
2025-06-18 11:04:35.167263,12786.0,18157.0,34274.0
2025-06-18 11:04:35.974730,12786.0,18112.0,34211.0
2025-06-18 11:04:39.164598,12782.0,18112.0,34211.0
2025-06-18 11:04:40.874736,12785.0,18114.0,34373.0
2025-06-18 11:04:41.154918,12785.0,18114.0,34373.0
2025-06-18 11:04:43.175721,12786.0,18114.0,34373.0
2025-06-18 11:04:45.198758,12782.0,18114.0,34373.0
2025-06-18 11:04:45.872957,12782.0,18154.0,34269.0
2025-06-18 11:04:47.172019,12786.0,18154.0,34269.0
2025-06-18 11:04:49.161299,12782.0,18154.0,34269.0
2025-06-18 11:04:50.772480,12782.0,18251.0,34270.0
2025-06-18 11:04:51.163137,12781.0,18251.0,34270.0
2025-06-18 11:04:55.577318,12781.0,18211.0,34256.0
2025-06-18 11:04:57.213016,12787.0,18211.0,34256.0
2025-06-18 11:05:00.279940,12786.0,18239.0,34172.0
2025-06-18 11:05:01.183687,12786.0,18239.0,34172.0
2025-06-18 11:05:05.176606,12786.0,18253.0,34160.0
2025-06-18 11:05:05.207729,12786.0,18253.0,34160.0
2025-06-18 11:05:07.391162,12783.0,18253.0,34160.0
2025-06-18 11:05:09.198074,12786.0,18253.0,34160.0
2025-06-18 11:05:09.785058,12786.0,18240.0,34321.0
2025-06-18 11:05:11.162685,12785.0,18240.0,34321.0
2025-06-18 11:05:15.163040,12785.0,18240.0,34321.0
2025-06-18 11:05:15.382847,12785.0,18213.0,34389.0
2025-06-18 11:05:17.174316,12784.0,18213.0,34389.0
2025-06-18 11:05:19.203203,12784.0,18213.0,34389.0
2025-06-18 11:05:20.686925,12784.0,18180.0,34399.0
2025-06-18 11:05:21.187666,12784.0,18180.0,34399.0
2025-06-18 11:05:25.593806,12784.0,18178.0,34308.0
2025-06-18 11:05:27.180813,12783.0,18178.0,34308.0
2025-06-18 11:05:29.172971,12780.0,18178.0,34308.0
2025-06-18 11:05:30.397446,12776.0,17858.0,34762.0
2025-06-18 11:05:32.169205,12778.0,17858.0,34762.0
2025-06-18 11:05:35.212418,12776.0,17858.0,34762.0
2025-06-18 11:05:35.699219,12781.0,18096.0,34326.0
2025-06-18 11:05:37.174454,12781.0,18096.0,34326.0
2025-06-18 11:05:41.167623,12777.0,18096.0,34326.0
2025-06-18 11:05:41.198452,12777.0,18004.0,34691.0
2025-06-18 11:05:43.175055,12777.0,18004.0,34691.0
2025-06-18 11:05:45.164713,12779.0,18004.0,34691.0
2025-06-18 11:05:46.104890,12779.0,17961.0,34613.0
2025-06-18 11:05:47.192456,12774.0,17961.0,34613.0
2025-06-18 11:05:51.107775,12774.0,17910.0,34671.0
2025-06-18 11:05:53.164210,12774.0,17910.0,34671.0
2025-06-18 11:05:55.167966,12772.0,17910.0,34671.0
2025-06-18 11:05:56.413639,12772.0,17853.0,34686.0
2025-06-18 11:05:57.191923,12778.0,17853.0,34686.0
2025-06-18 11:06:01.113925,12774.0,17917.0,34639.0
2025-06-18 11:06:01.167910,12774.0,17917.0,34639.0
2025-06-18 11:06:03.164064,12774.0,17917.0,34639.0
2025-06-18 11:06:05.917933,12774.0,17841.0,34701.0
2025-06-18 11:06:09.170876,12774.0,17841.0,34701.0
2025-06-18 11:06:10.822408,12778.0,17887.0,34658.0
2025-06-18 11:06:11.210569,12778.0,17887.0,34658.0
2025-06-18 11:06:15.193080,12776.0,17887.0,34658.0
2025-06-18 11:06:15.823327,12776.0,17837.0,34667.0
2025-06-18 11:06:19.164962,12778.0,17837.0,34667.0
2025-06-18 11:06:20.825754,12778.0,17880.0,34626.0
2025-06-18 11:06:23.170547,12776.0,17880.0,34626.0
2025-06-18 11:06:25.177078,12779.0,17880.0,34626.0
2025-06-18 11:06:25.833507,12780.0,18044.0,34528.0
2025-06-18 11:06:27.169103,12780.0,18044.0,34528.0
2025-06-18 11:06:29.175912,12776.0,18044.0,34528.0
2025-06-18 11:06:30.534748,12779.0,18073.0,34513.0
2025-06-18 11:06:31.194573,12779.0,18073.0,34513.0
2025-06-18 11:06:33.173856,12776.0,18073.0,34513.0
2025-06-18 11:06:35.189416,12776.0,18073.0,34513.0
2025-06-18 11:06:35.236744,12776.0,18115.0,34441.0
2025-06-18 11:06:40.238156,12776.0,18035.0,34551.0
2025-06-18 11:06:41.167617,12779.0,18035.0,34551.0
2025-06-18 11:06:43.170980,12779.0,18035.0,34551.0
2025-06-18 11:06:45.164631,12778.0,18035.0,34551.0
2025-06-18 11:06:45.340332,12778.0,18027.0,34516.0
2025-06-18 11:06:46.720058,12778.0,18027.0,34516.0
2025-06-18 11:06:47.178829,12778.0,18027.0,34516.0
2025-06-18 11:06:47.614554,12778.0,18027.0,34516.0
2025-06-18 11:06:48.552693,12778.0,18027.0,34516.0
2025-06-18 11:06:49.767324,12778.0,18027.0,34516.0
2025-06-18 11:06:50.247049,12778.0,18108.0,34507.0
2025-06-18 11:06:50.288160,12778.0,18108.0,34507.0
2025-06-18 11:06:51.053460,12778.0,18108.0,34507.0
2025-06-18 11:06:52.039398,12778.0,18108.0,34507.0
2025-06-18 11:06:53.558980,12778.0,18108.0,34507.0
2025-06-18 11:06:54.743392,12778.0,18108.0,34507.0
2025-06-18 11:06:55.153462,12778.0,18116.0,34503.0
2025-06-18 11:06:56.242431,12778.0,18116.0,34503.0
2025-06-18 11:06:57.114104,12778.0,18116.0,34503.0
2025-06-18 11:06:57.164387,12780.0,18116.0,34503.0
2025-06-18 11:06:58.517255,12780.0,18116.0,34503.0
2025-06-18 11:06:59.163958,12778.0,18116.0,34503.0
2025-06-18 11:06:59.661919,12778.0,18116.0,34503.0
2025-06-18 11:07:00.050440,12780.0,18118.0,34464.0
2025-06-18 11:07:00.818531,12780.0,18118.0,34464.0
2025-06-18 11:07:01.166413,12780.0,18118.0,34464.0
2025-06-18 11:07:02.287398,12780.0,18118.0,34464.0
2025-06-18 11:07:03.165986,12780.0,18118.0,34464.0
2025-06-18 11:07:05.115943,12780.0,18109.0,34429.0
2025-06-18 11:07:05.177429,12780.0,18109.0,34429.0
2025-06-18 11:07:10.579587,12780.0,18064.0,34500.0
2025-06-18 11:07:11.166271,12780.0,18064.0,34500.0
2025-06-18 11:07:14.162840,12782.0,18064.0,34500.0
2025-06-18 11:07:15.963217,12782.0,18101.0,34405.0
2025-06-18 11:07:17.173308,12780.0,18101.0,34405.0
2025-06-18 11:07:20.165627,12779.0,18101.0,34405.0
2025-06-18 11:07:21.170905,12779.0,18028.0,34980.0
2025-06-18 11:07:23.166534,12780.0,18028.0,34980.0
2025-06-18 11:07:26.222778,12784.0,18028.0,34980.0
2025-06-18 11:07:26.258081,12784.0,18123.0,34754.0
2025-06-18 11:07:29.181428,12782.0,18123.0,34754.0
2025-06-18 11:07:31.068331,12784.0,17972.0,34890.0
2025-06-18 11:07:31.180017,12784.0,17972.0,34890.0
2025-06-18 11:07:35.970817,12784.0,18048.0,34695.0
2025-06-18 11:07:41.071869,12785.0,17967.0,34810.0
2025-06-18 11:07:41.174292,12785.0,17967.0,34810.0
2025-06-18 11:07:43.175751,12782.0,17967.0,34810.0
2025-06-18 11:07:45.177585,12780.0,17967.0,34810.0
2025-06-18 11:07:46.479388,12780.0,17966.0,34857.0
2025-06-18 11:07:50.172873,12782.0,17966.0,34857.0
2025-06-18 11:07:51.484360,12782.0,18006.0,34816.0
2025-06-18 11:07:53.172201,12777.0,18006.0,34816.0
2025-06-18 11:07:56.478878,12777.0,17695.0,35110.0
2025-06-18 11:07:58.278997,12779.0,17695.0,35110.0
2025-06-18 11:08:00.439866,12780.0,17695.0,35110.0
2025-06-18 11:08:01.490603,12780.0,17846.0,34952.0
2025-06-18 11:08:06.178645,12776.0,17846.0,34952.0
2025-06-18 11:08:06.884384,12776.0,17800.0,34986.0
2025-06-18 11:08:12.257254,12780.0,17800.0,34986.0
2025-06-18 11:08:12.386204,12780.0,17792.0,34999.0
2025-06-18 11:08:14.218987,12780.0,17792.0,34999.0
2025-06-18 11:08:16.202419,12779.0,17792.0,34999.0
2025-06-18 11:08:20.488588,12778.0,17714.0,35142.0
2025-06-18 11:08:20.497979,12778.0,17714.0,35142.0
2025-06-18 11:08:20.568631,12778.0,17714.0,35142.0
2025-06-18 11:08:22.697030,12776.0,17738.0,34895.0
2025-06-18 11:08:23.181823,12776.0,17738.0,34895.0
2025-06-18 11:08:26.170010,12778.0,17738.0,34895.0
2025-06-18 11:08:28.403237,12778.0,17766.0,34997.0
2025-06-18 11:08:30.181547,12778.0,17766.0,34997.0
2025-06-18 11:08:33.906519,12778.0,17731.0,35093.0
2025-06-18 11:08:36.177528,12776.0,17731.0,35093.0
2025-06-18 11:08:38.179894,12775.0,17731.0,35093.0
2025-06-18 11:08:39.207692,12775.0,17636.0,35420.0
2025-06-18 11:08:40.191498,12775.0,17636.0,35420.0
2025-06-18 11:08:42.185093,12771.0,17636.0,35420.0
2025-06-18 11:08:44.186139,12770.0,17636.0,35420.0
2025-06-18 11:08:44.410109,12770.0,17624.0,35400.0
2025-06-18 11:08:46.204860,12769.0,17624.0,35400.0
2025-06-18 11:08:49.611001,12769.0,17481.0,35356.0
2025-06-18 11:08:52.179411,12773.0,17481.0,35356.0
2025-06-18 11:08:54.180921,12769.0,17481.0,35356.0
2025-06-18 11:08:54.822718,12769.0,17540.0,35266.0
2025-06-18 11:08:56.184203,12774.0,17540.0,35266.0
2025-06-18 11:08:58.176049,12769.0,17540.0,35266.0
2025-06-18 11:08:59.916007,12774.0,17547.0,35249.0
2025-06-18 11:09:00.175777,12774.0,17547.0,35249.0
2025-06-18 11:09:02.212986,12768.0,17547.0,35249.0
2025-06-18 11:09:04.718580,12768.0,17524.0,35372.0
2025-06-18 11:09:08.178029,12768.0,17524.0,35372.0
2025-06-18 11:09:09.924297,12766.0,17461.0,35684.0
2025-06-18 11:09:10.182256,12772.0,17461.0,35684.0
2025-06-18 11:09:14.305861,12768.0,17461.0,35684.0
2025-06-18 11:09:15.732857,12769.0,17659.0,35190.0
2025-06-18 11:09:16.173931,12773.0,17659.0,35190.0
2025-06-18 11:09:18.873549,12775.0,17659.0,35190.0
2025-06-18 11:09:20.199282,12772.0,17659.0,35190.0
2025-06-18 11:09:26.182795,12775.0,17659.0,35190.0
2025-06-18 11:09:26.631494,12775.0,17783.0,35103.0
2025-06-18 11:09:30.188679,12775.0,17783.0,35103.0
2025-06-18 11:09:31.834073,12772.0,17799.0,35123.0
2025-06-18 11:09:32.218282,12772.0,17799.0,35123.0
2025-06-18 11:09:34.178571,12774.0,17799.0,35123.0
2025-06-18 11:09:36.177906,12772.0,17799.0,35123.0
2025-06-18 11:09:37.144293,12772.0,17927.0,35181.0
2025-06-18 11:09:40.174663,12774.0,17927.0,35181.0
2025-06-18 11:09:42.184732,12770.0,17927.0,35181.0
2025-06-18 11:09:42.539716,12770.0,17938.0,35126.0
2025-06-18 11:09:44.208863,12775.0,17938.0,35126.0
2025-06-18 11:09:47.138284,12775.0,17938.0,35126.0
2025-06-18 11:09:47.742306,12775.0,17895.0,35057.0
2025-06-18 11:09:48.187880,12775.0,17895.0,35057.0
2025-06-18 11:09:48.251548,12775.0,17895.0,35057.0
2025-06-18 11:09:49.102692,12775.0,17895.0,35057.0
2025-06-18 11:09:50.026931,12775.0,17895.0,35057.0
2025-06-18 11:09:50.174558,12772.0,17895.0,35057.0
2025-06-18 11:09:50.863748,12772.0,17895.0,35057.0
2025-06-18 11:09:51.637291,12772.0,17895.0,35057.0
2025-06-18 11:09:52.177924,12775.0,17895.0,35057.0
2025-06-18 11:09:52.629159,12775.0,17895.0,35057.0
2025-06-18 11:09:53.233355,12775.0,17895.0,35057.0
2025-06-18 11:09:53.243002,12772.0,17968.0,35053.0
2025-06-18 11:09:53.604191,12772.0,17968.0,35053.0
2025-06-18 11:09:54.092310,12772.0,17968.0,35053.0
2025-06-18 11:09:54.217233,12770.0,17968.0,35053.0
2025-06-18 11:09:54.462368,12770.0,17968.0,35053.0
2025-06-18 11:09:55.336019,12770.0,17968.0,35053.0
2025-06-18 11:09:56.589272,12770.0,17968.0,35053.0
2025-06-18 11:09:57.563689,12770.0,17968.0,35053.0
2025-06-18 11:09:58.182914,12772.0,17968.0,35053.0
2025-06-18 11:09:58.445310,12772.0,17923.0,35081.0
2025-06-18 11:09:58.968625,12772.0,17923.0,35081.0
2025-06-18 11:10:00.119951,12772.0,17923.0,35081.0
2025-06-18 11:10:00.176760,12775.0,17923.0,35081.0
2025-06-18 11:10:01.249157,12775.0,17923.0,35081.0
2025-06-18 11:10:02.179790,12774.0,17923.0,35081.0
2025-06-18 11:10:02.718229,12774.0,17923.0,35081.0
2025-06-18 11:10:03.448693,12774.0,18004.0,35117.0
2025-06-18 11:10:09.499388,12772.0,18004.0,35117.0
2025-06-18 11:10:09.504669,12774.0,17941.0,35111.0
2025-06-18 11:10:10.191068,12770.0,17941.0,35111.0
2025-06-18 11:10:12.179522,12774.0,17941.0,35111.0
2025-06-18 11:10:14.060264,12772.0,18019.0,35130.0
2025-06-18 11:10:14.187551,12772.0,18019.0,35130.0
2025-06-18 11:10:19.255197,12775.0,18243.0,35021.0
2025-06-18 11:10:20.178666,12775.0,18243.0,35021.0
2025-06-18 11:10:24.456116,12774.0,18065.0,35059.0
2025-06-18 11:10:25.180387,12774.0,18065.0,35059.0
2025-06-18 11:10:28.186642,12775.0,18065.0,35059.0
2025-06-18 11:10:29.962939,12778.0,18083.0,34949.0
2025-06-18 11:10:31.187454,12778.0,18083.0,34949.0
2025-06-18 11:10:34.182221,12778.0,18083.0,34949.0
2025-06-18 11:10:35.569008,12778.0,18125.0,34959.0
2025-06-18 11:10:37.177398,12778.0,18125.0,34959.0
2025-06-18 11:10:40.178080,12775.0,18125.0,34959.0
2025-06-18 11:10:41.182806,12775.0,18053.0,35125.0
2025-06-18 11:10:42.185612,12769.0,18053.0,35125.0
2025-06-18 11:10:44.179062,12769.0,18053.0,35125.0
2025-06-18 11:10:46.374475,12769.0,17877.0,35266.0
2025-06-18 11:10:48.211488,12770.0,17877.0,35266.0
2025-06-18 11:10:50.183766,12769.0,17877.0,35266.0
2025-06-18 11:10:51.477657,12775.0,17700.0,35136.0
2025-06-18 11:10:52.182912,12775.0,17700.0,35136.0
2025-06-18 11:10:56.684059,12775.0,17656.0,35401.0
2025-06-18 11:10:58.179903,12766.0,17656.0,35401.0
2025-06-18 11:11:00.177930,12765.0,17656.0,35401.0
2025-06-18 11:11:01.889304,12772.0,17713.0,35381.0
2025-06-18 11:11:02.205539,12773.0,17713.0,35381.0
2025-06-18 11:11:06.183107,12770.0,17713.0,35381.0
2025-06-18 11:11:07.393938,12768.0,17652.0,35352.0
2025-06-18 11:11:08.188787,12768.0,17652.0,35352.0
2025-06-18 11:11:10.180178,12771.0,17652.0,35352.0
2025-06-18 11:11:12.184006,12769.0,17652.0,35352.0
2025-06-18 11:11:12.795987,12769.0,17700.0,35570.0
2025-06-18 11:11:14.198180,12770.0,17700.0,35570.0
2025-06-18 11:11:18.198253,12766.0,17700.0,35570.0
2025-06-18 11:11:18.204218,12766.0,17758.0,35465.0
2025-06-18 11:11:20.188223,12765.0,17758.0,35465.0
2025-06-18 11:11:22.188083,12764.0,17758.0,35465.0
2025-06-18 11:11:23.299139,12764.0,17669.0,35638.0
2025-06-18 11:11:26.187927,12761.0,17669.0,35638.0
2025-06-18 11:11:28.201431,12760.0,17669.0,35638.0
2025-06-18 11:11:28.403370,12760.0,17177.0,35812.0
2025-06-18 11:11:30.181264,12764.0,17177.0,35812.0
2025-06-18 11:11:32.190757,12763.0,17177.0,35812.0
2025-06-18 11:11:33.517914,12763.0,17366.0,35711.0
2025-06-18 11:11:34.183021,12766.0,17366.0,35711.0
2025-06-18 11:11:38.192044,12763.0,17366.0,35711.0
2025-06-18 11:11:38.410016,12769.0,17544.0,35631.0
2025-06-18 11:11:40.180996,12769.0,17544.0,35631.0
2025-06-18 11:11:42.192115,12769.0,17544.0,35631.0
2025-06-18 11:11:43.546514,12769.0,17601.0,35494.0
2025-06-18 11:11:44.209595,12764.0,17601.0,35494.0
2025-06-18 11:11:48.205991,12765.0,17601.0,35494.0
2025-06-18 11:11:48.523682,12765.0,17686.0,35450.0
2025-06-18 11:11:50.197706,12770.0,17686.0,35450.0
2025-06-18 11:11:53.619433,12770.0,17782.0,35068.0
2025-06-18 11:11:54.207878,12776.0,17782.0,35068.0
2025-06-18 11:11:56.197761,12770.0,17782.0,35068.0
2025-06-18 11:11:58.425194,12770.0,17782.0,35068.0
2025-06-18 11:11:58.727281,12770.0,17817.0,35063.0
2025-06-18 11:12:00.186341,12775.0,17817.0,35063.0
2025-06-18 11:12:02.289870,12775.0,17806.0,35091.0
2025-06-18 11:12:02.331042,12775.0,17806.0,35091.0
2025-06-18 11:12:02.730145,12775.0,17767.0,35084.0
2025-06-18 11:12:03.727145,12775.0,17759.0,35087.0
2025-06-18 11:12:04.727042,12770.0,17768.0,35069.0
2025-06-18 11:12:05.175795,12770.0,17768.0,35069.0
2025-06-18 11:12:05.829083,12770.0,17772.0,35094.0
2025-06-18 11:12:06.927599,12770.0,17764.0,35082.0
2025-06-18 11:12:08.037123,12770.0,17750.0,35114.0
2025-06-18 11:12:08.177181,12773.0,17750.0,35114.0
2025-06-18 11:12:10.112605,12773.0,17681.0,35319.0
2025-06-18 11:12:10.541558,12773.0,17675.0,35254.0
2025-06-18 11:12:11.173931,12773.0,17675.0,35254.0
2025-06-18 11:12:11.541196,12773.0,17676.0,35380.0
2025-06-18 11:12:12.183634,12770.0,17676.0,35380.0
2025-06-18 11:12:12.637200,12770.0,17671.0,35444.0
2025-06-18 11:12:13.637478,12770.0,17675.0,35441.0
2025-06-18 11:12:14.637687,12770.0,17741.0,35436.0
2025-06-18 11:12:15.639491,12770.0,17756.0,35437.0
2025-06-18 11:12:16.173296,12770.0,17756.0,35437.0
2025-06-18 11:12:16.636160,12770.0,17738.0,35313.0
2025-06-18 11:12:17.843660,12771.0,17715.0,35302.0
2025-06-18 11:12:18.209468,12771.0,17715.0,35302.0
2025-06-18 11:12:18.936565,12771.0,17717.0,35366.0
2025-06-18 11:12:19.938081,12770.0,17704.0,35486.0
2025-06-18 11:12:20.175199,12770.0,17704.0,35486.0
2025-06-18 11:12:21.039152,12770.0,17525.0,35545.0
2025-06-18 11:12:21.176634,12770.0,17525.0,35545.0
2025-06-18 11:12:22.645689,12771.0,17685.0,35489.0
2025-06-18 11:12:23.177355,12771.0,17685.0,35489.0
2025-06-18 11:12:23.742989,12771.0,17689.0,35476.0
2025-06-18 11:12:24.178926,12772.0,17689.0,35476.0
2025-06-18 11:12:24.843260,12772.0,17727.0,35315.0
2025-06-18 11:12:25.947680,12772.0,17740.0,35348.0
2025-06-18 11:12:26.178436,12772.0,17740.0,35348.0
2025-06-18 11:12:26.948097,12772.0,17719.0,35315.0
2025-06-18 11:12:27.179531,12772.0,17719.0,35315.0
2025-06-18 11:12:28.050173,12772.0,17747.0,35261.0
2025-06-18 11:12:29.154668,12771.0,17749.0,35298.0
2025-06-18 11:12:29.174932,12771.0,17749.0,35298.0
2025-06-18 11:12:30.184506,12773.0,17749.0,35298.0
2025-06-18 11:12:30.256478,12773.0,17789.0,35299.0
2025-06-18 11:12:31.250759,12773.0,17799.0,35360.0
2025-06-18 11:12:32.205266,12774.0,17799.0,35360.0
2025-06-18 11:12:32.354151,12774.0,17821.0,35305.0
2025-06-18 11:12:33.178636,12773.0,17821.0,35305.0
2025-06-18 11:12:33.453954,12773.0,17719.0,35306.0
2025-06-18 11:12:34.557731,12773.0,17744.0,35338.0
2025-06-18 11:12:35.198622,12772.0,17744.0,35338.0
2025-06-18 11:12:35.655393,12772.0,17730.0,35334.0
2025-06-18 11:12:36.558965,12772.0,17747.0,35338.0
2025-06-18 11:12:37.655219,12772.0,17692.0,35295.0
2025-06-18 11:12:38.755985,12772.0,17750.0,35247.0
2025-06-18 11:12:39.858238,12773.0,17749.0,35282.0
2025-06-18 11:12:40.177834,12772.0,17749.0,35282.0
2025-06-18 11:12:40.860948,12772.0,17793.0,35272.0
2025-06-18 11:12:41.859494,12772.0,17794.0,35270.0
2025-06-18 11:12:42.960741,12772.0,17793.0,35272.0
2025-06-18 11:12:44.066546,12772.0,17828.0,35158.0
2025-06-18 11:12:45.060762,12772.0,17829.0,35173.0
2025-06-18 11:12:46.166552,12772.0,17976.0,35099.0
2025-06-18 11:12:47.261655,12772.0,17863.0,35136.0
2025-06-18 11:12:47.563394,12772.0,17863.0,35136.0
2025-06-18 11:12:48.361461,12772.0,17878.0,35108.0
2025-06-18 11:12:48.628165,12772.0,17878.0,35108.0
2025-06-18 11:12:49.362622,12772.0,17873.0,35143.0
2025-06-18 11:12:49.533544,12772.0,17873.0,35143.0
2025-06-18 11:12:50.182540,12772.0,17873.0,35143.0
2025-06-18 11:12:50.447525,12772.0,17873.0,35143.0
2025-06-18 11:12:50.461475,12772.0,17870.0,35113.0
2025-06-18 11:12:51.309752,12772.0,17870.0,35113.0
2025-06-18 11:12:51.564639,12772.0,17857.0,35112.0
2025-06-18 11:12:52.071677,12772.0,17857.0,35112.0
2025-06-18 11:12:52.564243,12772.0,17851.0,35112.0
2025-06-18 11:12:53.072535,12772.0,17851.0,35112.0
2025-06-18 11:12:53.666109,12772.0,17877.0,35112.0
2025-06-18 11:12:54.044971,12772.0,17877.0,35112.0
2025-06-18 11:12:54.767244,12772.0,17906.0,35098.0
2025-06-18 11:12:54.881607,12772.0,17906.0,35098.0
2025-06-18 11:12:55.768311,12772.0,17906.0,35098.0
2025-06-18 11:12:55.868419,12776.0,17935.0,35135.0
2025-06-18 11:12:56.180308,12776.0,17935.0,35135.0
2025-06-18 11:12:56.972812,12776.0,17948.0,35131.0
2025-06-18 11:12:57.011428,12776.0,17948.0,35131.0
2025-06-18 11:12:57.883117,12776.0,17948.0,35131.0
2025-06-18 11:12:57.980755,12776.0,18011.0,35042.0
2025-06-18 11:12:59.071009,12776.0,17965.0,35045.0
2025-06-18 11:12:59.288305,12776.0,17965.0,35045.0
2025-06-18 11:13:00.172821,12774.0,17970.0,35090.0
2025-06-18 11:13:00.185031,12774.0,17970.0,35090.0
2025-06-18 11:13:00.400228,12774.0,17970.0,35090.0
2025-06-18 11:13:01.573311,12774.0,17970.0,35090.0
2025-06-18 11:13:03.035029,12774.0,17970.0,35090.0
2025-06-18 11:13:05.273623,12774.0,17940.0,35147.0
2025-06-18 11:13:06.188025,12774.0,17940.0,35147.0
2025-06-18 11:13:10.179546,12774.0,17927.0,35131.0
2025-06-18 11:13:12.190278,12774.0,17927.0,35131.0
2025-06-18 11:13:14.188713,12776.0,17927.0,35131.0
2025-06-18 11:13:14.880718,12776.0,17959.0,35180.0
2025-06-18 11:13:16.194163,12776.0,17959.0,35180.0
2025-06-18 11:13:19.785376,12776.0,17934.0,35139.0
2025-06-18 11:13:22.193131,12776.0,17934.0,35139.0
2025-06-18 11:13:24.190804,12775.0,17934.0,35139.0
2025-06-18 11:13:24.686254,12775.0,17934.0,35199.0
2025-06-18 11:13:26.190166,12772.0,17934.0,35199.0
2025-06-18 11:13:28.190421,12771.0,17934.0,35199.0
2025-06-18 11:13:29.692796,12771.0,17851.0,35253.0
2025-06-18 11:13:30.193911,12772.0,17851.0,35253.0
2025-06-18 11:13:34.193565,12772.0,17851.0,35253.0
2025-06-18 11:13:34.593186,12772.0,17857.0,35335.0
2025-06-18 11:13:39.795048,12771.0,17780.0,35379.0
2025-06-18 11:13:40.195433,12771.0,17780.0,35379.0
2025-06-18 11:13:42.191658,12774.0,17780.0,35379.0
2025-06-18 11:13:44.196383,12771.0,17780.0,35379.0
2025-06-18 11:13:45.071864,12771.0,17784.0,35274.0
2025-06-18 11:13:48.192080,12775.0,17784.0,35274.0
2025-06-18 11:13:49.898129,12775.0,17789.0,35201.0
2025-06-18 11:13:54.193720,12771.0,17789.0,35201.0
2025-06-18 11:13:54.801045,12771.0,17793.0,35286.0
2025-06-18 11:14:00.193372,12774.0,17793.0,35286.0
2025-06-18 11:14:00.209540,12774.0,17824.0,35194.0
2025-06-18 11:14:04.196423,12770.0,17824.0,35194.0
2025-06-18 11:14:05.018046,12770.0,17808.0,35124.0
2025-06-18 11:14:08.195720,12775.0,17808.0,35124.0
2025-06-18 11:14:10.112507,12775.0,17887.0,35163.0
2025-06-18 11:14:10.194057,12770.0,17887.0,35163.0
2025-06-18 11:14:15.113803,12770.0,17911.0,35329.0
2025-06-18 11:14:20.031319,12770.0,17950.0,35184.0
2025-06-18 11:14:22.240405,12774.0,17950.0,35184.0
2025-06-18 11:14:24.920570,12774.0,17974.0,35112.0
2025-06-18 11:14:25.190120,12770.0,17974.0,35112.0
2025-06-18 11:14:30.196222,12774.0,17974.0,35112.0
2025-06-18 11:14:30.227917,12774.0,17939.0,35163.0
2025-06-18 11:14:32.205852,12769.0,17939.0,35163.0
2025-06-18 11:14:34.202539,12774.0,17939.0,35163.0
2025-06-18 11:14:35.544090,12775.0,18132.0,34996.0
2025-06-18 11:14:36.201905,12775.0,18132.0,34996.0
2025-06-18 11:14:38.197662,12773.0,18132.0,34996.0
2025-06-18 11:14:40.546437,12773.0,18053.0,34997.0
2025-06-18 11:14:44.194052,12775.0,18053.0,34997.0
2025-06-18 11:14:45.838349,12776.0,18190.0,34914.0
2025-06-18 11:14:46.197520,12776.0,18190.0,34914.0
2025-06-18 11:14:51.343685,12772.0,18092.0,35176.0
2025-06-18 11:14:52.216580,12772.0,18092.0,35176.0
2025-06-18 11:14:54.194135,12772.0,18092.0,35176.0
2025-06-18 11:14:56.198159,12776.0,18092.0,35176.0
2025-06-18 11:14:56.847525,12773.0,18057.0,35229.0
2025-06-18 11:14:58.214799,12773.0,18057.0,35229.0
2025-06-18 11:15:00.194994,12773.0,18057.0,35229.0
2025-06-18 11:15:02.156368,12773.0,18116.0,35144.0
2025-06-18 11:15:02.199634,12772.0,18116.0,35144.0
2025-06-18 11:15:07.354989,12772.0,18170.0,35089.0
2025-06-18 11:15:12.198627,12774.0,18170.0,35089.0
2025-06-18 11:15:12.559505,12774.0,18147.0,35120.0
2025-06-18 11:15:14.208607,12772.0,18147.0,35120.0
2025-06-18 11:15:16.205633,12775.0,18147.0,35120.0
2025-06-18 11:15:17.563191,12775.0,18099.0,35129.0
2025-06-18 11:15:22.198583,12774.0,18099.0,35129.0
2025-06-18 11:15:22.465733,12774.0,18210.0,35047.0
2025-06-18 11:15:26.200145,12774.0,18210.0,35047.0
2025-06-18 11:15:27.679006,12774.0,18086.0,35264.0
2025-06-18 11:15:30.200679,12774.0,18086.0,35264.0
2025-06-18 11:15:33.371394,12774.0,17994.0,35295.0
2025-06-18 11:15:38.212788,12769.0,17994.0,35295.0
2025-06-18 11:15:38.778215,12769.0,17904.0,35332.0
2025-06-18 11:15:42.200804,12771.0,17904.0,35332.0
2025-06-18 11:15:43.781723,12771.0,17953.0,35305.0
2025-06-18 11:15:44.205433,12774.0,17953.0,35305.0
2025-06-18 11:15:48.069270,12774.0,17953.0,35305.0
2025-06-18 11:15:48.203300,12775.0,17953.0,35305.0
2025-06-18 11:15:49.094517,12775.0,17953.0,35305.0
2025-06-18 11:15:49.281946,12775.0,17973.0,35359.0
2025-06-18 11:15:50.010838,12775.0,17973.0,35359.0
2025-06-18 11:15:50.205401,12771.0,17973.0,35359.0
2025-06-18 11:15:50.937893,12771.0,17973.0,35359.0
2025-06-18 11:15:51.780077,12771.0,17973.0,35359.0
2025-06-18 11:15:52.564300,12771.0,17973.0,35359.0
2025-06-18 11:15:53.570532,12771.0,17973.0,35359.0
2025-06-18 11:15:54.130419,12771.0,17973.0,35359.0
2025-06-18 11:15:54.201168,12774.0,17973.0,35359.0
2025-06-18 11:15:54.536413,12774.0,17973.0,35359.0
2025-06-18 11:15:54.688661,12774.0,18097.0,35046.0
2025-06-18 11:15:55.030911,12774.0,18097.0,35046.0
2025-06-18 11:15:56.204046,12772.0,18097.0,35046.0
2025-06-18 11:15:56.293953,12772.0,18097.0,35046.0
2025-06-18 11:15:57.548667,12772.0,18097.0,35046.0
2025-06-18 11:15:58.410167,12772.0,18097.0,35046.0
2025-06-18 11:15:59.887079,12776.0,18161.0,35059.0
2025-06-18 11:16:00.107438,12776.0,18161.0,35059.0
2025-06-18 11:16:00.198576,12776.0,18161.0,35059.0
2025-06-18 11:16:01.249382,12776.0,18161.0,35059.0
2025-06-18 11:16:02.204574,12774.0,18161.0,35059.0
2025-06-18 11:16:02.392795,12774.0,18161.0,35059.0
2025-06-18 11:16:03.882524,12774.0,18161.0,35059.0
2025-06-18 11:16:04.200254,12775.0,18161.0,35059.0
2025-06-18 11:16:05.190059,12770.0,17686.0,35211.0
2025-06-18 11:16:06.201566,12770.0,17686.0,35211.0
2025-06-18 11:16:08.730229,12774.0,17686.0,35211.0
2025-06-18 11:16:10.478204,12774.0,17982.0,35120.0
2025-06-18 11:16:15.998592,12774.0,18202.0,35184.0
2025-06-18 11:16:21.232316,12774.0,18056.0,35191.0
2025-06-18 11:16:22.213673,12774.0,18056.0,35191.0
2025-06-18 11:16:24.208569,12774.0,18056.0,35191.0
2025-06-18 11:16:26.237619,12774.0,17525.0,35384.0
2025-06-18 11:16:28.207868,12771.0,17525.0,35384.0
2025-06-18 11:16:30.231825,12772.0,17525.0,35384.0
2025-06-18 11:16:31.111007,12772.0,17985.0,35478.0
2025-06-18 11:16:32.207456,12772.0,17985.0,35478.0
2025-06-18 11:16:34.217891,12772.0,17985.0,35478.0
2025-06-18 11:16:36.372949,12772.0,17829.0,35626.0
2025-06-18 11:16:40.330568,12770.0,17829.0,35626.0
2025-06-18 11:16:41.720680,12770.0,17752.0,35759.0
2025-06-18 11:16:44.206570,12765.0,17752.0,35759.0
2025-06-18 11:16:46.818136,12765.0,17577.0,35937.0
2025-06-18 11:16:51.920558,12761.0,17562.0,35989.0
2025-06-18 11:16:52.222734,12761.0,17562.0,35989.0
2025-06-18 11:16:55.207119,12765.0,17562.0,35989.0
2025-06-18 11:16:56.211508,12767.0,17562.0,35989.0
2025-06-18 11:16:57.026115,12767.0,17516.0,35857.0
2025-06-18 11:16:58.212216,12768.0,17516.0,35857.0
2025-06-18 11:17:00.452257,12765.0,17516.0,35857.0
2025-06-18 11:17:02.213864,12765.0,17516.0,35857.0
2025-06-18 11:17:02.225498,12765.0,17509.0,35933.0
2025-06-18 11:17:06.215663,12763.0,17509.0,35933.0
2025-06-18 11:17:07.331374,12766.0,17498.0,36002.0
2025-06-18 11:17:08.241269,12766.0,17498.0,36002.0
2025-06-18 11:17:10.215681,12766.0,17498.0,36002.0
2025-06-18 11:17:12.214948,12763.0,17498.0,36002.0
2025-06-18 11:17:12.332789,12763.0,17491.0,36127.0
2025-06-18 11:17:17.435235,12763.0,17473.0,36095.0
2025-06-18 11:17:20.215361,12763.0,17473.0,36095.0
2025-06-18 11:17:22.645108,12763.0,17597.0,36091.0
2025-06-18 11:17:26.212539,12765.0,17597.0,36091.0
2025-06-18 11:17:27.844393,12765.0,17573.0,36234.0
2025-06-18 11:17:28.213974,12765.0,17573.0,36234.0
2025-06-18 11:17:32.214444,12765.0,17573.0,36234.0
2025-06-18 11:17:32.947475,12765.0,17605.0,36152.0
2025-06-18 11:17:36.215078,12766.0,17605.0,36152.0
2025-06-18 11:17:37.850401,12766.0,17669.0,36095.0
2025-06-18 11:17:38.215919,12766.0,17669.0,36095.0
2025-06-18 11:17:40.216476,12765.0,17669.0,36095.0
2025-06-18 11:17:42.214411,12766.0,17669.0,36095.0
2025-06-18 11:17:43.055825,12766.0,17578.0,36170.0
2025-06-18 11:17:47.958178,12761.0,17548.0,36337.0
2025-06-18 11:17:48.215787,12761.0,17548.0,36337.0
2025-06-18 11:17:50.219211,12760.0,17548.0,36337.0
2025-06-18 11:17:52.561506,12760.0,17332.0,36238.0
2025-06-18 11:17:57.261912,12760.0,17326.0,36251.0
2025-06-18 11:18:00.239077,12764.0,17326.0,36251.0
2025-06-18 11:18:01.765912,12760.0,17337.0,36262.0
2025-06-18 11:18:02.248362,12760.0,17337.0,36262.0
2025-06-18 11:18:04.217902,12760.0,17337.0,36262.0
2025-06-18 11:18:06.217941,12760.0,17337.0,36262.0
2025-06-18 11:18:06.665594,12760.0,17348.0,36277.0
2025-06-18 11:18:08.236302,12760.0,17348.0,36277.0
2025-06-18 11:18:10.492520,12757.0,17348.0,36277.0
2025-06-18 11:18:11.372273,12756.0,17068.0,36322.0
2025-06-18 11:18:13.242205,12756.0,17068.0,36322.0
2025-06-18 11:18:17.209144,12753.0,17068.0,36322.0
2025-06-18 11:18:17.273049,12753.0,16874.0,36449.0
2025-06-18 11:18:19.215800,12752.0,16874.0,36449.0
2025-06-18 11:18:21.266905,12759.0,16874.0,36449.0
2025-06-18 11:18:23.087468,12759.0,16994.0,36207.0
2025-06-18 11:18:23.210887,12759.0,16994.0,36207.0
2025-06-18 11:18:25.215544,12759.0,16994.0,36207.0
2025-06-18 11:18:27.212075,12755.0,16994.0,36207.0
2025-06-18 11:18:28.282673,12755.0,16989.0,36204.0
2025-06-18 11:18:31.215276,12760.0,16989.0,36204.0
2025-06-18 11:18:33.386738,12760.0,17111.0,36074.0
2025-06-18 11:18:35.218592,12756.0,17111.0,36074.0
2025-06-18 11:18:38.489953,12761.0,17027.0,36213.0
2025-06-18 11:18:39.215678,12761.0,17027.0,36213.0
2025-06-18 11:18:43.389044,12756.0,17023.0,36284.0
2025-06-18 11:18:45.212602,12760.0,17023.0,36284.0
2025-06-18 11:18:47.234358,12758.0,17023.0,36284.0
2025-06-18 11:18:48.097880,12758.0,16984.0,36426.0
2025-06-18 11:18:48.507343,12758.0,16984.0,36426.0
2025-06-18 11:18:49.550555,12758.0,16984.0,36426.0
2025-06-18 11:18:50.461419,12758.0,16984.0,36426.0
2025-06-18 11:18:51.212308,12760.0,16984.0,36426.0
2025-06-18 11:18:51.403943,12760.0,16984.0,36426.0
2025-06-18 11:18:52.250127,12760.0,16984.0,36426.0
2025-06-18 11:18:52.694028,12760.0,16956.0,36198.0
2025-06-18 11:18:53.037883,12760.0,16956.0,36198.0
2025-06-18 11:18:53.215320,12760.0,16956.0,36198.0
2025-06-18 11:18:54.049012,12760.0,16956.0,36198.0
2025-06-18 11:18:55.033916,12760.0,16956.0,36198.0
2025-06-18 11:18:55.213481,12760.0,16956.0,36198.0
2025-06-18 11:18:55.518906,12760.0,16956.0,36198.0
2025-06-18 11:18:56.781806,12760.0,16956.0,36198.0
2025-06-18 11:18:57.604667,12760.0,16981.0,36222.0
2025-06-18 11:18:58.032839,12760.0,16981.0,36222.0
2025-06-18 11:18:59.216415,12754.0,16981.0,36222.0
2025-06-18 11:19:00.283063,12754.0,16981.0,36222.0
2025-06-18 11:19:01.219661,12760.0,16981.0,36222.0
2025-06-18 11:19:01.562926,12760.0,16981.0,36222.0
2025-06-18 11:19:01.994704,12757.0,17048.0,36252.0
2025-06-18 11:19:02.215014,12755.0,17048.0,36252.0
2025-06-18 11:19:02.712695,12755.0,17048.0,36252.0
2025-06-18 11:19:03.213817,12755.0,17048.0,36252.0
2025-06-18 11:19:03.397867,12755.0,17054.0,36319.0
2025-06-18 11:19:04.187114,12755.0,17054.0,36319.0
2025-06-18 11:19:04.400664,12755.0,17118.0,36346.0
2025-06-18 11:19:05.215466,12755.0,17118.0,36346.0
2025-06-18 11:19:05.296332,12755.0,17059.0,36322.0
2025-06-18 11:19:06.211435,12759.0,17059.0,36322.0
2025-06-18 11:19:06.299673,12759.0,17104.0,36297.0
2025-06-18 11:19:07.299684,12759.0,17108.0,36283.0
2025-06-18 11:19:08.215890,12757.0,17108.0,36283.0
2025-06-18 11:19:08.399260,12757.0,17098.0,36366.0
2025-06-18 11:19:09.211705,12757.0,17098.0,36366.0
2025-06-18 11:19:09.497819,12757.0,17098.0,36365.0
2025-06-18 11:19:10.214442,12755.0,17098.0,36365.0
2025-06-18 11:19:10.402327,12755.0,17086.0,36317.0
2025-06-18 11:19:11.211585,12755.0,17086.0,36317.0
2025-06-18 11:19:11.497744,12755.0,17078.0,36331.0
2025-06-18 11:19:12.607176,12755.0,17117.0,36249.0
2025-06-18 11:19:13.702924,12755.0,17133.0,36262.0
2025-06-18 11:19:14.803350,12755.0,17130.0,36299.0
2025-06-18 11:19:15.805887,12755.0,17143.0,36299.0
2025-06-18 11:19:16.807985,12755.0,17142.0,36301.0
2025-06-18 11:19:17.214479,12759.0,17142.0,36301.0
2025-06-18 11:19:17.808611,12759.0,17219.0,36304.0
2025-06-18 11:19:18.808084,12759.0,17204.0,36314.0
2025-06-18 11:19:19.809882,12759.0,17208.0,36317.0
2025-06-18 11:19:20.809397,12759.0,17217.0,36312.0
2025-06-18 11:19:21.213274,12757.0,17217.0,36312.0
2025-06-18 11:19:21.809807,12757.0,17120.0,36398.0
2025-06-18 11:19:22.216371,12753.0,17120.0,36398.0
2025-06-18 11:19:22.811481,12753.0,16996.0,36378.0
2025-06-18 11:19:23.908579,12753.0,17046.0,36382.0
2025-06-18 11:19:24.915132,12753.0,17057.0,36349.0
2025-06-18 11:19:25.213255,12756.0,17057.0,36349.0
2025-06-18 11:19:26.015398,12753.0,16910.0,36476.0
2025-06-18 11:19:26.217464,12759.0,16910.0,36476.0
2025-06-18 11:19:27.113102,12752.0,17050.0,36412.0
2025-06-18 11:19:27.216309,12759.0,17050.0,36412.0
2025-06-18 11:19:28.220989,12759.0,17094.0,36392.0
2025-06-18 11:19:29.213552,12759.0,17094.0,36392.0
2025-06-18 11:19:29.313240,12759.0,17172.0,36376.0
2025-06-18 11:19:30.217003,12759.0,17172.0,36376.0
2025-06-18 11:19:30.413792,12759.0,17058.0,36384.0
2025-06-18 11:19:31.315733,12759.0,17105.0,36427.0
2025-06-18 11:19:32.209795,12759.0,17105.0,36427.0
2025-06-18 11:19:32.317451,12759.0,17099.0,36436.0
2025-06-18 11:19:33.315934,12759.0,17097.0,36426.0
2025-06-18 11:19:34.323963,12759.0,17134.0,36391.0
2025-06-18 11:19:35.216544,12755.0,17134.0,36391.0
2025-06-18 11:19:35.416481,12755.0,17111.0,36419.0
2025-06-18 11:19:36.315007,12755.0,17114.0,36424.0
2025-06-18 11:19:37.217655,12759.0,17114.0,36424.0
2025-06-18 11:19:38.115099,12750.0,16350.0,36119.0
2025-06-18 11:19:38.235663,12760.0,16350.0,36119.0
2025-06-18 11:19:39.232386,12760.0,16421.0,36249.0
2025-06-18 11:19:40.217909,12757.0,16421.0,36249.0
2025-06-18 11:19:40.227300,12757.0,16535.0,36242.0
2025-06-18 11:19:41.120749,12760.0,16882.0,36058.0
2025-06-18 11:19:41.214499,12761.0,16882.0,36058.0
2025-06-18 11:19:42.117514,12761.0,16826.0,35997.0
2025-06-18 11:19:42.258458,12761.0,16826.0,35997.0
2025-06-18 11:19:43.234731,12760.0,16826.0,35997.0
2025-06-18 11:19:43.261237,12760.0,16849.0,36008.0
2025-06-18 11:19:44.237345,12750.0,16849.0,36008.0
2025-06-18 11:19:44.240742,12750.0,16337.0,35933.0
2025-06-18 11:19:45.210953,12759.0,16337.0,35933.0
2025-06-18 11:19:45.224871,12759.0,16707.0,35979.0
2025-06-18 11:19:46.215901,12761.0,16707.0,35979.0
2025-06-18 11:19:46.225314,12761.0,16938.0,35780.0
2025-06-18 11:19:47.256654,12761.0,16863.0,35864.0
2025-06-18 11:19:48.221768,12761.0,16863.0,35864.0
2025-06-18 11:19:48.230535,12761.0,17025.0,35834.0
2025-06-18 11:19:49.285794,12761.0,17049.0,35843.0
2025-06-18 11:19:50.224907,12764.0,17049.0,35843.0
2025-06-18 11:19:50.235494,12764.0,17065.0,35798.0
2025-06-18 11:19:51.254644,12761.0,17065.0,35798.0
2025-06-18 11:19:51.264434,12761.0,16929.0,35855.0
2025-06-18 11:19:52.217055,12762.0,16929.0,35855.0
2025-06-18 11:19:52.232071,12762.0,16930.0,35848.0
2025-06-18 11:19:53.222321,12758.0,16930.0,35848.0
2025-06-18 11:19:53.239441,12758.0,16816.0,35944.0
2025-06-18 11:19:54.213139,12751.0,16816.0,35944.0
2025-06-18 11:19:54.234443,12751.0,16499.0,36175.0
2025-06-18 11:19:55.218194,12757.0,16499.0,36175.0
2025-06-18 11:19:55.245250,12757.0,16589.0,36101.0
2025-06-18 11:19:56.131224,12757.0,16533.0,36123.0
2025-06-18 11:19:57.215360,12757.0,16533.0,36123.0
2025-06-18 11:19:57.242794,12757.0,16706.0,36009.0
2025-06-18 11:19:58.217391,12750.0,16706.0,36009.0
2025-06-18 11:19:58.242246,12750.0,16437.0,35905.0
2025-06-18 11:20:00.487282,12750.0,16488.0,35974.0
2025-06-18 11:20:00.519589,12757.0,16488.0,35974.0
2025-06-18 11:20:00.521103,12757.0,16613.0,35888.0
2025-06-18 11:20:01.709396,12757.0,16603.0,35895.0
2025-06-18 11:20:02.236639,12758.0,16603.0,35895.0
2025-06-18 11:20:02.636050,12758.0,16732.0,35906.0
2025-06-18 11:20:03.212164,12750.0,16732.0,35906.0
2025-06-18 11:20:03.635618,12750.0,16479.0,36023.0
2025-06-18 11:20:04.208347,12750.0,16479.0,36023.0
2025-06-18 11:20:04.638218,12750.0,16499.0,36026.0
2025-06-18 11:20:05.638996,12750.0,16606.0,35939.0
2025-06-18 11:20:06.207965,12756.0,16606.0,35939.0
2025-06-18 11:20:06.731907,12756.0,16619.0,35931.0
2025-06-18 11:20:07.644221,12752.0,16785.0,35931.0
2025-06-18 11:20:08.211656,12752.0,16785.0,35931.0
2025-06-18 11:20:08.645980,12759.0,16915.0,35836.0
2025-06-18 11:20:09.208291,12759.0,16915.0,35836.0
2025-06-18 11:20:09.647624,12759.0,16970.0,35766.0
2025-06-18 11:20:10.743981,12759.0,17011.0,35797.0
2025-06-18 11:20:11.209758,12759.0,17011.0,35797.0
2025-06-18 11:20:11.744024,12759.0,17140.0,35637.0
2025-06-18 11:20:12.845828,12759.0,17140.0,35636.0
2025-06-18 11:20:13.944876,12756.0,17045.0,35693.0
2025-06-18 11:20:14.209464,12756.0,17045.0,35693.0
2025-06-18 11:20:15.045745,12760.0,17045.0,35702.0
2025-06-18 11:20:15.209784,12760.0,17045.0,35702.0
2025-06-18 11:20:16.049072,12760.0,17046.0,35693.0
2025-06-18 11:20:17.154018,12760.0,17009.0,35746.0
2025-06-18 11:20:17.210509,12760.0,17009.0,35746.0
2025-06-18 11:20:18.153707,12760.0,16956.0,35760.0
2025-06-18 11:20:19.239343,12760.0,16956.0,35760.0
2025-06-18 11:20:19.249689,12760.0,17059.0,35648.0
2025-06-18 11:20:20.250946,12760.0,17059.0,35675.0
2025-06-18 11:20:21.251838,12760.0,17063.0,35667.0
2025-06-18 11:20:22.255030,12760.0,17056.0,35677.0
2025-06-18 11:20:23.246656,12756.0,17056.0,35677.0
2025-06-18 11:20:23.256098,12756.0,17040.0,35708.0
2025-06-18 11:20:24.254701,12756.0,17033.0,35706.0
2025-06-18 11:20:25.254169,12756.0,17040.0,35706.0
2025-06-18 11:20:26.208619,12760.0,17040.0,35706.0
2025-06-18 11:20:26.256147,12760.0,17039.0,35693.0
2025-06-18 11:20:27.256679,12760.0,17081.0,35664.0
2025-06-18 11:20:28.259452,12760.0,17076.0,35664.0
2025-06-18 11:20:29.217972,12760.0,17076.0,35664.0
2025-06-18 11:20:29.259810,12760.0,17079.0,35672.0
2025-06-18 11:20:30.209414,12756.0,17079.0,35672.0
2025-06-18 11:20:30.357503,12756.0,17078.0,35674.0
2025-06-18 11:20:31.258812,12756.0,17079.0,35674.0
2025-06-18 11:20:32.362061,12756.0,17079.0,35674.0
2025-06-18 11:20:33.359849,12756.0,17096.0,35686.0
2025-06-18 11:20:34.460588,12756.0,17063.0,35693.0
2025-06-18 11:20:35.365761,12756.0,17063.0,35693.0
2025-06-18 11:20:36.216008,12760.0,17063.0,35693.0
2025-06-18 11:20:36.464000,12760.0,17082.0,35699.0
2025-06-18 11:20:37.564517,12760.0,17084.0,35708.0
2025-06-18 11:20:38.665155,12760.0,17067.0,35727.0
2025-06-18 11:20:39.765461,12760.0,17132.0,35696.0
2025-06-18 11:20:40.670767,12760.0,17138.0,35661.0
2025-06-18 11:20:41.210457,12758.0,17138.0,35661.0
2025-06-18 11:20:41.665717,12758.0,17128.0,35699.0
2025-06-18 11:20:42.765794,12759.0,17163.0,35735.0
2025-06-18 11:20:43.233508,12759.0,17163.0,35735.0
2025-06-18 11:20:43.767334,12759.0,17234.0,35771.0
2025-06-18 11:20:44.210816,12760.0,17234.0,35771.0
2025-06-18 11:20:44.768810,12760.0,17346.0,35701.0
2025-06-18 11:20:45.209717,12761.0,17346.0,35701.0
2025-06-18 11:20:45.768742,12761.0,17278.0,35673.0
2025-06-18 11:20:46.770714,12761.0,17295.0,35685.0
2025-06-18 11:20:47.771300,12762.0,17348.0,35642.0
2025-06-18 11:20:48.210143,12762.0,17348.0,35642.0
2025-06-18 11:20:48.771417,12759.0,17307.0,35560.0
2025-06-18 11:20:49.210007,12759.0,17307.0,35560.0
2025-06-18 11:20:49.770078,12759.0,17213.0,35630.0
2025-06-18 11:20:50.217584,12763.0,17213.0,35630.0
2025-06-18 11:20:50.770803,12763.0,17239.0,35653.0
2025-06-18 11:20:51.210183,12763.0,17239.0,35653.0
2025-06-18 11:20:51.771515,12763.0,17278.0,35643.0
2025-06-18 11:20:52.873963,12750.0,16370.0,35468.0
2025-06-18 11:20:53.214997,12762.0,16370.0,35468.0
2025-06-18 11:20:53.976437,12762.0,16947.0,35686.0
2025-06-18 11:20:54.210836,12762.0,16947.0,35686.0
2025-06-18 11:20:54.973318,12756.0,16907.0,35772.0
2025-06-18 11:20:55.216443,12760.0,16907.0,35772.0
2025-06-18 11:20:55.876162,12762.0,17061.0,35594.0
2025-06-18 11:20:56.251928,12762.0,17061.0,35594.0
2025-06-18 11:20:56.974247,12762.0,16921.0,35621.0
2025-06-18 11:20:57.217455,12762.0,16921.0,35621.0
2025-06-18 11:20:57.976350,12764.0,16932.0,35676.0
2025-06-18 11:20:58.215117,12760.0,16932.0,35676.0
2025-06-18 11:20:59.075551,12750.0,16283.0,35653.0
2025-06-18 11:20:59.215844,12760.0,16283.0,35653.0
2025-06-18 11:21:00.076034,12760.0,16581.0,35558.0
2025-06-18 11:21:00.213925,12760.0,16581.0,35558.0
2025-06-18 11:21:01.225173,12756.0,16581.0,35558.0
2025-06-18 11:21:02.679328,12762.0,16880.0,35574.0
2025-06-18 11:21:03.236319,12762.0,16880.0,35574.0
2025-06-18 11:21:03.575801,12762.0,16831.0,35595.0
2025-06-18 11:21:04.214475,12750.0,16831.0,35595.0
2025-06-18 11:21:04.676561,12747.0,16132.0,35794.0
2025-06-18 11:21:05.214470,12757.0,16132.0,35794.0
2025-06-18 11:21:05.677662,12757.0,16494.0,35760.0
2025-06-18 11:21:06.679148,12757.0,16500.0,35782.0
2025-06-18 11:21:07.210505,12758.0,16500.0,35782.0
2025-06-18 11:21:07.584135,12760.0,16742.0,35704.0
2025-06-18 11:21:08.212443,12761.0,16742.0,35704.0
2025-06-18 11:21:08.585326,12761.0,16759.0,35693.0
2025-06-18 11:21:09.214197,12761.0,16759.0,35693.0
2025-06-18 11:21:09.585448,12761.0,16790.0,35703.0
2025-06-18 11:21:10.212508,12750.0,16790.0,35703.0
2025-06-18 11:21:10.595102,12750.0,16244.0,35872.0
2025-06-18 11:21:11.216619,12746.0,16244.0,35872.0
2025-06-18 11:21:11.586092,12746.0,16199.0,36003.0
2025-06-18 11:21:12.212584,12750.0,16199.0,36003.0
2025-06-18 11:21:12.685735,12754.0,16640.0,35926.0
2025-06-18 11:21:13.247395,12758.0,16640.0,35926.0
2025-06-18 11:21:13.789210,12758.0,16841.0,35943.0
2025-06-18 11:21:14.789241,12758.0,16562.0,35927.0
2025-06-18 11:21:15.230919,12758.0,16562.0,35927.0
2025-06-18 11:21:15.787807,12757.0,16536.0,35989.0
2025-06-18 11:21:16.217338,12757.0,16536.0,35989.0
2025-06-18 11:21:16.788970,12757.0,16586.0,35992.0
2025-06-18 11:21:17.889068,12752.0,16570.0,36012.0
2025-06-18 11:21:18.216821,12757.0,16570.0,36012.0
2025-06-18 11:21:18.988876,12757.0,16580.0,35986.0
2025-06-18 11:21:19.213262,12757.0,16580.0,35986.0
2025-06-18 11:21:20.189170,12757.0,16542.0,35984.0
2025-06-18 11:21:21.194313,12757.0,16598.0,36063.0
2025-06-18 11:21:22.288455,12757.0,16526.0,36134.0
2025-06-18 11:21:23.212140,12756.0,16526.0,36134.0
2025-06-18 11:21:23.387255,12756.0,16591.0,36095.0
2025-06-18 11:21:24.214638,12750.0,16591.0,36095.0
2025-06-18 11:21:24.287785,12750.0,16208.0,36250.0
2025-06-18 11:21:25.389305,12750.0,16109.0,36442.0
2025-06-18 11:21:26.218107,12746.0,16109.0,36442.0
2025-06-18 11:21:26.490585,12746.0,15947.0,36671.0
2025-06-18 11:21:27.225665,12742.0,15947.0,36671.0
2025-06-18 11:21:27.488832,12742.0,15970.0,36732.0
2025-06-18 11:21:28.214916,12747.0,15970.0,36732.0
2025-06-18 11:21:28.490687,12747.0,16094.0,36513.0
2025-06-18 11:21:29.494098,12747.0,16089.0,36486.0
2025-06-18 11:21:30.216491,12747.0,16089.0,36486.0
2025-06-18 11:21:30.595162,12747.0,16209.0,36489.0
2025-06-18 11:21:31.215479,12747.0,16209.0,36489.0
2025-06-18 11:21:31.692117,12747.0,16319.0,36452.0
2025-06-18 11:21:32.693088,12743.0,16217.0,36453.0
2025-06-18 11:21:33.215887,12749.0,16217.0,36453.0
2025-06-18 11:21:33.694296,12749.0,16344.0,36406.0
2025-06-18 11:21:34.217922,12749.0,16344.0,36406.0
2025-06-18 11:21:34.600794,12749.0,16341.0,36404.0
2025-06-18 11:21:35.695886,12750.0,16327.0,36399.0
2025-06-18 11:21:36.213761,12745.0,16327.0,36399.0
2025-06-18 11:21:36.795211,12745.0,16313.0,36405.0
2025-06-18 11:21:37.896488,12745.0,16312.0,36428.0
2025-06-18 11:21:38.214383,12749.0,16312.0,36428.0
2025-06-18 11:21:38.906163,12749.0,16553.0,36321.0
2025-06-18 11:21:39.898834,12749.0,16546.0,36322.0
2025-06-18 11:21:40.901177,12750.0,16558.0,36308.0
2025-06-18 11:21:41.215092,12750.0,16558.0,36308.0
2025-06-18 11:21:41.900275,12750.0,16544.0,36315.0
2025-06-18 11:21:42.900549,12747.0,16544.0,36305.0
2025-06-18 11:21:43.212483,12747.0,16544.0,36305.0
2025-06-18 11:21:43.902469,12750.0,16655.0,36306.0
2025-06-18 11:21:44.219425,12750.0,16655.0,36306.0
2025-06-18 11:21:44.909711,12750.0,16688.0,36244.0
2025-06-18 11:21:45.903136,12751.0,16845.0,36279.0
2025-06-18 11:21:46.226051,12750.0,16845.0,36279.0
2025-06-18 11:21:46.903545,12750.0,16850.0,36320.0
2025-06-18 11:21:48.004222,12750.0,16900.0,36299.0
2025-06-18 11:21:49.002347,12750.0,16897.0,36284.0
2025-06-18 11:21:49.052970,12750.0,16897.0,36284.0
2025-06-18 11:21:49.218064,12750.0,16897.0,36284.0
2025-06-18 11:21:50.114973,12750.0,16934.0,36214.0
2025-06-18 11:21:50.144545,12750.0,16934.0,36214.0
2025-06-18 11:21:50.226032,12754.0,16934.0,36214.0
2025-06-18 11:21:51.057502,12754.0,16934.0,36214.0
2025-06-18 11:21:51.199260,12754.0,16898.0,36288.0
2025-06-18 11:21:52.583842,12754.0,16898.0,36288.0
2025-06-18 11:21:52.591733,12754.0,16899.0,36280.0
2025-06-18 11:21:52.850902,12754.0,16899.0,36280.0
2025-06-18 11:21:53.121022,12754.0,16948.0,36278.0
2025-06-18 11:21:53.250876,12754.0,16948.0,36278.0
2025-06-18 11:21:53.644231,12754.0,16948.0,36278.0
2025-06-18 11:21:54.122427,12754.0,16907.0,36346.0
2025-06-18 11:21:54.661436,12754.0,16907.0,36346.0
2025-06-18 11:21:55.177491,12754.0,16914.0,36346.0
2025-06-18 11:21:55.213053,12754.0,16914.0,36346.0
2025-06-18 11:21:56.113147,12754.0,16914.0,36346.0
2025-06-18 11:21:56.209976,12754.0,16922.0,36324.0
2025-06-18 11:21:56.214832,12754.0,16922.0,36324.0
2025-06-18 11:21:56.484023,12754.0,16922.0,36324.0
2025-06-18 11:21:57.211103,12754.0,16928.0,36298.0
2025-06-18 11:21:57.213771,12754.0,16928.0,36298.0
2025-06-18 11:21:57.363922,12754.0,16928.0,36298.0
2025-06-18 11:21:58.702997,12754.0,16928.0,36298.0
2025-06-18 11:21:58.711229,12750.0,16917.0,36303.0
2025-06-18 11:21:59.253795,12750.0,16917.0,36303.0
2025-06-18 11:21:59.504464,12750.0,16917.0,36303.0
2025-06-18 11:21:59.713737,12754.0,16920.0,36248.0
2025-06-18 11:22:00.222510,12754.0,16920.0,36248.0
2025-06-18 11:22:00.812158,12754.0,16911.0,36227.0
2025-06-18 11:22:00.886096,12754.0,16911.0,36227.0
2025-06-18 11:22:01.220620,12754.0,16911.0,36227.0
2025-06-18 11:22:02.015113,12754.0,16911.0,36227.0
2025-06-18 11:22:02.223228,12754.0,16914.0,36274.0
2025-06-18 11:22:03.217703,12750.0,16914.0,36274.0
2025-06-18 11:22:03.225178,12750.0,16915.0,36328.0
2025-06-18 11:22:03.393450,12750.0,16915.0,36328.0
2025-06-18 11:22:05.181985,12750.0,16915.0,36328.0
2025-06-18 11:22:05.186557,12750.0,16915.0,36329.0
2025-06-18 11:22:05.225461,12750.0,16915.0,36329.0
2025-06-18 11:22:05.315802,12750.0,16923.0,36327.0
2025-06-18 11:22:06.419352,12750.0,16921.0,36327.0
2025-06-18 11:22:07.218732,12754.0,16921.0,36327.0
2025-06-18 11:22:07.526845,12754.0,16948.0,36218.0
2025-06-18 11:22:08.550143,12754.0,16961.0,36250.0
2025-06-18 11:22:09.215380,12750.0,16961.0,36250.0
2025-06-18 11:22:09.535768,12750.0,16984.0,36361.0
2025-06-18 11:22:10.519638,12754.0,16979.0,36333.0
2025-06-18 11:22:11.300626,12754.0,16979.0,36333.0
2025-06-18 11:22:11.534204,12754.0,16991.0,36287.0
2025-06-18 11:22:12.632928,12752.0,16993.0,36287.0
2025-06-18 11:22:13.220245,12752.0,16993.0,36287.0
2025-06-18 11:22:13.659903,12754.0,16972.0,36231.0
2025-06-18 11:22:14.218001,12754.0,16972.0,36231.0
2025-06-18 11:22:14.656813,12754.0,17021.0,36287.0
2025-06-18 11:22:15.218191,12754.0,17021.0,36287.0
2025-06-18 11:22:15.821964,12752.0,17008.0,36240.0
2025-06-18 11:22:16.222260,12752.0,17008.0,36240.0
2025-06-18 11:22:16.924335,12752.0,16969.0,36315.0
2025-06-18 11:22:17.215885,12752.0,16969.0,36315.0
2025-06-18 11:22:17.831178,12754.0,16935.0,36243.0
2025-06-18 11:22:18.218260,12754.0,16935.0,36243.0
2025-06-18 11:22:18.926309,12754.0,16934.0,36310.0
2025-06-18 11:22:19.931288,12754.0,16927.0,36257.0
2025-06-18 11:22:20.830991,12755.0,17024.0,36216.0
2025-06-18 11:22:21.216413,12755.0,17024.0,36216.0
2025-06-18 11:22:21.831091,12755.0,17037.0,36166.0
2025-06-18 11:22:22.831540,12755.0,17034.0,36136.0
2025-06-18 11:22:23.732047,12755.0,17039.0,36136.0
2025-06-18 11:22:24.733125,12755.0,17040.0,36123.0
2025-06-18 11:22:25.227286,12750.0,17040.0,36123.0
2025-06-18 11:22:25.833783,12754.0,16942.0,36228.0
2025-06-18 11:22:26.227691,12754.0,16942.0,36228.0
2025-06-18 11:22:27.265242,12755.0,16942.0,36228.0
2025-06-18 11:22:27.930339,12755.0,17042.0,36154.0
2025-06-18 11:22:28.932103,12755.0,17048.0,36149.0
2025-06-18 11:22:30.032539,12755.0,17031.0,36184.0
2025-06-18 11:22:30.218711,12755.0,17031.0,36184.0
2025-06-18 11:22:31.145523,12752.0,17029.0,36190.0
2025-06-18 11:22:31.217572,12752.0,17029.0,36190.0
2025-06-18 11:22:32.273076,12752.0,17029.0,36212.0
2025-06-18 11:22:33.253407,12752.0,17031.0,36255.0
2025-06-18 11:22:34.242956,12755.0,17031.0,36255.0
2025-06-18 11:22:34.332691,12755.0,17035.0,36212.0
2025-06-18 11:22:35.332441,12755.0,17035.0,36182.0
2025-06-18 11:22:36.335362,12755.0,17026.0,36214.0
2025-06-18 11:22:37.335353,12755.0,17018.0,36222.0
2025-06-18 11:22:38.336387,12755.0,17050.0,36238.0
2025-06-18 11:22:39.337192,12755.0,17256.0,36067.0
2025-06-18 11:22:40.391887,12755.0,17289.0,36054.0
2025-06-18 11:22:41.217989,12755.0,17289.0,36054.0
2025-06-18 11:22:41.338123,12755.0,17234.0,36068.0
2025-06-18 11:22:42.339281,12755.0,17235.0,36058.0
2025-06-18 11:22:43.217988,12755.0,17235.0,36058.0
2025-06-18 11:22:43.340411,12755.0,17292.0,36002.0
2025-06-18 11:22:45.129126,12757.0,17292.0,36002.0
2025-06-18 11:22:45.185483,12757.0,17336.0,35970.0
2025-06-18 11:22:45.243980,12756.0,17336.0,35970.0
2025-06-18 11:22:45.342545,12756.0,17400.0,35888.0
2025-06-18 11:22:46.226712,12757.0,17400.0,35888.0
2025-06-18 11:22:46.341345,12757.0,17388.0,35880.0
2025-06-18 11:22:47.344280,12757.0,17299.0,35887.0
2025-06-18 11:22:48.443556,12757.0,17294.0,35887.0
2025-06-18 11:22:49.218658,12756.0,17294.0,35887.0
2025-06-18 11:22:49.345590,12756.0,17277.0,35899.0
2025-06-18 11:22:50.345678,12758.0,17245.0,35894.0
2025-06-18 11:22:51.217152,12758.0,17245.0,35894.0
2025-06-18 11:22:51.347904,12758.0,17269.0,35920.0
2025-06-18 11:22:52.349462,12758.0,17312.0,35920.0
2025-06-18 11:22:53.349796,12758.0,17312.0,35920.0
2025-06-18 11:22:54.226289,12758.0,17312.0,35920.0
2025-06-18 11:22:54.457478,12758.0,17346.0,35872.0
2025-06-18 11:22:55.218683,12755.0,17346.0,35872.0
2025-06-18 11:22:55.552984,12755.0,17261.0,35926.0
2025-06-18 11:22:56.554345,12755.0,17269.0,35932.0
2025-06-18 11:22:57.704978,12755.0,17296.0,35891.0
2025-06-18 11:22:58.694206,12755.0,17284.0,35860.0
2025-06-18 11:22:59.693820,12755.0,17133.0,35830.0
2025-06-18 11:23:00.229754,12756.0,17133.0,35830.0
2025-06-18 11:23:00.684431,12756.0,16931.0,35911.0
2025-06-18 11:23:01.227262,12755.0,16931.0,35911.0
2025-06-18 11:23:02.245284,12755.0,16931.0,35911.0
2025-06-18 11:23:05.684937,12755.0,16882.0,36022.0
2025-06-18 11:23:08.231430,12758.0,16882.0,36022.0
2025-06-18 11:23:10.229388,12756.0,16882.0,36022.0
2025-06-18 11:23:10.690068,12758.0,17139.0,35857.0
2025-06-18 11:23:11.236269,12758.0,17139.0,35857.0
2025-06-18 11:23:13.242798,12758.0,17139.0,35857.0
2025-06-18 11:23:14.234515,12758.0,17139.0,35857.0
2025-06-18 11:23:15.235062,12751.0,17139.0,35857.0
2025-06-18 11:23:15.458877,12751.0,17026.0,36015.0
2025-06-18 11:23:20.965992,12751.0,17063.0,36131.0
2025-06-18 11:23:21.226249,12751.0,17063.0,36131.0
2025-06-18 11:23:24.260073,12755.0,17063.0,36131.0
2025-06-18 11:23:26.467916,12755.0,17074.0,36268.0
2025-06-18 11:23:27.236983,12755.0,17074.0,36268.0
2025-06-18 11:23:29.253503,12755.0,17074.0,36268.0
2025-06-18 11:23:31.280905,12755.0,17074.0,36268.0
2025-06-18 11:23:31.771222,12755.0,17206.0,36206.0
2025-06-18 11:23:35.232567,12755.0,17206.0,36206.0
2025-06-18 11:23:36.978605,12755.0,17192.0,36243.0
2025-06-18 11:23:41.247760,12755.0,17192.0,36243.0
2025-06-18 11:23:41.882570,12755.0,17182.0,36097.0
2025-06-18 11:23:43.238346,12753.0,17182.0,36097.0
2025-06-18 11:23:45.235421,12755.0,17182.0,36097.0
2025-06-18 11:23:46.883317,12752.0,17219.0,36141.0
2025-06-18 11:23:47.235099,12752.0,17219.0,36141.0
2025-06-18 11:23:51.242546,12752.0,17219.0,36141.0
2025-06-18 11:23:51.588016,12752.0,17202.0,36241.0
2025-06-18 11:23:55.239787,12753.0,17202.0,36241.0
2025-06-18 11:23:56.289842,12752.0,17181.0,36418.0
2025-06-18 11:23:57.244562,12752.0,17181.0,36418.0
2025-06-18 11:23:59.249706,12752.0,17181.0,36418.0
2025-06-18 11:24:01.238440,12752.0,17181.0,36418.0
2025-06-18 11:24:01.389207,12752.0,17218.0,36378.0
2025-06-18 11:24:03.239415,12750.0,17218.0,36378.0
2025-06-18 11:24:05.241885,12750.0,17218.0,36378.0
2025-06-18 11:24:06.293417,12745.0,16981.0,36610.0
2025-06-18 11:24:07.245099,12745.0,16981.0,36610.0
2025-06-18 11:24:09.241807,12750.0,16981.0,36610.0
2025-06-18 11:24:11.297559,12750.0,17111.0,37033.0
2025-06-18 11:24:17.206244,12750.0,17132.0,37071.0
2025-06-18 11:24:17.360886,12750.0,17132.0,37071.0
2025-06-18 11:24:21.099927,12750.0,17144.0,36634.0
2025-06-18 11:24:23.263119,12748.0,17144.0,36634.0
2025-06-18 11:24:25.236158,12745.0,17144.0,36634.0
2025-06-18 11:24:26.301742,12745.0,16938.0,36737.0
2025-06-18 11:24:27.255532,12746.0,16938.0,36737.0
2025-06-18 11:24:29.248917,12750.0,16938.0,36737.0
2025-06-18 11:24:31.264156,12745.0,16938.0,36737.0
2025-06-18 11:24:31.506105,12745.0,16803.0,36878.0
2025-06-18 11:24:35.243522,12749.0,16803.0,36878.0
2025-06-18 11:24:36.305974,12749.0,16907.0,36725.0
2025-06-18 11:24:41.107927,12748.0,16880.0,36667.0
2025-06-18 11:24:41.235330,12748.0,16880.0,36667.0
2025-06-18 11:24:43.236540,12748.0,16880.0,36667.0
2025-06-18 11:24:45.232497,12748.0,16880.0,36667.0
2025-06-18 11:24:46.111374,12745.0,16697.0,36954.0
2025-06-18 11:24:47.242942,12745.0,16697.0,36954.0
2025-06-18 11:24:49.451982,12745.0,16697.0,36954.0
2025-06-18 11:24:49.488587,12745.0,16697.0,36954.0
2025-06-18 11:24:50.561916,12745.0,16697.0,36954.0
2025-06-18 11:24:51.314092,12745.0,16789.0,36954.0
2025-06-18 11:24:51.482963,12745.0,16789.0,36954.0
2025-06-18 11:24:52.410457,12745.0,16789.0,36954.0
2025-06-18 11:24:53.236198,12744.0,16789.0,36954.0
2025-06-18 11:24:53.265260,12744.0,16789.0,36954.0
2025-06-18 11:24:54.045664,12744.0,16789.0,36954.0
2025-06-18 11:24:55.066110,12744.0,16789.0,36954.0
2025-06-18 11:24:55.312623,12741.0,16789.0,36954.0
2025-06-18 11:24:55.640771,12741.0,16789.0,36954.0
2025-06-18 11:24:56.055795,12741.0,16789.0,36954.0
2025-06-18 11:24:56.118608,12741.0,16778.0,37011.0
2025-06-18 11:24:56.527709,12741.0,16778.0,37011.0
2025-06-18 11:24:57.232881,12745.0,16778.0,37011.0
2025-06-18 11:24:57.784051,12745.0,16778.0,37011.0
2025-06-18 11:24:59.029592,12745.0,16778.0,37011.0
2025-06-18 11:24:59.239291,12745.0,16778.0,37011.0
2025-06-18 11:24:59.903540,12745.0,16778.0,37011.0
2025-06-18 11:25:00.943481,12745.0,16787.0,36969.0
2025-06-18 11:25:01.233432,12741.0,16787.0,36969.0
2025-06-18 11:25:01.296317,12741.0,16787.0,36969.0
2025-06-18 11:25:02.419002,12741.0,16787.0,36969.0
2025-06-18 11:25:03.239736,12744.0,16787.0,36969.0
2025-06-18 11:25:03.550975,12744.0,16787.0,36969.0
2025-06-18 11:25:05.019996,12744.0,16787.0,36969.0
2025-06-18 11:25:05.246463,12741.0,16787.0,36969.0
2025-06-18 11:25:05.952201,12741.0,16774.0,36976.0
2025-06-18 11:25:07.236858,12741.0,16774.0,36976.0
2025-06-18 11:25:09.232210,12741.0,16774.0,36976.0
2025-06-18 11:25:11.267485,12744.0,16774.0,36976.0
2025-06-18 11:25:11.532705,12744.0,16742.0,36896.0
2025-06-18 11:25:15.233163,12742.0,16742.0,36896.0
2025-06-18 11:25:16.946554,12742.0,16698.0,36911.0
2025-06-18 11:25:19.233329,12741.0,16698.0,36911.0
2025-06-18 11:25:21.231982,12741.0,16698.0,36911.0
2025-06-18 11:25:22.243800,12740.0,16476.0,37134.0
2025-06-18 11:25:23.369731,12741.0,16476.0,37134.0
2025-06-18 11:25:25.237745,12742.0,16476.0,37134.0
2025-06-18 11:25:27.235401,12740.0,16476.0,37134.0
2025-06-18 11:25:27.248996,12740.0,16508.0,37098.0
2025-06-18 11:25:29.235913,12742.0,16508.0,37098.0
2025-06-18 11:25:31.237013,12741.0,16508.0,37098.0
2025-06-18 11:25:32.154289,12741.0,16288.0,37133.0
2025-06-18 11:25:33.236474,12740.0,16288.0,37133.0
2025-06-18 11:25:35.247332,12740.0,16288.0,37133.0
2025-06-18 11:25:37.235775,12741.0,16288.0,37133.0
2025-06-18 11:25:37.248232,12741.0,16245.0,37123.0
2025-06-18 11:25:41.229748,12741.0,16245.0,37123.0
2025-06-18 11:25:42.053625,12742.0,16393.0,36917.0
2025-06-18 11:25:43.234664,12744.0,16393.0,36917.0
2025-06-18 11:25:45.233402,12744.0,16393.0,36917.0
2025-06-18 11:25:46.747711,12744.0,16604.0,36623.0
2025-06-18 11:25:49.229067,12742.0,16604.0,36623.0
2025-06-18 11:25:51.236922,12745.0,16604.0,36623.0
2025-06-18 11:25:52.051182,12745.0,16670.0,36668.0
2025-06-18 11:25:53.238695,12745.0,16670.0,36668.0
2025-06-18 11:25:55.245198,12745.0,16670.0,36668.0
2025-06-18 11:25:57.246592,12742.0,16670.0,36668.0
2025-06-18 11:25:57.256897,12742.0,16758.0,36614.0
2025-06-18 11:25:59.230483,12745.0,16758.0,36614.0
2025-06-18 11:26:01.246850,12745.0,16758.0,36614.0
2025-06-18 11:26:01.850803,12745.0,16835.0,36562.0
2025-06-18 11:26:02.852898,12745.0,16826.0,36564.0
2025-06-18 11:26:03.951942,12745.0,16826.0,36557.0
2025-06-18 11:26:04.974321,12745.0,16818.0,36556.0
2025-06-18 11:26:05.955067,12745.0,16818.0,36557.0
2025-06-18 11:26:06.956157,12745.0,16815.0,36567.0
2025-06-18 11:26:08.090691,12745.0,16788.0,36562.0
2025-06-18 11:26:09.251009,12745.0,16789.0,36532.0
2025-06-18 11:26:10.247281,12745.0,16782.0,36602.0
2025-06-18 11:26:11.396637,12745.0,16792.0,36551.0
2025-06-18 11:26:11.399878,12745.0,16792.0,36551.0
2025-06-18 11:26:12.193644,12745.0,16798.0,36385.0
2025-06-18 11:26:13.262023,12745.0,16802.0,36449.0
2025-06-18 11:26:14.229778,12745.0,16802.0,36449.0
2025-06-18 11:26:14.361891,12745.0,16900.0,36310.0
2025-06-18 11:26:15.239580,12745.0,16900.0,36310.0
2025-06-18 11:26:15.363177,12745.0,16880.0,36332.0
2025-06-18 11:26:16.262598,12745.0,16880.0,36332.0
2025-06-18 11:26:16.363186,12745.0,16857.0,36371.0
2025-06-18 11:26:17.366735,12745.0,16830.0,36455.0
2025-06-18 11:26:18.364301,12745.0,16823.0,36482.0
2025-06-18 11:26:19.249742,12748.0,16823.0,36482.0
2025-06-18 11:26:19.366954,12748.0,16868.0,36406.0
2025-06-18 11:26:20.452823,12748.0,16868.0,36408.0
2025-06-18 11:26:21.290138,12748.0,16868.0,36408.0
2025-06-18 11:26:21.368537,12748.0,16822.0,36475.0
2025-06-18 11:26:22.367579,12745.0,16778.0,36457.0
2025-06-18 11:26:23.268107,12745.0,16778.0,36457.0
2025-06-18 11:26:23.366456,12745.0,16809.0,36456.0
2025-06-18 11:26:24.468683,12745.0,16814.0,36420.0
2025-06-18 11:26:25.369805,12749.0,16900.0,36333.0
2025-06-18 11:26:26.255844,12749.0,16900.0,36333.0
2025-06-18 11:26:26.370334,12749.0,16988.0,36325.0
2025-06-18 11:26:27.369175,12745.0,16996.0,36335.0
2025-06-18 11:26:28.237152,12750.0,16996.0,36335.0
2025-06-18 11:26:28.371118,12750.0,16812.0,36352.0
2025-06-18 11:26:29.373742,12750.0,16786.0,36392.0
2025-06-18 11:26:30.243464,12750.0,16786.0,36392.0
2025-06-18 11:26:30.270123,12750.0,16921.0,36190.0
2025-06-18 11:26:31.234688,12747.0,16921.0,36190.0
2025-06-18 11:26:31.270458,12747.0,16837.0,36116.0
2025-06-18 11:26:32.232999,12750.0,16837.0,36116.0
2025-06-18 11:26:32.273336,12750.0,16883.0,36122.0
2025-06-18 11:26:33.238377,12750.0,16883.0,36122.0
2025-06-18 11:26:33.272875,12750.0,16869.0,36148.0
2025-06-18 11:26:34.273584,12750.0,16903.0,36069.0
2025-06-18 11:26:35.229746,12745.0,16903.0,36069.0
2025-06-18 11:26:35.274675,12745.0,16887.0,36189.0
2025-06-18 11:26:36.376936,12745.0,16900.0,36165.0
2025-06-18 11:26:37.253532,12747.0,16900.0,36165.0
2025-06-18 11:26:37.477155,12747.0,16899.0,36149.0
2025-06-18 11:26:38.239842,12750.0,16899.0,36149.0
2025-06-18 11:26:38.476412,12750.0,17008.0,36143.0
2025-06-18 11:26:39.242567,12750.0,17008.0,36143.0
2025-06-18 11:26:39.477689,12750.0,17007.0,36097.0
2025-06-18 11:26:40.250421,12750.0,17007.0,36097.0
2025-06-18 11:26:40.475581,12750.0,17043.0,36087.0
2025-06-18 11:26:41.475918,12750.0,17053.0,36063.0
2025-06-18 11:26:42.236222,12750.0,17053.0,36063.0
2025-06-18 11:26:42.576405,12750.0,16962.0,36187.0
2025-06-18 11:26:43.689265,12750.0,16954.0,36212.0
2025-06-18 11:26:44.263478,12750.0,16954.0,36212.0
2025-06-18 11:26:44.578190,12750.0,16950.0,36220.0
2025-06-18 11:26:45.230258,12750.0,16950.0,36220.0
2025-06-18 11:26:45.777636,12750.0,16969.0,36218.0
2025-06-18 11:26:46.878377,12750.0,16987.0,36171.0
2025-06-18 11:26:47.236223,12750.0,16987.0,36171.0
2025-06-18 11:26:47.979295,12750.0,16988.0,36178.0
2025-06-18 11:26:49.080967,12750.0,16968.0,36189.0
2025-06-18 11:26:50.082469,12750.0,17003.0,36211.0
2025-06-18 11:26:51.085691,12750.0,16965.0,36176.0
2025-06-18 11:26:52.283958,12750.0,16978.0,36181.0
2025-06-18 11:26:53.383873,12750.0,16976.0,36181.0
2025-06-18 11:26:54.493208,12748.0,16977.0,36176.0
2025-06-18 11:26:55.237792,12748.0,16977.0,36176.0
2025-06-18 11:26:55.387633,12748.0,16958.0,36173.0
2025-06-18 11:26:56.232511,12750.0,16958.0,36173.0
2025-06-18 11:26:56.486686,12750.0,16954.0,36155.0
2025-06-18 11:26:57.587887,12750.0,16948.0,36178.0
2025-06-18 11:26:58.587971,12748.0,16947.0,36180.0
2025-06-18 11:26:59.241861,12748.0,16947.0,36180.0
2025-06-18 11:26:59.590037,12750.0,16950.0,36175.0
2025-06-18 11:27:00.248272,12750.0,16950.0,36175.0
2025-06-18 11:27:00.490805,12749.0,16962.0,36189.0
2025-06-18 11:27:01.236075,12750.0,16962.0,36189.0
2025-06-18 11:27:01.795115,12750.0,16964.0,36171.0
2025-06-18 11:27:02.236650,12750.0,16964.0,36171.0
2025-06-18 11:27:02.794226,12750.0,16970.0,36163.0
2025-06-18 11:27:03.793991,12750.0,16967.0,36148.0
2025-06-18 11:27:04.253761,12750.0,16967.0,36148.0
2025-06-18 11:27:04.799733,12750.0,16968.0,36144.0
2025-06-18 11:27:05.798252,12750.0,16971.0,36186.0
2025-06-18 11:27:06.267600,12750.0,16971.0,36186.0
2025-06-18 11:27:06.904384,12748.0,16971.0,36175.0
2025-06-18 11:27:07.244631,12748.0,16971.0,36175.0
2025-06-18 11:27:07.898072,12748.0,16965.0,36169.0
2025-06-18 11:27:08.245442,12749.0,16965.0,36169.0
2025-06-18 11:27:08.998311,12749.0,16984.0,36112.0
2025-06-18 11:27:09.243581,12749.0,16984.0,36112.0
2025-06-18 11:27:10.001447,12750.0,16995.0,36128.0
2025-06-18 11:27:10.242897,12750.0,16995.0,36128.0
2025-06-18 11:27:11.104022,12751.0,17005.0,36073.0
2025-06-18 11:27:11.247499,12751.0,17005.0,36073.0
2025-06-18 11:27:12.207977,12751.0,16959.0,36048.0
2025-06-18 11:27:13.301020,12751.0,16991.0,35995.0
2025-06-18 11:27:14.246580,12751.0,16991.0,35995.0
2025-06-18 11:27:14.402033,12751.0,16989.0,36046.0
2025-06-18 11:27:15.247747,12750.0,16989.0,36046.0
2025-06-18 11:27:15.401165,12750.0,17008.0,36049.0
2025-06-18 11:27:16.253005,12751.0,17008.0,36049.0
2025-06-18 11:27:16.502152,12751.0,17012.0,36023.0
2025-06-18 11:27:17.250228,12751.0,17012.0,36023.0
2025-06-18 11:27:17.609805,12751.0,17013.0,36122.0
2025-06-18 11:27:18.715756,12751.0,17021.0,36113.0
2025-06-18 11:27:20.483777,12751.0,17022.0,36112.0
2025-06-18 11:27:20.519038,12750.0,17022.0,36112.0
2025-06-18 11:27:20.716172,12750.0,16995.0,36154.0
2025-06-18 11:27:21.236791,12750.0,16995.0,36154.0
2025-06-18 11:27:21.803974,12750.0,16993.0,36164.0
2025-06-18 11:27:23.279042,12750.0,16993.0,36164.0
2025-06-18 11:27:23.305741,12750.0,16993.0,36166.0
2025-06-18 11:27:24.310380,12750.0,17005.0,36151.0
2025-06-18 11:27:25.274829,12749.0,17005.0,36151.0
2025-06-18 11:27:25.304456,12749.0,16984.0,36182.0
2025-06-18 11:27:26.307422,12750.0,16987.0,36158.0
2025-06-18 11:27:27.290000,12750.0,16987.0,36158.0
2025-06-18 11:27:27.307417,12750.0,17002.0,36149.0
2025-06-18 11:27:28.215780,12750.0,17002.0,36147.0
2025-06-18 11:27:28.270488,12750.0,17002.0,36147.0
2025-06-18 11:27:29.215830,12750.0,17002.0,36104.0
2025-06-18 11:27:30.219607,12750.0,17060.0,36113.0
2025-06-18 11:27:30.279251,12750.0,17060.0,36113.0
2025-06-18 11:27:31.309560,12750.0,17061.0,36110.0
2025-06-18 11:27:32.263969,12749.0,17061.0,36110.0
2025-06-18 11:27:32.412762,12749.0,17011.0,36140.0
2025-06-18 11:27:33.245823,12750.0,17011.0,36140.0
2025-06-18 11:27:33.411140,12750.0,17025.0,36132.0
2025-06-18 11:27:34.514602,12750.0,17019.0,36117.0
2025-06-18 11:27:35.253632,12750.0,17019.0,36117.0
2025-06-18 11:27:35.613099,12750.0,17052.0,36108.0
2025-06-18 11:27:36.717259,12750.0,17032.0,36113.0
2025-06-18 11:27:37.238762,12750.0,17032.0,36113.0
2025-06-18 11:27:37.814802,12750.0,17019.0,36132.0
2025-06-18 11:27:38.915353,12750.0,17012.0,36133.0
2025-06-18 11:27:40.020372,12750.0,17006.0,36132.0
2025-06-18 11:27:40.240289,12749.0,17006.0,36132.0
2025-06-18 11:27:41.019705,12749.0,16969.0,36138.0
2025-06-18 11:27:41.245428,12749.0,16969.0,36138.0
2025-06-18 11:27:42.120579,12749.0,16965.0,36138.0
2025-06-18 11:27:42.247299,12750.0,16965.0,36138.0
2025-06-18 11:27:43.223952,12750.0,16973.0,36185.0
2025-06-18 11:27:43.242823,12750.0,16973.0,36185.0
2025-06-18 11:27:44.416252,12750.0,17008.0,36103.0
2025-06-18 11:27:45.237775,12750.0,17008.0,36103.0
2025-06-18 11:27:45.319644,12750.0,17012.0,36144.0
2025-06-18 11:27:46.416927,12750.0,16997.0,36156.0
2025-06-18 11:27:47.519539,12750.0,17059.0,36189.0
2025-06-18 11:27:48.617436,12750.0,17061.0,36187.0
2025-06-18 11:27:49.240381,12750.0,17061.0,36187.0
2025-06-18 11:27:49.617481,12750.0,17310.0,36134.0
2025-06-18 11:27:49.918678,12750.0,17310.0,36134.0
2025-06-18 11:27:50.242696,12750.0,17310.0,36134.0
2025-06-18 11:27:50.619129,12750.0,17307.0,36131.0
2025-06-18 11:27:51.004447,12750.0,17307.0,36131.0
2025-06-18 11:27:51.521692,12750.0,17307.0,36131.0
2025-06-18 11:27:51.918532,12750.0,17307.0,36131.0
2025-06-18 11:27:52.236279,12750.0,17307.0,36131.0
2025-06-18 11:27:52.620295,12750.0,17297.0,36134.0
2025-06-18 11:27:52.847579,12750.0,17297.0,36134.0
2025-06-18 11:27:53.621605,12750.0,17294.0,36228.0
2025-06-18 11:27:53.763022,12750.0,17294.0,36228.0
2025-06-18 11:27:54.489772,12750.0,17294.0,36228.0
2025-06-18 11:27:54.621085,12750.0,17304.0,36227.0
2025-06-18 11:27:55.243388,12750.0,17304.0,36227.0
2025-06-18 11:27:55.506903,12750.0,17304.0,36227.0
2025-06-18 11:27:55.520867,12750.0,17302.0,36267.0
2025-06-18 11:27:56.071314,12750.0,17302.0,36267.0
2025-06-18 11:27:56.238951,12750.0,17302.0,36267.0
2025-06-18 11:27:56.472881,12750.0,17302.0,36267.0
2025-06-18 11:27:56.620572,12750.0,17306.0,36227.0
2025-06-18 11:27:56.951955,12750.0,17306.0,36227.0
2025-06-18 11:27:57.238247,12750.0,17306.0,36227.0
2025-06-18 11:27:57.340076,12750.0,17306.0,36227.0
2025-06-18 11:27:57.523814,12750.0,17301.0,36225.0
2025-06-18 11:27:58.257254,12750.0,17301.0,36225.0
2025-06-18 11:27:58.266855,12749.0,17301.0,36225.0
2025-06-18 11:27:58.622742,12749.0,17273.0,36264.0
2025-06-18 11:27:59.234981,12749.0,17273.0,36264.0
2025-06-18 11:27:59.456178,12749.0,17273.0,36264.0
2025-06-18 11:27:59.524606,12749.0,17274.0,36292.0
2025-06-18 11:28:00.254341,12749.0,17274.0,36292.0
2025-06-18 11:28:00.318450,12749.0,17274.0,36292.0
2025-06-18 11:28:00.625058,12749.0,17221.0,36303.0
2025-06-18 11:28:01.721261,12749.0,17221.0,36303.0
2025-06-18 11:28:02.854303,12749.0,17221.0,36303.0
2025-06-18 11:28:03.245242,12750.0,17221.0,36303.0
2025-06-18 11:28:03.968533,12750.0,17221.0,36303.0
2025-06-18 11:28:04.029170,12750.0,17272.0,36277.0
2025-06-18 11:28:05.607466,12750.0,17272.0,36277.0
2025-06-18 11:28:07.242515,12750.0,17272.0,36277.0
2025-06-18 11:28:10.481394,12750.0,17271.0,36262.0
2025-06-18 11:28:10.490054,12749.0,17271.0,36262.0
2025-06-18 11:28:11.245272,12749.0,17271.0,36262.0
2025-06-18 11:28:13.636787,12749.0,17247.0,36479.0
2025-06-18 11:28:15.247387,12748.0,17247.0,36479.0
2025-06-18 11:28:17.266845,12749.0,17247.0,36479.0
2025-06-18 11:28:18.641632,12749.0,17179.0,36517.0
2025-06-18 11:28:21.244746,12747.0,17179.0,36517.0
2025-06-18 11:28:24.144756,12747.0,17122.0,36579.0
2025-06-18 11:28:27.247292,12747.0,17122.0,36579.0
2025-06-18 11:28:29.250429,12745.0,17122.0,36579.0
2025-06-18 11:28:29.343844,12745.0,17043.0,36847.0
2025-06-18 11:28:31.246968,12747.0,17043.0,36847.0
2025-06-18 11:28:33.247948,12749.0,17043.0,36847.0
2025-06-18 11:28:34.264258,12749.0,17054.0,36728.0
2025-06-18 11:28:37.248143,12745.0,17054.0,36728.0
2025-06-18 11:28:39.155497,12746.0,17077.0,36590.0
2025-06-18 11:28:39.249482,12746.0,17077.0,36590.0
2025-06-18 11:28:41.249158,12747.0,17077.0,36590.0
2025-06-18 11:28:43.255459,12746.0,17077.0,36590.0
2025-06-18 11:28:44.230819,12749.0,17064.0,36626.0
2025-06-18 11:28:45.247600,12749.0,17064.0,36626.0
2025-06-18 11:28:49.245740,12750.0,17064.0,36626.0
2025-06-18 11:28:49.261175,12750.0,17087.0,36675.0
2025-06-18 11:28:53.248274,12750.0,17087.0,36675.0
2025-06-18 11:28:54.174402,12746.0,17124.0,36661.0
2025-06-18 11:28:55.248961,12750.0,17124.0,36661.0
2025-06-18 11:28:57.267032,12750.0,17124.0,36661.0
2025-06-18 11:28:58.866085,12750.0,17118.0,36673.0
2025-06-18 11:29:01.248989,12750.0,17118.0,36673.0
2025-06-18 11:29:03.260260,12746.0,17118.0,36673.0
2025-06-18 11:29:03.565743,12746.0,17101.0,36743.0
2025-06-18 11:29:05.278276,12749.0,17101.0,36743.0
2025-06-18 11:29:07.252648,12750.0,17101.0,36743.0
2025-06-18 11:29:08.371089,12750.0,17142.0,36590.0
2025-06-18 11:29:09.277211,12748.0,17142.0,36590.0
2025-06-18 11:29:11.270292,12748.0,17142.0,36590.0
2025-06-18 11:29:13.252321,12748.0,17142.0,36590.0
2025-06-18 11:29:13.695197,12750.0,17181.0,36865.0
2025-06-18 11:29:15.273289,12748.0,17181.0,36865.0
2025-06-18 11:29:17.254614,12750.0,17181.0,36865.0
2025-06-18 11:29:18.976378,12750.0,17168.0,36684.0
2025-06-18 11:29:19.260282,12746.0,17168.0,36684.0
2025-06-18 11:29:23.252820,12750.0,17168.0,36684.0
2025-06-18 11:29:24.280572,12750.0,17180.0,36724.0
2025-06-18 11:29:27.249736,12750.0,17180.0,36724.0
2025-06-18 11:29:29.249272,12746.0,17180.0,36724.0
2025-06-18 11:29:29.585577,12746.0,17137.0,36763.0
2025-06-18 11:29:31.247354,12750.0,17137.0,36763.0
2025-06-18 11:29:34.889287,12746.0,17156.0,36783.0
2025-06-18 11:29:35.259497,12750.0,17156.0,36783.0
2025-06-18 11:29:37.246378,12750.0,17156.0,36783.0
2025-06-18 11:29:39.251070,12748.0,17156.0,36783.0
2025-06-18 11:29:40.294622,12748.0,17192.0,36747.0
2025-06-18 11:29:41.261721,12748.0,17192.0,36747.0
2025-06-18 11:29:43.248657,12750.0,17192.0,36747.0
2025-06-18 11:29:45.252561,12750.0,17192.0,36747.0
2025-06-18 11:29:45.395413,12750.0,17187.0,36770.0
2025-06-18 11:29:49.246392,12750.0,17187.0,36770.0
2025-06-18 11:29:50.105774,12750.0,17258.0,36739.0
2025-06-18 11:29:55.100215,12750.0,17282.0,36749.0
2025-06-18 11:29:57.268281,12750.0,17282.0,36749.0
2025-06-18 11:29:59.250981,12749.0,17282.0,36749.0
2025-06-18 11:30:00.307949,12748.0,17220.0,36832.0
2025-06-18 11:30:01.249930,12746.0,17220.0,36832.0
2025-06-18 11:30:05.409213,12746.0,17236.0,36825.0
2025-06-18 11:30:07.253639,12748.0,17236.0,36825.0
2025-06-18 11:30:10.251038,12747.0,17236.0,36825.0
2025-06-18 11:30:10.914834,12748.0,17139.0,36933.0
2025-06-18 11:30:13.257245,12746.0,17139.0,36933.0
2025-06-18 11:30:16.253457,12743.0,17139.0,36933.0
2025-06-18 11:30:16.412463,12743.0,16995.0,37043.0
2025-06-18 11:30:19.256452,12747.0,16995.0,37043.0
2025-06-18 11:30:21.730010,12743.0,17072.0,36957.0
2025-06-18 11:30:22.249760,12743.0,17072.0,36957.0
2025-06-18 11:30:27.255606,12747.0,17072.0,36957.0
2025-06-18 11:30:27.422088,12747.0,16980.0,37030.0
2025-06-18 11:30:29.255054,12747.0,16980.0,37030.0
2025-06-18 11:30:31.252446,12747.0,16980.0,37030.0
2025-06-18 11:30:32.657290,12747.0,17023.0,37008.0
2025-06-18 11:30:33.252849,12747.0,17023.0,37008.0
2025-06-18 11:30:35.268997,12747.0,17023.0,37008.0
2025-06-18 11:30:37.314643,12743.0,17023.0,37008.0
2025-06-18 11:30:37.739498,12743.0,16831.0,37154.0
2025-06-18 11:30:39.272919,12748.0,16831.0,37154.0
2025-06-18 11:30:41.260475,12748.0,16831.0,37154.0
2025-06-18 11:30:43.031691,12745.0,16992.0,37080.0
2025-06-18 11:30:43.275627,12747.0,16992.0,37080.0
2025-06-18 11:30:45.275275,12749.0,16992.0,37080.0
2025-06-18 11:30:47.289015,12750.0,16992.0,37080.0
2025-06-18 11:30:48.535904,12746.0,17205.0,36770.0
2025-06-18 11:30:49.256171,12750.0,17205.0,36770.0
2025-06-18 11:30:50.340785,12750.0,17205.0,36770.0
2025-06-18 11:30:51.273295,12750.0,17205.0,36770.0
2025-06-18 11:30:51.431091,12750.0,17205.0,36770.0
2025-06-18 11:30:52.353834,12750.0,17205.0,36770.0
2025-06-18 11:30:53.261642,12750.0,17205.0,36770.0
2025-06-18 11:30:53.294449,12750.0,17205.0,36770.0
2025-06-18 11:30:53.539875,12750.0,17292.0,36742.0
2025-06-18 11:30:54.163863,12750.0,17292.0,36742.0
2025-06-18 11:30:55.264351,12750.0,17292.0,36742.0
2025-06-18 11:30:55.980002,12750.0,17292.0,36742.0
2025-06-18 11:30:56.544486,12750.0,17292.0,36742.0
2025-06-18 11:30:57.265450,12750.0,17292.0,36742.0
2025-06-18 11:30:57.441268,12750.0,17292.0,36742.0
2025-06-18 11:30:58.652849,12750.0,17309.0,36714.0
2025-06-18 11:30:58.765702,12750.0,17309.0,36714.0
2025-06-18 11:30:59.959532,12750.0,17309.0,36714.0
2025-06-18 11:31:00.818741,12750.0,17309.0,36714.0
2025-06-18 11:31:01.263526,12750.0,17309.0,36714.0
2025-06-18 11:31:02.229503,12750.0,17309.0,36714.0
2025-06-18 11:31:03.347446,12750.0,17391.0,36697.0
2025-06-18 11:31:03.356117,12750.0,17391.0,36697.0
2025-06-18 11:31:04.495327,12750.0,17391.0,36697.0
2025-06-18 11:31:05.971691,12750.0,17391.0,36697.0
2025-06-18 11:31:07.279253,12750.0,17391.0,36697.0
2025-06-18 11:31:08.352632,12750.0,17460.0,36595.0
2025-06-18 11:31:11.296004,12750.0,17460.0,36595.0
2025-06-18 11:31:13.556342,12750.0,17514.0,36575.0
2025-06-18 11:31:15.260722,12750.0,17514.0,36575.0
2025-06-18 11:31:18.762442,12750.0,17566.0,36452.0
2025-06-18 11:31:19.464473,12750.0,17566.0,36452.0
2025-06-18 11:31:21.267515,12750.0,17566.0,36452.0
2025-06-18 11:31:24.184532,12750.0,17375.0,36537.0
2025-06-18 11:31:27.259381,12750.0,17375.0,36537.0
2025-06-18 11:31:29.671127,12750.0,17436.0,36505.0
2025-06-18 11:31:31.268305,12749.0,17436.0,36505.0
2025-06-18 11:31:33.261133,12750.0,17436.0,36505.0
2025-06-18 11:31:34.973262,12749.0,17415.0,36572.0
2025-06-18 11:31:35.267859,12749.0,17415.0,36572.0
2025-06-18 11:31:37.261398,12750.0,17415.0,36572.0
2025-06-18 11:31:39.980463,12750.0,17414.0,36600.0
2025-06-18 11:31:41.265783,12750.0,17414.0,36600.0
2025-06-18 11:31:43.274680,12749.0,17414.0,36600.0
2025-06-18 11:31:45.190428,12750.0,17356.0,36549.0
2025-06-18 11:31:45.273471,12750.0,17356.0,36549.0
2025-06-18 11:31:47.311133,12750.0,17356.0,36549.0
2025-06-18 11:31:50.191807,12749.0,17273.0,36699.0
2025-06-18 11:31:51.275457,12750.0,17273.0,36699.0
2025-06-18 11:31:53.273212,12751.0,17273.0,36699.0
2025-06-18 11:31:55.200337,12751.0,17284.0,36621.0
2025-06-18 11:31:57.447934,12751.0,17284.0,36621.0
2025-06-18 11:31:59.267375,12750.0,17284.0,36621.0
2025-06-18 11:32:00.307980,12751.0,17138.0,36741.0
2025-06-18 11:32:02.267347,12750.0,17138.0,36741.0
2025-06-18 11:32:03.267105,12749.0,17138.0,36741.0
2025-06-18 11:32:05.102064,12749.0,17092.0,36757.0
2025-06-18 11:32:06.255366,12748.0,17092.0,36757.0
2025-06-18 11:32:10.264239,12747.0,17092.0,36757.0
2025-06-18 11:32:11.003844,12741.0,16529.0,37342.0
2025-06-18 11:32:15.275809,12744.0,16529.0,37342.0
2025-06-18 11:32:17.009797,12744.0,16640.0,37283.0
2025-06-18 11:32:18.263043,12744.0,16640.0,37283.0
2025-06-18 11:32:21.262018,12740.0,16640.0,37283.0
2025-06-18 11:32:22.415018,12740.0,16509.0,37420.0
2025-06-18 11:32:24.270219,12744.0,16509.0,37420.0
2025-06-18 11:32:28.225687,12744.0,16521.0,37373.0
2025-06-18 11:32:30.260661,12743.0,16521.0,37373.0
2025-06-18 11:32:33.263460,12743.0,16521.0,37373.0
2025-06-18 11:32:33.832694,12743.0,16527.0,37260.0
2025-06-18 11:32:36.271886,12744.0,16527.0,37260.0
2025-06-18 11:32:39.259386,12741.0,16527.0,37260.0
2025-06-18 11:32:39.831348,12741.0,16588.0,37399.0
2025-06-18 11:32:42.264699,12745.0,16588.0,37399.0
2025-06-18 11:32:45.263997,12744.0,16588.0,37399.0
2025-06-18 11:32:45.432715,12744.0,16513.0,37490.0
2025-06-18 11:32:48.273088,12745.0,16513.0,37490.0
2025-06-18 11:32:50.639926,12746.0,16716.0,37266.0
2025-06-18 11:32:51.264193,12746.0,16716.0,37266.0
2025-06-18 11:32:54.262701,12746.0,16716.0,37266.0
2025-06-18 11:32:55.741548,12746.0,16716.0,37361.0
2025-06-18 11:32:57.278996,12746.0,16716.0,37361.0
2025-06-18 11:33:00.266897,12746.0,16716.0,37361.0
2025-06-18 11:33:01.140895,12746.0,16731.0,37316.0
2025-06-18 11:33:03.260325,12744.0,16731.0,37316.0
2025-06-18 11:33:06.259884,12747.0,16731.0,37316.0
2025-06-18 11:33:06.641598,12747.0,16840.0,37237.0
2025-06-18 11:33:09.263913,12747.0,16840.0,37237.0
2025-06-18 11:33:12.148217,12747.0,16931.0,37063.0
2025-06-18 11:33:12.266502,12747.0,16931.0,37063.0
2025-06-18 11:33:15.266593,12748.0,16931.0,37063.0
2025-06-18 11:33:17.448048,12748.0,17005.0,37044.0
2025-06-18 11:33:18.263590,12747.0,17005.0,37044.0
2025-06-18 11:33:21.272070,12746.0,17005.0,37044.0
2025-06-18 11:33:22.547774,12746.0,17035.0,37009.0
2025-06-18 11:33:27.278895,12749.0,17035.0,37009.0
2025-06-18 11:33:27.952753,12748.0,17022.0,37141.0
2025-06-18 11:33:30.275262,12748.0,17022.0,37141.0
2025-06-18 11:33:33.279426,12746.0,17022.0,37141.0
2025-06-18 11:33:33.754289,12746.0,16801.0,37425.0
2025-06-18 11:33:36.265157,12746.0,16801.0,37425.0
2025-06-18 11:33:39.272002,12744.0,16801.0,37425.0
2025-06-18 11:33:39.662107,12744.0,16656.0,37433.0
2025-06-18 11:33:45.267320,12741.0,16656.0,37433.0
2025-06-18 11:33:45.669169,12741.0,16703.0,37340.0
2025-06-18 11:33:48.267323,12744.0,16703.0,37340.0
2025-06-18 11:33:51.100624,12744.0,16703.0,37340.0
2025-06-18 11:33:51.465759,12744.0,16662.0,37364.0
2025-06-18 11:33:52.249559,12744.0,16662.0,37364.0
2025-06-18 11:33:53.151199,12744.0,16662.0,37364.0
2025-06-18 11:33:54.099341,12744.0,16662.0,37364.0
2025-06-18 11:33:54.299607,12744.0,16662.0,37364.0
2025-06-18 11:33:54.977621,12744.0,16662.0,37364.0
2025-06-18 11:33:55.793327,12744.0,16662.0,37364.0
2025-06-18 11:33:56.895150,12744.0,16662.0,37364.0
2025-06-18 11:33:57.173120,12741.0,16708.0,37343.0
2025-06-18 11:33:57.266382,12741.0,16708.0,37343.0
2025-06-18 11:33:57.465688,12741.0,16708.0,37343.0
2025-06-18 11:33:58.367849,12741.0,16708.0,37343.0
2025-06-18 11:33:59.624431,12741.0,16708.0,37343.0
2025-06-18 11:34:00.273298,12742.0,16708.0,37343.0
2025-06-18 11:34:00.876548,12742.0,16708.0,37343.0
2025-06-18 11:34:01.752382,12742.0,16708.0,37343.0
2025-06-18 11:34:03.082065,12741.0,16680.0,37411.0
2025-06-18 11:34:03.138348,12741.0,16680.0,37411.0
2025-06-18 11:34:03.277873,12741.0,16680.0,37411.0
2025-06-18 11:34:04.276797,12741.0,16680.0,37411.0
2025-06-18 11:34:05.553151,12741.0,16680.0,37411.0
2025-06-18 11:34:06.297341,12744.0,16680.0,37411.0
2025-06-18 11:34:06.887686,12744.0,16680.0,37411.0
2025-06-18 11:34:08.780350,12741.0,16672.0,37427.0
2025-06-18 11:34:09.273523,12742.0,16672.0,37427.0
2025-06-18 11:34:12.285920,12741.0,16672.0,37427.0
2025-06-18 11:34:14.084978,12741.0,16650.0,37458.0
2025-06-18 11:34:15.280072,12743.0,16650.0,37458.0
2025-06-18 11:34:18.281463,12740.0,16650.0,37458.0
2025-06-18 11:34:19.296686,12740.0,16541.0,37550.0
2025-06-18 11:34:21.285724,12738.0,16541.0,37550.0
2025-06-18 11:34:24.290444,12742.0,16541.0,37550.0
2025-06-18 11:34:24.593510,12742.0,16575.0,37318.0
2025-06-18 11:34:27.286117,12741.0,16575.0,37318.0
2025-06-18 11:34:29.999259,12737.0,16499.0,37384.0
2025-06-18 11:34:30.299670,12737.0,16499.0,37384.0
2025-06-18 11:34:33.292329,12737.0,16499.0,37384.0
2025-06-18 11:34:35.200461,12737.0,16461.0,37373.0
2025-06-18 11:34:36.315443,12737.0,16461.0,37373.0
2025-06-18 11:34:38.274453,12741.0,16461.0,37373.0
2025-06-18 11:34:40.100740,12741.0,16476.0,37370.0
2025-06-18 11:34:41.280455,12741.0,16476.0,37370.0
2025-06-18 11:34:42.278183,12737.0,16476.0,37370.0
2025-06-18 11:34:44.907895,12737.0,16458.0,37410.0
2025-06-18 11:34:47.283579,12741.0,16458.0,37410.0
2025-06-18 11:34:50.408521,12741.0,16466.0,37368.0
2025-06-18 11:34:55.912929,12737.0,16416.0,37511.0
2025-06-18 11:34:56.292357,12736.0,16416.0,37511.0
2025-06-18 11:35:00.480222,12736.0,16416.0,37511.0
2025-06-18 11:35:00.521092,12737.0,16416.0,37511.0
2025-06-18 11:35:01.225698,12737.0,16470.0,37438.0
2025-06-18 11:35:02.270301,12736.0,16470.0,37438.0
2025-06-18 11:35:02.731654,12736.0,16457.0,37557.0
2025-06-18 11:35:03.612710,12736.0,16462.0,37494.0
2025-06-18 11:35:04.512857,12736.0,16424.0,37489.0
2025-06-18 11:35:05.738783,12736.0,16424.0,37482.0
2025-06-18 11:35:06.723846,12736.0,16435.0,37503.0
2025-06-18 11:35:07.325747,12739.0,16435.0,37503.0
2025-06-18 11:35:07.819407,12739.0,16496.0,37438.0
2025-06-18 11:35:08.915751,12738.0,16517.0,37459.0
2025-06-18 11:35:09.275201,12738.0,16517.0,37459.0
2025-06-18 11:35:09.815541,12738.0,16551.0,37427.0
2025-06-18 11:35:10.279007,12738.0,16551.0,37427.0
2025-06-18 11:35:10.818276,12740.0,16586.0,37326.0
2025-06-18 11:35:11.288489,12740.0,16586.0,37326.0
2025-06-18 11:35:11.815573,12740.0,16559.0,37251.0
2025-06-18 11:35:12.815623,12740.0,16573.0,37278.0
2025-06-18 11:35:13.817887,12741.0,16542.0,37219.0
2025-06-18 11:35:14.318311,12736.0,16542.0,37219.0
2025-06-18 11:35:14.820100,12736.0,16517.0,37306.0
2025-06-18 11:35:15.284063,12741.0,16517.0,37306.0
2025-06-18 11:35:15.746725,12737.0,16565.0,37262.0
2025-06-18 11:35:16.311020,12737.0,16565.0,37262.0
2025-06-18 11:35:16.822212,12737.0,16572.0,37281.0
2025-06-18 11:35:17.300864,12741.0,16572.0,37281.0
2025-06-18 11:35:17.922522,12741.0,16558.0,37181.0
2025-06-18 11:35:18.922064,12741.0,16568.0,37284.0
2025-06-18 11:35:19.921567,12741.0,16570.0,37289.0
2025-06-18 11:35:20.921243,12741.0,16573.0,37289.0
2025-06-18 11:35:22.030059,12741.0,16575.0,37253.0
2025-06-18 11:35:22.923857,12741.0,16584.0,37254.0
2025-06-18 11:35:23.925022,12741.0,16600.0,37324.0
2025-06-18 11:35:25.021899,12741.0,16614.0,37318.0
2025-06-18 11:35:26.026353,12741.0,16614.0,37287.0
2025-06-18 11:35:26.323530,12741.0,16614.0,37287.0
2025-06-18 11:35:27.035045,12737.0,16586.0,37269.0
2025-06-18 11:35:27.291052,12737.0,16586.0,37269.0
2025-06-18 11:35:28.026839,12741.0,16612.0,37283.0
2025-06-18 11:35:28.328560,12741.0,16612.0,37283.0
2025-06-18 11:35:29.028967,12741.0,16562.0,37256.0
2025-06-18 11:35:30.028771,12741.0,17004.0,37247.0
2025-06-18 11:35:30.304502,12741.0,17004.0,37247.0
2025-06-18 11:35:31.029165,12741.0,17095.0,37185.0
2025-06-18 11:35:32.027998,12737.0,16979.0,37208.0
2025-06-18 11:35:32.293237,12737.0,16979.0,37208.0
2025-06-18 11:35:32.927610,12741.0,17009.0,37202.0
2025-06-18 11:35:33.277789,12741.0,17009.0,37202.0
2025-06-18 11:35:33.928993,12741.0,17054.0,37247.0
2025-06-18 11:35:34.928167,12741.0,17047.0,37233.0
2025-06-18 11:35:35.932269,12741.0,17083.0,37243.0
2025-06-18 11:35:36.933311,12741.0,17102.0,37222.0
2025-06-18 11:35:38.028780,12739.0,17061.0,37219.0
2025-06-18 11:35:38.275207,12739.0,17061.0,37219.0
2025-06-18 11:35:38.934686,12739.0,17098.0,37203.0
2025-06-18 11:35:39.937294,12739.0,17087.0,37172.0
2025-06-18 11:35:40.275120,12742.0,17087.0,37172.0
2025-06-18 11:35:41.032947,12742.0,17094.0,37126.0
2025-06-18 11:35:41.935211,12742.0,17037.0,37171.0
2025-06-18 11:35:43.032976,12742.0,17072.0,37227.0
2025-06-18 11:35:43.277099,12741.0,17072.0,37227.0
2025-06-18 11:35:44.033287,12741.0,17074.0,37095.0
2025-06-18 11:35:44.934095,12741.0,17044.0,37062.0
2025-06-18 11:35:46.034895,12741.0,17047.0,37062.0
2025-06-18 11:35:47.137944,12741.0,17038.0,37065.0
2025-06-18 11:35:48.249681,12741.0,17065.0,37025.0
2025-06-18 11:35:49.937749,12741.0,17067.0,37035.0
2025-06-18 11:35:50.840504,12741.0,17091.0,36985.0
2025-06-18 11:35:51.271310,12744.0,17091.0,36985.0
2025-06-18 11:35:51.843413,12744.0,17146.0,37046.0
2025-06-18 11:35:52.840858,12744.0,17132.0,37035.0
2025-06-18 11:35:53.272507,12741.0,17132.0,37035.0
2025-06-18 11:35:53.840234,12741.0,17099.0,37157.0
2025-06-18 11:35:54.842351,12741.0,17049.0,37230.0
2025-06-18 11:35:55.325798,12741.0,17049.0,37230.0
2025-06-18 11:35:55.843046,12738.0,16763.0,37418.0
2025-06-18 11:35:56.277206,12737.0,16763.0,37418.0
2025-06-18 11:35:56.942014,12737.0,16844.0,37463.0
2025-06-18 11:35:58.050724,12737.0,16833.0,37471.0
2025-06-18 11:35:58.280180,12737.0,16833.0,37471.0
2025-06-18 11:35:59.148005,12737.0,16830.0,37383.0
2025-06-18 11:35:59.271866,12737.0,16830.0,37383.0
2025-06-18 11:36:00.150593,12737.0,16887.0,37303.0
2025-06-18 11:36:00.276009,12737.0,16887.0,37303.0
2025-06-18 11:36:01.284370,12739.0,16887.0,37303.0
2025-06-18 11:36:04.659274,12739.0,16882.0,37308.0
2025-06-18 11:36:07.280978,12739.0,16882.0,37308.0
2025-06-18 11:36:09.628350,12736.0,16882.0,37308.0
2025-06-18 11:36:10.453006,12740.0,16941.0,37361.0
2025-06-18 11:36:12.275979,12740.0,16941.0,37361.0
2025-06-18 11:36:15.278709,12735.0,16941.0,37361.0
2025-06-18 11:36:16.060910,12733.0,16560.0,37544.0
2025-06-18 11:36:17.283031,12732.0,16560.0,37544.0
2025-06-18 11:36:19.290054,12734.0,16560.0,37544.0
2025-06-18 11:36:21.285001,12731.0,16560.0,37544.0
2025-06-18 11:36:21.758111,12731.0,16561.0,37464.0
2025-06-18 11:36:26.278197,12734.0,16561.0,37464.0
2025-06-18 11:36:27.261067,12731.0,16583.0,37327.0
2025-06-18 11:36:27.293043,12731.0,16583.0,37327.0
2025-06-18 11:36:29.282859,12734.0,16583.0,37327.0
2025-06-18 11:36:31.294366,12732.0,16583.0,37327.0
2025-06-18 11:36:32.765310,12742.0,16591.0,37096.0
2025-06-18 11:36:33.287508,12738.0,16591.0,37096.0
2025-06-18 11:36:35.294986,12732.0,16591.0,37096.0
2025-06-18 11:36:37.964651,12732.0,16637.0,37322.0
2025-06-18 11:36:39.281299,12739.0,16637.0,37322.0
2025-06-18 11:36:41.319110,12735.0,16637.0,37322.0
2025-06-18 11:36:43.272792,12732.0,16447.0,37445.0
2025-06-18 11:36:43.288844,12732.0,16447.0,37445.0
2025-06-18 11:36:47.284178,12736.0,16447.0,37445.0
2025-06-18 11:36:48.572320,12736.0,16513.0,37219.0
2025-06-18 11:36:51.347255,12736.0,16513.0,37219.0
2025-06-18 11:36:52.460098,12736.0,16513.0,37219.0
2025-06-18 11:36:53.284493,12737.0,16513.0,37219.0
2025-06-18 11:36:53.395499,12737.0,16513.0,37219.0
2025-06-18 11:36:53.970388,12737.0,16737.0,37231.0
2025-06-18 11:36:54.348637,12737.0,16737.0,37231.0
2025-06-18 11:36:55.242201,12737.0,16737.0,37231.0
2025-06-18 11:36:55.283313,12737.0,16737.0,37231.0
2025-06-18 11:36:56.040015,12737.0,16737.0,37231.0
2025-06-18 11:36:57.092149,12737.0,16737.0,37231.0
2025-06-18 11:36:57.286150,12737.0,16737.0,37231.0
2025-06-18 11:36:57.678907,12737.0,16737.0,37231.0
2025-06-18 11:36:58.081087,12737.0,16737.0,37231.0
2025-06-18 11:36:59.376165,12737.0,16791.0,37221.0
2025-06-18 11:36:59.820771,12737.0,16791.0,37221.0
2025-06-18 11:37:01.078661,12737.0,16791.0,37221.0
2025-06-18 11:37:01.279319,12737.0,16791.0,37221.0
2025-06-18 11:37:01.777315,12737.0,16810.0,37243.0
2025-06-18 11:37:01.947277,12737.0,16810.0,37243.0
2025-06-18 11:37:02.778346,12737.0,16824.0,37347.0
2025-06-18 11:37:03.362064,12737.0,16824.0,37347.0
2025-06-18 11:37:03.876608,12737.0,16827.0,37361.0
2025-06-18 11:37:04.489309,12737.0,16827.0,37361.0
2025-06-18 11:37:04.979501,12736.0,16760.0,37335.0
2025-06-18 11:37:05.285053,12736.0,16760.0,37335.0
2025-06-18 11:37:05.695850,12736.0,16760.0,37335.0
2025-06-18 11:37:05.880684,12736.0,16857.0,37254.0
2025-06-18 11:37:06.280691,12737.0,16857.0,37254.0
2025-06-18 11:37:06.881789,12737.0,16817.0,37231.0
2025-06-18 11:37:07.100481,12737.0,16817.0,37231.0
2025-06-18 11:37:08.286448,12737.0,16811.0,37239.0
2025-06-18 11:37:09.276398,12736.0,16811.0,37239.0
2025-06-18 11:37:09.285583,12736.0,16831.0,37250.0
2025-06-18 11:37:10.289298,12736.0,16833.0,37249.0
2025-06-18 11:37:11.310407,12737.0,16833.0,37249.0
2025-06-18 11:37:11.311773,12737.0,16823.0,37200.0
2025-06-18 11:37:12.282116,12737.0,16823.0,37200.0
2025-06-18 11:37:12.380767,12737.0,16824.0,37224.0
2025-06-18 11:37:13.284172,12737.0,16824.0,37224.0
2025-06-18 11:37:13.383086,12737.0,16808.0,37187.0
2025-06-18 11:37:14.289778,12738.0,16808.0,37187.0
2025-06-18 11:37:14.382778,12738.0,16810.0,37155.0
2025-06-18 11:37:15.385385,12738.0,16815.0,37162.0
2025-06-18 11:37:16.383615,12740.0,16826.0,37082.0
2025-06-18 11:37:17.283446,12737.0,16826.0,37082.0
2025-06-18 11:37:17.484468,12737.0,16861.0,37088.0
2025-06-18 11:37:18.490723,12737.0,16864.0,37088.0
2025-06-18 11:37:19.589266,12737.0,16827.0,37129.0
2025-06-18 11:37:20.689806,12740.0,16819.0,37052.0
2025-06-18 11:37:21.279947,12740.0,16819.0,37052.0
2025-06-18 11:37:21.790413,12739.0,16825.0,37055.0
2025-06-18 11:37:22.284685,12737.0,16825.0,37055.0
2025-06-18 11:37:22.689096,12737.0,16811.0,37051.0
2025-06-18 11:37:23.789503,12735.0,16740.0,37264.0
2025-06-18 11:37:24.288881,12735.0,16740.0,37264.0
2025-06-18 11:37:24.890757,12735.0,16744.0,37300.0
2025-06-18 11:37:25.283805,12734.0,16744.0,37300.0
2025-06-18 11:37:25.990468,12734.0,16746.0,37340.0
2025-06-18 11:37:26.990176,12734.0,16746.0,37345.0
2025-06-18 11:37:27.283581,12734.0,16746.0,37345.0
2025-06-18 11:37:28.090506,12738.0,16730.0,37307.0
2025-06-18 11:37:28.285282,12738.0,16730.0,37307.0
2025-06-18 11:37:29.091767,12738.0,16759.0,37256.0
2025-06-18 11:37:29.994173,12739.0,16799.0,37242.0
2025-06-18 11:37:30.281706,12739.0,16799.0,37242.0
2025-06-18 11:37:31.093225,12739.0,16818.0,37196.0
2025-06-18 11:37:32.096216,12735.0,16759.0,37162.0
2025-06-18 11:37:32.281007,12735.0,16759.0,37162.0
2025-06-18 11:37:33.095848,12735.0,16755.0,37165.0
2025-06-18 11:37:34.095786,12736.0,16781.0,37169.0
2025-06-18 11:37:34.289660,12736.0,16781.0,37169.0
2025-06-18 11:37:35.096101,12736.0,16796.0,37173.0
2025-06-18 11:37:35.285728,12740.0,16796.0,37173.0
2025-06-18 11:37:37.444422,12740.0,16817.0,37158.0
2025-06-18 11:37:37.489756,12740.0,16817.0,37158.0
2025-06-18 11:37:37.498679,12740.0,16858.0,37215.0
2025-06-18 11:37:37.999296,12740.0,16853.0,37215.0
2025-06-18 11:37:39.099714,12735.0,16824.0,37204.0
2025-06-18 11:37:39.286010,12735.0,16824.0,37204.0
2025-06-18 11:37:40.100987,12735.0,16822.0,37243.0
2025-06-18 11:37:41.104407,12737.0,16848.0,37233.0
2025-06-18 11:37:41.289658,12737.0,16848.0,37233.0
2025-06-18 11:37:42.104537,12739.0,16832.0,37271.0
2025-06-18 11:37:42.281165,12739.0,16832.0,37271.0
2025-06-18 11:37:43.207727,12739.0,16849.0,37245.0
2025-06-18 11:37:43.286353,12739.0,16849.0,37245.0
2025-06-18 11:37:45.137257,12739.0,16849.0,37245.0
2025-06-18 11:37:45.184387,12739.0,16884.0,37210.0
2025-06-18 11:37:45.282534,12740.0,16884.0,37210.0
2025-06-18 11:37:45.308340,12740.0,16856.0,37212.0
2025-06-18 11:37:46.280803,12735.0,16856.0,37212.0
2025-06-18 11:37:46.407447,12735.0,16833.0,37234.0
2025-06-18 11:37:47.285439,12736.0,16833.0,37234.0
2025-06-18 11:37:47.408452,12736.0,16797.0,37216.0
2025-06-18 11:37:48.285853,12740.0,16797.0,37216.0
2025-06-18 11:37:48.409835,12740.0,16835.0,37223.0
2025-06-18 11:37:49.294270,12740.0,16835.0,37223.0
2025-06-18 11:37:49.408467,12740.0,16881.0,37175.0
2025-06-18 11:37:50.282583,12740.0,16881.0,37175.0
2025-06-18 11:37:50.507139,12740.0,16880.0,37217.0
2025-06-18 11:37:51.609224,12740.0,16886.0,37167.0
2025-06-18 11:37:52.283762,12740.0,16886.0,37167.0
2025-06-18 11:37:52.709579,12740.0,16887.0,37202.0
2025-06-18 11:37:53.811052,12740.0,16888.0,37202.0
2025-06-18 11:37:54.712272,12740.0,16861.0,37192.0
2025-06-18 11:37:55.811758,12740.0,16906.0,37160.0
2025-06-18 11:37:56.912848,12740.0,17005.0,37128.0
2025-06-18 11:37:58.014124,12740.0,16996.0,37127.0
2025-06-18 11:37:58.289946,12737.0,16996.0,37127.0
2025-06-18 11:37:59.113306,12737.0,16992.0,37138.0
2025-06-18 11:38:00.117557,12740.0,16999.0,37122.0
2025-06-18 11:38:00.285620,12737.0,16999.0,37122.0
2025-06-18 11:38:01.815375,12737.0,16919.0,37152.0
2025-06-18 11:38:02.281732,12737.0,16919.0,37152.0
2025-06-18 11:38:02.923789,12737.0,16878.0,37157.0
2025-06-18 11:38:03.284988,12740.0,16878.0,37157.0
2025-06-18 11:38:03.914552,12740.0,16883.0,37158.0
2025-06-18 11:38:04.913972,12740.0,16888.0,37126.0
2025-06-18 11:38:05.914468,12740.0,16905.0,37168.0
2025-06-18 11:38:06.285769,12740.0,16905.0,37168.0
2025-06-18 11:38:06.917488,12740.0,16948.0,37151.0
2025-06-18 11:38:08.017326,12740.0,16945.0,37151.0
2025-06-18 11:38:09.117115,12740.0,16941.0,37174.0
2025-06-18 11:38:10.223178,12740.0,16949.0,37171.0
2025-06-18 11:38:10.287141,12737.0,16949.0,37171.0
2025-06-18 11:38:11.122713,12737.0,16890.0,37151.0
2025-06-18 11:38:12.223490,12737.0,16889.0,37151.0
2025-06-18 11:38:13.287941,12740.0,16889.0,37151.0
2025-06-18 11:38:13.319374,12740.0,16901.0,37145.0
2025-06-18 11:38:14.419318,12740.0,16899.0,37143.0
2025-06-18 11:38:15.522232,12740.0,16899.0,37137.0
2025-06-18 11:38:16.622075,12740.0,16902.0,37140.0
2025-06-18 11:38:17.289246,12740.0,16902.0,37140.0
2025-06-18 11:38:17.733257,12740.0,16912.0,37143.0
2025-06-18 11:38:18.285211,12735.0,16912.0,37143.0
2025-06-18 11:38:18.822485,12735.0,16908.0,37094.0
2025-06-18 11:38:19.823492,12735.0,16916.0,37103.0
2025-06-18 11:38:20.282424,12741.0,16916.0,37103.0
2025-06-18 11:38:20.832470,12741.0,16935.0,37020.0
2025-06-18 11:38:21.827974,12739.0,16935.0,37036.0
2025-06-18 11:38:22.280168,12739.0,16935.0,37036.0
2025-06-18 11:38:22.831451,12739.0,16935.0,37042.0
2025-06-18 11:38:23.826206,12739.0,16948.0,37024.0
2025-06-18 11:38:24.927822,12739.0,16948.0,37029.0
2025-06-18 11:38:26.028995,12739.0,16983.0,36946.0
2025-06-18 11:38:26.296479,12740.0,16983.0,36946.0
2025-06-18 11:38:26.931259,12740.0,16954.0,36956.0
2025-06-18 11:38:28.031194,12740.0,16968.0,36866.0
2025-06-18 11:38:29.133248,12740.0,16984.0,36826.0
2025-06-18 11:38:29.299410,12743.0,16984.0,36826.0
2025-06-18 11:38:30.243049,12743.0,16995.0,36857.0
2025-06-18 11:38:30.287723,12743.0,16995.0,36857.0
2025-06-18 11:38:31.311203,12744.0,16995.0,36857.0
2025-06-18 11:38:31.336882,12744.0,17049.0,36820.0
2025-06-18 11:38:32.246010,12740.0,17046.0,36829.0
2025-06-18 11:38:32.286197,12740.0,17046.0,36829.0
2025-06-18 11:38:33.334284,12740.0,17022.0,36826.0
2025-06-18 11:38:34.286172,12740.0,17022.0,36826.0
2025-06-18 11:38:34.435497,12740.0,17010.0,36826.0
2025-06-18 11:38:35.536220,12740.0,17059.0,36783.0
2025-06-18 11:38:36.638872,12744.0,17106.0,36757.0
2025-06-18 11:38:37.288258,12744.0,17106.0,36757.0
2025-06-18 11:38:37.638358,12744.0,17111.0,36767.0
2025-06-18 11:38:38.764658,12744.0,17111.0,36760.0
2025-06-18 11:38:39.292853,12744.0,17111.0,36760.0
2025-06-18 11:38:39.842508,12744.0,17096.0,36839.0
2025-06-18 11:38:40.331495,12744.0,17096.0,36839.0
2025-06-18 11:38:40.841956,12744.0,17086.0,36852.0
2025-06-18 11:38:41.288513,12742.0,17086.0,36852.0
2025-06-18 11:38:41.942443,12742.0,17053.0,36618.0
2025-06-18 11:38:42.285610,12744.0,17053.0,36618.0
2025-06-18 11:38:42.845513,12744.0,17053.0,36617.0
2025-06-18 11:38:43.943328,12744.0,17053.0,36626.0
2025-06-18 11:38:44.287557,12744.0,17053.0,36626.0
2025-06-18 11:38:45.042291,12744.0,17048.0,36594.0
2025-06-18 11:38:46.143891,12744.0,17049.0,36602.0
2025-06-18 11:38:47.254730,12744.0,17049.0,36659.0
2025-06-18 11:38:47.286734,12744.0,17049.0,36659.0
2025-06-18 11:38:48.265458,12744.0,17054.0,36620.0
2025-06-18 11:38:49.344954,12744.0,17053.0,36584.0
2025-06-18 11:38:50.286564,12742.0,17053.0,36584.0
2025-06-18 11:38:50.443549,12742.0,17093.0,36583.0
