timestamp,ltp,bid_qty,ask_qty
2025-06-18 11:01:36.688574,29365.0,3469.0,3577.0
2025-06-18 11:01:37.338888,29365.0,3484.0,3574.0
2025-06-18 11:01:42.341774,29365.0,3484.0,3574.0
2025-06-18 11:01:47.457602,29365.0,3484.0,3575.0
2025-06-18 11:01:53.155856,29365.0,3483.0,3576.0
2025-06-18 11:01:58.552686,29365.0,3484.0,3574.0
2025-06-18 11:02:01.141178,29370.0,3484.0,3574.0
2025-06-18 11:02:03.143002,29370.0,3484.0,3574.0
2025-06-18 11:02:05.119501,29370.0,3484.0,3576.0
2025-06-18 11:02:09.062741,29370.0,3488.0,3575.0
2025-06-18 11:02:15.120942,29370.0,3486.0,3575.0
2025-06-18 11:02:19.769386,29370.0,3487.0,3575.0
2025-06-18 11:02:24.872862,29370.0,3487.0,3575.0
2025-06-18 11:02:29.874303,29370.0,3485.0,3576.0
2025-06-18 11:02:35.276784,29370.0,3486.0,3576.0
2025-06-18 11:02:45.789426,29370.0,3488.0,3576.0
2025-06-18 11:02:51.089184,29370.0,3450.0,3578.0
2025-06-18 11:02:53.148525,29370.0,3450.0,3578.0
2025-06-18 11:02:56.395400,29370.0,3445.0,3570.0
2025-06-18 11:02:57.151562,29370.0,3445.0,3570.0
2025-06-18 11:03:01.497254,29370.0,3449.0,3570.0
2025-06-18 11:03:06.903943,29370.0,3450.0,3570.0
2025-06-18 11:03:12.203474,29370.0,3451.0,3570.0
2025-06-18 11:03:17.304127,29370.0,3451.0,3572.0
2025-06-18 11:03:22.606988,29370.0,3455.0,3570.0
2025-06-18 11:03:27.811722,29370.0,3458.0,3573.0
2025-06-18 11:03:29.151013,29370.0,3458.0,3573.0
2025-06-18 11:03:33.217034,29370.0,3468.0,3597.0
2025-06-18 11:03:38.817905,29370.0,3466.0,3600.0
2025-06-18 11:03:41.170932,29355.0,3466.0,3600.0
2025-06-18 11:03:43.919131,29355.0,3474.0,3568.0
2025-06-18 11:03:45.168495,29370.0,3474.0,3568.0
2025-06-18 11:03:46.026900,29370.0,3474.0,3568.0
2025-06-18 11:03:47.120039,29370.0,3474.0,3568.0
2025-06-18 11:03:48.622239,29370.0,3473.0,3562.0
2025-06-18 11:03:48.899990,29370.0,3473.0,3562.0
2025-06-18 11:03:49.160454,29370.0,3473.0,3562.0
2025-06-18 11:03:49.746426,29370.0,3473.0,3562.0
2025-06-18 11:03:50.555429,29370.0,3473.0,3562.0
2025-06-18 11:03:51.595558,29370.0,3473.0,3562.0
2025-06-18 11:03:52.205692,29370.0,3473.0,3562.0
2025-06-18 11:03:53.073746,29370.0,3473.0,3562.0
2025-06-18 11:03:53.426652,29370.0,3474.0,3562.0
2025-06-18 11:03:53.444357,29370.0,3474.0,3562.0
2025-06-18 11:03:54.475734,29370.0,3474.0,3562.0
2025-06-18 11:03:55.724206,29370.0,3474.0,3562.0
2025-06-18 11:03:56.582411,29370.0,3474.0,3562.0
2025-06-18 11:04:00.412776,29370.0,3474.0,3562.0
2025-06-18 11:04:00.508477,29370.0,3474.0,3562.0
2025-06-18 11:04:00.509941,29370.0,3473.0,3588.0
2025-06-18 11:04:00.540726,29370.0,3473.0,3588.0
2025-06-18 11:04:00.551905,29370.0,3473.0,3588.0
2025-06-18 11:04:01.921690,29370.0,3473.0,3588.0
2025-06-18 11:04:03.732805,29370.0,3470.0,3583.0
2025-06-18 11:04:08.935711,29370.0,3470.0,3583.0
2025-06-18 11:04:09.156517,29370.0,3470.0,3583.0
2025-06-18 11:04:15.157884,29355.0,3470.0,3583.0
2025-06-18 11:04:17.157845,29350.0,3470.0,3583.0
2025-06-18 11:04:19.342126,29350.0,3341.0,3639.0
2025-06-18 11:04:21.184773,29360.0,3341.0,3639.0
2025-06-18 11:04:24.466102,29360.0,3499.0,3467.0
2025-06-18 11:04:29.662540,29360.0,3498.0,3482.0
2025-06-18 11:04:31.158327,29385.0,3498.0,3482.0
2025-06-18 11:04:34.662977,29385.0,3535.0,3423.0
2025-06-18 11:04:39.162929,29395.0,3535.0,3423.0
2025-06-18 11:04:39.566636,29395.0,3535.0,3428.0
2025-06-18 11:04:43.168125,29395.0,3535.0,3428.0
2025-06-18 11:04:44.754593,29395.0,3549.0,3430.0
2025-06-18 11:04:49.483573,29395.0,3552.0,3433.0
2025-06-18 11:05:05.171799,29395.0,3552.0,3436.0
2025-06-18 11:05:08.577273,29395.0,3549.0,3436.0
2025-06-18 11:05:13.882602,29395.0,3549.0,3429.0
2025-06-18 11:05:19.384990,29395.0,3552.0,3430.0
2025-06-18 11:05:24.288177,29395.0,3551.0,3435.0
2025-06-18 11:05:29.094600,29395.0,3537.0,3430.0
2025-06-18 11:05:31.163409,29395.0,3537.0,3430.0
2025-06-18 11:05:35.172353,29395.0,3505.0,3468.0
2025-06-18 11:05:35.211871,29395.0,3505.0,3468.0
2025-06-18 11:05:39.800441,29395.0,3504.0,3469.0
2025-06-18 11:05:44.700358,29395.0,3501.0,3471.0
2025-06-18 11:05:49.804216,29395.0,3503.0,3477.0
2025-06-18 11:05:55.013141,29395.0,3506.0,3481.0
2025-06-18 11:05:59.913468,29395.0,3507.0,3478.0
2025-06-18 11:06:04.617625,29395.0,3507.0,3480.0
2025-06-18 11:06:09.526059,29395.0,3504.0,3479.0
2025-06-18 11:06:14.526483,29395.0,3506.0,3480.0
2025-06-18 11:06:19.558159,29395.0,3506.0,3475.0
2025-06-18 11:06:23.169002,29390.0,3506.0,3475.0
2025-06-18 11:06:24.526162,29390.0,3508.0,3443.0
2025-06-18 11:06:29.162716,29390.0,3508.0,3443.0
2025-06-18 11:06:29.327406,29390.0,3504.0,3450.0
2025-06-18 11:06:33.934122,29390.0,3507.0,3451.0
2025-06-18 11:06:38.839499,29390.0,3505.0,3451.0
2025-06-18 11:06:43.941325,29390.0,3507.0,3447.0
2025-06-18 11:06:46.760023,29390.0,3507.0,3447.0
2025-06-18 11:06:47.620771,29390.0,3507.0,3447.0
2025-06-18 11:06:48.554498,29390.0,3507.0,3447.0
2025-06-18 11:06:48.984164,29390.0,3512.0,3448.0
2025-06-18 11:06:49.768448,29390.0,3512.0,3448.0
2025-06-18 11:06:50.286752,29390.0,3512.0,3448.0
2025-06-18 11:06:51.054951,29390.0,3512.0,3448.0
2025-06-18 11:06:52.045869,29390.0,3512.0,3448.0
2025-06-18 11:06:53.515802,29390.0,3512.0,3448.0
2025-06-18 11:06:53.846596,29390.0,3512.0,3448.0
2025-06-18 11:06:53.869561,29390.0,3512.0,3448.0
2025-06-18 11:06:54.761034,29390.0,3512.0,3448.0
2025-06-18 11:06:56.266311,29390.0,3512.0,3448.0
2025-06-18 11:06:57.104951,29390.0,3512.0,3448.0
2025-06-18 11:06:58.541691,29390.0,3512.0,3448.0
2025-06-18 11:06:58.748157,29390.0,3511.0,3450.0
2025-06-18 11:06:59.692011,29390.0,3511.0,3450.0
2025-06-18 11:07:00.829869,29390.0,3511.0,3450.0
2025-06-18 11:07:02.288845,29390.0,3511.0,3450.0
2025-06-18 11:07:05.037052,29390.0,3515.0,3448.0
2025-06-18 11:07:10.525552,29390.0,3514.0,3446.0
2025-06-18 11:07:13.175052,29385.0,3514.0,3446.0
2025-06-18 11:07:14.463780,29385.0,3509.0,3448.0
2025-06-18 11:07:16.172718,29390.0,3509.0,3448.0
2025-06-18 11:07:19.760989,29390.0,3515.0,3444.0
2025-06-18 11:07:22.231783,29390.0,3515.0,3444.0
2025-06-18 11:07:24.860173,29390.0,3518.0,3442.0
2025-06-18 11:07:29.676156,29390.0,3515.0,3442.0
2025-06-18 11:07:34.668414,29390.0,3520.0,3443.0
2025-06-18 11:07:39.681654,29390.0,3518.0,3446.0
2025-06-18 11:07:45.076597,29390.0,3523.0,3445.0
2025-06-18 11:07:50.210664,29390.0,3520.0,3449.0
2025-06-18 11:07:55.201533,29390.0,3521.0,3449.0
2025-06-18 11:08:00.476939,29390.0,3521.0,3449.0
2025-06-18 11:08:04.184611,29385.0,3521.0,3449.0
2025-06-18 11:08:05.528463,29385.0,3501.0,3464.0
2025-06-18 11:08:10.888749,29385.0,3505.0,3462.0
2025-06-18 11:08:16.390364,29385.0,3508.0,3462.0
2025-06-18 11:08:21.294217,29385.0,3506.0,3464.0
2025-06-18 11:08:25.171338,29390.0,3506.0,3464.0
2025-06-18 11:08:26.901850,29390.0,3501.0,3457.0
2025-06-18 11:08:32.512821,29390.0,3501.0,3457.0
2025-06-18 11:08:37.809884,29390.0,3507.0,3462.0
2025-06-18 11:08:43.061679,29390.0,3505.0,3455.0
2025-06-18 11:08:48.210817,29390.0,3506.0,3452.0
2025-06-18 11:08:53.415397,29390.0,3506.0,3463.0
2025-06-18 11:08:54.177151,29380.0,3506.0,3463.0
2025-06-18 11:08:58.715872,29380.0,3504.0,3466.0
2025-06-18 11:09:00.172921,29390.0,3504.0,3466.0
2025-06-18 11:09:03.416847,29390.0,3502.0,3463.0
2025-06-18 11:09:08.174807,29390.0,3502.0,3463.0
2025-06-18 11:09:08.522721,29390.0,3502.0,3464.0
2025-06-18 11:09:12.168366,29375.0,3502.0,3464.0
2025-06-18 11:09:14.343109,29375.0,3502.0,3468.0
2025-06-18 11:09:16.169499,29390.0,3502.0,3468.0
2025-06-18 11:09:19.827149,29390.0,3516.0,3450.0
2025-06-18 11:09:25.128859,29390.0,3525.0,3445.0
2025-06-18 11:09:30.435247,29390.0,3525.0,3445.0
2025-06-18 11:09:35.838895,29390.0,3525.0,3447.0
2025-06-18 11:09:41.041110,29390.0,3528.0,3447.0
2025-06-18 11:09:46.441676,29390.0,3533.0,3443.0
2025-06-18 11:09:47.139461,29390.0,3533.0,3443.0
2025-06-18 11:09:48.224958,29390.0,3533.0,3443.0
2025-06-18 11:09:49.103598,29390.0,3533.0,3443.0
2025-06-18 11:09:50.022030,29390.0,3533.0,3443.0
2025-06-18 11:09:51.639412,29390.0,3533.0,3443.0
2025-06-18 11:09:51.675832,29395.0,3535.0,3462.0
2025-06-18 11:09:52.176168,29395.0,3535.0,3462.0
2025-06-18 11:09:52.640497,29395.0,3535.0,3462.0
2025-06-18 11:09:53.225033,29395.0,3535.0,3462.0
2025-06-18 11:09:54.093823,29395.0,3535.0,3462.0
2025-06-18 11:09:55.345279,29395.0,3535.0,3462.0
2025-06-18 11:09:56.174550,29395.0,3535.0,3462.0
2025-06-18 11:09:56.595826,29395.0,3535.0,3462.0
2025-06-18 11:09:57.047058,29395.0,3610.0,3394.0
2025-06-18 11:09:57.569536,29395.0,3610.0,3394.0
2025-06-18 11:09:58.973704,29395.0,3610.0,3394.0
2025-06-18 11:10:00.120684,29395.0,3610.0,3394.0
2025-06-18 11:10:01.249992,29395.0,3610.0,3394.0
2025-06-18 11:10:01.972035,29395.0,3613.0,3394.0
2025-06-18 11:10:02.722689,29395.0,3613.0,3394.0
2025-06-18 11:10:07.054868,29395.0,3618.0,3399.0
2025-06-18 11:10:10.187824,29400.0,3618.0,3399.0
2025-06-18 11:10:12.554356,29400.0,3614.0,3388.0
2025-06-18 11:10:17.956778,29400.0,3610.0,3384.0
2025-06-18 11:10:22.959508,29400.0,3654.0,3342.0
2025-06-18 11:10:28.563540,29400.0,3634.0,3366.0
2025-06-18 11:10:33.968309,29400.0,3637.0,3365.0
2025-06-18 11:10:39.569795,29400.0,3641.0,3351.0
2025-06-18 11:10:44.176462,29415.0,3641.0,3351.0
2025-06-18 11:10:45.074552,29415.0,3628.0,3367.0
2025-06-18 11:10:50.180460,29415.0,3628.0,3367.0
2025-06-18 11:10:50.218226,29415.0,3630.0,3355.0
2025-06-18 11:10:54.186069,29420.0,3630.0,3355.0
2025-06-18 11:10:55.279624,29420.0,3628.0,3351.0
2025-06-18 11:11:00.684318,29420.0,3628.0,3354.0
2025-06-18 11:11:04.174887,29420.0,3628.0,3354.0
2025-06-18 11:11:05.995946,29420.0,3626.0,3376.0
2025-06-18 11:11:11.396323,29420.0,3631.0,3381.0
2025-06-18 11:11:16.795283,29420.0,3629.0,3357.0
2025-06-18 11:11:21.898947,29420.0,3630.0,3357.0
2025-06-18 11:11:26.182464,29420.0,3630.0,3357.0
2025-06-18 11:11:27.100475,29420.0,3631.0,3356.0
2025-06-18 11:11:32.209113,29420.0,3633.0,3354.0
2025-06-18 11:11:36.181258,29420.0,3633.0,3354.0
2025-06-18 11:11:37.027956,29420.0,3634.0,3344.0
2025-06-18 11:11:42.116060,29420.0,3638.0,3344.0
2025-06-18 11:11:47.217762,29420.0,3635.0,3345.0
2025-06-18 11:11:52.224515,29420.0,3636.0,3342.0
2025-06-18 11:11:54.197713,29425.0,3636.0,3342.0
2025-06-18 11:11:56.189307,29425.0,3636.0,3342.0
2025-06-18 11:11:57.423358,29425.0,3636.0,3340.0
2025-06-18 11:12:02.330509,29425.0,3639.0,3338.0
2025-06-18 11:12:11.932282,29425.0,3640.0,3338.0
2025-06-18 11:12:17.140943,29425.0,3641.0,3339.0
2025-06-18 11:12:22.439699,29425.0,3642.0,3321.0
2025-06-18 11:12:24.185404,29425.0,3642.0,3321.0
2025-06-18 11:12:26.182911,29435.0,3642.0,3321.0
2025-06-18 11:12:27.252534,29435.0,3641.0,3347.0
2025-06-18 11:12:30.190209,29435.0,3641.0,3347.0
2025-06-18 11:12:32.450373,29435.0,3642.0,3351.0
2025-06-18 11:12:37.756214,29435.0,3642.0,3352.0
2025-06-18 11:12:40.184472,29435.0,3642.0,3352.0
2025-06-18 11:12:42.860745,29435.0,3642.0,3352.0
2025-06-18 11:12:47.564535,29435.0,3642.0,3352.0
2025-06-18 11:12:47.763678,29435.0,3644.0,3349.0
2025-06-18 11:12:48.183776,29420.0,3644.0,3349.0
2025-06-18 11:12:48.628987,29420.0,3644.0,3349.0
2025-06-18 11:12:49.535245,29420.0,3644.0,3349.0
2025-06-18 11:12:50.454951,29420.0,3644.0,3349.0
2025-06-18 11:12:51.316131,29420.0,3644.0,3349.0
2025-06-18 11:12:52.103088,29420.0,3644.0,3349.0
2025-06-18 11:12:53.073475,29420.0,3644.0,3349.0
2025-06-18 11:12:53.364570,29420.0,3569.0,3322.0
2025-06-18 11:12:53.635895,29420.0,3569.0,3322.0
2025-06-18 11:12:54.046058,29420.0,3569.0,3322.0
2025-06-18 11:12:55.805006,29420.0,3569.0,3322.0
2025-06-18 11:12:57.014693,29420.0,3569.0,3322.0
2025-06-18 11:12:57.884084,29420.0,3569.0,3322.0
2025-06-18 11:12:58.870564,29420.0,3572.0,3320.0
2025-06-18 11:12:59.289770,29420.0,3572.0,3320.0
2025-06-18 11:13:00.402947,29420.0,3572.0,3320.0
2025-06-18 11:13:01.576087,29420.0,3572.0,3320.0
2025-06-18 11:13:03.036909,29420.0,3572.0,3320.0
2025-06-18 11:13:03.973317,29420.0,3576.0,3320.0
2025-06-18 11:13:08.777431,29420.0,3578.0,3321.0
2025-06-18 11:13:13.679265,29420.0,3578.0,3319.0
2025-06-18 11:13:18.486919,29420.0,3575.0,3318.0
2025-06-18 11:13:22.190136,29435.0,3575.0,3318.0
2025-06-18 11:13:23.386671,29435.0,3575.0,3342.0
2025-06-18 11:13:28.400213,29435.0,3575.0,3342.0
2025-06-18 11:13:32.186826,29435.0,3575.0,3342.0
2025-06-18 11:13:33.291328,29435.0,3577.0,3346.0
2025-06-18 11:13:38.451626,29435.0,3576.0,3345.0
2025-06-18 11:13:43.599015,29435.0,3579.0,3345.0
2025-06-18 11:13:48.598841,29435.0,3578.0,3347.0
2025-06-18 11:13:53.300950,29435.0,3579.0,3343.0
2025-06-18 11:13:54.191907,29435.0,3579.0,3343.0
2025-06-18 11:13:58.804825,29435.0,3568.0,3341.0
2025-06-18 11:14:00.191031,29440.0,3568.0,3341.0
2025-06-18 11:14:03.708403,29440.0,3580.0,3335.0
2025-06-18 11:14:08.811715,29440.0,3588.0,3338.0
2025-06-18 11:14:13.811855,29440.0,3586.0,3335.0
2025-06-18 11:14:14.192692,29440.0,3586.0,3335.0
2025-06-18 11:14:18.817912,29440.0,3606.0,3337.0
2025-06-18 11:14:23.424083,29440.0,3604.0,3337.0
2025-06-18 11:14:26.190908,29440.0,3604.0,3337.0
2025-06-18 11:14:28.825460,29440.0,3667.0,3287.0
2025-06-18 11:14:34.173652,29430.0,3652.0,3287.0
2025-06-18 11:14:34.200581,29430.0,3652.0,3287.0
2025-06-18 11:14:36.193662,29440.0,3652.0,3287.0
2025-06-18 11:14:39.230779,29440.0,3672.0,3249.0
2025-06-18 11:14:44.190216,29445.0,3672.0,3249.0
2025-06-18 11:14:44.236019,29445.0,3670.0,3252.0
2025-06-18 11:14:49.839682,29445.0,3677.0,3250.0
2025-06-18 11:14:55.446531,29445.0,3675.0,3266.0
2025-06-18 11:15:00.751486,29445.0,3675.0,3271.0
2025-06-18 11:15:06.916837,29445.0,3667.0,3262.0
2025-06-18 11:15:06.956642,29445.0,3667.0,3262.0
2025-06-18 11:15:11.256272,29445.0,3668.0,3269.0
2025-06-18 11:15:16.260171,29445.0,3669.0,3268.0
2025-06-18 11:15:21.165313,29445.0,3668.0,3303.0
2025-06-18 11:15:26.165542,29430.0,3582.0,3390.0
2025-06-18 11:15:26.197557,29430.0,3582.0,3390.0
2025-06-18 11:15:31.870414,29430.0,3589.0,3365.0
2025-06-18 11:15:37.375855,29430.0,3613.0,3373.0
2025-06-18 11:15:42.480399,29430.0,3614.0,3370.0
2025-06-18 11:15:47.780962,29430.0,3615.0,3371.0
2025-06-18 11:15:48.070874,29430.0,3615.0,3371.0
2025-06-18 11:15:49.096159,29430.0,3615.0,3371.0
2025-06-18 11:15:50.941373,29430.0,3615.0,3371.0
2025-06-18 11:15:51.780750,29430.0,3615.0,3371.0
2025-06-18 11:15:52.565225,29430.0,3615.0,3371.0
2025-06-18 11:15:53.283645,29430.0,3616.0,3373.0
2025-06-18 11:15:53.572325,29430.0,3616.0,3373.0
2025-06-18 11:15:54.134685,29430.0,3616.0,3373.0
2025-06-18 11:15:55.036303,29430.0,3616.0,3373.0
2025-06-18 11:15:56.300491,29430.0,3616.0,3373.0
2025-06-18 11:15:57.554586,29430.0,3616.0,3373.0
2025-06-18 11:15:58.243367,29435.0,3616.0,3373.0
2025-06-18 11:15:58.386156,29435.0,3627.0,3358.0
2025-06-18 11:15:58.411329,29435.0,3627.0,3358.0
2025-06-18 11:16:00.115147,29435.0,3627.0,3358.0
2025-06-18 11:16:01.250042,29435.0,3627.0,3358.0
2025-06-18 11:16:02.399662,29435.0,3627.0,3358.0
2025-06-18 11:16:03.865131,29435.0,3627.0,3358.0
2025-06-18 11:16:03.890838,29435.0,3620.0,3357.0
2025-06-18 11:16:09.093442,29435.0,3622.0,3383.0
2025-06-18 11:16:14.496271,29435.0,3622.0,3386.0
2025-06-18 11:16:19.799042,29435.0,3610.0,3395.0
2025-06-18 11:16:20.206147,29435.0,3610.0,3395.0
2025-06-18 11:16:24.902240,29435.0,3612.0,3397.0
2025-06-18 11:16:29.807998,29435.0,3609.0,3398.0
2025-06-18 11:16:34.910630,29435.0,3610.0,3400.0
2025-06-18 11:16:40.414161,29435.0,3579.0,3425.0
2025-06-18 11:16:45.416433,29425.0,3571.0,3453.0
2025-06-18 11:16:46.207261,29425.0,3571.0,3453.0
2025-06-18 11:16:48.219090,29415.0,3571.0,3453.0
2025-06-18 11:16:50.521018,29415.0,3538.0,3485.0
2025-06-18 11:16:55.623720,29415.0,3547.0,3503.0
2025-06-18 11:17:00.926703,29415.0,3543.0,3500.0
2025-06-18 11:17:11.029832,29415.0,3520.0,3509.0
2025-06-18 11:17:16.134527,29415.0,3513.0,3595.0
2025-06-18 11:17:21.337511,29415.0,3519.0,3596.0
2025-06-18 11:17:26.541975,29415.0,3522.0,3593.0
2025-06-18 11:17:27.146572,29415.0,3522.0,3593.0
2025-06-18 11:17:31.550630,29415.0,3520.0,3593.0
2025-06-18 11:17:36.554917,29415.0,3522.0,3667.0
2025-06-18 11:17:38.209905,29405.0,3522.0,3667.0
2025-06-18 11:17:41.751904,29395.0,3416.0,3712.0
2025-06-18 11:17:42.211338,29395.0,3416.0,3712.0
2025-06-18 11:17:46.558000,29395.0,3452.0,3722.0
2025-06-18 11:17:51.358405,29395.0,3452.0,3722.0
2025-06-18 11:17:56.068001,29395.0,3447.0,3726.0
2025-06-18 11:18:00.569003,29395.0,3448.0,3728.0
2025-06-18 11:18:05.367291,29395.0,3446.0,3733.0
2025-06-18 11:18:10.485716,29395.0,3453.0,3709.0
2025-06-18 11:18:15.775756,29395.0,3110.0,3777.0
2025-06-18 11:18:21.584851,29395.0,3434.0,3755.0
2025-06-18 11:18:26.982238,29395.0,3438.0,3756.0
2025-06-18 11:18:31.210448,29365.0,3438.0,3756.0
2025-06-18 11:18:31.986009,29365.0,3375.0,3807.0
2025-06-18 11:18:35.215170,29385.0,3375.0,3807.0
2025-06-18 11:18:37.098046,29385.0,3373.0,3804.0
2025-06-18 11:18:39.208363,29385.0,3373.0,3804.0
2025-06-18 11:18:42.189690,29385.0,3372.0,3787.0
2025-06-18 11:18:45.207560,29350.0,3372.0,3787.0
2025-06-18 11:18:46.986353,29350.0,3398.0,3731.0
2025-06-18 11:18:47.231801,29385.0,3398.0,3731.0
2025-06-18 11:18:48.473832,29385.0,3398.0,3731.0
2025-06-18 11:18:49.552964,29385.0,3398.0,3731.0
2025-06-18 11:18:50.464518,29385.0,3398.0,3731.0
2025-06-18 11:18:51.405004,29385.0,3398.0,3731.0
2025-06-18 11:18:51.492645,29385.0,3429.0,3735.0
2025-06-18 11:18:52.257436,29385.0,3429.0,3735.0
2025-06-18 11:18:53.038910,29385.0,3429.0,3735.0
2025-06-18 11:18:54.058338,29385.0,3429.0,3735.0
2025-06-18 11:18:55.034744,29385.0,3429.0,3735.0
2025-06-18 11:18:56.294459,29385.0,3426.0,3739.0
2025-06-18 11:18:56.790176,29385.0,3426.0,3739.0
2025-06-18 11:18:58.063811,29385.0,3426.0,3739.0
2025-06-18 11:19:00.284653,29385.0,3426.0,3739.0
2025-06-18 11:19:00.998023,29385.0,3439.0,3728.0
2025-06-18 11:19:01.567881,29385.0,3439.0,3728.0
2025-06-18 11:19:02.721224,29385.0,3439.0,3728.0
2025-06-18 11:19:04.190764,29385.0,3439.0,3728.0
2025-06-18 11:19:06.399975,29385.0,3512.0,3677.0
2025-06-18 11:19:11.699658,29385.0,3545.0,3610.0
2025-06-18 11:19:16.808993,29385.0,3568.0,3609.0
2025-06-18 11:19:22.009596,29385.0,3568.0,3598.0
2025-06-18 11:19:27.114853,29385.0,3563.0,3608.0
2025-06-18 11:19:27.217252,29400.0,3563.0,3608.0
2025-06-18 11:19:32.116712,29400.0,3571.0,3599.0
2025-06-18 11:19:37.016248,29400.0,3570.0,3597.0
2025-06-18 11:19:41.921035,29400.0,3566.0,3603.0
2025-06-18 11:19:46.824411,29410.0,3576.0,3604.0
2025-06-18 11:19:47.222691,29410.0,3576.0,3604.0
2025-06-18 11:19:52.125674,29410.0,3605.0,3612.0
2025-06-18 11:19:57.434040,29410.0,3595.0,3619.0
2025-06-18 11:20:00.483983,29395.0,3595.0,3619.0
2025-06-18 11:20:02.536374,29395.0,3549.0,3615.0
2025-06-18 11:20:03.217878,29390.0,3549.0,3615.0
2025-06-18 11:20:07.442384,29390.0,3543.0,3617.0
2025-06-18 11:20:12.043338,29390.0,3537.0,3622.0
2025-06-18 11:20:16.656890,29390.0,3528.0,3621.0
2025-06-18 11:20:20.216735,29400.0,3528.0,3621.0
2025-06-18 11:20:21.453329,29400.0,3535.0,3613.0
2025-06-18 11:20:26.757841,29400.0,3542.0,3612.0
2025-06-18 11:20:31.760651,29400.0,3539.0,3614.0
2025-06-18 11:20:36.665299,29400.0,3551.0,3611.0
2025-06-18 11:20:41.490848,29400.0,3549.0,3611.0
2025-06-18 11:20:46.271490,29400.0,3543.0,3617.0
2025-06-18 11:20:51.373386,29400.0,3642.0,3587.0
2025-06-18 11:20:56.575876,29400.0,3644.0,3601.0
2025-06-18 11:21:01.176526,29400.0,3643.0,3602.0
2025-06-18 11:21:05.980168,29400.0,3641.0,3602.0
2025-06-18 11:21:10.990547,29400.0,3647.0,3599.0
2025-06-18 11:21:12.217246,29410.0,3647.0,3599.0
2025-06-18 11:21:15.591866,29410.0,3655.0,3756.0
2025-06-18 11:21:20.290071,29410.0,3619.0,3781.0
2025-06-18 11:21:25.389906,29410.0,3619.0,3782.0
2025-06-18 11:21:30.493093,29410.0,3618.0,3782.0
2025-06-18 11:21:35.601646,29410.0,3619.0,3781.0
2025-06-18 11:21:36.217906,29400.0,3619.0,3781.0
2025-06-18 11:21:40.111544,29400.0,3619.0,3756.0
2025-06-18 11:21:44.705064,29400.0,3618.0,3756.0
2025-06-18 11:21:46.230032,29390.0,3618.0,3756.0
2025-06-18 11:21:49.056430,29390.0,3618.0,3756.0
2025-06-18 11:21:49.403577,29390.0,3593.0,3780.0
2025-06-18 11:21:50.214534,29390.0,3593.0,3780.0
2025-06-18 11:21:51.062849,29390.0,3593.0,3780.0
2025-06-18 11:21:52.851736,29390.0,3593.0,3780.0
2025-06-18 11:21:53.656382,29390.0,3593.0,3780.0
2025-06-18 11:21:54.408660,29390.0,3594.0,3780.0
2025-06-18 11:21:54.664369,29390.0,3594.0,3780.0
2025-06-18 11:21:55.215079,29390.0,3594.0,3780.0
2025-06-18 11:21:56.123051,29390.0,3594.0,3780.0
2025-06-18 11:21:57.371449,29390.0,3594.0,3780.0
2025-06-18 11:21:58.711965,29390.0,3594.0,3780.0
2025-06-18 11:21:59.256827,29395.0,3594.0,3780.0
2025-06-18 11:21:59.506245,29395.0,3594.0,3780.0
2025-06-18 11:21:59.817782,29395.0,3587.0,3798.0
2025-06-18 11:22:00.911885,29395.0,3587.0,3798.0
2025-06-18 11:22:02.026717,29395.0,3587.0,3798.0
2025-06-18 11:22:03.394107,29395.0,3587.0,3798.0
2025-06-18 11:22:05.193106,29395.0,3589.0,3801.0
2025-06-18 11:22:05.222600,29395.0,3589.0,3801.0
2025-06-18 11:22:09.536124,29395.0,3585.0,3802.0
2025-06-18 11:22:14.658033,29395.0,3586.0,3799.0
2025-06-18 11:22:29.430507,29395.0,3586.0,3797.0
2025-06-18 11:22:34.333784,29395.0,3593.0,3792.0
2025-06-18 11:22:45.186804,29395.0,3593.0,3792.0
2025-06-18 11:22:49.949279,29395.0,3593.0,3792.0
2025-06-18 11:22:54.851255,29395.0,3594.0,3787.0
2025-06-18 11:22:57.222025,29400.0,3594.0,3787.0
2025-06-18 11:22:59.553076,29400.0,3597.0,3644.0
2025-06-18 11:23:03.231177,29380.0,3597.0,3644.0
2025-06-18 11:23:04.359476,29380.0,3463.0,3638.0
2025-06-18 11:23:05.226231,29400.0,3463.0,3638.0
2025-06-18 11:23:09.454904,29400.0,3490.0,3658.0
2025-06-18 11:23:14.256325,29400.0,3489.0,3656.0
2025-06-18 11:23:17.233856,29390.0,3489.0,3656.0
2025-06-18 11:23:19.560997,29390.0,3465.0,3640.0
2025-06-18 11:23:25.066258,29390.0,3472.0,3655.0
2025-06-18 11:23:30.471034,29390.0,3502.0,3669.0
2025-06-18 11:23:35.687465,29390.0,3502.0,3757.0
2025-06-18 11:23:40.580520,29390.0,3502.0,3756.0
2025-06-18 11:23:45.579362,29390.0,3505.0,3755.0
2025-06-18 11:23:49.349669,29390.0,3505.0,3755.0
2025-06-18 11:23:50.382034,29390.0,3504.0,3752.0
2025-06-18 11:23:55.089515,29390.0,3489.0,3750.0
2025-06-18 11:24:00.198717,29390.0,3510.0,3751.0
2025-06-18 11:24:05.093754,29390.0,3510.0,3751.0
2025-06-18 11:24:09.897088,29390.0,3495.0,3767.0
2025-06-18 11:24:14.903236,29390.0,3495.0,3766.0
2025-06-18 11:24:17.359210,29370.0,3495.0,3766.0
2025-06-18 11:24:19.970780,29370.0,3502.0,3740.0
2025-06-18 11:24:24.902609,29370.0,3494.0,3819.0
2025-06-18 11:24:30.215913,29370.0,3494.0,3819.0
2025-06-18 11:24:35.007981,29370.0,3495.0,3819.0
2025-06-18 11:24:39.906352,29370.0,3493.0,3809.0
2025-06-18 11:24:41.233457,29390.0,3493.0,3809.0
2025-06-18 11:24:44.709754,29390.0,3495.0,3829.0
2025-06-18 11:24:49.494696,29390.0,3495.0,3829.0
2025-06-18 11:24:50.016381,29390.0,3497.0,3829.0
2025-06-18 11:24:50.573167,29390.0,3497.0,3829.0
2025-06-18 11:24:51.480185,29390.0,3497.0,3829.0
2025-06-18 11:24:52.450893,29390.0,3497.0,3829.0
2025-06-18 11:24:53.278923,29390.0,3497.0,3829.0
2025-06-18 11:24:54.047929,29390.0,3497.0,3829.0
2025-06-18 11:24:54.820156,29390.0,3500.0,3829.0
2025-06-18 11:24:55.067735,29390.0,3500.0,3829.0
2025-06-18 11:24:56.064264,29390.0,3500.0,3829.0
2025-06-18 11:24:57.794866,29390.0,3500.0,3829.0
2025-06-18 11:24:59.031158,29390.0,3500.0,3829.0
2025-06-18 11:24:59.626485,29390.0,3493.0,3828.0
2025-06-18 11:24:59.908603,29390.0,3493.0,3828.0
2025-06-18 11:25:01.285920,29390.0,3493.0,3828.0
2025-06-18 11:25:02.419987,29390.0,3493.0,3828.0
2025-06-18 11:25:03.560969,29390.0,3493.0,3828.0
2025-06-18 11:25:04.533639,29390.0,3496.0,3828.0
2025-06-18 11:25:05.016696,29390.0,3496.0,3828.0
2025-06-18 11:25:10.032317,29370.0,3487.0,3817.0
2025-06-18 11:25:11.265874,29370.0,3487.0,3817.0
2025-06-18 11:25:15.435777,29370.0,3487.0,3818.0
2025-06-18 11:25:20.835600,29370.0,3483.0,3826.0
2025-06-18 11:25:23.367233,29370.0,3483.0,3826.0
2025-06-18 11:25:26.040629,29370.0,3476.0,3817.0
2025-06-18 11:25:31.041566,29370.0,3480.0,3812.0
2025-06-18 11:25:35.245178,29385.0,3480.0,3812.0
2025-06-18 11:25:35.846938,29385.0,3488.0,3741.0
2025-06-18 11:25:40.845653,29385.0,3488.0,3765.0
2025-06-18 11:25:45.448941,29385.0,3491.0,3765.0
2025-06-18 11:25:50.664784,29385.0,3492.0,3764.0
2025-06-18 11:25:55.849884,29385.0,3489.0,3782.0
2025-06-18 11:26:01.168249,29385.0,3474.0,3852.0
2025-06-18 11:26:06.458260,29385.0,3474.0,3852.0
2025-06-18 11:26:11.436656,29385.0,3474.0,3852.0
2025-06-18 11:26:16.179646,29385.0,3470.0,3852.0
2025-06-18 11:26:21.070673,29385.0,3493.0,3848.0
2025-06-18 11:26:25.870399,29385.0,3493.0,3848.0
2025-06-18 11:26:27.238256,29385.0,3493.0,3848.0
2025-06-18 11:26:30.875367,29385.0,3486.0,3847.0
2025-06-18 11:26:35.793251,29385.0,3494.0,3848.0
2025-06-18 11:26:40.777693,29385.0,3492.0,3848.0
2025-06-18 11:26:46.079827,29385.0,3485.0,3851.0
2025-06-18 11:26:50.982706,29385.0,3495.0,3851.0
2025-06-18 11:26:55.988035,29385.0,3449.0,3855.0
2025-06-18 11:27:01.204633,29385.0,3506.0,3852.0
2025-06-18 11:27:06.246795,29385.0,3506.0,3831.0
2025-06-18 11:27:11.002141,29385.0,3506.0,3827.0
2025-06-18 11:27:16.105889,29385.0,3508.0,3826.0
2025-06-18 11:27:20.442520,29385.0,3508.0,3826.0
2025-06-18 11:27:20.909087,29385.0,3505.0,3825.0
2025-06-18 11:27:25.811983,29385.0,3511.0,3829.0
2025-06-18 11:27:30.719780,29385.0,3504.0,3830.0
2025-06-18 11:27:36.114736,29385.0,3501.0,3830.0
2025-06-18 11:27:41.118042,29385.0,3489.0,3829.0
2025-06-18 11:27:45.240103,29385.0,3489.0,3829.0
2025-06-18 11:27:46.920484,29385.0,3512.0,3552.0
2025-06-18 11:27:47.242242,29390.0,3512.0,3552.0
2025-06-18 11:27:49.919306,29390.0,3512.0,3552.0
2025-06-18 11:27:51.005756,29390.0,3512.0,3552.0
2025-06-18 11:27:51.926590,29390.0,3512.0,3552.0
2025-06-18 11:27:52.850886,29390.0,3512.0,3552.0
2025-06-18 11:27:52.921952,29390.0,3520.0,3543.0
2025-06-18 11:27:53.763359,29390.0,3520.0,3543.0
2025-06-18 11:27:54.490838,29390.0,3520.0,3543.0
2025-06-18 11:27:55.510156,29390.0,3520.0,3543.0
2025-06-18 11:27:56.064154,29390.0,3520.0,3543.0
2025-06-18 11:27:57.341124,29390.0,3520.0,3543.0
2025-06-18 11:27:58.252539,29390.0,3528.0,3541.0
2025-06-18 11:27:58.262620,29390.0,3528.0,3541.0
2025-06-18 11:27:59.457253,29390.0,3528.0,3541.0
2025-06-18 11:28:00.319440,29390.0,3528.0,3541.0
2025-06-18 11:28:01.722566,29390.0,3528.0,3541.0
2025-06-18 11:28:02.830408,29390.0,3524.0,3543.0
2025-06-18 11:28:02.854927,29390.0,3524.0,3543.0
2025-06-18 11:28:03.969310,29390.0,3524.0,3543.0
2025-06-18 11:28:05.237453,29395.0,3524.0,3543.0
2025-06-18 11:28:05.603765,29395.0,3524.0,3543.0
2025-06-18 11:28:07.632766,29395.0,3582.0,3425.0
2025-06-18 11:28:10.487600,29400.0,3582.0,3425.0
2025-06-18 11:28:11.242718,29400.0,3582.0,3425.0
2025-06-18 11:28:12.344345,29400.0,3591.0,3415.0
2025-06-18 11:28:17.268089,29400.0,3589.0,3415.0
2025-06-18 11:28:22.741964,29400.0,3620.0,3389.0
2025-06-18 11:28:23.245774,29400.0,3620.0,3389.0
2025-06-18 11:28:28.042277,29400.0,3619.0,3390.0
2025-06-18 11:28:32.946917,29400.0,3635.0,3392.0
2025-06-18 11:28:37.847502,29400.0,3632.0,3395.0
2025-06-18 11:28:42.855879,29400.0,3628.0,3398.0
2025-06-18 11:28:47.862350,29400.0,3681.0,3402.0
2025-06-18 11:28:51.248310,29385.0,3681.0,3402.0
2025-06-18 11:28:52.964172,29385.0,3435.0,3520.0
2025-06-18 11:28:53.244864,29390.0,3435.0,3520.0
2025-06-18 11:28:57.678557,29390.0,3494.0,3464.0
2025-06-18 11:29:02.271913,29390.0,3521.0,3456.0
2025-06-18 11:29:03.257724,29400.0,3521.0,3456.0
2025-06-18 11:29:07.067185,29400.0,3547.0,3476.0
2025-06-18 11:29:12.269460,29400.0,3543.0,3478.0
2025-06-18 11:29:17.573541,29400.0,3546.0,3478.0
2025-06-18 11:29:21.251853,29385.0,3546.0,3478.0
2025-06-18 11:29:22.976612,29385.0,3461.0,3504.0
2025-06-18 11:29:23.247115,29385.0,3461.0,3504.0
2025-06-18 11:29:28.755021,29385.0,3471.0,3510.0
2025-06-18 11:29:33.491407,29385.0,3389.0,3607.0
2025-06-18 11:29:37.244737,29355.0,3389.0,3607.0
2025-06-18 11:29:38.891155,29355.0,3386.0,3575.0
2025-06-18 11:29:44.093416,29355.0,3402.0,3572.0
2025-06-18 11:29:48.799557,29355.0,3402.0,3573.0
2025-06-18 11:29:53.598531,29355.0,3412.0,3570.0
2025-06-18 11:29:57.266526,29375.0,3412.0,3570.0
2025-06-18 11:29:58.902769,29375.0,3415.0,3571.0
2025-06-18 11:30:04.009172,29375.0,3362.0,3579.0
2025-06-18 11:30:09.412315,29375.0,3411.0,3583.0
2025-06-18 11:30:15.012867,29375.0,3399.0,3634.0
2025-06-18 11:30:20.319502,29375.0,3397.0,3635.0
2025-06-18 11:30:26.019560,29375.0,3386.0,3601.0
2025-06-18 11:30:31.321296,29375.0,3388.0,3597.0
2025-06-18 11:30:37.301307,29375.0,3385.0,3600.0
2025-06-18 11:30:41.627727,29375.0,3391.0,3595.0
2025-06-18 11:30:47.132875,29375.0,3434.0,3579.0
2025-06-18 11:30:49.252972,29370.0,3434.0,3579.0
2025-06-18 11:30:50.336071,29370.0,3434.0,3579.0
2025-06-18 11:30:51.433182,29370.0,3434.0,3579.0
2025-06-18 11:30:52.244483,29370.0,3419.0,3577.0
2025-06-18 11:30:52.355207,29370.0,3419.0,3577.0
2025-06-18 11:30:53.258057,29350.0,3419.0,3577.0
2025-06-18 11:30:53.298504,29350.0,3419.0,3577.0
2025-06-18 11:30:54.172533,29350.0,3419.0,3577.0
2025-06-18 11:30:55.981934,29350.0,3419.0,3577.0
2025-06-18 11:30:56.550746,29350.0,3419.0,3577.0
2025-06-18 11:30:57.342053,29350.0,3410.0,3579.0
2025-06-18 11:30:57.454701,29350.0,3410.0,3579.0
2025-06-18 11:30:58.762022,29350.0,3410.0,3579.0
2025-06-18 11:30:59.966955,29350.0,3410.0,3579.0
2025-06-18 11:31:00.831749,29350.0,3410.0,3579.0
2025-06-18 11:31:02.153812,29350.0,3409.0,3580.0
2025-06-18 11:31:02.288444,29350.0,3409.0,3580.0
2025-06-18 11:31:03.388110,29350.0,3409.0,3580.0
2025-06-18 11:31:04.495647,29350.0,3409.0,3580.0
2025-06-18 11:31:05.974539,29350.0,3409.0,3580.0
2025-06-18 11:31:07.049043,29350.0,3409.0,3581.0
2025-06-18 11:31:12.258686,29350.0,3417.0,3580.0
2025-06-18 11:31:17.359032,29350.0,3416.0,3582.0
2025-06-18 11:31:22.670775,29350.0,3399.0,3574.0
2025-06-18 11:31:28.276067,29395.0,3439.0,3535.0
2025-06-18 11:31:29.486631,29380.0,3439.0,3535.0
2025-06-18 11:31:33.681832,29380.0,3488.0,3521.0
2025-06-18 11:31:38.700298,29380.0,3510.0,3514.0
2025-06-18 11:31:41.263816,29385.0,3510.0,3514.0
2025-06-18 11:31:43.882035,29385.0,3481.0,3548.0
2025-06-18 11:31:48.884944,29385.0,3441.0,3596.0
2025-06-18 11:31:53.891381,29385.0,3444.0,3599.0
2025-06-18 11:31:58.993907,29385.0,3451.0,3593.0
2025-06-18 11:32:03.725160,29385.0,3453.0,3595.0
2025-06-18 11:32:09.307966,29385.0,3431.0,3596.0
2025-06-18 11:32:15.509953,29385.0,3439.0,3590.0
2025-06-18 11:32:20.818405,29385.0,3438.0,3584.0
2025-06-18 11:32:26.620205,29385.0,3436.0,3586.0
2025-06-18 11:32:29.262921,29365.0,3436.0,3586.0
2025-06-18 11:32:32.260463,29365.0,3436.0,3586.0
2025-06-18 11:32:32.424618,29365.0,3407.0,3567.0
2025-06-18 11:32:38.239096,29365.0,3428.0,3558.0
2025-06-18 11:32:43.940179,29365.0,3384.0,3571.0
2025-06-18 11:32:49.340163,29365.0,3377.0,3621.0
2025-06-18 11:32:53.261806,29365.0,3377.0,3621.0
2025-06-18 11:32:54.438683,29365.0,3383.0,3617.0
2025-06-18 11:32:59.859573,29365.0,3370.0,3623.0
2025-06-18 11:33:05.145769,29365.0,3372.0,3624.0
2025-06-18 11:33:10.743436,29365.0,3391.0,3643.0
2025-06-18 11:33:16.048501,29365.0,3395.0,3640.0
2025-06-18 11:33:21.255095,29365.0,3418.0,3618.0
2025-06-18 11:33:23.275921,29355.0,3418.0,3618.0
2025-06-18 11:33:26.450743,29350.0,3328.0,3694.0
2025-06-18 11:33:29.267910,29350.0,3328.0,3694.0
2025-06-18 11:33:32.265894,29315.0,3303.0,3721.0
2025-06-18 11:33:32.278113,29315.0,3303.0,3721.0
2025-06-18 11:33:35.274168,29335.0,3303.0,3721.0
2025-06-18 11:33:38.056942,29335.0,3332.0,3709.0
2025-06-18 11:33:44.062018,29335.0,3333.0,3698.0
2025-06-18 11:33:49.866208,29335.0,3334.0,3696.0
2025-06-18 11:33:51.101403,29335.0,3334.0,3696.0
2025-06-18 11:33:52.226206,29335.0,3334.0,3696.0
2025-06-18 11:33:53.151774,29335.0,3334.0,3696.0
2025-06-18 11:33:54.103741,29335.0,3334.0,3696.0
2025-06-18 11:33:55.570767,29335.0,3334.0,3696.0
2025-06-18 11:33:55.793861,29335.0,3334.0,3696.0
2025-06-18 11:33:56.897893,29335.0,3334.0,3696.0
2025-06-18 11:33:57.476161,29335.0,3334.0,3696.0
2025-06-18 11:33:58.375488,29335.0,3334.0,3696.0
2025-06-18 11:33:59.745618,29335.0,3334.0,3696.0
2025-06-18 11:34:00.888330,29335.0,3334.0,3696.0
2025-06-18 11:34:01.475417,29335.0,3300.0,3693.0
2025-06-18 11:34:01.754135,29335.0,3300.0,3693.0
2025-06-18 11:34:03.139238,29335.0,3300.0,3693.0
2025-06-18 11:34:04.281620,29335.0,3300.0,3693.0
2025-06-18 11:34:05.518353,29335.0,3300.0,3693.0
2025-06-18 11:34:06.888674,29335.0,3300.0,3693.0
2025-06-18 11:34:07.178738,29335.0,3298.0,3699.0
2025-06-18 11:34:12.682886,29325.0,3290.0,3725.0
2025-06-18 11:34:14.280562,29325.0,3290.0,3725.0
2025-06-18 11:34:17.991126,29325.0,3296.0,3729.0
2025-06-18 11:34:23.091666,29325.0,3298.0,3727.0
2025-06-18 11:34:28.594469,29325.0,3295.0,3726.0
2025-06-18 11:34:33.901757,29325.0,3309.0,3726.0
2025-06-18 11:34:40.275747,29330.0,3309.0,3726.0
2025-06-18 11:34:42.276057,29330.0,3309.0,3726.0
2025-06-18 11:34:43.602489,29330.0,3313.0,3745.0
2025-06-18 11:34:44.275143,29335.0,3313.0,3745.0
2025-06-18 11:34:48.907408,29335.0,3322.0,3732.0
2025-06-18 11:34:54.409274,29335.0,3320.0,3731.0
2025-06-18 11:34:56.284414,29315.0,3320.0,3731.0
2025-06-18 11:35:00.495547,29315.0,3322.0,3708.0
2025-06-18 11:35:05.225472,29315.0,3327.0,3719.0
2025-06-18 11:35:10.290598,29335.0,3327.0,3719.0
2025-06-18 11:35:11.019045,29335.0,3325.0,3743.0
2025-06-18 11:35:16.324412,29290.0,3325.0,3743.0
2025-06-18 11:35:16.730695,29290.0,2997.0,3899.0
2025-06-18 11:35:20.509765,29285.0,2997.0,3899.0
2025-06-18 11:35:22.323684,29285.0,3161.0,3870.0
2025-06-18 11:35:28.242818,29285.0,3160.0,3841.0
2025-06-18 11:35:34.028042,29285.0,3164.0,3840.0
2025-06-18 11:35:35.297101,29275.0,3164.0,3840.0
2025-06-18 11:35:39.835412,29275.0,3147.0,3816.0
2025-06-18 11:35:45.939046,29275.0,3160.0,3803.0
2025-06-18 11:35:51.647434,29275.0,3165.0,3802.0
2025-06-18 11:35:57.256734,29275.0,3166.0,3805.0
2025-06-18 11:36:03.051584,29285.0,3184.0,3791.0
2025-06-18 11:36:03.278340,29285.0,3184.0,3791.0
2025-06-18 11:36:09.623579,29285.0,3187.0,3820.0
2025-06-18 11:36:14.665003,29285.0,3187.0,3822.0
2025-06-18 11:36:19.286334,29275.0,3187.0,3822.0
2025-06-18 11:36:20.270128,29275.0,3187.0,3787.0
2025-06-18 11:36:25.761210,29275.0,3187.0,3790.0
2025-06-18 11:36:29.280449,29275.0,3187.0,3790.0
2025-06-18 11:36:31.361413,29275.0,3189.0,3788.0
2025-06-18 11:36:36.669754,29275.0,3187.0,3767.0
2025-06-18 11:36:41.868400,29275.0,3187.0,3771.0
2025-06-18 11:36:47.176590,29275.0,3186.0,3780.0
2025-06-18 11:36:51.357553,29275.0,3186.0,3780.0
2025-06-18 11:36:52.461364,29275.0,3186.0,3780.0
2025-06-18 11:36:52.569705,29275.0,3188.0,3774.0
2025-06-18 11:36:53.398691,29275.0,3188.0,3774.0
2025-06-18 11:36:54.351223,29275.0,3188.0,3774.0
2025-06-18 11:36:55.243283,29275.0,3188.0,3774.0
2025-06-18 11:36:55.279767,29285.0,3188.0,3774.0
2025-06-18 11:36:56.041269,29285.0,3188.0,3774.0
2025-06-18 11:36:57.100265,29285.0,3188.0,3774.0
2025-06-18 11:36:57.898121,29285.0,3185.0,3802.0
2025-06-18 11:36:58.082162,29285.0,3185.0,3802.0
2025-06-18 11:36:59.823347,29285.0,3185.0,3802.0
2025-06-18 11:37:01.080145,29285.0,3185.0,3802.0
2025-06-18 11:37:03.352876,29285.0,3185.0,3805.0
2025-06-18 11:37:03.357812,29285.0,3185.0,3805.0
2025-06-18 11:37:04.491883,29285.0,3185.0,3805.0
2025-06-18 11:37:05.698356,29285.0,3185.0,3805.0
2025-06-18 11:37:07.093702,29285.0,3185.0,3805.0
2025-06-18 11:37:08.383303,29285.0,3186.0,3802.0
2025-06-18 11:37:13.586950,29285.0,3185.0,3803.0
2025-06-18 11:37:18.592596,29285.0,3171.0,3803.0
2025-06-18 11:37:23.618187,29285.0,3187.0,3803.0
2025-06-18 11:37:28.493612,29285.0,3189.0,3805.0
2025-06-18 11:37:39.288902,29290.0,3189.0,3805.0
2025-06-18 11:37:39.312849,29290.0,3260.0,3723.0
2025-06-18 11:37:45.187029,29290.0,3272.0,3730.0
2025-06-18 11:37:47.290487,29300.0,3272.0,3730.0
2025-06-18 11:37:50.108170,29300.0,3238.0,3768.0
2025-06-18 11:37:55.511184,29300.0,3244.0,3739.0
2025-06-18 11:38:01.012335,29300.0,3262.0,3699.0
2025-06-18 11:38:06.617059,29300.0,3248.0,3735.0
2025-06-18 11:38:12.224682,29300.0,3260.0,3746.0
2025-06-18 11:38:17.734238,29300.0,3263.0,3707.0
2025-06-18 11:38:23.026142,29300.0,3267.0,3711.0
2025-06-18 11:38:28.131114,29300.0,3294.0,3706.0
2025-06-18 11:38:33.534053,29300.0,3281.0,3709.0
2025-06-18 11:38:38.839815,29315.0,3283.0,3712.0
2025-06-18 11:38:40.335222,29315.0,3283.0,3712.0
2025-06-18 11:38:44.042318,29315.0,3290.0,3718.0
2025-06-18 11:38:46.294892,29315.0,3290.0,3718.0
2025-06-18 11:38:49.145621,29315.0,3284.0,3719.0
2025-06-18 11:38:54.151570,29315.0,3286.0,3717.0
2025-06-18 11:38:59.157549,29315.0,3288.0,3715.0
2025-06-18 11:39:04.053770,29315.0,3310.0,3665.0
2025-06-18 11:39:09.562546,29315.0,3326.0,3639.0
2025-06-18 11:39:12.293896,29315.0,3326.0,3639.0
2025-06-18 11:39:15.177772,29315.0,3376.0,3580.0
2025-06-18 11:39:20.783948,29315.0,3381.0,3584.0
2025-06-18 11:39:26.770639,29315.0,3373.0,3581.0
2025-06-18 11:39:31.182551,29340.0,3388.0,3581.0
2025-06-18 11:39:32.290656,29340.0,3388.0,3581.0
2025-06-18 11:39:36.481024,29340.0,3393.0,3607.0
2025-06-18 11:39:41.783347,29340.0,3382.0,3607.0
2025-06-18 11:39:46.783732,29340.0,3372.0,3611.0
2025-06-18 11:39:51.775930,29340.0,3372.0,3611.0
2025-06-18 11:39:52.386641,29340.0,3376.0,3610.0
2025-06-18 11:39:53.292497,29340.0,3376.0,3610.0
2025-06-18 11:39:54.225607,29340.0,3376.0,3610.0
2025-06-18 11:39:55.184917,29340.0,3376.0,3610.0
2025-06-18 11:39:56.056461,29340.0,3376.0,3610.0
2025-06-18 11:39:57.794088,29340.0,3380.0,3619.0
2025-06-18 11:39:57.934808,29340.0,3380.0,3619.0
2025-06-18 11:39:58.509149,29340.0,3380.0,3619.0
2025-06-18 11:39:59.406572,29340.0,3380.0,3619.0
2025-06-18 11:40:00.683060,29340.0,3380.0,3619.0
2025-06-18 11:40:01.931946,29340.0,3380.0,3619.0
2025-06-18 11:40:02.806779,29340.0,3380.0,3619.0
2025-06-18 11:40:02.896278,29340.0,3381.0,3621.0
2025-06-18 11:40:04.204377,29340.0,3381.0,3621.0
2025-06-18 11:40:05.344100,29340.0,3381.0,3621.0
2025-06-18 11:40:06.482079,29340.0,3381.0,3621.0
2025-06-18 11:40:07.987225,29340.0,3381.0,3621.0
2025-06-18 11:40:07.997599,29340.0,3381.0,3622.0
2025-06-18 11:40:13.001247,29340.0,3378.0,3622.0
2025-06-18 11:40:18.202508,29340.0,3377.0,3623.0
2025-06-18 11:40:23.806914,29350.0,3392.0,3609.0
2025-06-18 11:40:24.301394,29350.0,3392.0,3609.0
2025-06-18 11:40:29.314902,29350.0,3390.0,3599.0
2025-06-18 11:40:32.305159,29350.0,3390.0,3599.0
2025-06-18 11:40:34.820474,29350.0,3383.0,3593.0
2025-06-18 11:40:40.219291,29350.0,3372.0,3610.0
2025-06-18 11:40:45.521106,29350.0,3374.0,3614.0
2025-06-18 11:40:50.729713,29350.0,3373.0,3612.0
2025-06-18 11:40:56.130134,29350.0,3370.0,3612.0
2025-06-18 11:40:58.300484,29345.0,3370.0,3612.0
2025-06-18 11:41:01.539021,29345.0,3375.0,3628.0
2025-06-18 11:41:06.836418,29345.0,3375.0,3626.0
2025-06-18 11:41:12.041634,29345.0,3397.0,3613.0
2025-06-18 11:41:16.312428,29350.0,3397.0,3613.0
2025-06-18 11:41:17.252036,29350.0,3427.0,3630.0
2025-06-18 11:41:22.305149,29350.0,3431.0,3626.0
2025-06-18 11:41:27.294400,29350.0,3464.0,3557.0
2025-06-18 11:41:32.303680,29355.0,3464.0,3557.0
2025-06-18 11:41:32.353767,29355.0,3471.0,3515.0
2025-06-18 11:41:38.158737,29355.0,3468.0,3568.0
2025-06-18 11:41:42.327212,29345.0,3468.0,3568.0
2025-06-18 11:41:43.561704,29345.0,3471.0,3505.0
2025-06-18 11:41:48.666555,29345.0,3473.0,3532.0
2025-06-18 11:41:53.680283,29345.0,3471.0,3533.0
2025-06-18 11:41:58.471130,29345.0,3474.0,3532.0
2025-06-18 11:42:03.175686,29345.0,3508.0,3509.0
2025-06-18 11:42:08.307348,29360.0,3508.0,3509.0
2025-06-18 11:42:08.477648,29360.0,3522.0,3504.0
2025-06-18 11:42:10.459335,29360.0,3522.0,3504.0
2025-06-18 11:42:13.580749,29360.0,3554.0,3488.0
2025-06-18 11:42:18.486893,29360.0,3531.0,3526.0
2025-06-18 11:42:23.795197,29370.0,3538.0,3523.0
2025-06-18 11:42:24.306021,29370.0,3538.0,3523.0
2025-06-18 11:42:28.994718,29370.0,3539.0,3521.0
2025-06-18 11:42:34.004137,29370.0,3542.0,3527.0
2025-06-18 11:42:39.210990,29370.0,3543.0,3523.0
2025-06-18 11:42:44.707548,29370.0,3540.0,3484.0
2025-06-18 11:42:50.511346,29370.0,3561.0,3451.0
2025-06-18 11:42:52.260408,29370.0,3561.0,3451.0
2025-06-18 11:42:53.344400,29370.0,3561.0,3451.0
2025-06-18 11:42:54.597642,29370.0,3561.0,3451.0
2025-06-18 11:42:55.525592,29370.0,3561.0,3451.0
2025-06-18 11:42:55.913107,29370.0,3582.0,3451.0
2025-06-18 11:42:56.424421,29370.0,3582.0,3451.0
2025-06-18 11:42:57.221933,29370.0,3582.0,3451.0
2025-06-18 11:42:58.298198,29370.0,3582.0,3451.0
2025-06-18 11:42:59.292215,29370.0,3582.0,3451.0
2025-06-18 11:43:00.158240,29370.0,3582.0,3451.0
2025-06-18 11:43:01.015103,29380.0,3579.0,3412.0
2025-06-18 11:43:01.042765,29380.0,3579.0,3412.0
2025-06-18 11:43:02.322596,29380.0,3579.0,3412.0
2025-06-18 11:43:02.344951,29380.0,3579.0,3412.0
2025-06-18 11:43:03.168254,29380.0,3579.0,3412.0
2025-06-18 11:43:04.579759,29380.0,3579.0,3412.0
2025-06-18 11:43:05.730935,29380.0,3579.0,3412.0
2025-06-18 11:43:06.016416,29380.0,3591.0,3438.0
2025-06-18 11:43:06.878918,29380.0,3591.0,3438.0
2025-06-18 11:43:08.441229,29380.0,3591.0,3438.0
2025-06-18 11:43:11.219462,29380.0,3586.0,3445.0
2025-06-18 11:43:16.921810,29380.0,3589.0,3473.0
2025-06-18 11:43:22.227651,29380.0,3589.0,3476.0
2025-06-18 11:43:27.230414,29380.0,3589.0,3475.0
2025-06-18 11:43:28.367445,29365.0,3589.0,3475.0
2025-06-18 11:43:33.123842,29365.0,3600.0,3422.0
2025-06-18 11:43:37.844947,29365.0,3590.0,3435.0
2025-06-18 11:43:43.147989,29365.0,3593.0,3488.0
2025-06-18 11:43:49.931692,29365.0,3605.0,3460.0
2025-06-18 11:43:54.052684,29380.0,3603.0,3501.0
2025-06-18 11:43:54.313210,29380.0,3603.0,3501.0
2025-06-18 11:43:59.295605,29380.0,3600.0,3503.0
2025-06-18 11:44:02.314273,29370.0,3600.0,3503.0
2025-06-18 11:44:04.363388,29370.0,3522.0,3582.0
2025-06-18 11:44:09.370337,29370.0,3526.0,3586.0
2025-06-18 11:44:15.141027,29370.0,3498.0,3603.0
2025-06-18 11:44:19.783898,29370.0,3501.0,3604.0
2025-06-18 11:44:24.684944,29370.0,3495.0,3603.0
2025-06-18 11:44:29.686000,29370.0,3503.0,3603.0
2025-06-18 11:44:34.479583,29370.0,3505.0,3596.0
2025-06-18 11:44:39.687235,29370.0,3513.0,3582.0
2025-06-18 11:44:45.085528,29370.0,3494.0,3586.0
2025-06-18 11:44:46.316763,29360.0,3494.0,3586.0
2025-06-18 11:44:50.089489,29360.0,3493.0,3583.0
2025-06-18 11:44:54.890110,29360.0,3495.0,3580.0
2025-06-18 11:45:00.499330,29360.0,3496.0,3583.0
2025-06-18 11:45:04.317951,29360.0,3496.0,3583.0
2025-06-18 11:45:04.506945,29360.0,3496.0,3585.0
2025-06-18 11:45:06.319375,29365.0,3496.0,3585.0
2025-06-18 11:45:09.404414,29365.0,3509.0,3575.0
2025-06-18 11:45:14.208175,29365.0,3506.0,3576.0
2025-06-18 11:45:19.406336,29365.0,3515.0,3573.0
2025-06-18 11:45:29.414652,29365.0,3510.0,3571.0
2025-06-18 11:45:34.553347,29365.0,3506.0,3572.0
2025-06-18 11:45:38.918392,29365.0,3503.0,3575.0
2025-06-18 11:45:43.822339,29365.0,3503.0,3576.0
2025-06-18 11:45:48.527361,29365.0,3512.0,3576.0
2025-06-18 11:45:52.731165,29365.0,3512.0,3576.0
2025-06-18 11:45:53.727067,29365.0,3512.0,3578.0
2025-06-18 11:45:53.817743,29365.0,3512.0,3578.0
2025-06-18 11:45:54.729535,29365.0,3512.0,3578.0
2025-06-18 11:45:55.825117,29365.0,3512.0,3578.0
2025-06-18 11:45:56.715292,29365.0,3512.0,3578.0
2025-06-18 11:45:57.524196,29365.0,3512.0,3578.0
2025-06-18 11:45:58.639243,29365.0,3512.0,3578.0
2025-06-18 11:45:58.828343,29365.0,3512.0,3577.0
2025-06-18 11:45:59.225317,29365.0,3512.0,3577.0
2025-06-18 11:46:00.073782,29365.0,3512.0,3577.0
2025-06-18 11:46:01.336331,29365.0,3512.0,3577.0
2025-06-18 11:46:02.600121,29365.0,3512.0,3577.0
2025-06-18 11:46:03.463916,29365.0,3512.0,3577.0
2025-06-18 11:46:03.732846,29365.0,3496.0,3576.0
2025-06-18 11:46:04.862781,29365.0,3496.0,3576.0
2025-06-18 11:46:06.027867,29365.0,3496.0,3576.0
2025-06-18 11:46:07.149309,29365.0,3496.0,3576.0
2025-06-18 11:46:08.617013,29365.0,3496.0,3576.0
2025-06-18 11:46:08.935827,29365.0,3510.0,3577.0
2025-06-18 11:46:14.236004,29365.0,3511.0,3578.0
2025-06-18 11:46:19.169925,29365.0,3495.0,3583.0
2025-06-18 11:46:29.049732,29365.0,3498.0,3585.0
2025-06-18 11:46:33.952975,29365.0,3499.0,3585.0
2025-06-18 11:46:38.854681,29365.0,3502.0,3581.0
2025-06-18 11:46:43.554753,29365.0,3502.0,3582.0
2025-06-18 11:46:48.167923,29365.0,3498.0,3581.0
2025-06-18 11:46:52.962421,29365.0,3499.0,3583.0
2025-06-18 11:46:57.326593,29350.0,3499.0,3583.0
2025-06-18 11:46:58.065166,29350.0,3494.0,3542.0
2025-06-18 11:47:02.767468,29350.0,3493.0,3575.0
2025-06-18 11:47:06.318931,29345.0,3493.0,3575.0
2025-06-18 11:47:07.673148,29345.0,3489.0,3552.0
2025-06-18 11:47:11.335766,29345.0,3489.0,3552.0
2025-06-18 11:47:13.076863,29345.0,3433.0,3660.0
2025-06-18 11:47:18.377411,29345.0,3443.0,3658.0
2025-06-18 11:47:23.378511,29345.0,3468.0,3595.0
2025-06-18 11:47:28.479022,29345.0,3467.0,3594.0
2025-06-18 11:47:33.685420,29345.0,3450.0,3604.0
2025-06-18 11:47:39.089513,29345.0,3453.0,3576.0
2025-06-18 11:47:44.689984,29345.0,3460.0,3552.0
2025-06-18 11:47:49.993348,29345.0,3456.0,3542.0
2025-06-18 11:47:55.137372,29345.0,3461.0,3541.0
2025-06-18 11:48:00.096390,29345.0,3462.0,3539.0
2025-06-18 11:48:04.999149,29345.0,3451.0,3534.0
2025-06-18 11:48:10.100664,29345.0,3455.0,3535.0
2025-06-18 11:48:15.202484,29345.0,3453.0,3542.0
2025-06-18 11:48:20.403978,29345.0,3467.0,3540.0
2025-06-18 11:48:25.507230,29345.0,3461.0,3544.0
2025-06-18 11:48:30.609740,29345.0,3457.0,3543.0
2025-06-18 11:48:35.913393,29345.0,3460.0,3573.0
2025-06-18 11:48:40.865344,29345.0,3453.0,3573.0
2025-06-18 11:48:45.520174,29345.0,3451.0,3546.0
2025-06-18 11:48:50.426254,29345.0,3453.0,3542.0
2025-06-18 11:48:53.230361,29345.0,3453.0,3542.0
2025-06-18 11:48:54.317668,29345.0,3453.0,3542.0
2025-06-18 11:48:55.236711,29345.0,3453.0,3542.0
2025-06-18 11:48:55.427925,29345.0,3454.0,3542.0
2025-06-18 11:48:56.209467,29345.0,3454.0,3542.0
2025-06-18 11:48:57.123608,29345.0,3454.0,3542.0
2025-06-18 11:48:59.030198,29345.0,3454.0,3542.0
2025-06-18 11:48:59.604962,29345.0,3454.0,3542.0
2025-06-18 11:49:00.230827,29345.0,3455.0,3545.0
2025-06-18 11:49:00.514979,29345.0,3455.0,3545.0
2025-06-18 11:49:01.882403,29345.0,3455.0,3545.0
2025-06-18 11:49:03.034094,29345.0,3455.0,3545.0
2025-06-18 11:49:05.306897,29345.0,3455.0,3545.0
2025-06-18 11:49:05.348690,29345.0,3454.0,3545.0
2025-06-18 11:49:06.444801,29345.0,3454.0,3545.0
2025-06-18 11:49:07.578154,29345.0,3454.0,3545.0
2025-06-18 11:49:09.071707,29345.0,3454.0,3545.0
2025-06-18 11:49:10.361073,29345.0,3454.0,3546.0
2025-06-18 11:49:15.240149,29345.0,3451.0,3590.0
2025-06-18 11:49:20.243273,29345.0,3450.0,3592.0
2025-06-18 11:49:25.253274,29345.0,3449.0,3594.0
2025-06-18 11:49:29.849850,29345.0,3439.0,3592.0
2025-06-18 11:49:32.337457,29340.0,3439.0,3592.0
2025-06-18 11:49:35.160196,29340.0,3441.0,3595.0
2025-06-18 11:49:40.356846,29340.0,3439.0,3590.0
2025-06-18 11:49:45.362830,29340.0,3440.0,3590.0
2025-06-18 11:49:46.333729,29355.0,3440.0,3590.0
2025-06-18 11:49:50.175113,29355.0,3439.0,3614.0
2025-06-18 11:49:54.872990,29355.0,3436.0,3614.0
2025-06-18 11:49:59.370587,29355.0,3440.0,3613.0
2025-06-18 11:50:03.973826,29355.0,3450.0,3613.0
2025-06-18 11:50:09.073482,29355.0,3372.0,3579.0
2025-06-18 11:50:12.330555,29340.0,3372.0,3579.0
2025-06-18 11:50:13.974941,29340.0,3370.0,3552.0
2025-06-18 11:50:18.879367,29340.0,3370.0,3583.0
2025-06-18 11:50:22.333394,29340.0,3370.0,3583.0
2025-06-18 11:50:24.004637,29340.0,3370.0,3592.0
2025-06-18 11:50:28.326791,29340.0,3370.0,3592.0
2025-06-18 11:50:29.079984,29340.0,3365.0,3606.0
2025-06-18 11:50:33.886975,29340.0,3367.0,3606.0
2025-06-18 11:50:39.087991,29340.0,3361.0,3603.0
2025-06-18 11:50:44.190813,29340.0,3361.0,3609.0
2025-06-18 11:50:49.092536,29340.0,3363.0,3602.0
2025-06-18 11:50:53.802801,29340.0,3353.0,3602.0
2025-06-18 11:50:58.397942,29340.0,3350.0,3604.0
2025-06-18 11:51:02.598624,29340.0,3350.0,3604.0
2025-06-18 11:51:07.202383,29340.0,3357.0,3604.0
2025-06-18 11:51:12.369919,29325.0,3357.0,3604.0
2025-06-18 11:51:12.503825,29325.0,3305.0,3683.0
2025-06-18 11:51:18.106617,29325.0,3302.0,3681.0
2025-06-18 11:51:23.211375,29325.0,3306.0,3677.0
2025-06-18 11:51:28.115430,29325.0,3306.0,3675.0
2025-06-18 11:51:32.917142,29325.0,3310.0,3671.0
2025-06-18 11:51:38.116007,29325.0,3294.0,3671.0
2025-06-18 11:51:43.120515,29325.0,3294.0,3679.0
2025-06-18 11:51:47.725959,29325.0,3295.0,3681.0
2025-06-18 11:51:52.431971,29325.0,3292.0,3674.0
2025-06-18 11:51:53.681254,29325.0,3292.0,3674.0
2025-06-18 11:51:54.755828,29325.0,3292.0,3674.0
2025-06-18 11:51:55.690700,29325.0,3292.0,3674.0
2025-06-18 11:51:56.656934,29325.0,3292.0,3674.0
2025-06-18 11:51:57.435749,29325.0,3296.0,3674.0
2025-06-18 11:51:57.680619,29325.0,3296.0,3674.0
2025-06-18 11:51:58.506145,29325.0,3296.0,3674.0
2025-06-18 11:51:59.603139,29325.0,3296.0,3674.0
2025-06-18 11:52:00.180048,29325.0,3296.0,3674.0
2025-06-18 11:52:01.091877,29325.0,3296.0,3674.0
2025-06-18 11:52:02.139723,29325.0,3270.0,3674.0
2025-06-18 11:52:02.338448,29325.0,3270.0,3674.0
2025-06-18 11:52:02.380279,29325.0,3270.0,3674.0
2025-06-18 11:52:03.618415,29325.0,3270.0,3674.0
2025-06-18 11:52:04.495299,29325.0,3270.0,3674.0
2025-06-18 11:52:05.891686,29325.0,3270.0,3674.0
2025-06-18 11:52:06.843601,29325.0,3271.0,3658.0
2025-06-18 11:52:07.029456,29325.0,3271.0,3658.0
2025-06-18 11:52:08.188312,29325.0,3271.0,3658.0
2025-06-18 11:52:09.670959,29325.0,3271.0,3658.0
2025-06-18 11:52:11.548380,29325.0,3272.0,3658.0
2025-06-18 11:52:16.258733,29325.0,3273.0,3651.0
2025-06-18 11:52:21.052865,29325.0,3218.0,3646.0
2025-06-18 11:52:26.164652,29325.0,3229.0,3648.0
2025-06-18 11:52:30.996646,29325.0,3226.0,3648.0
2025-06-18 11:52:34.417984,29320.0,3226.0,3648.0
2025-06-18 11:52:35.563612,29325.0,3224.0,3648.0
2025-06-18 11:52:36.340294,29325.0,3224.0,3648.0
2025-06-18 11:52:40.204871,29325.0,3217.0,3648.0
2025-06-18 11:52:54.277679,29325.0,3216.0,3648.0
2025-06-18 11:52:58.982546,29325.0,3218.0,3648.0
2025-06-18 11:53:03.985365,29325.0,3225.0,3650.0
2025-06-18 11:53:09.186499,29325.0,3225.0,3656.0
2025-06-18 11:53:14.091511,29325.0,3231.0,3656.0
2025-06-18 11:53:18.596259,29325.0,3231.0,3656.0
2025-06-18 11:53:23.309257,29325.0,3228.0,3658.0
2025-06-18 11:53:27.900735,29325.0,3228.0,3658.0
2025-06-18 11:53:32.207530,29325.0,3227.0,3658.0
2025-06-18 11:53:36.711158,29325.0,3234.0,3658.0
2025-06-18 11:53:41.509194,29325.0,3231.0,3656.0
2025-06-18 11:53:46.216006,29325.0,3231.0,3657.0
2025-06-18 11:53:50.829702,29325.0,3237.0,3658.0
2025-06-18 11:53:52.355825,29320.0,3237.0,3658.0
2025-06-18 11:53:55.620741,29320.0,3228.0,3651.0
2025-06-18 11:54:00.123644,29320.0,3243.0,3654.0
2025-06-18 11:54:04.629455,29320.0,3241.0,3654.0
2025-06-18 11:54:09.433097,29320.0,3238.0,3654.0
2025-06-18 11:54:14.034556,29320.0,3238.0,3651.0
2025-06-18 11:54:18.436793,29320.0,3238.0,3654.0
2025-06-18 11:54:23.039284,29320.0,3238.0,3629.0
2025-06-18 11:54:26.351300,29320.0,3238.0,3629.0
2025-06-18 11:54:27.541603,29320.0,3237.0,3628.0
2025-06-18 11:54:32.044016,29320.0,3234.0,3628.0
2025-06-18 11:54:36.849479,29320.0,3234.0,3628.0
2025-06-18 11:54:41.954385,29320.0,3236.0,3630.0
2025-06-18 11:54:47.460175,29320.0,3250.0,3630.0
2025-06-18 11:54:52.562390,29320.0,3246.0,3630.0
2025-06-18 11:54:54.348429,29320.0,3246.0,3630.0
2025-06-18 11:54:54.394992,29320.0,3246.0,3630.0
2025-06-18 11:54:55.413657,29320.0,3246.0,3630.0
2025-06-18 11:54:56.390296,29320.0,3246.0,3630.0
2025-06-18 11:54:57.263213,29320.0,3247.0,3625.0
2025-06-18 11:54:57.304041,29320.0,3247.0,3625.0
2025-06-18 11:54:58.211401,29320.0,3247.0,3625.0
2025-06-18 11:54:59.176449,29320.0,3247.0,3625.0
2025-06-18 11:55:00.275909,29320.0,3247.0,3625.0
2025-06-18 11:55:01.264848,29320.0,3247.0,3625.0
2025-06-18 11:55:02.141484,29320.0,3247.0,3625.0
2025-06-18 11:55:02.171727,29320.0,3247.0,3625.0
2025-06-18 11:55:03.029627,29320.0,3247.0,3625.0
2025-06-18 11:55:05.146826,29320.0,3247.0,3625.0
2025-06-18 11:55:05.261295,29320.0,3247.0,3625.0
2025-06-18 11:55:06.546767,29320.0,3247.0,3625.0
2025-06-18 11:55:07.272095,29320.0,3250.0,3621.0
2025-06-18 11:55:07.680839,29320.0,3250.0,3621.0
2025-06-18 11:55:08.359802,29320.0,3250.0,3621.0
2025-06-18 11:55:08.877259,29320.0,3250.0,3621.0
2025-06-18 11:55:10.400886,29320.0,3250.0,3621.0
2025-06-18 11:55:12.573705,29320.0,3249.0,3625.0
2025-06-18 11:55:17.476775,29320.0,3251.0,3627.0
2025-06-18 11:55:22.394910,29320.0,3246.0,3624.0
2025-06-18 11:55:27.583647,29320.0,3248.0,3625.0
2025-06-18 11:55:32.783155,29320.0,3258.0,3625.0
2025-06-18 11:55:37.788175,29320.0,3261.0,3630.0
2025-06-18 11:55:43.086934,29320.0,3262.0,3630.0
2025-06-18 11:55:47.929461,29320.0,3262.0,3629.0
2025-06-18 11:55:52.694696,29320.0,3262.0,3629.0
2025-06-18 11:55:57.695378,29320.0,3254.0,3677.0
2025-06-18 11:56:02.599102,29320.0,3254.0,3679.0
2025-06-18 11:56:07.602491,29320.0,3258.0,3654.0
2025-06-18 11:56:12.706800,29320.0,3258.0,3654.0
2025-06-18 11:56:16.423618,29315.0,3258.0,3654.0
2025-06-18 11:56:17.210613,29315.0,3249.0,3742.0
2025-06-18 11:56:21.819466,29315.0,3247.0,3746.0
2025-06-18 11:56:26.516322,29315.0,3247.0,3747.0
2025-06-18 11:56:31.122706,29315.0,3243.0,3740.0
2025-06-18 11:56:32.378449,29315.0,3243.0,3740.0
2025-06-18 11:56:35.928460,29315.0,3240.0,3741.0
2025-06-18 11:56:41.030943,29315.0,3235.0,3708.0
2025-06-18 11:56:46.037820,29315.0,3234.0,3709.0
2025-06-18 11:56:48.370935,29315.0,3234.0,3709.0
2025-06-18 11:56:50.730637,29315.0,3238.0,3706.0
2025-06-18 11:56:55.436752,29315.0,3238.0,3706.0
2025-06-18 11:57:09.665818,29315.0,3246.0,3709.0
2025-06-18 11:57:18.656158,29315.0,3249.0,3708.0
2025-06-18 11:57:23.954834,29315.0,3242.0,3711.0
2025-06-18 11:57:29.875652,29315.0,3250.0,3709.0
2025-06-18 11:57:34.170924,29315.0,3250.0,3708.0
2025-06-18 11:57:38.960707,29315.0,3249.0,3711.0
2025-06-18 11:57:43.761337,29315.0,3246.0,3709.0
2025-06-18 11:57:48.465519,29315.0,3257.0,3709.0
2025-06-18 11:57:53.069675,29310.0,3223.0,3682.0
2025-06-18 11:57:54.372901,29310.0,3223.0,3682.0
2025-06-18 11:57:54.999026,29310.0,3223.0,3682.0
2025-06-18 11:57:56.077359,29310.0,3223.0,3682.0
2025-06-18 11:57:57.975606,29310.0,3223.0,3682.0
2025-06-18 11:57:58.011052,29310.0,3224.0,3683.0
2025-06-18 11:57:58.878502,29310.0,3224.0,3683.0
2025-06-18 11:57:59.707130,29310.0,3224.0,3683.0
2025-06-18 11:58:00.360186,29305.0,3224.0,3683.0
2025-06-18 11:58:01.230383,29305.0,3224.0,3683.0
2025-06-18 11:58:02.220298,29305.0,3224.0,3683.0
2025-06-18 11:58:02.683878,29305.0,3216.0,3689.0
2025-06-18 11:58:02.698653,29305.0,3216.0,3689.0
2025-06-18 11:58:03.082199,29305.0,3216.0,3689.0
2025-06-18 11:58:05.255229,29305.0,3216.0,3689.0
2025-06-18 11:58:06.135158,29305.0,3216.0,3689.0
2025-06-18 11:58:06.360504,29305.0,3216.0,3689.0
2025-06-18 11:58:07.539491,29305.0,3216.0,3689.0
2025-06-18 11:58:07.782843,29305.0,3239.0,3652.0
2025-06-18 11:58:08.680494,29305.0,3239.0,3652.0
2025-06-18 11:58:09.813503,29305.0,3239.0,3652.0
2025-06-18 11:58:11.293782,29305.0,3239.0,3652.0
2025-06-18 11:58:12.885399,29305.0,3243.0,3647.0
2025-06-18 11:58:17.687206,29305.0,3245.0,3619.0
2025-06-18 11:58:22.407413,29305.0,3245.0,3607.0
2025-06-18 11:58:26.893015,29305.0,3249.0,3607.0
2025-06-18 11:58:31.395929,29305.0,3249.0,3607.0
2025-06-18 11:58:36.102769,29305.0,3247.0,3607.0
2025-06-18 11:58:38.368075,29305.0,3247.0,3607.0
2025-06-18 11:58:40.800474,29305.0,3240.0,3610.0
2025-06-18 11:58:45.501029,29305.0,3243.0,3610.0
2025-06-18 11:58:50.108399,29305.0,3239.0,3635.0
2025-06-18 11:58:54.713610,29305.0,3242.0,3603.0
2025-06-18 11:58:59.219413,29305.0,3245.0,3603.0
2025-06-18 11:59:03.619259,29305.0,3246.0,3599.0
2025-06-18 11:59:08.219747,29305.0,3245.0,3599.0
2025-06-18 11:59:13.123185,29305.0,3244.0,3592.0
2025-06-18 11:59:16.397387,29320.0,3244.0,3592.0
2025-06-18 11:59:17.864771,29320.0,3232.0,3594.0
2025-06-18 11:59:22.232049,29320.0,3241.0,3592.0
2025-06-18 11:59:26.840024,29320.0,3232.0,3591.0
2025-06-18 11:59:31.536582,29320.0,3233.0,3592.0
2025-06-18 11:59:36.374909,29320.0,3229.0,3617.0
2025-06-18 11:59:41.247888,29320.0,3233.0,3603.0
2025-06-18 11:59:45.858262,29320.0,3226.0,3604.0
2025-06-18 11:59:51.153727,29320.0,3230.0,3603.0
2025-06-18 12:00:04.764054,29320.0,3229.0,3604.0
2025-06-18 12:00:14.381840,29320.0,3240.0,3601.0
2025-06-18 12:00:19.171996,29320.0,3239.0,3601.0
2025-06-18 12:00:23.385461,29325.0,3239.0,3601.0
2025-06-18 12:00:24.180215,29325.0,3327.0,3450.0
2025-06-18 12:00:29.410467,29325.0,3332.0,3455.0
2025-06-18 12:00:34.177057,29325.0,3337.0,3474.0
2025-06-18 12:00:38.781782,29325.0,3332.0,3474.0
2025-06-18 12:00:43.288099,29320.0,3322.0,3487.0
2025-06-18 12:00:43.389805,29320.0,3322.0,3487.0
2025-06-18 12:00:48.088547,29320.0,3324.0,3490.0
2025-06-18 12:00:52.888246,29320.0,3323.0,3488.0
2025-06-18 12:00:55.315330,29320.0,3323.0,3488.0
2025-06-18 12:00:56.403413,29320.0,3323.0,3488.0
2025-06-18 12:00:57.324738,29320.0,3323.0,3488.0
2025-06-18 12:00:57.491726,29320.0,3314.0,3492.0
2025-06-18 12:00:58.290912,29320.0,3314.0,3492.0
2025-06-18 12:00:59.191978,29320.0,3314.0,3492.0
2025-06-18 12:01:01.110893,29320.0,3314.0,3492.0
2025-06-18 12:01:01.895084,29320.0,3314.0,3490.0
2025-06-18 12:01:02.225483,29320.0,3314.0,3490.0
2025-06-18 12:01:03.917171,29320.0,3314.0,3490.0
2025-06-18 12:01:05.154763,29320.0,3314.0,3490.0
2025-06-18 12:01:06.604927,29320.0,3315.0,3492.0
2025-06-18 12:01:07.419766,29320.0,3315.0,3492.0
2025-06-18 12:01:08.546397,29320.0,3315.0,3492.0
2025-06-18 12:01:09.688397,29320.0,3315.0,3492.0
2025-06-18 12:01:11.130200,29320.0,3315.0,3492.0
2025-06-18 12:01:11.404643,29330.0,3315.0,3492.0
2025-06-18 12:01:11.415433,29330.0,3328.0,3524.0
2025-06-18 12:01:16.114955,29330.0,3325.0,3525.0
2025-06-18 12:01:20.817249,29330.0,3322.0,3525.0
2025-06-18 12:01:25.320448,29330.0,3320.0,3524.0
2025-06-18 12:01:29.922078,29330.0,3320.0,3527.0
2025-06-18 12:01:33.384911,29320.0,3320.0,3527.0
2025-06-18 12:01:34.623637,29320.0,3274.0,3561.0
2025-06-18 12:01:35.385542,29325.0,3274.0,3561.0
2025-06-18 12:01:39.379107,29325.0,3274.0,3561.0
2025-06-18 12:01:39.928341,29325.0,3303.0,3532.0
2025-06-18 12:01:45.029976,29325.0,3293.0,3535.0
2025-06-18 12:01:49.832188,29325.0,3293.0,3532.0
2025-06-18 12:01:59.141368,29325.0,3294.0,3532.0
2025-06-18 12:02:03.353452,29325.0,3291.0,3532.0
2025-06-18 12:02:07.857839,29325.0,3291.0,3532.0
2025-06-18 12:02:12.450755,29325.0,3290.0,3532.0
2025-06-18 12:02:17.051584,29325.0,3290.0,3533.0
2025-06-18 12:02:21.554534,29325.0,3277.0,3552.0
2025-06-18 12:02:26.258918,29325.0,3278.0,3552.0
2025-06-18 12:02:30.666971,29325.0,3279.0,3553.0
2025-06-18 12:02:35.164320,29325.0,3272.0,3553.0
2025-06-18 12:02:40.166389,29325.0,3253.0,3553.0
2025-06-18 12:02:44.974915,29325.0,3247.0,3554.0
2025-06-18 12:02:49.773685,29325.0,3248.0,3552.0
2025-06-18 12:02:54.575455,29325.0,3253.0,3543.0
2025-06-18 12:03:00.174906,29325.0,3252.0,3545.0
2025-06-18 12:03:05.477667,29325.0,3251.0,3544.0
2025-06-18 12:03:10.681728,29325.0,3269.0,3549.0
2025-06-18 12:03:15.486837,29325.0,3270.0,3549.0
2025-06-18 12:03:20.487719,29325.0,3297.0,3458.0
2025-06-18 12:03:23.422430,29325.0,3297.0,3458.0
2025-06-18 12:03:25.291928,29325.0,3329.0,3433.0
2025-06-18 12:03:30.096714,29325.0,3334.0,3436.0
2025-06-18 12:03:35.101473,29325.0,3354.0,3414.0
2025-06-18 12:03:40.504927,29325.0,3354.0,3411.0
2025-06-18 12:03:45.605699,29325.0,3359.0,3417.0
2025-06-18 12:03:50.613647,29325.0,3363.0,3423.0
2025-06-18 12:03:55.214146,29325.0,3360.0,3424.0
2025-06-18 12:03:55.909706,29325.0,3360.0,3424.0
2025-06-18 12:03:57.087687,29325.0,3360.0,3424.0
2025-06-18 12:03:58.990661,29325.0,3360.0,3424.0
2025-06-18 12:03:59.902306,29325.0,3360.0,3424.0
2025-06-18 12:04:00.802174,29325.0,3360.0,3424.0
2025-06-18 12:04:01.975022,29325.0,3360.0,3424.0
2025-06-18 12:04:02.544481,29325.0,3360.0,3424.0
2025-06-18 12:04:03.495517,29325.0,3360.0,3424.0
2025-06-18 12:04:04.124514,29325.0,3361.0,3424.0
2025-06-18 12:04:04.779453,29325.0,3361.0,3424.0
2025-06-18 12:04:06.039101,29325.0,3361.0,3424.0
2025-06-18 12:04:08.346430,29325.0,3361.0,3424.0
2025-06-18 12:04:08.827674,29325.0,3361.0,3425.0
2025-06-18 12:04:09.498703,29325.0,3361.0,3425.0
2025-06-18 12:04:10.623414,29325.0,3361.0,3425.0
2025-06-18 12:04:12.086525,29325.0,3361.0,3425.0
2025-06-18 12:04:15.603430,29315.0,3361.0,3425.0
2025-06-18 12:04:18.134566,29315.0,3354.0,3441.0
2025-06-18 12:04:23.607171,29315.0,3354.0,3440.0
2025-06-18 12:04:25.403312,29335.0,3354.0,3440.0
2025-06-18 12:04:27.451743,29335.0,3361.0,3493.0
2025-06-18 12:04:32.248774,29335.0,3362.0,3493.0
2025-06-18 12:04:36.949343,29335.0,3364.0,3462.0
2025-06-18 12:04:42.069613,29335.0,3359.0,3462.0
2025-06-18 12:04:46.861282,29335.0,3366.0,3462.0
2025-06-18 12:04:51.462192,29335.0,3350.0,3459.0
2025-06-18 12:04:55.966109,29335.0,3380.0,3420.0
2025-06-18 12:05:01.064712,29335.0,3372.0,3423.0
2025-06-18 12:05:06.173389,29335.0,3369.0,3417.0
2025-06-18 12:05:11.475319,29335.0,3370.0,3418.0
2025-06-18 12:05:16.577822,29335.0,3383.0,3421.0
2025-06-18 12:05:21.189678,29335.0,3387.0,3423.0
2025-06-18 12:05:25.983342,29335.0,3387.0,3421.0
2025-06-18 12:05:30.485011,29335.0,3386.0,3416.0
2025-06-18 12:05:35.088766,29335.0,3387.0,3417.0
2025-06-18 12:05:44.206658,29335.0,3394.0,3412.0
2025-06-18 12:05:49.498111,29335.0,3394.0,3407.0
2025-06-18 12:05:54.206595,29335.0,3394.0,3414.0
2025-06-18 12:05:58.802352,29335.0,3396.0,3415.0
2025-06-18 12:06:03.306021,29335.0,3395.0,3416.0
2025-06-18 12:06:07.917873,29335.0,3395.0,3417.0
2025-06-18 12:06:12.463641,29335.0,3396.0,3414.0
2025-06-18 12:06:17.115479,29335.0,3396.0,3425.0
2025-06-18 12:06:26.122600,29355.0,3455.0,3320.0
2025-06-18 12:06:26.414881,29355.0,3455.0,3320.0
2025-06-18 12:06:32.025183,29355.0,3447.0,3325.0
2025-06-18 12:06:37.225327,29355.0,3462.0,3325.0
2025-06-18 12:06:42.438065,29355.0,3464.0,3323.0
2025-06-18 12:06:45.440034,29340.0,3464.0,3323.0
2025-06-18 12:06:47.459159,29350.0,3464.0,3323.0
2025-06-18 12:06:47.830782,29350.0,3365.0,3503.0
2025-06-18 12:06:49.629682,29325.0,3365.0,3503.0
2025-06-18 12:06:52.735984,29325.0,3357.0,3463.0
2025-06-18 12:06:56.338110,29325.0,3357.0,3463.0
2025-06-18 12:06:57.340711,29325.0,3364.0,3462.0
2025-06-18 12:06:57.468896,29325.0,3364.0,3462.0
2025-06-18 12:06:58.457822,29325.0,3364.0,3462.0
2025-06-18 12:06:59.365103,29325.0,3364.0,3462.0
2025-06-18 12:07:00.296756,29325.0,3364.0,3462.0
2025-06-18 12:07:01.107304,29325.0,3364.0,3462.0
2025-06-18 12:07:02.206724,29325.0,3364.0,3462.0
2025-06-18 12:07:02.346690,29325.0,3367.0,3465.0
2025-06-18 12:07:02.787388,29325.0,3367.0,3465.0
2025-06-18 12:07:03.258141,29325.0,3367.0,3465.0
2025-06-18 12:07:04.148785,29325.0,3367.0,3465.0
2025-06-18 12:07:05.031633,29325.0,3367.0,3465.0
2025-06-18 12:07:06.298613,29325.0,3367.0,3465.0
2025-06-18 12:07:07.169394,29325.0,3367.0,3465.0
2025-06-18 12:07:07.545453,29325.0,3369.0,3462.0
2025-06-18 12:07:08.588200,29325.0,3369.0,3462.0
2025-06-18 12:07:09.735963,29325.0,3369.0,3462.0
2025-06-18 12:07:10.902154,29325.0,3369.0,3462.0
2025-06-18 12:07:12.367253,29325.0,3369.0,3462.0
2025-06-18 12:07:12.849726,29325.0,3369.0,3467.0
2025-06-18 12:07:17.436244,29355.0,3369.0,3467.0
2025-06-18 12:07:18.253875,29355.0,3377.0,3452.0
2025-06-18 12:07:23.907439,29355.0,3378.0,3458.0
2025-06-18 12:07:30.395564,29355.0,3385.0,3441.0
2025-06-18 12:07:34.687722,29355.0,3412.0,3407.0
2025-06-18 12:07:39.867790,29355.0,3413.0,3400.0
2025-06-18 12:07:44.864644,29355.0,3416.0,3396.0
2025-06-18 12:07:49.673539,29355.0,3416.0,3397.0
2025-06-18 12:07:54.771256,29355.0,3415.0,3396.0
2025-06-18 12:07:59.677982,29355.0,3415.0,3395.0
2025-06-18 12:08:04.276166,29355.0,3415.0,3396.0
2025-06-18 12:08:09.282454,29355.0,3415.0,3397.0
2025-06-18 12:08:14.402187,29355.0,3407.0,3396.0
2025-06-18 12:08:20.456642,29355.0,3397.0,3403.0
2025-06-18 12:08:24.403300,29355.0,3398.0,3406.0
2025-06-18 12:08:30.253083,29355.0,3399.0,3424.0
2025-06-18 12:08:34.697498,29355.0,3405.0,3424.0
2025-06-18 12:08:44.598963,29355.0,3393.0,3422.0
2025-06-18 12:08:48.422510,29345.0,3393.0,3422.0
2025-06-18 12:08:49.502574,29345.0,3397.0,3430.0
2025-06-18 12:08:54.616077,29345.0,3395.0,3431.0
2025-06-18 12:08:59.711199,29345.0,3394.0,3432.0
2025-06-18 12:09:05.208731,29345.0,3391.0,3427.0
2025-06-18 12:09:10.611184,29345.0,3390.0,3425.0
2025-06-18 12:09:15.514884,29345.0,3394.0,3426.0
2025-06-18 12:09:20.724758,29345.0,3392.0,3427.0
2025-06-18 12:09:22.425160,29360.0,3392.0,3427.0
2025-06-18 12:09:25.730170,29360.0,3411.0,3428.0
2025-06-18 12:09:30.431459,29360.0,3409.0,3428.0
2025-06-18 12:09:35.332478,29360.0,3399.0,3430.0
2025-06-18 12:09:40.332321,29360.0,3405.0,3430.0
2025-06-18 12:09:45.334232,29360.0,3403.0,3427.0
2025-06-18 12:09:50.463230,29360.0,3399.0,3422.0
2025-06-18 12:09:55.741512,29360.0,3403.0,3422.0
2025-06-18 12:09:56.683853,29360.0,3403.0,3422.0
2025-06-18 12:09:57.829620,29360.0,3403.0,3422.0
2025-06-18 12:09:58.743308,29360.0,3403.0,3422.0
2025-06-18 12:09:59.719219,29360.0,3403.0,3422.0
2025-06-18 12:10:00.720293,29360.0,3403.0,3422.0
2025-06-18 12:10:00.843414,29360.0,3402.0,3420.0
2025-06-18 12:10:01.515043,29360.0,3402.0,3420.0
2025-06-18 12:10:02.613611,29360.0,3402.0,3420.0
2025-06-18 12:10:03.229807,29360.0,3402.0,3420.0
2025-06-18 12:10:04.166623,29360.0,3402.0,3420.0
2025-06-18 12:10:05.534585,29360.0,3402.0,3420.0
2025-06-18 12:10:06.145098,29360.0,3390.0,3425.0
2025-06-18 12:10:06.712988,29360.0,3390.0,3425.0
2025-06-18 12:10:07.543677,29360.0,3390.0,3425.0
2025-06-18 12:10:08.960313,29360.0,3390.0,3425.0
2025-06-18 12:10:10.088459,29360.0,3390.0,3425.0
2025-06-18 12:10:11.224193,29360.0,3390.0,3425.0
2025-06-18 12:10:11.349084,29360.0,3390.0,3426.0
2025-06-18 12:10:12.739872,29360.0,3390.0,3426.0
2025-06-18 12:10:16.549073,29360.0,3406.0,3431.0
2025-06-18 12:10:21.655771,29360.0,3408.0,3429.0
2025-06-18 12:10:26.354097,29360.0,3410.0,3424.0
2025-06-18 12:10:31.059279,29360.0,3409.0,3433.0
2025-06-18 12:10:35.868002,29360.0,3400.0,3431.0
2025-06-18 12:10:40.562469,29360.0,3401.0,3433.0
2025-06-18 12:10:45.370602,29360.0,3398.0,3433.0
2025-06-18 12:10:50.266554,29360.0,3403.0,3431.0
2025-06-18 12:10:54.868724,29360.0,3397.0,3433.0
2025-06-18 12:10:59.570802,29360.0,3409.0,3434.0
2025-06-18 12:11:04.273388,29360.0,3409.0,3434.0
2025-06-18 12:11:13.878242,29360.0,3409.0,3433.0
2025-06-18 12:11:18.782129,29360.0,3411.0,3433.0
2025-06-18 12:11:23.783357,29360.0,3410.0,3433.0
2025-06-18 12:11:28.888123,29360.0,3406.0,3431.0
2025-06-18 12:11:33.994059,29360.0,3406.0,3433.0
2025-06-18 12:11:39.203117,29360.0,3412.0,3432.0
2025-06-18 12:11:44.005304,29360.0,3410.0,3433.0
2025-06-18 12:11:49.200192,29360.0,3411.0,3433.0
2025-06-18 12:11:54.405431,29360.0,3412.0,3433.0
2025-06-18 12:11:59.104686,29360.0,3412.0,3431.0
2025-06-18 12:12:03.809314,29360.0,3415.0,3428.0
2025-06-18 12:12:08.814964,29360.0,3419.0,3429.0
2025-06-18 12:12:12.421829,29360.0,3419.0,3429.0
2025-06-18 12:12:13.735999,29360.0,3435.0,3377.0
2025-06-18 12:12:18.817107,29360.0,3479.0,3337.0
2025-06-18 12:12:22.436675,29360.0,3479.0,3337.0
2025-06-18 12:12:24.120908,29360.0,3424.0,3403.0
2025-06-18 12:12:26.429679,29350.0,3424.0,3403.0
2025-06-18 12:12:29.126629,29350.0,3426.0,3386.0
2025-06-18 12:12:30.428902,29375.0,3426.0,3386.0
2025-06-18 12:12:33.829440,29375.0,3454.0,3351.0
2025-06-18 12:12:38.531231,29375.0,3458.0,3351.0
2025-06-18 12:12:43.234791,29375.0,3456.0,3352.0
2025-06-18 12:12:48.142447,29375.0,3452.0,3355.0
2025-06-18 12:12:52.964975,29375.0,3449.0,3368.0
2025-06-18 12:12:57.198957,29375.0,3449.0,3368.0
2025-06-18 12:12:58.322893,29375.0,3449.0,3368.0
2025-06-18 12:12:59.270014,29375.0,3449.0,3368.0
2025-06-18 12:13:00.246640,29375.0,3449.0,3368.0
2025-06-18 12:13:01.195987,29375.0,3449.0,3368.0
2025-06-18 12:13:02.646017,29375.0,3457.0,3361.0
2025-06-18 12:13:03.120955,29375.0,3457.0,3361.0
2025-06-18 12:13:04.157596,29375.0,3457.0,3361.0
2025-06-18 12:13:05.077719,29375.0,3457.0,3361.0
2025-06-18 12:13:05.987612,29375.0,3457.0,3361.0
2025-06-18 12:13:07.224947,29375.0,3457.0,3361.0
2025-06-18 12:13:07.348111,29375.0,3454.0,3358.0
2025-06-18 12:13:08.103805,29375.0,3454.0,3358.0
2025-06-18 12:13:09.516428,29375.0,3454.0,3358.0
2025-06-18 12:13:10.665278,29375.0,3454.0,3358.0
2025-06-18 12:13:11.785615,29375.0,3454.0,3358.0
2025-06-18 12:13:12.253226,29375.0,3455.0,3363.0
2025-06-18 12:13:13.268980,29375.0,3455.0,3363.0
2025-06-18 12:13:17.557315,29375.0,3484.0,3277.0
2025-06-18 12:13:22.562290,29375.0,3476.0,3296.0
2025-06-18 12:13:26.435314,29380.0,3476.0,3296.0
2025-06-18 12:13:27.475905,29380.0,3454.0,3366.0
2025-06-18 12:13:32.484355,29380.0,3482.0,3370.0
2025-06-18 12:13:37.277035,29380.0,3488.0,3367.0
2025-06-18 12:13:41.977967,29380.0,3490.0,3370.0
2025-06-18 12:13:46.725642,29380.0,3484.0,3373.0
2025-06-18 12:13:51.084872,29380.0,3454.0,3377.0
2025-06-18 12:13:55.788000,29380.0,3453.0,3377.0
2025-06-18 12:14:00.436990,29370.0,3453.0,3377.0
2025-06-18 12:14:00.585872,29370.0,3476.0,3467.0
2025-06-18 12:14:04.991413,29370.0,3479.0,3436.0
2025-06-18 12:14:09.591740,29370.0,3478.0,3426.0
2025-06-18 12:14:14.195786,29370.0,3475.0,3429.0
2025-06-18 12:14:19.100263,29370.0,3458.0,3445.0
2025-06-18 12:14:20.435377,29350.0,3458.0,3445.0
2025-06-18 12:14:24.103333,29350.0,3475.0,3444.0
2025-06-18 12:14:28.907400,29350.0,3476.0,3451.0
2025-06-18 12:14:33.607432,29350.0,3475.0,3454.0
2025-06-18 12:14:38.611013,29350.0,3477.0,3448.0
2025-06-18 12:14:43.515343,29350.0,3472.0,3453.0
2025-06-18 12:14:48.325828,29350.0,3472.0,3453.0
2025-06-18 12:14:53.023680,29350.0,3477.0,3453.0
2025-06-18 12:14:56.446397,29350.0,3477.0,3453.0
2025-06-18 12:14:57.629300,29350.0,3478.0,3437.0
2025-06-18 12:15:02.728237,29350.0,3531.0,3371.0
2025-06-18 12:15:08.133464,29360.0,3471.0,3436.0
2025-06-18 12:15:08.465090,29360.0,3471.0,3436.0
2025-06-18 12:15:12.448471,29365.0,3471.0,3436.0
2025-06-18 12:15:13.235064,29365.0,3459.0,3464.0
2025-06-18 12:15:18.543008,29365.0,3463.0,3466.0
2025-06-18 12:15:23.544009,29365.0,3462.0,3466.0
2025-06-18 12:15:28.151793,29365.0,3498.0,3446.0
2025-06-18 12:15:33.262560,29365.0,3473.0,3454.0
2025-06-18 12:15:38.366458,29365.0,3472.0,3453.0
2025-06-18 12:15:43.264869,29365.0,3470.0,3453.0
2025-06-18 12:15:48.006149,29365.0,3472.0,3449.0
2025-06-18 12:15:52.677950,29365.0,3481.0,3448.0
2025-06-18 12:15:57.178021,29365.0,3485.0,3443.0
2025-06-18 12:15:57.741249,29365.0,3485.0,3443.0
2025-06-18 12:15:58.855075,29365.0,3485.0,3443.0
2025-06-18 12:15:59.799043,29365.0,3485.0,3443.0
2025-06-18 12:16:00.773748,29365.0,3485.0,3443.0
2025-06-18 12:16:01.376574,29365.0,3480.0,3446.0
2025-06-18 12:16:01.690517,29365.0,3480.0,3446.0
2025-06-18 12:16:02.540920,29365.0,3480.0,3446.0
2025-06-18 12:16:03.646440,29365.0,3480.0,3446.0
2025-06-18 12:16:04.230637,29365.0,3480.0,3446.0
2025-06-18 12:16:05.147837,29365.0,3480.0,3446.0
2025-06-18 12:16:06.570698,29365.0,3480.0,3446.0
2025-06-18 12:16:06.580280,29365.0,3483.0,3448.0
2025-06-18 12:16:07.766652,29365.0,3483.0,3448.0
2025-06-18 12:16:08.631199,29365.0,3483.0,3448.0
2025-06-18 12:16:10.048765,29365.0,3483.0,3448.0
2025-06-18 12:16:11.203825,29365.0,3483.0,3448.0
2025-06-18 12:16:11.494385,29365.0,3487.0,3450.0
2025-06-18 12:16:12.343671,29365.0,3487.0,3450.0
2025-06-18 12:16:13.830060,29365.0,3487.0,3450.0
2025-06-18 12:16:16.389876,29365.0,3485.0,3449.0
2025-06-18 12:16:21.498399,29365.0,3488.0,3448.0
2025-06-18 12:16:26.895496,29365.0,3477.0,3438.0
2025-06-18 12:16:32.198975,29365.0,3481.0,3436.0
2025-06-18 12:16:38.394940,29365.0,3531.0,3436.0
2025-06-18 12:16:41.501520,29365.0,3525.0,3436.0
2025-06-18 12:16:46.104207,29365.0,3524.0,3441.0
2025-06-18 12:16:51.309208,29365.0,3518.0,3441.0
2025-06-18 12:16:56.314257,29365.0,3520.0,3439.0
2025-06-18 12:17:01.114235,29365.0,3520.0,3437.0
2025-06-18 12:17:06.120909,29365.0,3506.0,3439.0
2025-06-18 12:17:11.326629,29365.0,3505.0,3437.0
2025-06-18 12:17:16.252338,29365.0,3503.0,3438.0
2025-06-18 12:17:21.133032,29345.0,3449.0,3539.0
2025-06-18 12:17:21.451628,29345.0,3449.0,3539.0
2025-06-18 12:17:26.035318,29345.0,3453.0,3506.0
2025-06-18 12:17:26.514736,29340.0,3453.0,3506.0
2025-06-18 12:17:30.942020,29340.0,3441.0,3536.0
2025-06-18 12:17:35.938980,29340.0,3440.0,3540.0
2025-06-18 12:17:40.546293,29340.0,3442.0,3536.0
2025-06-18 12:17:45.617195,29340.0,3438.0,3537.0
2025-06-18 12:17:46.460373,29340.0,3438.0,3537.0
2025-06-18 12:17:49.757754,29340.0,3436.0,3542.0
2025-06-18 12:17:54.556922,29340.0,3443.0,3546.0
2025-06-18 12:17:59.477140,29340.0,3440.0,3502.0
2025-06-18 12:18:04.066708,29340.0,3476.0,3473.0
2025-06-18 12:18:08.865232,29340.0,3472.0,3473.0
2025-06-18 12:18:13.514208,29340.0,3475.0,3475.0
2025-06-18 12:18:18.174375,29340.0,3446.0,3484.0
2025-06-18 12:18:22.998507,29340.0,3445.0,3476.0
2025-06-18 12:18:27.679843,29340.0,3425.0,3477.0
2025-06-18 12:18:32.381007,29340.0,3425.0,3477.0
2025-06-18 12:18:36.888149,29340.0,3427.0,3480.0
2025-06-18 12:18:41.619070,29340.0,3423.0,3477.0
2025-06-18 12:18:46.708375,29340.0,3420.0,3475.0
2025-06-18 12:18:51.614373,29340.0,3425.0,3479.0
2025-06-18 12:18:56.197578,29340.0,3446.0,3479.0
2025-06-18 12:18:58.239304,29340.0,3446.0,3479.0
2025-06-18 12:18:59.357192,29340.0,3446.0,3479.0
2025-06-18 12:19:00.308739,29340.0,3446.0,3479.0
2025-06-18 12:19:01.002436,29340.0,3447.0,3478.0
2025-06-18 12:19:01.283635,29340.0,3447.0,3478.0
2025-06-18 12:19:02.190906,29340.0,3447.0,3478.0
2025-06-18 12:19:04.135500,29340.0,3447.0,3478.0
2025-06-18 12:19:05.118259,29340.0,3447.0,3478.0
2025-06-18 12:19:05.905830,29340.0,3446.0,3481.0
2025-06-18 12:19:05.992071,29340.0,3446.0,3481.0
2025-06-18 12:19:06.880532,29340.0,3446.0,3481.0
2025-06-18 12:19:08.352238,29340.0,3446.0,3481.0
2025-06-18 12:19:09.231112,29340.0,3446.0,3481.0
2025-06-18 12:19:10.639991,29340.0,3446.0,3481.0
2025-06-18 12:19:10.809330,29340.0,3473.0,3479.0
2025-06-18 12:19:11.773650,29340.0,3473.0,3479.0
2025-06-18 12:19:12.922110,29340.0,3473.0,3479.0
2025-06-18 12:19:14.400758,29340.0,3473.0,3479.0
2025-06-18 12:19:15.512461,29340.0,3472.0,3471.0
2025-06-18 12:19:20.119052,29340.0,3468.0,3471.0
2025-06-18 12:19:24.926511,29340.0,3465.0,3471.0
2025-06-18 12:19:29.725750,29340.0,3461.0,3494.0
2025-06-18 12:19:34.730270,29340.0,3463.0,3489.0
2025-06-18 12:19:37.463452,29340.0,3463.0,3489.0
2025-06-18 12:19:39.532195,29340.0,3459.0,3520.0
2025-06-18 12:19:41.487583,29335.0,3459.0,3520.0
2025-06-18 12:19:44.137346,29335.0,3456.0,3517.0
2025-06-18 12:19:48.939495,29335.0,3455.0,3517.0
2025-06-18 12:19:53.646625,29335.0,3454.0,3519.0
2025-06-18 12:19:58.463242,29335.0,3454.0,3515.0
2025-06-18 12:20:02.949474,29335.0,3454.0,3517.0
2025-06-18 12:20:05.461393,29340.0,3454.0,3517.0
2025-06-18 12:20:07.549852,29340.0,3458.0,3514.0
2025-06-18 12:20:12.253941,29340.0,3459.0,3485.0
2025-06-18 12:20:17.164459,29340.0,3461.0,3490.0
2025-06-18 12:20:22.164049,29340.0,3468.0,3490.0
2025-06-18 12:20:26.864519,29340.0,3466.0,3492.0
2025-06-18 12:20:31.672499,29335.0,3455.0,3500.0
2025-06-18 12:20:32.466455,29335.0,3455.0,3500.0
2025-06-18 12:20:34.509999,29340.0,3455.0,3500.0
2025-06-18 12:20:37.268247,29340.0,3445.0,3543.0
2025-06-18 12:20:42.379765,29340.0,3453.0,3540.0
2025-06-18 12:20:47.295924,29340.0,3452.0,3537.0
2025-06-18 12:20:51.776598,29340.0,3454.0,3540.0
2025-06-18 12:20:56.782483,29340.0,3453.0,3545.0
2025-06-18 12:21:00.471314,29330.0,3453.0,3545.0
2025-06-18 12:21:01.383953,29330.0,3445.0,3500.0
2025-06-18 12:21:06.188282,29330.0,3446.0,3499.0
2025-06-18 12:21:10.987575,29330.0,3446.0,3502.0
2025-06-18 12:21:15.992098,29330.0,3449.0,3503.0
2025-06-18 12:21:20.594608,29330.0,3450.0,3501.0
2025-06-18 12:21:25.399167,29330.0,3445.0,3502.0
2025-06-18 12:21:30.401044,29330.0,3445.0,3501.0
2025-06-18 12:21:35.306237,29330.0,3446.0,3502.0
2025-06-18 12:21:39.807317,29330.0,3445.0,3513.0
2025-06-18 12:21:44.309381,29330.0,3448.0,3512.0
2025-06-18 12:21:48.910326,29330.0,3443.0,3512.0
2025-06-18 12:21:53.516108,29330.0,3446.0,3509.0
2025-06-18 12:21:58.415029,29330.0,3445.0,3509.0
2025-06-18 12:21:58.759980,29330.0,3445.0,3509.0
2025-06-18 12:21:59.870899,29330.0,3445.0,3509.0
2025-06-18 12:22:00.826358,29330.0,3445.0,3509.0
2025-06-18 12:22:01.806296,29330.0,3445.0,3509.0
2025-06-18 12:22:02.723479,29330.0,3445.0,3509.0
2025-06-18 12:22:02.761782,29330.0,3447.0,3512.0
2025-06-18 12:22:03.573370,29330.0,3447.0,3512.0
2025-06-18 12:22:04.673171,29330.0,3447.0,3512.0
2025-06-18 12:22:05.265129,29330.0,3447.0,3512.0
2025-06-18 12:22:06.203212,29330.0,3447.0,3512.0
2025-06-18 12:22:07.330404,29330.0,3452.0,3513.0
2025-06-18 12:22:07.421127,29330.0,3452.0,3513.0
2025-06-18 12:22:08.664301,29330.0,3452.0,3513.0
2025-06-18 12:22:09.654120,29330.0,3452.0,3513.0
2025-06-18 12:22:11.073230,29330.0,3452.0,3513.0
2025-06-18 12:22:11.925365,29330.0,3448.0,3517.0
2025-06-18 12:22:12.223060,29330.0,3448.0,3517.0
2025-06-18 12:22:13.359760,29330.0,3448.0,3517.0
2025-06-18 12:22:13.473543,29325.0,3448.0,3517.0
2025-06-18 12:22:14.914432,29325.0,3448.0,3517.0
2025-06-18 12:22:16.831248,29325.0,3365.0,3544.0
2025-06-18 12:22:21.734589,29325.0,3356.0,3538.0
2025-06-18 12:22:26.241143,29325.0,3360.0,3536.0
2025-06-18 12:22:30.839860,29325.0,3359.0,3535.0
2025-06-18 12:22:35.546911,29325.0,3357.0,3536.0
2025-06-18 12:22:37.474077,29320.0,3357.0,3536.0
2025-06-18 12:22:40.654814,29320.0,3339.0,3585.0
2025-06-18 12:22:45.555124,29320.0,3337.0,3586.0
2025-06-18 12:22:50.755655,29320.0,3340.0,3586.0
2025-06-18 12:22:55.762794,29320.0,3339.0,3586.0
2025-06-18 12:22:59.475895,29320.0,3339.0,3586.0
2025-06-18 12:23:00.665736,29320.0,3339.0,3579.0
2025-06-18 12:23:05.866904,29320.0,3339.0,3581.0
2025-06-18 12:23:10.770018,29320.0,3337.0,3552.0
2025-06-18 12:23:15.474635,29320.0,3337.0,3552.0
2025-06-18 12:23:15.572621,29320.0,3326.0,3554.0
2025-06-18 12:23:20.462943,29320.0,3308.0,3579.0
2025-06-18 12:23:25.178398,29320.0,3305.0,3576.0
2025-06-18 12:23:29.778883,29320.0,3304.0,3576.0
2025-06-18 12:23:34.484160,29320.0,3307.0,3575.0
2025-06-18 12:23:38.884752,29320.0,3309.0,3575.0
2025-06-18 12:23:43.289417,29320.0,3304.0,3576.0
2025-06-18 12:23:48.095528,29320.0,3304.0,3575.0
2025-06-18 12:23:52.798709,29320.0,3302.0,3569.0
2025-06-18 12:23:58.003500,29320.0,3308.0,3573.0
2025-06-18 12:24:03.044816,29320.0,3308.0,3570.0
2025-06-18 12:24:08.104963,29320.0,3302.0,3575.0
2025-06-18 12:24:13.049389,29320.0,3310.0,3570.0
2025-06-18 12:24:17.808463,29320.0,3305.0,3570.0
2025-06-18 12:24:22.715410,29320.0,3298.0,3570.0
2025-06-18 12:24:27.538217,29320.0,3307.0,3568.0
2025-06-18 12:24:32.123960,29320.0,3305.0,3590.0
2025-06-18 12:24:37.125495,29320.0,3307.0,3591.0
2025-06-18 12:24:42.628290,29320.0,3301.0,3594.0
2025-06-18 12:24:47.930251,29320.0,3304.0,3592.0
2025-06-18 12:24:52.930699,29320.0,3301.0,3590.0
2025-06-18 12:24:57.734117,29320.0,3300.0,3590.0
2025-06-18 12:24:59.271489,29320.0,3300.0,3590.0
2025-06-18 12:25:00.396214,29320.0,3300.0,3590.0
2025-06-18 12:25:01.359209,29320.0,3300.0,3590.0
2025-06-18 12:25:02.338984,29320.0,3300.0,3590.0
2025-06-18 12:25:02.439263,29320.0,3307.0,3604.0
2025-06-18 12:25:03.262324,29320.0,3307.0,3604.0
2025-06-18 12:25:04.113265,29320.0,3307.0,3604.0
2025-06-18 12:25:05.225445,29320.0,3307.0,3604.0
2025-06-18 12:25:06.225638,29320.0,3307.0,3604.0
2025-06-18 12:25:06.491568,29295.0,3307.0,3604.0
2025-06-18 12:25:06.716873,29295.0,3307.0,3604.0
2025-06-18 12:25:06.941241,29295.0,3145.0,3611.0
2025-06-18 12:25:07.094150,29295.0,3145.0,3611.0
2025-06-18 12:25:07.488923,29305.0,3145.0,3611.0
2025-06-18 12:25:07.988758,29305.0,3145.0,3611.0
2025-06-18 12:25:09.243112,29305.0,3145.0,3611.0
2025-06-18 12:25:10.116952,29305.0,3145.0,3611.0
2025-06-18 12:25:10.492602,29305.0,3145.0,3611.0
2025-06-18 12:25:11.562252,29305.0,3254.0,3615.0
2025-06-18 12:25:11.812592,29305.0,3254.0,3615.0
2025-06-18 12:25:12.948169,29305.0,3254.0,3615.0
2025-06-18 12:25:14.112944,29305.0,3254.0,3615.0
2025-06-18 12:25:15.583200,29305.0,3254.0,3615.0
2025-06-18 12:25:16.150908,29305.0,3253.0,3618.0
2025-06-18 12:25:20.850691,29305.0,3262.0,3617.0
2025-06-18 12:25:25.553851,29305.0,3267.0,3613.0
2025-06-18 12:25:30.358499,29305.0,3271.0,3612.0
2025-06-18 12:25:34.857283,29305.0,3270.0,3613.0
2025-06-18 12:25:35.493109,29275.0,3270.0,3613.0
2025-06-18 12:25:39.364852,29275.0,3258.0,3594.0
2025-06-18 12:25:39.488477,29305.0,3258.0,3594.0
2025-06-18 12:25:43.965567,29305.0,3269.0,3593.0
2025-06-18 12:25:48.568043,29305.0,3265.0,3594.0
2025-06-18 12:25:53.275806,29305.0,3272.0,3594.0
2025-06-18 12:26:01.881112,29305.0,3271.0,3600.0
2025-06-18 12:26:06.481127,29305.0,3270.0,3599.0
2025-06-18 12:26:11.183771,29305.0,3274.0,3600.0
2025-06-18 12:26:16.190456,29305.0,3279.0,3601.0
2025-06-18 12:26:21.096418,29305.0,3283.0,3596.0
2025-06-18 12:26:25.904328,29305.0,3283.0,3596.0
2025-06-18 12:26:30.400729,29305.0,3283.0,3603.0
2025-06-18 12:26:31.507836,29300.0,3283.0,3603.0
2025-06-18 12:26:34.701141,29300.0,3346.0,3612.0
2025-06-18 12:26:38.906035,29300.0,3345.0,3613.0
2025-06-18 12:26:43.407949,29300.0,3342.0,3619.0
2025-06-18 12:26:48.520704,29300.0,3345.0,3627.0
2025-06-18 12:26:53.530233,29300.0,3349.0,3630.0
2025-06-18 12:26:58.113592,29300.0,3350.0,3628.0
2025-06-18 12:27:02.517788,29300.0,3310.0,3648.0
2025-06-18 12:27:07.612396,29300.0,3314.0,3630.0
2025-06-18 12:27:09.486898,29300.0,3314.0,3630.0
2025-06-18 12:27:12.317219,29300.0,3327.0,3625.0
2025-06-18 12:27:17.116512,29300.0,3362.0,3617.0
2025-06-18 12:27:22.031087,29300.0,3358.0,3621.0
2025-06-18 12:27:27.029440,29300.0,3366.0,3619.0
2025-06-18 12:27:31.624755,29300.0,3365.0,3618.0
2025-06-18 12:27:36.536281,29300.0,3362.0,3619.0
2025-06-18 12:27:41.330011,29300.0,3352.0,3616.0
2025-06-18 12:27:46.134374,29300.0,3296.0,3635.0
2025-06-18 12:27:47.482497,29300.0,3296.0,3635.0
2025-06-18 12:27:51.135989,29300.0,3296.0,3636.0
2025-06-18 12:27:56.138167,29300.0,3297.0,3635.0
2025-06-18 12:27:59.669965,29300.0,3297.0,3635.0
2025-06-18 12:28:00.786003,29300.0,3297.0,3635.0
2025-06-18 12:28:00.938823,29300.0,3301.0,3635.0
2025-06-18 12:28:01.745775,29300.0,3301.0,3635.0
2025-06-18 12:28:02.732139,29300.0,3301.0,3635.0
2025-06-18 12:28:03.668736,29300.0,3301.0,3635.0
2025-06-18 12:28:04.506359,29300.0,3301.0,3635.0
2025-06-18 12:28:05.635169,29300.0,3301.0,3635.0
2025-06-18 12:28:05.944733,29300.0,3301.0,3632.0
2025-06-18 12:28:06.217526,29300.0,3301.0,3632.0
2025-06-18 12:28:07.139284,29300.0,3301.0,3632.0
2025-06-18 12:28:08.415376,29300.0,3301.0,3632.0
2025-06-18 12:28:09.653659,29300.0,3301.0,3632.0
2025-06-18 12:28:10.525732,29300.0,3301.0,3632.0
2025-06-18 12:28:10.956831,29300.0,3295.0,3641.0
2025-06-18 12:28:11.931131,29300.0,3295.0,3641.0
2025-06-18 12:28:13.194145,29300.0,3295.0,3641.0
2025-06-18 12:28:14.381416,29300.0,3295.0,3641.0
2025-06-18 12:28:15.828694,29300.0,3295.0,3641.0
2025-06-18 12:28:16.453798,29300.0,3306.0,3618.0
2025-06-18 12:28:21.754516,29300.0,3307.0,3619.0
2025-06-18 12:28:26.954734,29300.0,3308.0,3618.0
2025-06-18 12:28:28.492576,29295.0,3308.0,3618.0
2025-06-18 12:28:31.960536,29295.0,3309.0,3617.0
2025-06-18 12:28:36.862483,29295.0,3310.0,3620.0
2025-06-18 12:28:41.968580,29295.0,3307.0,3614.0
2025-06-18 12:28:47.172271,29295.0,3308.0,3614.0
2025-06-18 12:28:50.494203,29315.0,3308.0,3614.0
2025-06-18 12:28:52.373684,29315.0,3301.0,3617.0
2025-06-18 12:28:57.376986,29315.0,3301.0,3616.0
2025-06-18 12:29:02.181557,29315.0,3309.0,3619.0
2025-06-18 12:29:06.887766,29315.0,3306.0,3617.0
2025-06-18 12:29:10.496172,29295.0,3306.0,3617.0
2025-06-18 12:29:11.501603,29295.0,3299.0,3622.0
2025-06-18 12:29:16.095656,29295.0,3300.0,3621.0
2025-06-18 12:29:20.404133,29295.0,3309.0,3603.0
2025-06-18 12:29:25.203124,29295.0,3298.0,3601.0
2025-06-18 12:29:29.804489,29295.0,3297.0,3606.0
2025-06-18 12:29:34.412620,29295.0,3298.0,3603.0
2025-06-18 12:29:39.012416,29295.0,3300.0,3602.0
2025-06-18 12:29:43.513114,29295.0,3300.0,3602.0
2025-06-18 12:29:48.022780,29295.0,3301.0,3600.0
2025-06-18 12:29:52.620426,29295.0,3304.0,3601.0
2025-06-18 12:29:56.495697,29310.0,3304.0,3601.0
2025-06-18 12:29:57.522214,29310.0,3294.0,3661.0
2025-06-18 12:30:00.499717,29300.0,3294.0,3661.0
2025-06-18 12:30:02.531996,29300.0,3368.0,3556.0
2025-06-18 12:30:05.497056,29320.0,3368.0,3556.0
2025-06-18 12:30:07.430164,29320.0,3387.0,3535.0
2025-06-18 12:30:12.533503,29320.0,3370.0,3533.0
2025-06-18 12:30:17.338153,29320.0,3373.0,3533.0
2025-06-18 12:30:21.942651,29320.0,3271.0,3526.0
2025-06-18 12:30:26.446477,29320.0,3276.0,3532.0
2025-06-18 12:30:30.505258,29315.0,3276.0,3532.0
2025-06-18 12:30:31.154401,29315.0,3276.0,3527.0
2025-06-18 12:30:36.053708,29315.0,3253.0,3536.0
2025-06-18 12:30:40.951833,29315.0,3258.0,3533.0
2025-06-18 12:30:45.562598,29315.0,3259.0,3532.0
2025-06-18 12:30:50.063554,29315.0,3257.0,3529.0
2025-06-18 12:30:54.465770,29315.0,3282.0,3523.0
2025-06-18 12:30:58.765351,29315.0,3280.0,3524.0
2025-06-18 12:31:00.133222,29315.0,3280.0,3524.0
2025-06-18 12:31:01.268788,29315.0,3280.0,3524.0
2025-06-18 12:31:02.211600,29315.0,3280.0,3524.0
2025-06-18 12:31:03.077154,29315.0,3277.0,3523.0
2025-06-18 12:31:03.180374,29315.0,3277.0,3523.0
2025-06-18 12:31:04.111479,29315.0,3277.0,3523.0
2025-06-18 12:31:06.096929,29315.0,3277.0,3523.0
2025-06-18 12:31:07.040033,29315.0,3277.0,3523.0
2025-06-18 12:31:07.876847,29315.0,3246.0,3536.0
2025-06-18 12:31:07.906540,29315.0,3246.0,3536.0
2025-06-18 12:31:08.802740,29315.0,3246.0,3536.0
2025-06-18 12:31:09.503462,29310.0,3246.0,3536.0
2025-06-18 12:31:10.051491,29310.0,3246.0,3536.0
2025-06-18 12:31:12.324118,29310.0,3246.0,3536.0
2025-06-18 12:31:12.587447,29310.0,3246.0,3572.0
2025-06-18 12:31:13.475011,29310.0,3246.0,3572.0
2025-06-18 12:31:14.636853,29310.0,3246.0,3572.0
2025-06-18 12:31:16.135783,29310.0,3246.0,3572.0
2025-06-18 12:31:18.083873,29310.0,3250.0,3571.0
2025-06-18 12:31:23.287963,29310.0,3252.0,3542.0
2025-06-18 12:31:28.294876,29310.0,3256.0,3542.0
2025-06-18 12:31:32.894932,29310.0,3251.0,3540.0
2025-06-18 12:31:37.998099,29310.0,3259.0,3546.0
2025-06-18 12:31:42.802515,29310.0,3271.0,3546.0
2025-06-18 12:31:47.606521,29310.0,3270.0,3542.0
2025-06-18 12:31:56.812042,29330.0,3308.0,3535.0
2025-06-18 12:31:57.503961,29330.0,3308.0,3535.0
2025-06-18 12:32:01.211849,29330.0,3305.0,3537.0
2025-06-18 12:32:03.506677,29320.0,3305.0,3537.0
2025-06-18 12:32:05.622149,29320.0,3289.0,3561.0
2025-06-18 12:32:10.219817,29320.0,3304.0,3561.0
2025-06-18 12:32:14.824264,29320.0,3307.0,3556.0
2025-06-18 12:32:19.342194,29320.0,3334.0,3528.0
2025-06-18 12:32:23.930562,29320.0,3332.0,3529.0
2025-06-18 12:32:32.633399,29320.0,3335.0,3527.0
2025-06-18 12:32:37.738786,29320.0,3342.0,3507.0
2025-06-18 12:32:38.508348,29330.0,3342.0,3507.0
2025-06-18 12:32:42.939260,29330.0,3360.0,3479.0
2025-06-18 12:32:47.846205,29330.0,3354.0,3478.0
2025-06-18 12:32:52.647217,29330.0,3351.0,3487.0
2025-06-18 12:32:57.248519,29330.0,3348.0,3490.0
2025-06-18 12:33:02.051207,29330.0,3357.0,3490.0
2025-06-18 12:33:07.355698,29330.0,3358.0,3492.0
2025-06-18 12:33:10.510191,29320.0,3358.0,3492.0
2025-06-18 12:33:12.258886,29320.0,3348.0,3496.0
2025-06-18 12:33:17.260978,29320.0,3357.0,3490.0
2025-06-18 12:33:22.302368,29320.0,3355.0,3490.0
2025-06-18 12:33:26.770679,29320.0,3353.0,3488.0
2025-06-18 12:33:31.370787,29320.0,3357.0,3489.0
2025-06-18 12:33:35.774627,29320.0,3358.0,3487.0
2025-06-18 12:33:40.276666,29320.0,3354.0,3488.0
2025-06-18 12:33:44.879385,29320.0,3352.0,3490.0
2025-06-18 12:33:49.685213,29320.0,3350.0,3492.0
2025-06-18 12:33:54.492478,29320.0,3352.0,3493.0
2025-06-18 12:33:55.513235,29340.0,3352.0,3493.0
2025-06-18 12:33:58.509150,29325.0,3352.0,3493.0
2025-06-18 12:33:58.986259,29325.0,3364.0,3487.0
2025-06-18 12:34:00.647930,29325.0,3364.0,3487.0
2025-06-18 12:34:01.776907,29325.0,3364.0,3487.0
2025-06-18 12:34:02.733300,29325.0,3364.0,3487.0
2025-06-18 12:34:03.492139,29325.0,3362.0,3486.0
2025-06-18 12:34:03.718526,29325.0,3362.0,3486.0
2025-06-18 12:34:04.662136,29325.0,3362.0,3486.0
2025-06-18 12:34:05.558394,29325.0,3362.0,3486.0
2025-06-18 12:34:06.645688,29325.0,3362.0,3486.0
2025-06-18 12:34:07.222044,29325.0,3362.0,3486.0
2025-06-18 12:34:08.141566,29325.0,3362.0,3486.0
2025-06-18 12:34:08.197051,29325.0,3362.0,3487.0
2025-06-18 12:34:08.539861,29325.0,3362.0,3487.0
2025-06-18 12:34:09.422312,29325.0,3362.0,3487.0
2025-06-18 12:34:10.680261,29325.0,3362.0,3487.0
2025-06-18 12:34:11.573031,29325.0,3362.0,3487.0
2025-06-18 12:34:12.992442,29325.0,3362.0,3487.0
2025-06-18 12:34:13.127563,29325.0,3367.0,3485.0
2025-06-18 12:34:14.190636,29325.0,3367.0,3485.0
2025-06-18 12:34:15.439928,29325.0,3367.0,3485.0
2025-06-18 12:34:16.930448,29325.0,3367.0,3485.0
2025-06-18 12:34:17.701975,29325.0,3367.0,3485.0
2025-06-18 12:34:22.303871,29325.0,3362.0,3492.0
2025-06-18 12:34:27.405091,29325.0,3371.0,3485.0
2025-06-18 12:34:32.313535,29325.0,3374.0,3487.0
2025-06-18 12:34:36.917630,29325.0,3374.0,3487.0
2025-06-18 12:34:42.024383,29325.0,3372.0,3487.0
2025-06-18 12:34:46.323626,29325.0,3394.0,3480.0
2025-06-18 12:34:51.039163,29325.0,3397.0,3480.0
2025-06-18 12:34:55.846261,29325.0,3399.0,3478.0
2025-06-18 12:35:00.348024,29325.0,3400.0,3480.0
2025-06-18 12:35:05.051389,29325.0,3392.0,3476.0
2025-06-18 12:35:09.955227,29325.0,3394.0,3480.0
2025-06-18 12:35:15.056488,29325.0,3392.0,3474.0
2025-06-18 12:35:19.762819,29325.0,3391.0,3472.0
2025-06-18 12:35:37.977072,29325.0,3382.0,3472.0
2025-06-18 12:35:42.381792,29325.0,3383.0,3472.0
2025-06-18 12:35:51.391411,29325.0,3383.0,3472.0
2025-06-18 12:35:55.891664,29325.0,3391.0,3470.0
2025-06-18 12:35:56.525213,29330.0,3391.0,3470.0
2025-06-18 12:36:00.492846,29330.0,3343.0,3506.0
2025-06-18 12:36:10.098356,29335.0,3359.0,3498.0
2025-06-18 12:36:10.525808,29335.0,3359.0,3498.0
2025-06-18 12:36:15.001929,29335.0,3369.0,3496.0
2025-06-18 12:36:16.544737,29340.0,3369.0,3496.0
2025-06-18 12:36:20.308246,29340.0,3378.0,3498.0
2025-06-18 12:36:25.411590,29340.0,3372.0,3494.0
2025-06-18 12:36:30.115911,29340.0,3375.0,3493.0
2025-06-18 12:36:34.913652,29340.0,3371.0,3493.0
2025-06-18 12:36:39.706417,29340.0,3297.0,3494.0
2025-06-18 12:36:44.131473,29340.0,3301.0,3494.0
2025-06-18 12:36:48.725431,29340.0,3303.0,3494.0
2025-06-18 12:36:53.140204,29340.0,3302.0,3492.0
2025-06-18 12:36:57.831277,29340.0,3304.0,3490.0
2025-06-18 12:37:01.006321,29340.0,3304.0,3490.0
2025-06-18 12:37:02.184575,29340.0,3304.0,3490.0
2025-06-18 12:37:02.734487,29340.0,3305.0,3491.0
2025-06-18 12:37:03.083516,29340.0,3305.0,3491.0
2025-06-18 12:37:04.071300,29340.0,3305.0,3491.0
2025-06-18 12:37:05.842312,29340.0,3305.0,3491.0
2025-06-18 12:37:06.981074,29340.0,3305.0,3491.0
2025-06-18 12:37:07.335953,29340.0,3305.0,3491.0
2025-06-18 12:37:07.554057,29340.0,3305.0,3491.0
2025-06-18 12:37:08.469255,29340.0,3305.0,3491.0
2025-06-18 12:37:09.749122,29340.0,3305.0,3491.0
2025-06-18 12:37:10.991304,29340.0,3305.0,3491.0
2025-06-18 12:37:11.857506,29340.0,3305.0,3491.0
2025-06-18 12:37:12.147514,29340.0,3293.0,3491.0
2025-06-18 12:37:13.261197,29340.0,3293.0,3491.0
2025-06-18 12:37:14.413679,29340.0,3293.0,3491.0
2025-06-18 12:37:14.524836,29340.0,3293.0,3491.0
2025-06-18 12:37:15.558931,29340.0,3293.0,3491.0
2025-06-18 12:37:16.531295,29360.0,3293.0,3491.0
2025-06-18 12:37:16.840329,29360.0,3476.0,3389.0
2025-06-18 12:37:17.213849,29360.0,3476.0,3389.0
2025-06-18 12:37:18.530255,29375.0,3476.0,3389.0
2025-06-18 12:37:21.443834,29375.0,3476.0,3358.0
2025-06-18 12:37:22.526985,29380.0,3476.0,3358.0
2025-06-18 12:37:24.580039,29360.0,3476.0,3358.0
2025-06-18 12:37:26.046350,29360.0,3476.0,3365.0
2025-06-18 12:37:30.561187,29360.0,3472.0,3365.0
2025-06-18 12:37:36.221968,29360.0,3473.0,3370.0
2025-06-18 12:37:40.457230,29375.0,3477.0,3359.0
2025-06-18 12:37:40.530807,29375.0,3477.0,3359.0
2025-06-18 12:37:44.525484,29380.0,3477.0,3359.0
2025-06-18 12:37:45.260382,29380.0,3465.0,3355.0
2025-06-18 12:37:49.675597,29380.0,3461.0,3355.0
2025-06-18 12:37:54.074698,29380.0,3461.0,3355.0
2025-06-18 12:37:58.875527,29380.0,3460.0,3354.0
2025-06-18 12:38:03.781885,29380.0,3463.0,3358.0
2025-06-18 12:38:08.684423,29380.0,3492.0,3362.0
2025-06-18 12:38:13.692018,29380.0,3512.0,3358.0
2025-06-18 12:38:14.569519,29380.0,3512.0,3358.0
2025-06-18 12:38:18.587757,29380.0,3518.0,3328.0
2025-06-18 12:38:21.538364,29390.0,3518.0,3328.0
2025-06-18 12:38:23.089408,29390.0,3518.0,3325.0
2025-06-18 12:38:27.590064,29390.0,3522.0,3354.0
2025-06-18 12:38:32.395665,29390.0,3516.0,3359.0
2025-06-18 12:38:37.595269,29390.0,3517.0,3359.0
2025-06-18 12:38:42.306130,29390.0,3517.0,3372.0
2025-06-18 12:38:44.530063,29385.0,3517.0,3372.0
2025-06-18 12:38:47.212498,29385.0,3503.0,3344.0
2025-06-18 12:38:50.531129,29390.0,3503.0,3344.0
2025-06-18 12:38:51.807286,29390.0,3499.0,3386.0
2025-06-18 12:38:54.529242,29355.0,3499.0,3386.0
2025-06-18 12:38:56.310083,29355.0,3458.0,3393.0
2025-06-18 12:38:56.537683,29385.0,3458.0,3393.0
2025-06-18 12:39:00.614393,29385.0,3489.0,3414.0
2025-06-18 12:39:05.117187,29385.0,3501.0,3411.0
2025-06-18 12:39:09.922876,29385.0,3509.0,3408.0
2025-06-18 12:39:14.326563,29390.0,3579.0,3313.0
2025-06-18 12:39:14.536990,29390.0,3579.0,3313.0
2025-06-18 12:39:19.027874,29390.0,3569.0,3324.0
2025-06-18 12:39:23.728497,29390.0,3623.0,3320.0
2025-06-18 12:39:24.545093,29395.0,3623.0,3320.0
2025-06-18 12:39:28.536579,29395.0,3651.0,3292.0
2025-06-18 12:39:33.330099,29395.0,3650.0,3292.0
2025-06-18 12:39:38.961024,29395.0,3655.0,3297.0
2025-06-18 12:39:43.239471,29395.0,3658.0,3293.0
2025-06-18 12:39:43.551168,29390.0,3658.0,3293.0
2025-06-18 12:39:46.539830,29400.0,3658.0,3293.0
2025-06-18 12:39:47.942839,29400.0,3694.0,3278.0
2025-06-18 12:39:48.537915,29410.0,3694.0,3278.0
2025-06-18 12:39:52.554809,29410.0,3692.0,3271.0
2025-06-18 12:39:57.352441,29410.0,3684.0,3266.0
2025-06-18 12:39:59.540523,29410.0,3684.0,3266.0
2025-06-18 12:40:01.507052,29410.0,3684.0,3266.0
2025-06-18 12:40:02.452473,29410.0,3676.0,3297.0
2025-06-18 12:40:02.655875,29410.0,3676.0,3297.0
2025-06-18 12:40:03.606257,29410.0,3676.0,3297.0
2025-06-18 12:40:04.585903,29410.0,3676.0,3297.0
2025-06-18 12:40:05.517447,29410.0,3676.0,3297.0
2025-06-18 12:40:06.372963,29410.0,3676.0,3297.0
2025-06-18 12:40:07.357778,29410.0,3673.0,3304.0
2025-06-18 12:40:07.503932,29410.0,3673.0,3304.0
2025-06-18 12:40:08.075662,29410.0,3673.0,3304.0
2025-06-18 12:40:09.367600,29410.0,3673.0,3304.0
2025-06-18 12:40:10.288498,29410.0,3673.0,3304.0
2025-06-18 12:40:11.504130,29410.0,3673.0,3304.0
2025-06-18 12:40:11.537652,29380.0,3673.0,3304.0
2025-06-18 12:40:12.059173,29380.0,3516.0,3539.0
2025-06-18 12:40:12.406560,29380.0,3516.0,3539.0
2025-06-18 12:40:13.811300,29380.0,3516.0,3539.0
2025-06-18 12:40:14.541964,29380.0,3516.0,3539.0
2025-06-18 12:40:14.953176,29380.0,3516.0,3539.0
2025-06-18 12:40:16.103930,29380.0,3516.0,3539.0
2025-06-18 12:40:17.061198,29380.0,3540.0,3528.0
2025-06-18 12:40:17.582075,29380.0,3540.0,3528.0
2025-06-18 12:40:22.268599,29380.0,3555.0,3519.0
2025-06-18 12:40:27.371331,29380.0,3555.0,3520.0
2025-06-18 12:40:32.681246,29380.0,3560.0,3514.0
2025-06-18 12:40:37.573433,29380.0,3560.0,3516.0
2025-06-18 12:40:41.544721,29370.0,3560.0,3516.0
2025-06-18 12:40:42.374972,29370.0,3583.0,3520.0
2025-06-18 12:40:44.537209,29380.0,3583.0,3520.0
2025-06-18 12:40:47.186672,29380.0,3583.0,3514.0
2025-06-18 12:40:51.982053,29380.0,3585.0,3519.0
2025-06-18 12:40:56.784347,29380.0,3586.0,3519.0
2025-06-18 12:41:01.390182,29380.0,3615.0,3497.0
2025-06-18 12:41:06.399247,29380.0,3611.0,3496.0
2025-06-18 12:41:12.096330,29380.0,3643.0,3499.0
2025-06-18 12:41:14.542382,29385.0,3643.0,3499.0
2025-06-18 12:41:17.097974,29385.0,3646.0,3480.0
2025-06-18 12:41:21.900495,29385.0,3639.0,3466.0
2025-06-18 12:41:24.543856,29375.0,3639.0,3466.0
2025-06-18 12:41:26.903894,29375.0,3629.0,3469.0
2025-06-18 12:41:32.425330,29375.0,3632.0,3477.0
2025-06-18 12:41:34.544578,29375.0,3632.0,3477.0
2025-06-18 12:41:37.108426,29375.0,3632.0,3472.0
2025-06-18 12:41:42.319702,29375.0,3630.0,3471.0
2025-06-18 12:41:44.549703,29385.0,3630.0,3471.0
2025-06-18 12:41:47.323911,29385.0,3649.0,3460.0
2025-06-18 12:41:52.546534,29395.0,3649.0,3460.0
2025-06-18 12:41:52.717965,29395.0,3654.0,3443.0
2025-06-18 12:41:58.321347,29395.0,3659.0,3454.0
2025-06-18 12:42:03.023977,29395.0,3660.0,3457.0
2025-06-18 12:42:07.828588,29395.0,3661.0,3456.0
2025-06-18 12:42:12.627624,29395.0,3661.0,3448.0
2025-06-18 12:42:14.550748,29400.0,3661.0,3448.0
2025-06-18 12:42:17.538598,29400.0,3663.0,3441.0
2025-06-18 12:42:18.542974,29400.0,3663.0,3441.0
2025-06-18 12:42:22.232777,29400.0,3679.0,3439.0
2025-06-18 12:42:27.034561,29400.0,3674.0,3441.0
2025-06-18 12:42:32.134919,29380.0,3658.0,3446.0
2025-06-18 12:42:32.547664,29380.0,3658.0,3446.0
2025-06-18 12:42:37.038201,29380.0,3674.0,3451.0
2025-06-18 12:42:40.546015,29390.0,3674.0,3451.0
2025-06-18 12:42:41.740884,29390.0,3640.0,3457.0
2025-06-18 12:42:44.545849,29400.0,3640.0,3457.0
2025-06-18 12:42:46.672736,29400.0,3657.0,3449.0
2025-06-18 12:42:50.845105,29400.0,3654.0,3455.0
2025-06-18 12:42:55.046715,29380.0,3654.0,3455.0
2025-06-18 12:42:55.447980,29380.0,3652.0,3455.0
2025-06-18 12:42:58.545052,29380.0,3652.0,3455.0
2025-06-18 12:43:00.458164,29380.0,3604.0,3482.0
2025-06-18 12:43:00.544013,29390.0,3604.0,3482.0
2025-06-18 12:43:02.235391,29390.0,3604.0,3482.0
2025-06-18 12:43:03.334708,29390.0,3604.0,3482.0
2025-06-18 12:43:04.325976,29390.0,3604.0,3482.0
2025-06-18 12:43:05.283735,29390.0,3604.0,3482.0
2025-06-18 12:43:05.556840,29390.0,3631.0,3465.0
2025-06-18 12:43:06.232292,29390.0,3631.0,3465.0
2025-06-18 12:43:07.071693,29390.0,3631.0,3465.0
2025-06-18 12:43:08.213415,29390.0,3631.0,3465.0
2025-06-18 12:43:09.198480,29390.0,3631.0,3465.0
2025-06-18 12:43:10.066554,29390.0,3631.0,3465.0
2025-06-18 12:43:10.547544,29385.0,3631.0,3465.0
2025-06-18 12:43:10.667474,29385.0,3626.0,3470.0
2025-06-18 12:43:10.951564,29385.0,3626.0,3470.0
2025-06-18 12:43:12.210653,29385.0,3626.0,3470.0
2025-06-18 12:43:13.077907,29385.0,3626.0,3470.0
2025-06-18 12:43:14.481639,29385.0,3626.0,3470.0
2025-06-18 12:43:14.545174,29395.0,3626.0,3470.0
2025-06-18 12:43:15.583543,29395.0,3625.0,3482.0
2025-06-18 12:43:15.626853,29395.0,3625.0,3482.0
2025-06-18 12:43:16.790177,29395.0,3625.0,3482.0
2025-06-18 12:43:18.270827,29395.0,3625.0,3482.0
2025-06-18 12:43:20.966134,29395.0,3642.0,3459.0
2025-06-18 12:43:25.966756,29400.0,3648.0,3462.0
2025-06-18 12:43:26.545584,29400.0,3648.0,3462.0
2025-06-18 12:43:31.209941,29400.0,3640.0,3493.0
2025-06-18 12:43:35.974076,29400.0,3637.0,3495.0
2025-06-18 12:43:40.880059,29400.0,3641.0,3457.0
2025-06-18 12:43:44.547003,29395.0,3641.0,3457.0
2025-06-18 12:43:45.691719,29395.0,3647.0,3454.0
2025-06-18 12:43:50.480101,29395.0,3652.0,3456.0
2025-06-18 12:43:55.386951,29395.0,3644.0,3455.0
