timestamp,ltp,bid_qty,ask_qty
2025-06-18 11:01:36.666305,3485.0,97983.0,227444.0
2025-06-18 11:01:37.133533,3485.0,97983.0,227444.0
2025-06-18 11:01:37.337491,3485.0,97785.0,227956.0
2025-06-18 11:01:38.441099,3485.0,97527.0,228548.0
2025-06-18 11:01:39.129951,3484.1,97527.0,228548.0
2025-06-18 11:01:39.448712,3484.1,97730.0,228388.0
2025-06-18 11:01:40.539853,3484.1,97683.0,228675.0
2025-06-18 11:01:41.539162,3484.1,97744.0,228008.0
2025-06-18 11:01:42.645494,3483.7,97587.0,228253.0
2025-06-18 11:01:43.132118,3483.7,97587.0,228253.0
2025-06-18 11:01:43.743250,3483.7,97830.0,227938.0
2025-06-18 11:01:44.181295,3484.1,97830.0,227938.0
2025-06-18 11:01:44.849500,3484.1,97724.0,228623.0
2025-06-18 11:01:45.146412,3485.2,97724.0,228623.0
2025-06-18 11:01:45.956191,3486.0,99541.0,225517.0
2025-06-18 11:01:46.141450,3486.0,99541.0,225517.0
2025-06-18 11:01:46.959065,3486.0,100688.0,225964.0
2025-06-18 11:01:48.045291,3486.0,100695.0,224951.0
2025-06-18 11:01:49.046559,3486.0,100246.0,226126.0
2025-06-18 11:01:49.172850,3486.0,100246.0,226126.0
2025-06-18 11:01:50.046596,3486.0,100260.0,226103.0
2025-06-18 11:01:51.047331,3486.0,100225.0,225957.0
2025-06-18 11:01:51.141868,3486.0,100225.0,225957.0
2025-06-18 11:01:52.047185,3486.0,99608.0,226293.0
2025-06-18 11:01:53.153339,3486.0,99853.0,226395.0
2025-06-18 11:01:54.198851,3486.0,99853.0,226395.0
2025-06-18 11:01:54.205632,3486.0,99817.0,226331.0
2025-06-18 11:01:55.178882,3486.0,99817.0,226343.0
2025-06-18 11:01:56.250042,3486.0,99876.0,226342.0
2025-06-18 11:01:57.351400,3486.0,99874.0,226433.0
2025-06-18 11:01:58.350930,3486.0,99993.0,226179.0
2025-06-18 11:01:59.134469,3485.8,99993.0,226179.0
2025-06-18 11:01:59.351227,3485.8,99793.0,226395.0
2025-06-18 11:02:00.360582,3485.8,99969.0,226444.0
2025-06-18 11:02:01.466367,3485.8,100002.0,226481.0
2025-06-18 11:02:02.135635,3485.9,100002.0,226481.0
2025-06-18 11:02:02.555513,3485.9,100052.0,226281.0
2025-06-18 11:02:03.138894,3486.0,100052.0,226281.0
2025-06-18 11:02:05.166208,3486.0,100073.0,226307.0
2025-06-18 11:02:05.255748,3486.0,100066.0,226580.0
2025-06-18 11:02:06.138475,3486.0,100066.0,226580.0
2025-06-18 11:02:06.263182,3486.0,99880.0,226402.0
2025-06-18 11:02:07.359103,3486.0,99874.0,226402.0
2025-06-18 11:02:08.359816,3486.0,99874.0,226482.0
2025-06-18 11:02:09.135091,3486.0,99874.0,226482.0
2025-06-18 11:02:09.483763,3486.0,99850.0,226002.0
2025-06-18 11:02:10.139705,3486.0,99850.0,226002.0
2025-06-18 11:02:10.565809,3486.0,99854.0,225995.0
2025-06-18 11:02:11.665997,3486.0,99858.0,225987.0
2025-06-18 11:02:12.665410,3486.0,99886.0,225995.0
2025-06-18 11:02:13.565689,3485.9,99807.0,226020.0
2025-06-18 11:02:14.138852,3485.9,99807.0,226020.0
2025-06-18 11:02:15.121841,3485.9,99700.0,226280.0
2025-06-18 11:02:15.165207,3485.9,99700.0,226280.0
2025-06-18 11:02:15.767069,3485.9,99161.0,226773.0
2025-06-18 11:02:16.185729,3485.9,99161.0,226773.0
2025-06-18 11:02:16.869588,3485.9,99333.0,227019.0
2025-06-18 11:02:17.139813,3485.9,99333.0,227019.0
2025-06-18 11:02:17.982783,3485.9,99255.0,226869.0
2025-06-18 11:02:18.985626,3485.9,99221.0,227009.0
2025-06-18 11:02:20.069774,3485.9,99388.0,226726.0
2025-06-18 11:02:21.136301,3485.5,99388.0,226726.0
2025-06-18 11:02:21.171002,3485.5,98777.0,227522.0
2025-06-18 11:02:22.139486,3485.5,98777.0,227522.0
2025-06-18 11:02:22.269657,3485.5,98964.0,227528.0
2025-06-18 11:02:23.138385,3485.5,98964.0,227528.0
2025-06-18 11:02:23.371133,3485.5,98782.0,227514.0
2025-06-18 11:02:24.149263,3485.5,98782.0,227514.0
2025-06-18 11:02:24.374840,3485.5,98739.0,227542.0
2025-06-18 11:02:25.138396,3485.5,98739.0,227542.0
2025-06-18 11:02:25.374485,3485.5,98764.0,227515.0
2025-06-18 11:02:26.143472,3485.5,98764.0,227515.0
2025-06-18 11:02:26.482485,3485.5,98689.0,227670.0
2025-06-18 11:02:27.573774,3484.5,98180.0,227459.0
2025-06-18 11:02:28.138730,3485.5,98180.0,227459.0
2025-06-18 11:02:28.574919,3485.5,98754.0,227036.0
2025-06-18 11:02:29.675564,3485.5,98842.0,227042.0
2025-06-18 11:02:30.787338,3485.5,98832.0,226970.0
2025-06-18 11:02:31.877911,3485.5,98862.0,226747.0
2025-06-18 11:02:32.142186,3486.0,98862.0,226747.0
2025-06-18 11:02:32.985577,3486.0,100383.0,225352.0
2025-06-18 11:02:34.077557,3486.0,100395.0,225352.0
2025-06-18 11:02:35.146970,3486.4,100395.0,225352.0
2025-06-18 11:02:35.179302,3486.4,100912.0,223779.0
2025-06-18 11:02:36.190074,3486.4,101190.0,224215.0
2025-06-18 11:02:37.189096,3486.4,100179.0,224306.0
2025-06-18 11:02:38.279705,3486.4,100215.0,224351.0
2025-06-18 11:02:39.142539,3486.1,100215.0,224351.0
2025-06-18 11:02:39.381549,3486.1,100156.0,223392.0
2025-06-18 11:02:40.492117,3486.1,100044.0,223330.0
2025-06-18 11:02:41.136891,3487.8,100044.0,223330.0
2025-06-18 11:02:41.584135,3487.8,100048.0,223653.0
2025-06-18 11:02:42.139663,3487.6,100048.0,223653.0
2025-06-18 11:02:42.585760,3487.6,100029.0,223500.0
2025-06-18 11:02:43.142593,3487.6,100029.0,223500.0
2025-06-18 11:02:43.686927,3487.6,100066.0,223614.0
2025-06-18 11:02:44.142136,3487.6,100066.0,223614.0
2025-06-18 11:02:44.685061,3487.6,100197.0,223639.0
2025-06-18 11:02:45.140310,3487.6,100197.0,223639.0
2025-06-18 11:02:45.687466,3487.6,100195.0,223618.0
2025-06-18 11:02:46.687508,3487.6,100219.0,223801.0
2025-06-18 11:02:47.688243,3487.6,100224.0,223812.0
2025-06-18 11:02:48.142063,3487.6,100224.0,223812.0
2025-06-18 11:02:48.686898,3487.6,100173.0,223812.0
2025-06-18 11:02:49.142839,3486.8,100173.0,223812.0
2025-06-18 11:02:49.688106,3486.8,100224.0,223844.0
2025-06-18 11:02:50.688218,3486.8,100207.0,223821.0
2025-06-18 11:02:51.689973,3486.8,100268.0,223726.0
2025-06-18 11:02:52.692028,3487.6,100093.0,223723.0
2025-06-18 11:02:53.141207,3487.6,100093.0,223723.0
2025-06-18 11:02:53.690201,3487.6,100085.0,223757.0
2025-06-18 11:02:54.143667,3487.6,100085.0,223757.0
2025-06-18 11:02:54.691022,3487.6,100082.0,223778.0
2025-06-18 11:02:56.092233,3487.6,100107.0,223823.0
2025-06-18 11:02:57.093110,3487.6,100128.0,223860.0
2025-06-18 11:02:57.142653,3487.6,100128.0,223860.0
2025-06-18 11:02:58.092933,3487.2,100118.0,223864.0
2025-06-18 11:02:58.146520,3487.2,100118.0,223864.0
2025-06-18 11:02:59.141848,3487.2,100118.0,223864.0
2025-06-18 11:02:59.195855,3487.2,100083.0,223861.0
2025-06-18 11:03:00.146387,3487.6,100083.0,223861.0
2025-06-18 11:03:00.200664,3487.6,100067.0,223865.0
2025-06-18 11:03:01.797336,3487.6,100038.0,223646.0
2025-06-18 11:03:02.138595,3487.4,100038.0,223646.0
2025-06-18 11:03:02.796535,3487.4,99909.0,223844.0
2025-06-18 11:03:03.142268,3487.4,99909.0,223844.0
2025-06-18 11:03:03.699308,3487.2,99930.0,223835.0
2025-06-18 11:03:04.146507,3487.6,99930.0,223835.0
2025-06-18 11:03:05.398382,3487.6,99929.0,224038.0
2025-06-18 11:03:06.400863,3487.6,99936.0,223966.0
2025-06-18 11:03:07.144484,3487.6,99936.0,223966.0
2025-06-18 11:03:07.402523,3487.6,99789.0,224102.0
2025-06-18 11:03:08.401570,3487.6,99876.0,224231.0
2025-06-18 11:03:09.146059,3487.6,99876.0,224231.0
2025-06-18 11:03:09.504107,3487.6,99771.0,224362.0
2025-06-18 11:03:10.141284,3487.6,99771.0,224362.0
2025-06-18 11:03:10.607307,3487.6,99778.0,224383.0
2025-06-18 11:03:11.146199,3487.6,99778.0,224383.0
2025-06-18 11:03:11.701391,3487.6,99773.0,224384.0
2025-06-18 11:03:13.903076,3487.6,99773.0,224409.0
2025-06-18 11:03:15.002141,3487.6,99634.0,224459.0
2025-06-18 11:03:16.006803,3487.6,99655.0,224450.0
2025-06-18 11:03:17.105163,3487.6,99655.0,224446.0
2025-06-18 11:03:18.144458,3487.6,99655.0,224446.0
2025-06-18 11:03:18.204480,3487.6,99692.0,224298.0
2025-06-18 11:03:19.143561,3487.2,99692.0,224298.0
2025-06-18 11:03:19.304425,3487.2,99696.0,224298.0
2025-06-18 11:03:20.150711,3487.6,99696.0,224298.0
2025-06-18 11:03:20.307513,3487.6,99904.0,223990.0
2025-06-18 11:03:21.203016,3487.2,99904.0,223990.0
2025-06-18 11:03:21.304837,3487.2,99927.0,224193.0
2025-06-18 11:03:22.167079,3487.2,99927.0,224193.0
2025-06-18 11:03:22.311440,3487.2,99896.0,223843.0
2025-06-18 11:03:23.407948,3487.2,99895.0,223785.0
2025-06-18 11:03:24.148836,3487.2,99895.0,223785.0
2025-06-18 11:03:24.508622,3487.2,99796.0,224299.0
2025-06-18 11:03:25.144835,3487.6,99796.0,224299.0
2025-06-18 11:03:26.109481,3487.6,99426.0,224027.0
2025-06-18 11:03:27.144780,3487.1,99426.0,224027.0
2025-06-18 11:03:27.208224,3487.1,99200.0,223951.0
2025-06-18 11:03:28.147228,3487.0,99200.0,223951.0
2025-06-18 11:03:28.209701,3487.0,99458.0,224254.0
2025-06-18 11:03:29.143662,3487.2,99458.0,224254.0
2025-06-18 11:03:29.211394,3487.2,99235.0,224546.0
2025-06-18 11:03:30.143060,3486.6,99235.0,224546.0
2025-06-18 11:03:30.311342,3486.6,99297.0,224655.0
2025-06-18 11:03:31.412437,3486.6,99294.0,224687.0
2025-06-18 11:03:32.514489,3486.6,99393.0,224627.0
2025-06-18 11:03:33.145069,3486.6,99393.0,224627.0
2025-06-18 11:03:33.614165,3486.6,99309.0,224363.0
2025-06-18 11:03:34.715404,3486.6,99292.0,224170.0
2025-06-18 11:03:35.727539,3486.6,99446.0,224192.0
2025-06-18 11:03:36.220839,3487.6,99446.0,224192.0
2025-06-18 11:03:36.817004,3487.6,99589.0,223678.0
2025-06-18 11:03:37.822887,3487.6,99439.0,223642.0
2025-06-18 11:03:38.916955,3488.0,99559.0,223746.0
2025-06-18 11:03:39.145049,3488.1,99559.0,223746.0
2025-06-18 11:03:40.016965,3488.1,100093.0,222061.0
2025-06-18 11:03:41.164374,3488.9,100003.0,221944.0
2025-06-18 11:03:41.167605,3488.9,100003.0,221944.0
2025-06-18 11:03:42.217968,3488.9,99990.0,221965.0
2025-06-18 11:03:43.121300,3488.9,100043.0,222024.0
2025-06-18 11:03:43.152717,3488.9,100043.0,222024.0
2025-06-18 11:03:44.152822,3488.7,100043.0,222024.0
2025-06-18 11:03:44.219241,3488.7,100412.0,221781.0
2025-06-18 11:03:45.320900,3488.7,100491.0,221761.0
2025-06-18 11:03:46.022090,3488.7,100491.0,221761.0
2025-06-18 11:03:46.154678,3489.6,100491.0,221761.0
2025-06-18 11:03:46.421489,3489.6,100556.0,220053.0
2025-06-18 11:03:47.071122,3489.6,100556.0,220053.0
2025-06-18 11:03:47.172302,3489.1,100556.0,220053.0
2025-06-18 11:03:47.421402,3489.1,100222.0,220969.0
2025-06-18 11:03:47.989281,3489.1,100222.0,220969.0
2025-06-18 11:03:48.154192,3489.1,100222.0,220969.0
2025-06-18 11:03:48.421979,3489.1,100400.0,221675.0
2025-06-18 11:03:48.888593,3489.1,100400.0,221675.0
2025-06-18 11:03:49.159482,3488.7,100400.0,221675.0
2025-06-18 11:03:49.522268,3489.1,100391.0,221333.0
2025-06-18 11:03:49.744465,3489.1,100391.0,221333.0
2025-06-18 11:03:50.154703,3488.7,100391.0,221333.0
2025-06-18 11:03:50.551101,3488.7,100391.0,221333.0
2025-06-18 11:03:50.621608,3488.7,100640.0,221592.0
2025-06-18 11:03:51.586902,3488.7,100640.0,221592.0
2025-06-18 11:03:51.622454,3489.1,100829.0,221668.0
2025-06-18 11:03:52.191803,3489.1,100829.0,221668.0
2025-06-18 11:03:52.196914,3489.1,100829.0,221668.0
2025-06-18 11:03:52.624097,3488.9,100959.0,221712.0
2025-06-18 11:03:53.066633,3488.9,100959.0,221712.0
2025-06-18 11:03:53.165982,3488.9,100959.0,221712.0
2025-06-18 11:03:53.437492,3488.9,100959.0,221712.0
2025-06-18 11:03:53.724110,3488.9,100957.0,221456.0
2025-06-18 11:03:54.448328,3488.9,100957.0,221456.0
2025-06-18 11:03:54.724014,3488.9,100949.0,221395.0
2025-06-18 11:03:55.159434,3489.1,100949.0,221395.0
2025-06-18 11:03:55.719425,3489.1,100949.0,221395.0
2025-06-18 11:03:55.734600,3489.1,100912.0,222002.0
2025-06-18 11:03:56.580489,3489.1,100912.0,222002.0
2025-06-18 11:03:56.727079,3489.1,100973.0,221519.0
2025-06-18 11:04:00.458485,3489.1,101097.0,221621.0
2025-06-18 11:04:00.461786,3489.1,101097.0,221621.0
2025-06-18 11:04:00.466442,3489.1,101097.0,221621.0
2025-06-18 11:04:00.510259,3489.1,101259.0,221927.0
2025-06-18 11:04:00.514373,3489.1,101259.0,221927.0
2025-06-18 11:04:00.547331,3489.1,101266.0,221626.0
2025-06-18 11:04:00.550947,3489.1,101266.0,221626.0
2025-06-18 11:04:01.917172,3489.1,101266.0,221626.0
2025-06-18 11:04:01.935842,3488.9,101192.0,221827.0
2025-06-18 11:04:02.178757,3488.9,101192.0,221827.0
2025-06-18 11:04:02.832614,3488.9,101193.0,221828.0
2025-06-18 11:04:03.833167,3489.1,101260.0,221760.0
2025-06-18 11:04:04.163098,3489.1,101260.0,221760.0
2025-06-18 11:04:04.834678,3489.1,101271.0,221634.0
2025-06-18 11:04:05.196138,3489.0,101271.0,221634.0
2025-06-18 11:04:05.834944,3489.0,101499.0,221974.0
2025-06-18 11:04:06.834728,3489.0,101652.0,221699.0
2025-06-18 11:04:07.177282,3487.0,101652.0,221699.0
2025-06-18 11:04:07.733343,3487.0,100865.0,222837.0
2025-06-18 11:04:09.154486,3488.8,100865.0,222837.0
2025-06-18 11:04:09.336887,3488.8,101701.0,223080.0
2025-06-18 11:04:10.339530,3488.8,101904.0,223023.0
2025-06-18 11:04:11.437458,3488.8,102039.0,223032.0
2025-06-18 11:04:12.165732,3488.6,102039.0,223032.0
2025-06-18 11:04:12.542245,3488.8,101867.0,223035.0
2025-06-18 11:04:13.154892,3488.6,101867.0,223035.0
2025-06-18 11:04:13.648479,3488.6,101764.0,222886.0
2025-06-18 11:04:14.156027,3489.1,101764.0,222886.0
2025-06-18 11:04:14.739366,3489.1,101899.0,222474.0
2025-06-18 11:04:15.741120,3488.7,102082.0,223324.0
2025-06-18 11:04:16.161211,3488.7,102082.0,223324.0
2025-06-18 11:04:16.743768,3489.0,102084.0,223321.0
2025-06-18 11:04:17.155911,3489.0,102084.0,223321.0
2025-06-18 11:04:17.742541,3489.0,101954.0,223195.0
2025-06-18 11:04:18.649481,3489.0,101963.0,223230.0
2025-06-18 11:04:19.753606,3488.7,102154.0,223457.0
2025-06-18 11:04:20.154085,3488.7,102154.0,223457.0
2025-06-18 11:04:20.853628,3488.7,102172.0,223440.0
2025-06-18 11:04:21.174758,3488.7,102172.0,223440.0
2025-06-18 11:04:21.973162,3488.7,102462.0,223342.0
2025-06-18 11:04:23.055634,3488.9,102482.0,223360.0
2025-06-18 11:04:23.156113,3488.9,102482.0,223360.0
2025-06-18 11:04:24.059549,3489.0,102476.0,223358.0
2025-06-18 11:04:24.159790,3489.0,102476.0,223358.0
2025-06-18 11:04:25.163864,3489.0,102476.0,223378.0
2025-06-18 11:04:26.153668,3488.9,102476.0,223378.0
2025-06-18 11:04:26.256593,3488.9,102336.0,223270.0
2025-06-18 11:04:27.157855,3488.9,102336.0,223270.0
2025-06-18 11:04:27.357914,3488.9,102611.0,223498.0
2025-06-18 11:04:28.153216,3488.9,102611.0,223498.0
2025-06-18 11:04:28.263399,3488.9,102580.0,223547.0
2025-06-18 11:04:29.261279,3488.9,102590.0,223568.0
2025-06-18 11:04:30.359662,3488.9,102584.0,223687.0
2025-06-18 11:04:31.155145,3489.0,102584.0,223687.0
2025-06-18 11:04:31.360013,3489.0,102592.0,223576.0
2025-06-18 11:04:32.488134,3489.0,102592.0,223605.0
2025-06-18 11:04:33.475127,3489.0,102593.0,223596.0
2025-06-18 11:04:34.563034,3488.9,102024.0,224093.0
2025-06-18 11:04:35.164076,3488.9,102024.0,224093.0
2025-06-18 11:04:35.663302,3488.9,101947.0,224097.0
2025-06-18 11:04:36.159783,3488.7,101947.0,224097.0
2025-06-18 11:04:36.764711,3488.7,102123.0,224146.0
2025-06-18 11:04:37.166464,3488.8,102123.0,224146.0
2025-06-18 11:04:37.863769,3488.8,102188.0,224573.0
2025-06-18 11:04:38.864222,3488.8,102187.0,224579.0
2025-06-18 11:04:39.867563,3488.7,102137.0,224889.0
2025-06-18 11:04:40.158558,3488.8,102137.0,224889.0
2025-06-18 11:04:40.979188,3488.7,101884.0,225094.0
2025-06-18 11:04:41.151089,3488.7,101884.0,225094.0
2025-06-18 11:04:42.065840,3488.6,102022.0,224793.0
2025-06-18 11:04:42.161235,3488.6,102022.0,224793.0
2025-06-18 11:04:43.166304,3488.6,102022.0,224793.0
2025-06-18 11:04:43.183434,3488.6,101605.0,225218.0
2025-06-18 11:04:44.266402,3488.6,101841.0,225359.0
2025-06-18 11:04:45.198026,3488.5,101841.0,225359.0
2025-06-18 11:04:45.368775,3488.5,101657.0,225096.0
2025-06-18 11:04:46.158384,3488.6,101657.0,225096.0
2025-06-18 11:04:46.371369,3488.5,101627.0,225037.0
2025-06-18 11:04:47.164990,3488.5,101627.0,225037.0
2025-06-18 11:04:47.371350,3488.5,101639.0,224831.0
2025-06-18 11:04:48.165188,3488.5,101639.0,224831.0
2025-06-18 11:04:48.284333,3488.5,101626.0,224758.0
2025-06-18 11:04:49.372983,3488.5,101604.0,224853.0
2025-06-18 11:04:50.522380,3488.5,101521.0,224106.0
2025-06-18 11:04:51.485620,3488.5,101528.0,224107.0
2025-06-18 11:04:52.177335,3488.8,101528.0,224107.0
2025-06-18 11:04:52.573451,3488.8,101547.0,224290.0
2025-06-18 11:04:53.154264,3488.8,101547.0,224290.0
2025-06-18 11:04:53.572576,3488.8,101548.0,224479.0
2025-06-18 11:04:54.171700,3488.6,101548.0,224479.0
2025-06-18 11:04:54.574420,3488.8,101509.0,224387.0
2025-06-18 11:04:55.161670,3488.8,101509.0,224387.0
2025-06-18 11:04:55.575762,3488.8,101423.0,224394.0
2025-06-18 11:04:56.679534,3488.8,101650.0,224417.0
2025-06-18 11:04:57.776562,3488.8,101501.0,224154.0
2025-06-18 11:04:58.175442,3488.8,101501.0,224154.0
2025-06-18 11:04:58.883545,3488.8,101504.0,224410.0
2025-06-18 11:05:00.001239,3488.5,101475.0,224605.0
2025-06-18 11:05:00.161259,3488.5,101475.0,224605.0
2025-06-18 11:05:02.078338,3488.5,101129.0,225276.0
2025-06-18 11:05:02.167563,3488.5,101129.0,225276.0
2025-06-18 11:05:05.175772,3488.1,101129.0,225276.0
2025-06-18 11:05:06.164683,3488.1,101129.0,225276.0
2025-06-18 11:05:07.079251,3488.1,101057.0,225581.0
2025-06-18 11:05:08.165460,3488.1,101057.0,225581.0
2025-06-18 11:05:10.160713,3489.1,101057.0,225581.0
2025-06-18 11:05:12.079801,3488.4,101603.0,223206.0
2025-06-18 11:05:12.204749,3488.4,101603.0,223206.0
2025-06-18 11:05:16.690825,3488.5,101603.0,223206.0
2025-06-18 11:05:17.684440,3488.8,100841.0,223780.0
2025-06-18 11:05:18.194233,3488.8,100841.0,223780.0
2025-06-18 11:05:20.184486,3488.8,100841.0,223780.0
2025-06-18 11:05:22.174079,3488.9,100841.0,223780.0
2025-06-18 11:05:22.792552,3489.4,101131.0,222614.0
2025-06-18 11:05:24.208715,3489.2,101131.0,222614.0
2025-06-18 11:05:26.168922,3489.8,101131.0,222614.0
2025-06-18 11:05:27.591580,3489.8,101890.0,223109.0
2025-06-18 11:05:30.159221,3488.1,101890.0,223109.0
2025-06-18 11:05:32.196798,3488.1,101890.0,223109.0
2025-06-18 11:05:32.504849,3488.1,100648.0,224745.0
2025-06-18 11:05:36.191552,3488.5,100648.0,224745.0
2025-06-18 11:05:38.007102,3488.5,100818.0,225014.0
2025-06-18 11:05:38.170670,3488.5,100818.0,225014.0
2025-06-18 11:05:40.193527,3488.1,100818.0,225014.0
2025-06-18 11:05:42.160193,3488.5,100818.0,225014.0
2025-06-18 11:05:43.209244,3488.5,101030.0,224792.0
2025-06-18 11:05:46.169660,3488.1,101030.0,224792.0
2025-06-18 11:05:48.209746,3488.5,101030.0,224792.0
2025-06-18 11:05:48.210034,3488.5,101093.0,225187.0
2025-06-18 11:05:50.168815,3487.5,101093.0,225187.0
2025-06-18 11:05:52.185971,3488.7,101093.0,225187.0
2025-06-18 11:05:53.307684,3488.7,100997.0,224832.0
2025-06-18 11:05:54.386641,3488.9,100997.0,224832.0
2025-06-18 11:05:58.414980,3488.9,101038.0,225103.0
2025-06-18 11:06:00.158212,3488.9,101038.0,225103.0
2025-06-18 11:06:01.514519,3488.9,101171.0,225032.0
2025-06-18 11:06:02.614030,3488.1,100862.0,225999.0
2025-06-18 11:06:03.155590,3488.1,100862.0,225999.0
2025-06-18 11:06:03.616178,3488.1,101022.0,226263.0
2025-06-18 11:06:04.715026,3488.1,100905.0,226244.0
2025-06-18 11:06:05.818471,3488.1,101087.0,226239.0
2025-06-18 11:06:06.920217,3488.1,101052.0,226076.0
2025-06-18 11:06:08.016273,3488.1,101057.0,226266.0
2025-06-18 11:06:09.034974,3488.1,101025.0,226240.0
2025-06-18 11:06:09.160859,3488.1,101025.0,226240.0
2025-06-18 11:06:10.016927,3488.1,101068.0,226238.0
2025-06-18 11:06:10.197370,3488.1,101068.0,226238.0
2025-06-18 11:06:11.018074,3488.1,100942.0,225958.0
2025-06-18 11:06:11.925472,3488.1,100982.0,226555.0
2025-06-18 11:06:12.165861,3488.1,100982.0,226555.0
2025-06-18 11:06:13.023149,3488.1,101003.0,226282.0
2025-06-18 11:06:14.027672,3488.1,100886.0,225619.0
2025-06-18 11:06:15.121034,3488.1,100740.0,226458.0
2025-06-18 11:06:15.163840,3488.1,100740.0,226458.0
2025-06-18 11:06:16.156934,3488.1,100740.0,226458.0
2025-06-18 11:06:16.220794,3488.1,100698.0,226568.0
2025-06-18 11:06:17.225484,3488.1,100706.0,226568.0
2025-06-18 11:06:18.163569,3487.6,100706.0,226568.0
2025-06-18 11:06:18.222802,3487.6,100604.0,226542.0
2025-06-18 11:06:19.223882,3487.6,100604.0,226542.0
2025-06-18 11:06:20.222131,3487.6,100610.0,226542.0
2025-06-18 11:06:21.157947,3488.1,100610.0,226542.0
2025-06-18 11:06:21.328960,3488.1,100616.0,226569.0
2025-06-18 11:06:22.159972,3488.0,100616.0,226569.0
2025-06-18 11:06:22.325422,3488.0,100590.0,226505.0
2025-06-18 11:06:23.326453,3487.8,100055.0,227141.0
2025-06-18 11:06:24.163811,3488.0,100055.0,227141.0
2025-06-18 11:06:24.328223,3487.1,99718.0,227293.0
2025-06-18 11:06:25.159696,3487.1,99718.0,227293.0
2025-06-18 11:06:25.326218,3487.1,99895.0,226949.0
2025-06-18 11:06:26.427040,3487.1,99869.0,226960.0
2025-06-18 11:06:27.528366,3487.1,99938.0,227000.0
2025-06-18 11:06:28.426801,3487.1,99935.0,227008.0
2025-06-18 11:06:29.628489,3488.0,99931.0,227242.0
2025-06-18 11:06:30.164827,3488.0,99931.0,227242.0
2025-06-18 11:06:31.166096,3488.0,99931.0,227242.0
2025-06-18 11:06:31.233922,3488.0,99832.0,227218.0
2025-06-18 11:06:32.735582,3488.0,99516.0,227539.0
2025-06-18 11:06:33.731811,3488.0,99389.0,227527.0
2025-06-18 11:06:34.226772,3487.7,99389.0,227527.0
2025-06-18 11:06:34.835585,3487.7,98700.0,228008.0
2025-06-18 11:06:35.935810,3487.7,98808.0,227781.0
2025-06-18 11:06:36.167321,3487.7,98808.0,227781.0
2025-06-18 11:06:36.954411,3487.7,98834.0,227461.0
2025-06-18 11:06:37.836557,3487.7,98703.0,227589.0
2025-06-18 11:06:38.836244,3487.3,98672.0,228195.0
2025-06-18 11:06:39.167433,3487.0,98672.0,228195.0
2025-06-18 11:06:39.936954,3487.7,98700.0,227528.0
2025-06-18 11:06:40.166514,3487.7,98700.0,227528.0
2025-06-18 11:06:41.436627,3487.7,98729.0,227562.0
2025-06-18 11:06:42.158485,3487.0,98729.0,227562.0
2025-06-18 11:06:42.438703,3487.0,98723.0,227491.0
2025-06-18 11:06:43.159686,3487.6,98723.0,227491.0
2025-06-18 11:06:43.339796,3487.6,98722.0,227503.0
2025-06-18 11:06:44.160388,3487.6,98722.0,227503.0
2025-06-18 11:06:44.753321,3487.6,98667.0,227785.0
2025-06-18 11:06:45.440266,3487.8,98670.0,227828.0
2025-06-18 11:06:46.162549,3487.8,98670.0,227828.0
2025-06-18 11:06:46.714995,3487.8,98686.0,227835.0
2025-06-18 11:06:46.723260,3487.8,98686.0,227835.0
2025-06-18 11:06:47.166930,3487.7,98686.0,227835.0
2025-06-18 11:06:47.439866,3487.7,98557.0,227481.0
2025-06-18 11:06:47.611096,3487.7,98557.0,227481.0
2025-06-18 11:06:48.168764,3487.0,98557.0,227481.0
2025-06-18 11:06:48.439351,3487.0,98530.0,227570.0
2025-06-18 11:06:48.549030,3487.0,98530.0,227570.0
2025-06-18 11:06:49.764447,3487.0,98530.0,227570.0
2025-06-18 11:06:49.805241,3487.0,98545.0,227493.0
2025-06-18 11:06:50.280218,3487.0,98545.0,227493.0
2025-06-18 11:06:50.440107,3487.0,98607.0,227446.0
2025-06-18 11:06:51.051057,3487.0,98607.0,227446.0
2025-06-18 11:06:51.343084,3487.0,98592.0,227694.0
2025-06-18 11:06:52.035626,3487.0,98592.0,227694.0
2025-06-18 11:06:52.167892,3487.0,98592.0,227694.0
2025-06-18 11:06:52.442561,3487.0,98509.0,228684.0
2025-06-18 11:06:52.596965,3487.0,98509.0,228684.0
2025-06-18 11:06:53.343781,3487.0,98532.0,228690.0
2025-06-18 11:06:53.513570,3487.0,98532.0,228690.0
2025-06-18 11:06:54.199139,3487.0,98532.0,228690.0
2025-06-18 11:06:54.444118,3487.0,98597.0,228675.0
2025-06-18 11:06:54.753602,3487.0,98597.0,228675.0
2025-06-18 11:06:55.162460,3487.0,98597.0,228675.0
2025-06-18 11:06:55.345218,3487.0,98591.0,228644.0
2025-06-18 11:06:56.200939,3486.1,98591.0,228644.0
2025-06-18 11:06:56.238169,3486.1,98591.0,228644.0
2025-06-18 11:06:56.346125,3487.0,98290.0,228006.0
2025-06-18 11:06:57.101299,3487.0,98290.0,228006.0
2025-06-18 11:06:57.159634,3487.6,98290.0,228006.0
2025-06-18 11:06:57.345573,3487.6,98483.0,227877.0
2025-06-18 11:06:58.335393,3487.6,98483.0,227877.0
2025-06-18 11:06:58.345189,3487.6,98484.0,227899.0
2025-06-18 11:06:58.514972,3487.6,98484.0,227899.0
2025-06-18 11:06:59.157631,3486.1,98484.0,227899.0
2025-06-18 11:06:59.345054,3486.1,98484.0,227981.0
2025-06-18 11:06:59.665191,3486.1,98484.0,227981.0
2025-06-18 11:07:00.157064,3487.0,98484.0,227981.0
2025-06-18 11:07:00.345173,3487.0,98457.0,228656.0
2025-06-18 11:07:00.820991,3487.0,98457.0,228656.0
2025-06-18 11:07:01.548221,3487.0,98781.0,228089.0
2025-06-18 11:07:02.282479,3487.0,98781.0,228089.0
2025-06-18 11:07:02.655482,3487.0,98806.0,228040.0
2025-06-18 11:07:03.158451,3486.1,98806.0,228040.0
2025-06-18 11:07:05.036124,3486.1,98660.0,228740.0
2025-06-18 11:07:05.081310,3487.0,98660.0,228740.0
2025-06-18 11:07:05.114726,3487.0,98626.0,228726.0
2025-06-18 11:07:05.851111,3487.0,98731.0,227992.0
2025-06-18 11:07:06.858729,3487.0,98293.0,228732.0
2025-06-18 11:07:10.436745,3487.0,98390.0,228852.0
2025-06-18 11:07:10.483385,3487.0,98390.0,228852.0
2025-06-18 11:07:10.525136,3487.0,98444.0,228758.0
2025-06-18 11:07:10.530798,3487.0,98444.0,228758.0
2025-06-18 11:07:10.536668,3487.0,98424.0,229052.0
2025-06-18 11:07:10.574923,3487.0,98424.0,229052.0
2025-06-18 11:07:10.857414,3487.0,98474.0,228784.0
2025-06-18 11:07:11.164139,3487.0,98474.0,228784.0
2025-06-18 11:07:11.857921,3487.0,98683.0,228680.0
2025-06-18 11:07:12.858788,3487.0,98654.0,228523.0
2025-06-18 11:07:13.859799,3487.0,98649.0,228511.0
2025-06-18 11:07:14.861143,3487.0,98673.0,229089.0
2025-06-18 11:07:15.957017,3487.0,98655.0,229082.0
2025-06-18 11:07:16.958672,3486.9,98542.0,229046.0
2025-06-18 11:07:17.167809,3486.9,98542.0,229046.0
2025-06-18 11:07:18.059197,3486.9,98576.0,229087.0
2025-06-18 11:07:19.163589,3486.1,98576.0,229087.0
2025-06-18 11:07:19.461534,3486.1,98622.0,229008.0
2025-06-18 11:07:20.460369,3486.1,98638.0,228917.0
2025-06-18 11:07:21.460207,3486.1,98563.0,228746.0
2025-06-18 11:07:22.461473,3486.9,98457.0,228749.0
2025-06-18 11:07:23.163298,3486.9,98457.0,228749.0
2025-06-18 11:07:23.563241,3486.9,98499.0,228585.0
2025-06-18 11:07:24.163304,3486.3,98499.0,228585.0
2025-06-18 11:07:24.563157,3486.3,98369.0,228596.0
2025-06-18 11:07:25.165871,3485.6,98369.0,228596.0
2025-06-18 11:07:25.665612,3485.6,98586.0,229334.0
2025-06-18 11:07:26.219041,3485.6,98586.0,229334.0
2025-06-18 11:07:26.760923,3485.6,98201.0,229834.0
2025-06-18 11:07:27.868323,3486.7,98275.0,229503.0
2025-06-18 11:07:28.166870,3486.7,98275.0,229503.0
2025-06-18 11:07:28.862890,3486.7,98367.0,229679.0
2025-06-18 11:07:29.899424,3485.5,98199.0,229686.0
2025-06-18 11:07:30.192573,3485.5,98199.0,229686.0
2025-06-18 11:07:30.963571,3485.5,98315.0,230115.0
2025-06-18 11:07:31.965340,3485.5,98314.0,230143.0
2025-06-18 11:07:32.967576,3486.0,98262.0,230224.0
2025-06-18 11:07:33.168925,3486.0,98262.0,230224.0
2025-06-18 11:07:33.865474,3486.0,98266.0,230401.0
2025-06-18 11:07:34.169654,3486.0,98266.0,230401.0
2025-06-18 11:07:34.867591,3486.0,98217.0,230519.0
2025-06-18 11:07:35.867154,3486.0,98289.0,230251.0
2025-06-18 11:07:36.868136,3486.0,98256.0,230383.0
2025-06-18 11:07:37.867703,3486.0,98504.0,230552.0
2025-06-18 11:07:38.869945,3486.0,98326.0,230800.0
2025-06-18 11:07:39.206153,3486.0,98326.0,230800.0
2025-06-18 11:07:39.874589,3486.0,98354.0,230637.0
2025-06-18 11:07:40.972470,3485.9,98394.0,230910.0
2025-06-18 11:07:41.168797,3485.9,98394.0,230910.0
2025-06-18 11:07:42.072535,3485.9,98386.0,230931.0
2025-06-18 11:07:43.072697,3485.9,98406.0,230855.0
2025-06-18 11:07:43.169546,3485.9,98406.0,230855.0
2025-06-18 11:07:44.792732,3485.9,98406.0,230855.0
2025-06-18 11:07:44.796495,3485.9,98404.0,230506.0
2025-06-18 11:07:45.271943,3485.9,98466.0,230681.0
2025-06-18 11:07:46.374065,3485.9,98420.0,230681.0
2025-06-18 11:07:47.174302,3486.0,98420.0,230681.0
2025-06-18 11:07:47.372532,3486.0,98433.0,230453.0
2025-06-18 11:07:48.374864,3486.0,98479.0,230246.0
2025-06-18 11:07:49.374758,3486.0,98298.0,230246.0
2025-06-18 11:07:50.479375,3486.0,98579.0,230177.0
2025-06-18 11:07:51.482738,3486.0,98605.0,230195.0
2025-06-18 11:07:52.576441,3486.0,98697.0,229127.0
2025-06-18 11:07:53.573524,3486.0,98608.0,229431.0
2025-06-18 11:07:54.166782,3486.0,98608.0,229431.0
2025-06-18 11:07:55.125521,3486.6,98410.0,228755.0
2025-06-18 11:07:55.162970,3486.6,98410.0,228755.0
2025-06-18 11:07:55.702426,3485.9,98103.0,229322.0
2025-06-18 11:07:56.176240,3487.5,98103.0,229322.0
2025-06-18 11:07:56.687444,3487.5,98382.0,227345.0
2025-06-18 11:07:57.750853,3486.6,98672.0,227470.0
2025-06-18 11:07:58.176965,3486.6,98672.0,227470.0
2025-06-18 11:07:58.776820,3486.6,98811.0,227586.0
2025-06-18 11:07:59.708253,3486.6,98850.0,227391.0
2025-06-18 11:08:00.686473,3486.6,99143.0,227186.0
2025-06-18 11:08:01.718909,3486.6,99173.0,227170.0
2025-06-18 11:08:02.194434,3486.9,99173.0,227170.0
2025-06-18 11:08:03.170540,3486.6,99173.0,227170.0
2025-06-18 11:08:03.278113,3486.6,98868.0,227381.0
2025-06-18 11:08:04.176354,3487.9,98868.0,227381.0
2025-06-18 11:08:04.283784,3487.9,98890.0,227357.0
2025-06-18 11:08:05.184524,3486.5,98890.0,227357.0
2025-06-18 11:08:05.381375,3486.5,98953.0,227873.0
2025-06-18 11:08:06.491035,3487.8,99057.0,227896.0
2025-06-18 11:08:07.178378,3487.8,99057.0,227896.0
2025-06-18 11:08:07.604945,3487.8,99010.0,227937.0
2025-06-18 11:08:08.179270,3486.5,99010.0,227937.0
2025-06-18 11:08:08.684596,3486.5,98959.0,227731.0
2025-06-18 11:08:09.790464,3486.5,98837.0,227743.0
2025-06-18 11:08:10.188507,3486.7,98837.0,227743.0
2025-06-18 11:08:10.786227,3486.7,98805.0,228080.0
2025-06-18 11:08:11.173580,3487.7,98805.0,228080.0
2025-06-18 11:08:12.247789,3487.7,98767.0,227972.0
2025-06-18 11:08:12.785768,3487.7,98742.0,228286.0
2025-06-18 11:08:13.176204,3487.7,98742.0,228286.0
2025-06-18 11:08:13.787249,3487.7,98714.0,227779.0
2025-06-18 11:08:15.170895,3487.7,98788.0,228104.0
2025-06-18 11:08:15.198937,3486.7,98788.0,228104.0
2025-06-18 11:08:15.691182,3486.7,98757.0,228130.0
2025-06-18 11:08:16.193364,3486.7,98757.0,228130.0
2025-06-18 11:08:16.790429,3486.7,98754.0,228150.0
2025-06-18 11:08:20.488190,3486.7,98847.0,228183.0
2025-06-18 11:08:20.494230,3487.7,98847.0,228183.0
2025-06-18 11:08:20.525923,3487.7,98927.0,227707.0
2025-06-18 11:08:20.530038,3487.7,98927.0,227707.0
2025-06-18 11:08:20.535232,3487.7,98915.0,227697.0
2025-06-18 11:08:20.540269,3487.7,98915.0,227697.0
2025-06-18 11:08:21.092275,3487.7,98939.0,227593.0
2025-06-18 11:08:22.196021,3487.7,98947.0,227343.0
2025-06-18 11:08:23.294732,3487.7,98938.0,227208.0
2025-06-18 11:08:24.171980,3487.7,98938.0,227208.0
2025-06-18 11:08:24.399892,3487.7,98806.0,227669.0
2025-06-18 11:08:25.170380,3487.7,98806.0,227669.0
2025-06-18 11:08:25.397786,3487.7,98798.0,227673.0
2025-06-18 11:08:26.505178,3487.7,99000.0,227777.0
2025-06-18 11:08:27.169675,3486.6,99000.0,227777.0
2025-06-18 11:08:27.511575,3486.6,99076.0,227952.0
2025-06-18 11:08:28.514043,3487.7,99071.0,227953.0
2025-06-18 11:08:29.169090,3487.7,99071.0,227953.0
2025-06-18 11:08:29.510087,3487.7,99046.0,227961.0
2025-06-18 11:08:30.510561,3487.7,99001.0,227961.0
2025-06-18 11:08:31.401526,3487.7,98978.0,227896.0
2025-06-18 11:08:32.405857,3487.7,99196.0,227787.0
2025-06-18 11:08:33.176788,3487.7,99196.0,227787.0
2025-06-18 11:08:33.510431,3487.7,99239.0,227798.0
2025-06-18 11:08:34.170721,3486.7,99239.0,227798.0
2025-06-18 11:08:34.605094,3486.7,99219.0,227904.0
2025-06-18 11:08:35.166140,3486.7,99219.0,227904.0
2025-06-18 11:08:35.706223,3486.7,99247.0,227904.0
2025-06-18 11:08:36.707020,3487.2,99267.0,228333.0
2025-06-18 11:08:37.174151,3487.2,99267.0,228333.0
2025-06-18 11:08:37.706949,3487.2,99157.0,228269.0
2025-06-18 11:08:38.706655,3487.2,99119.0,228661.0
2025-06-18 11:08:39.706840,3487.2,99134.0,228639.0
2025-06-18 11:08:40.176485,3487.2,99134.0,228639.0
2025-06-18 11:08:40.710151,3487.2,99094.0,228596.0
2025-06-18 11:08:41.906783,3486.8,99134.0,228590.0
2025-06-18 11:08:42.177817,3486.8,99134.0,228590.0
2025-06-18 11:08:42.812753,3486.8,99132.0,228576.0
2025-06-18 11:08:44.018206,3487.2,99168.0,228613.0
2025-06-18 11:08:44.181206,3487.2,99168.0,228613.0
2025-06-18 11:08:44.910882,3487.2,99184.0,228624.0
2025-06-18 11:08:46.025456,3487.1,99028.0,228445.0
2025-06-18 11:08:46.201517,3487.2,99028.0,228445.0
2025-06-18 11:08:47.208920,3487.2,99059.0,228470.0
2025-06-18 11:08:48.170569,3487.2,99059.0,228470.0
2025-06-18 11:08:48.209063,3487.2,99376.0,228306.0
2025-06-18 11:08:49.209215,3487.2,99403.0,228408.0
2025-06-18 11:08:50.170824,3487.2,99403.0,228408.0
2025-06-18 11:08:50.209974,3487.2,99409.0,228080.0
2025-06-18 11:08:51.211724,3487.7,99409.0,228080.0
2025-06-18 11:08:51.309590,3487.7,100550.0,226159.0
2025-06-18 11:08:52.174077,3488.0,100550.0,226159.0
2025-06-18 11:08:52.410165,3488.0,100640.0,226571.0
2025-06-18 11:08:53.411357,3488.0,100643.0,226597.0
2025-06-18 11:08:54.175373,3487.4,100643.0,226597.0
2025-06-18 11:08:54.412736,3487.4,100594.0,226568.0
2025-06-18 11:08:55.412160,3487.4,100357.0,226631.0
2025-06-18 11:08:56.414410,3487.4,100455.0,226792.0
2025-06-18 11:08:57.170876,3487.4,100455.0,226792.0
2025-06-18 11:08:57.314584,3487.4,100443.0,226858.0
2025-06-18 11:08:58.414689,3487.4,100499.0,226766.0
2025-06-18 11:08:59.176894,3488.0,100499.0,226766.0
2025-06-18 11:08:59.521248,3488.0,100521.0,226791.0
2025-06-18 11:09:00.612556,3488.0,100604.0,226445.0
2025-06-18 11:09:02.041987,3488.0,100530.0,226463.0
2025-06-18 11:09:03.058199,3488.0,100468.0,225899.0
2025-06-18 11:09:04.029411,3487.1,101016.0,226190.0
2025-06-18 11:09:04.178410,3487.1,101016.0,226190.0
2025-06-18 11:09:05.020373,3487.1,101069.0,226377.0
2025-06-18 11:09:06.028833,3488.0,101173.0,226196.0
2025-06-18 11:09:06.172820,3488.0,101173.0,226196.0
2025-06-18 11:09:06.919356,3488.0,101212.0,226377.0
2025-06-18 11:09:07.919496,3488.0,101176.0,226301.0
2025-06-18 11:09:08.823052,3487.9,101235.0,226098.0
2025-06-18 11:09:09.169622,3487.9,101235.0,226098.0
2025-06-18 11:09:09.777216,3487.9,101426.0,226577.0
2025-06-18 11:09:10.621503,3487.9,101463.0,226260.0
2025-06-18 11:09:11.721582,3487.9,101912.0,225946.0
2025-06-18 11:09:12.167165,3487.7,101912.0,225946.0
2025-06-18 11:09:14.262739,3487.7,101896.0,225863.0
2025-06-18 11:09:14.311739,3487.9,102094.0,226050.0
2025-06-18 11:09:14.346088,3487.9,102094.0,226050.0
2025-06-18 11:09:14.823934,3487.9,102082.0,225902.0
2025-06-18 11:09:15.921367,3487.9,101928.0,225902.0
2025-06-18 11:09:17.030522,3487.9,101943.0,225886.0
2025-06-18 11:09:18.827468,3487.9,101940.0,225900.0
2025-06-18 11:09:18.870227,3487.9,101940.0,225900.0
2025-06-18 11:09:19.028452,3487.9,101865.0,225885.0
2025-06-18 11:09:20.030843,3487.9,101573.0,226085.0
2025-06-18 11:09:21.030009,3487.9,101581.0,226009.0
2025-06-18 11:09:21.172443,3487.9,101581.0,226009.0
2025-06-18 11:09:22.037750,3487.9,101513.0,226050.0
2025-06-18 11:09:22.165723,3487.9,101513.0,226050.0
2025-06-18 11:09:23.037972,3487.9,101477.0,226050.0
2025-06-18 11:09:23.931680,3487.9,101628.0,225920.0
2025-06-18 11:09:24.173854,3487.9,101628.0,225920.0
2025-06-18 11:09:24.926544,3487.6,101512.0,225852.0
2025-06-18 11:09:25.177760,3487.6,101512.0,225852.0
2025-06-18 11:09:25.926839,3487.6,101486.0,225859.0
2025-06-18 11:09:27.029603,3487.8,101489.0,225876.0
2025-06-18 11:09:27.167801,3487.8,101489.0,225876.0
2025-06-18 11:09:28.129131,3487.8,101503.0,225859.0
2025-06-18 11:09:29.134139,3487.9,101478.0,226356.0
2025-06-18 11:09:29.178367,3487.9,101478.0,226356.0
2025-06-18 11:09:30.135852,3487.9,101305.0,226246.0
2025-06-18 11:09:30.178959,3487.9,101305.0,226246.0
2025-06-18 11:09:31.231977,3487.9,101277.0,226442.0
2025-06-18 11:09:32.330744,3487.9,101293.0,226440.0
2025-06-18 11:09:33.334901,3487.9,101284.0,226454.0
2025-06-18 11:09:34.336858,3487.9,101299.0,226444.0
2025-06-18 11:09:35.172882,3487.9,101299.0,226444.0
2025-06-18 11:09:35.534725,3487.9,101341.0,226467.0
2025-06-18 11:09:36.172232,3487.8,101341.0,226467.0
2025-06-18 11:09:36.638104,3487.9,101354.0,226450.0
2025-06-18 11:09:37.176403,3487.9,101354.0,226450.0
2025-06-18 11:09:37.735919,3487.9,101346.0,226587.0
2025-06-18 11:09:39.847727,3487.9,101376.0,226583.0
2025-06-18 11:09:39.896266,3487.9,101376.0,226583.0
2025-06-18 11:09:39.903098,3487.9,101379.0,226585.0
2025-06-18 11:09:40.737631,3487.9,101397.0,226590.0
2025-06-18 11:09:41.169109,3487.8,101397.0,226590.0
2025-06-18 11:09:41.842679,3487.9,101422.0,226579.0
2025-06-18 11:09:42.177512,3487.9,101422.0,226579.0
2025-06-18 11:09:42.840783,3487.9,101438.0,226579.0
2025-06-18 11:09:43.170407,3487.8,101438.0,226579.0
2025-06-18 11:09:43.840234,3487.8,101452.0,226606.0
2025-06-18 11:09:44.189528,3487.9,101452.0,226606.0
2025-06-18 11:09:44.943707,3488.0,101442.0,226571.0
2025-06-18 11:09:45.177658,3488.0,101442.0,226571.0
2025-06-18 11:09:45.944237,3488.0,101455.0,226612.0
2025-06-18 11:09:46.253332,3488.0,101455.0,226612.0
2025-06-18 11:09:46.941521,3488.0,101472.0,227013.0
2025-06-18 11:09:47.189392,3488.0,101472.0,227013.0
2025-06-18 11:09:47.940465,3488.0,101661.0,227013.0
2025-06-18 11:09:48.209552,3488.0,101661.0,227013.0
2025-06-18 11:09:49.043439,3488.0,101700.0,226998.0
2025-06-18 11:09:49.098542,3488.0,101700.0,226998.0
2025-06-18 11:09:49.175178,3487.2,101700.0,226998.0
2025-06-18 11:09:50.020173,3487.2,101700.0,226998.0
2025-06-18 11:09:50.150170,3487.2,101920.0,227039.0
2025-06-18 11:09:50.859761,3487.2,101920.0,227039.0
2025-06-18 11:09:51.150747,3487.2,102028.0,226712.0
2025-06-18 11:09:51.634659,3487.2,102028.0,226712.0
2025-06-18 11:09:52.151629,3487.2,102045.0,226938.0
2025-06-18 11:09:52.633768,3487.2,102045.0,226938.0
2025-06-18 11:09:53.153520,3487.2,102078.0,226938.0
2025-06-18 11:09:53.209488,3487.2,102078.0,226938.0
2025-06-18 11:09:54.087572,3487.2,102078.0,226938.0
2025-06-18 11:09:54.186312,3488.0,102078.0,226938.0
2025-06-18 11:09:54.242997,3488.0,102067.0,226913.0
2025-06-18 11:09:54.460003,3488.0,102067.0,226913.0
2025-06-18 11:09:55.243185,3488.0,102425.0,225982.0
2025-06-18 11:09:55.372588,3488.0,102425.0,225982.0
2025-06-18 11:09:56.153449,3488.0,102752.0,226192.0
2025-06-18 11:09:56.583438,3488.0,102752.0,226192.0
2025-06-18 11:09:57.244906,3488.0,102780.0,226317.0
2025-06-18 11:09:57.560918,3488.0,102780.0,226317.0
2025-06-18 11:09:58.177951,3487.8,102780.0,226317.0
2025-06-18 11:09:58.443555,3487.8,102552.0,226150.0
2025-06-18 11:09:58.971571,3487.8,102552.0,226150.0
2025-06-18 11:09:59.178410,3487.8,102552.0,226150.0
2025-06-18 11:09:59.445691,3487.8,102550.0,226394.0
2025-06-18 11:10:00.117455,3487.8,102550.0,226394.0
2025-06-18 11:10:00.171414,3487.8,102550.0,226394.0
2025-06-18 11:10:00.546110,3488.0,102510.0,226427.0
2025-06-18 11:10:01.178483,3488.0,102510.0,226427.0
2025-06-18 11:10:01.244463,3488.0,102510.0,226427.0
2025-06-18 11:10:02.713856,3488.0,102510.0,226427.0
2025-06-18 11:10:03.220773,3487.9,102510.0,226427.0
2025-06-18 11:10:05.172573,3487.9,102510.0,226427.0
2025-06-18 11:10:05.658003,3487.9,102566.0,226425.0
2025-06-18 11:10:07.181395,3488.5,102566.0,226425.0
2025-06-18 11:10:09.516139,3489.0,102566.0,226425.0
2025-06-18 11:10:10.852055,3489.0,104784.0,223724.0
2025-06-18 11:10:11.207695,3489.0,104784.0,223724.0
2025-06-18 11:10:13.184845,3489.0,104784.0,223724.0
2025-06-18 11:10:16.357216,3489.9,104555.0,223793.0
2025-06-18 11:10:17.189067,3489.8,104555.0,223793.0
2025-06-18 11:10:19.178980,3489.7,104555.0,223793.0
2025-06-18 11:10:21.458054,3489.7,104247.0,225658.0
2025-06-18 11:10:23.181519,3489.8,104247.0,225658.0
2025-06-18 11:10:25.186877,3489.8,104247.0,225658.0
2025-06-18 11:10:26.858789,3489.8,104307.0,225862.0
2025-06-18 11:10:29.177478,3489.4,104307.0,225862.0
2025-06-18 11:10:32.178454,3489.7,104307.0,225862.0
2025-06-18 11:10:32.364122,3489.7,103609.0,226468.0
2025-06-18 11:10:34.192030,3489.4,103609.0,226468.0
2025-06-18 11:10:37.209167,3489.0,103609.0,226468.0
2025-06-18 11:10:37.968504,3489.0,103725.0,226307.0
2025-06-18 11:10:41.186113,3489.4,103725.0,226307.0
2025-06-18 11:10:43.180043,3489.0,103725.0,226307.0
2025-06-18 11:10:43.471608,3489.0,103771.0,226837.0
2025-06-18 11:10:48.574448,3489.0,103731.0,227073.0
2025-06-18 11:10:49.179286,3489.4,103731.0,227073.0
2025-06-18 11:10:51.178988,3489.0,103731.0,227073.0
2025-06-18 11:10:53.186045,3489.0,103731.0,227073.0
2025-06-18 11:10:53.678137,3489.0,103422.0,227005.0
2025-06-18 11:10:55.181651,3489.0,103422.0,227005.0
2025-06-18 11:10:57.174422,3489.4,103422.0,227005.0
2025-06-18 11:10:58.985948,3489.4,103380.0,227351.0
2025-06-18 11:10:59.177680,3489.4,103380.0,227351.0
2025-06-18 11:11:01.178108,3489.4,103380.0,227351.0
2025-06-18 11:11:04.288878,3489.4,103390.0,226980.0
2025-06-18 11:11:07.182772,3489.4,103390.0,226980.0
2025-06-18 11:11:09.194502,3489.4,103390.0,226980.0
2025-06-18 11:11:09.795809,3489.4,103412.0,227343.0
2025-06-18 11:11:11.187000,3489.4,103412.0,227343.0
2025-06-18 11:11:13.191158,3489.4,103412.0,227343.0
2025-06-18 11:11:15.115321,3489.4,103402.0,227223.0
2025-06-18 11:11:19.193567,3489.0,103402.0,227223.0
2025-06-18 11:11:20.396685,3489.0,102573.0,228164.0
2025-06-18 11:11:21.197304,3489.0,102573.0,228164.0
2025-06-18 11:11:25.220479,3489.0,102573.0,228164.0
2025-06-18 11:11:25.511350,3489.0,102526.0,227945.0
2025-06-18 11:11:29.229001,3489.0,102526.0,227945.0
2025-06-18 11:11:30.603796,3489.0,102377.0,228114.0
2025-06-18 11:11:31.181399,3489.0,102377.0,228114.0
2025-06-18 11:11:33.180451,3489.0,102377.0,228114.0
2025-06-18 11:11:35.186308,3488.9,102377.0,228114.0
2025-06-18 11:11:35.607928,3488.9,102619.0,228058.0
2025-06-18 11:11:37.200429,3488.9,102619.0,228058.0
2025-06-18 11:11:39.191411,3489.0,102619.0,228058.0
2025-06-18 11:11:40.531689,3489.0,102650.0,228099.0
2025-06-18 11:11:43.206804,3489.0,102650.0,228099.0
2025-06-18 11:11:45.192561,3488.7,102650.0,228099.0
2025-06-18 11:11:45.616208,3488.7,102535.0,227999.0
2025-06-18 11:11:47.216228,3488.6,102535.0,227999.0
2025-06-18 11:11:49.196240,3488.7,102535.0,227999.0
2025-06-18 11:11:50.616475,3488.7,102523.0,228162.0
2025-06-18 11:11:51.207970,3488.7,102523.0,228162.0
2025-06-18 11:11:53.199010,3488.7,102523.0,228162.0
2025-06-18 11:11:55.205698,3488.7,102523.0,228162.0
2025-06-18 11:11:55.822969,3488.7,102728.0,227136.0
2025-06-18 11:11:57.196768,3488.7,102728.0,227136.0
2025-06-18 11:11:59.181367,3489.0,102728.0,227136.0
2025-06-18 11:12:00.726427,3489.0,102957.0,226670.0
2025-06-18 11:12:03.194233,3489.0,102957.0,226670.0
2025-06-18 11:12:05.181856,3488.7,102957.0,226670.0
2025-06-18 11:12:05.426405,3488.7,103024.0,226867.0
2025-06-18 11:12:10.118687,3489.0,103024.0,226867.0
2025-06-18 11:12:10.329775,3489.0,103313.0,227152.0
2025-06-18 11:12:13.189559,3488.9,103313.0,227152.0
2025-06-18 11:12:15.179497,3488.6,103313.0,227152.0
2025-06-18 11:12:15.435803,3488.6,103477.0,228508.0
2025-06-18 11:12:20.838531,3488.9,103546.0,228857.0
2025-06-18 11:12:21.183713,3488.9,103546.0,228857.0
2025-06-18 11:12:25.182291,3488.6,103546.0,228857.0
2025-06-18 11:12:25.747223,3488.6,103528.0,228862.0
2025-06-18 11:12:27.183401,3488.7,103528.0,228862.0
2025-06-18 11:12:29.182953,3488.5,103528.0,228862.0
2025-06-18 11:12:30.751151,3488.5,103068.0,228752.0
2025-06-18 11:12:33.184977,3488.5,103068.0,228752.0
2025-06-18 11:12:35.203706,3488.5,103068.0,228752.0
2025-06-18 11:12:35.954896,3488.5,102332.0,229501.0
2025-06-18 11:12:37.183795,3488.4,102332.0,229501.0
2025-06-18 11:12:39.186443,3488.5,102332.0,229501.0
2025-06-18 11:12:41.226207,3488.5,102332.0,229501.0
2025-06-18 11:12:41.357293,3488.5,102126.0,229494.0
2025-06-18 11:12:43.186953,3488.5,102126.0,229494.0
2025-06-18 11:12:45.187130,3488.5,102126.0,229494.0
2025-06-18 11:12:46.261163,3488.0,108407.0,229425.0
2025-06-18 11:12:47.183001,3488.0,108407.0,229425.0
2025-06-18 11:12:47.559565,3488.0,108407.0,229425.0
2025-06-18 11:12:48.623733,3488.0,108407.0,229425.0
2025-06-18 11:12:49.182224,3488.5,108407.0,229425.0
2025-06-18 11:12:49.530856,3488.5,108407.0,229425.0
2025-06-18 11:12:50.457196,3488.5,108407.0,229425.0
2025-06-18 11:12:51.186017,3488.0,108407.0,229425.0
2025-06-18 11:12:51.312518,3488.0,108407.0,229425.0
2025-06-18 11:12:51.566306,3488.0,108310.0,229033.0
2025-06-18 11:12:52.075506,3488.0,108310.0,229033.0
2025-06-18 11:12:53.070576,3488.0,108310.0,229033.0
2025-06-18 11:12:53.183445,3488.4,108310.0,229033.0
2025-06-18 11:12:53.630290,3488.4,108310.0,229033.0
2025-06-18 11:12:54.038512,3488.4,108310.0,229033.0
2025-06-18 11:12:55.180375,3488.4,108310.0,229033.0
2025-06-18 11:12:55.761523,3488.4,108310.0,229033.0
2025-06-18 11:12:57.003824,3488.4,108310.0,229033.0
2025-06-18 11:12:57.171454,3488.4,108309.0,229210.0
2025-06-18 11:12:57.187965,3488.4,108309.0,229210.0
2025-06-18 11:12:57.881668,3488.4,108309.0,229210.0
2025-06-18 11:12:59.193612,3488.4,108309.0,229210.0
2025-06-18 11:12:59.284683,3488.4,108309.0,229210.0
2025-06-18 11:13:00.390937,3488.4,108309.0,229210.0
2025-06-18 11:13:01.570890,3488.4,108309.0,229210.0
2025-06-18 11:13:02.373761,3488.4,108366.0,229446.0
2025-06-18 11:13:03.031684,3488.4,108366.0,229446.0
2025-06-18 11:13:03.214511,3488.3,108366.0,229446.0
2025-06-18 11:13:05.188405,3488.3,108366.0,229446.0
2025-06-18 11:13:07.187007,3488.0,108366.0,229446.0
2025-06-18 11:13:07.278200,3488.0,108125.0,230199.0
2025-06-18 11:13:09.185433,3488.4,108125.0,230199.0
2025-06-18 11:13:11.188500,3488.1,108125.0,230199.0
2025-06-18 11:13:12.178132,3488.1,108159.0,229878.0
2025-06-18 11:13:15.192439,3488.3,108159.0,229878.0
2025-06-18 11:13:16.982391,3488.3,107977.0,229964.0
2025-06-18 11:13:17.190696,3488.3,107977.0,229964.0
2025-06-18 11:13:19.191611,3488.3,107977.0,229964.0
2025-06-18 11:13:21.887498,3488.3,107978.0,229911.0
2025-06-18 11:13:23.186812,3488.3,107978.0,229911.0
2025-06-18 11:13:25.189350,3488.1,107978.0,229911.0
2025-06-18 11:13:26.886332,3488.1,107641.0,230214.0
2025-06-18 11:13:27.187613,3488.1,107641.0,230214.0
2025-06-18 11:13:31.188877,3488.0,107641.0,230214.0
2025-06-18 11:13:31.791410,3488.1,106997.0,230333.0
2025-06-18 11:13:33.192996,3488.1,106997.0,230333.0
2025-06-18 11:13:36.695281,3488.1,107119.0,230462.0
2025-06-18 11:13:37.189443,3488.1,107119.0,230462.0
2025-06-18 11:13:39.189200,3489.0,107119.0,230462.0
2025-06-18 11:13:41.997815,3489.0,110219.0,225786.0
2025-06-18 11:13:43.190808,3489.1,110219.0,225786.0
2025-06-18 11:13:47.102107,3488.6,110148.0,226368.0
2025-06-18 11:13:47.197147,3488.6,110148.0,226368.0
2025-06-18 11:13:51.187468,3488.5,110148.0,226368.0
2025-06-18 11:13:51.798610,3488.5,110463.0,226273.0
2025-06-18 11:13:53.191363,3489.0,110463.0,226273.0
2025-06-18 11:13:57.104361,3489.3,110679.0,225102.0
2025-06-18 11:13:57.189535,3489.3,110679.0,225102.0
2025-06-18 11:14:01.187150,3489.3,110679.0,225102.0
2025-06-18 11:14:02.104450,3489.0,110490.0,225128.0
2025-06-18 11:14:02.188313,3489.0,110490.0,225128.0
2025-06-18 11:14:03.012689,3489.7,110500.0,224723.0
2025-06-18 11:14:03.189396,3489.7,110500.0,224723.0
2025-06-18 11:14:04.106746,3489.7,110730.0,224367.0
2025-06-18 11:14:05.106795,3489.7,110842.0,224501.0
2025-06-18 11:14:06.108273,3489.7,111221.0,224332.0
2025-06-18 11:14:07.212428,3489.7,111294.0,224585.0
2025-06-18 11:14:08.107555,3489.7,111305.0,224571.0
2025-06-18 11:14:09.190403,3489.7,111305.0,224571.0
2025-06-18 11:14:09.211066,3489.7,111308.0,224569.0
2025-06-18 11:14:10.190148,3489.7,111308.0,224569.0
2025-06-18 11:14:10.309647,3489.7,111091.0,224693.0
2025-06-18 11:14:11.409995,3489.7,110922.0,224929.0
2025-06-18 11:14:12.413734,3489.7,110932.0,224928.0
2025-06-18 11:14:13.224320,3489.7,110932.0,224928.0
2025-06-18 11:14:13.525308,3489.7,110986.0,225092.0
2025-06-18 11:14:14.191671,3489.7,110986.0,225092.0
2025-06-18 11:14:14.527959,3489.3,110670.0,225174.0
2025-06-18 11:14:15.190479,3489.3,110670.0,225174.0
2025-06-18 11:14:15.551312,3489.7,110756.0,225182.0
2025-06-18 11:14:16.194675,3489.7,110756.0,225182.0
2025-06-18 11:14:16.541581,3489.7,110711.0,225162.0
2025-06-18 11:14:17.527327,3489.7,110752.0,225180.0
2025-06-18 11:14:18.614358,3489.7,110765.0,225181.0
2025-06-18 11:14:19.715878,3489.7,110664.0,225181.0
2025-06-18 11:14:20.188833,3489.7,110664.0,225181.0
2025-06-18 11:14:20.818986,3489.8,110559.0,225001.0
2025-06-18 11:14:21.189022,3489.8,110559.0,225001.0
2025-06-18 11:14:21.917404,3489.8,110775.0,224608.0
2025-06-18 11:14:22.920227,3489.9,110620.0,224475.0
2025-06-18 11:14:23.189608,3489.9,110620.0,224475.0
2025-06-18 11:14:24.031649,3489.9,110558.0,224792.0
2025-06-18 11:14:24.194815,3489.9,110558.0,224792.0
2025-06-18 11:14:25.119280,3489.7,110553.0,224803.0
2025-06-18 11:14:25.189582,3489.7,110553.0,224803.0
2025-06-18 11:14:26.188707,3489.9,110553.0,224803.0
2025-06-18 11:14:26.225030,3489.9,110546.0,225086.0
2025-06-18 11:14:27.321503,3489.9,110501.0,225060.0
2025-06-18 11:14:28.190612,3489.7,110501.0,225060.0
2025-06-18 11:14:28.321954,3489.7,109974.0,225167.0
2025-06-18 11:14:29.423203,3489.7,109984.0,225194.0
2025-06-18 11:14:30.535968,3489.7,109962.0,225194.0
2025-06-18 11:14:31.536945,3489.7,110071.0,225183.0
2025-06-18 11:14:32.624095,3489.9,109964.0,225171.0
2025-06-18 11:14:33.189700,3489.7,109964.0,225171.0
2025-06-18 11:14:33.625206,3489.9,110103.0,224906.0
2025-06-18 11:14:34.199336,3489.9,110103.0,224906.0
2025-06-18 11:14:34.727940,3489.7,110202.0,224898.0
2025-06-18 11:14:35.190723,3489.7,110202.0,224898.0
2025-06-18 11:14:35.828046,3489.7,110201.0,224900.0
2025-06-18 11:14:36.927736,3489.7,110483.0,224901.0
2025-06-18 11:14:37.930232,3489.7,110866.0,224355.0
2025-06-18 11:14:39.078401,3489.9,110867.0,225326.0
2025-06-18 11:14:39.190009,3489.9,110867.0,225326.0
2025-06-18 11:14:40.129190,3489.9,110897.0,225352.0
2025-06-18 11:14:41.229641,3489.9,110807.0,225352.0
2025-06-18 11:14:42.331020,3489.9,110987.0,225366.0
2025-06-18 11:14:43.331993,3489.9,110987.0,225111.0
2025-06-18 11:14:44.189557,3489.9,110987.0,225111.0
2025-06-18 11:14:44.333334,3489.9,111020.0,225364.0
2025-06-18 11:14:45.335502,3489.9,111045.0,225357.0
2025-06-18 11:14:46.193259,3489.8,111045.0,225357.0
2025-06-18 11:14:46.336312,3489.8,111042.0,225327.0
2025-06-18 11:14:47.193564,3489.9,111042.0,225327.0
2025-06-18 11:14:47.337163,3489.9,110913.0,225355.0
2025-06-18 11:14:48.336801,3489.9,110855.0,225513.0
2025-06-18 11:14:49.190125,3489.9,110855.0,225513.0
2025-06-18 11:14:49.437852,3489.8,110705.0,225451.0
2025-06-18 11:14:50.190960,3489.8,110705.0,225451.0
2025-06-18 11:14:50.550587,3489.8,110713.0,225466.0
2025-06-18 11:14:51.550756,3489.8,110744.0,225451.0
2025-06-18 11:14:52.214092,3489.8,110744.0,225451.0
2025-06-18 11:14:52.643793,3489.7,110701.0,225431.0
2025-06-18 11:14:53.213074,3489.7,110701.0,225431.0
2025-06-18 11:14:53.741679,3489.7,110766.0,225410.0
2025-06-18 11:14:54.190490,3489.8,110766.0,225410.0
2025-06-18 11:14:54.647828,3489.8,110740.0,225126.0
2025-06-18 11:14:55.647567,3489.8,110750.0,225168.0
2025-06-18 11:14:56.193872,3489.8,110750.0,225168.0
2025-06-18 11:14:56.649006,3489.8,110570.0,225781.0
2025-06-18 11:14:57.189016,3489.7,110570.0,225781.0
2025-06-18 11:14:57.651818,3489.7,110131.0,225873.0
2025-06-18 11:14:58.751059,3489.7,110152.0,225602.0
2025-06-18 11:14:59.850099,3489.8,110334.0,225489.0
2025-06-18 11:15:00.190717,3489.7,110334.0,225489.0
2025-06-18 11:15:03.194534,3488.1,110334.0,225489.0
2025-06-18 11:15:04.350877,3488.1,107787.0,227784.0
2025-06-18 11:15:05.197387,3488.1,107787.0,227784.0
2025-06-18 11:15:07.193414,3488.1,107787.0,227784.0
2025-06-18 11:15:10.476259,3488.1,107787.0,227784.0
2025-06-18 11:15:10.477318,3488.1,107749.0,227706.0
2025-06-18 11:15:13.194879,3488.0,107749.0,227706.0
2025-06-18 11:15:14.660832,3488.0,107814.0,227572.0
2025-06-18 11:15:17.207389,3488.0,107814.0,227572.0
2025-06-18 11:15:19.202736,3489.2,107814.0,227572.0
2025-06-18 11:15:19.663120,3488.0,107339.0,227480.0
2025-06-18 11:15:21.196761,3488.0,107339.0,227480.0
2025-06-18 11:15:24.565359,3488.0,107131.0,226765.0
2025-06-18 11:15:25.201090,3488.0,107131.0,226765.0
2025-06-18 11:15:29.207930,3488.0,107131.0,226765.0
2025-06-18 11:15:30.169129,3487.8,106419.0,227855.0
2025-06-18 11:15:31.199517,3487.8,106419.0,227855.0
2025-06-18 11:15:33.197622,3487.8,106419.0,227855.0
2025-06-18 11:15:35.198849,3487.8,106419.0,227855.0
2025-06-18 11:15:35.775348,3487.8,106127.0,227682.0
2025-06-18 11:15:37.235498,3487.8,106127.0,227682.0
2025-06-18 11:15:40.981942,3487.8,106174.0,227394.0
2025-06-18 11:15:43.203022,3487.8,106174.0,227394.0
2025-06-18 11:15:45.199504,3487.9,106174.0,227394.0
2025-06-18 11:15:45.980095,3487.9,107358.0,225680.0
2025-06-18 11:15:47.199341,3489.0,107358.0,225680.0
2025-06-18 11:15:48.066055,3489.0,107358.0,225680.0
2025-06-18 11:15:49.090393,3489.0,107358.0,225680.0
2025-06-18 11:15:49.201834,3489.5,107358.0,225680.0
2025-06-18 11:15:49.995995,3489.5,107358.0,225680.0
2025-06-18 11:15:50.934003,3489.5,107358.0,225680.0
2025-06-18 11:15:51.202841,3488.4,107358.0,225680.0
2025-06-18 11:15:51.686230,3488.5,108675.0,224992.0
2025-06-18 11:15:51.774708,3488.5,108675.0,224992.0
2025-06-18 11:15:52.575810,3488.5,108675.0,224992.0
2025-06-18 11:15:53.196714,3488.5,108675.0,224992.0
2025-06-18 11:15:53.584440,3488.5,108675.0,224992.0
2025-06-18 11:15:54.133274,3488.5,108675.0,224992.0
2025-06-18 11:15:55.027612,3488.5,108675.0,224992.0
2025-06-18 11:15:56.288016,3488.5,108675.0,224992.0
2025-06-18 11:15:56.887915,3489.5,109452.0,224939.0
2025-06-18 11:15:57.202526,3489.5,109452.0,224939.0
2025-06-18 11:15:57.551344,3489.5,109452.0,224939.0
2025-06-18 11:15:58.407142,3489.5,109452.0,224939.0
2025-06-18 11:15:59.197023,3489.5,109452.0,224939.0
2025-06-18 11:16:00.105471,3489.5,109452.0,224939.0
2025-06-18 11:16:01.246437,3489.5,109452.0,224939.0
2025-06-18 11:16:01.485693,3489.5,109794.0,224980.0
2025-06-18 11:16:02.197831,3489.5,109794.0,224980.0
2025-06-18 11:16:02.396975,3489.5,109794.0,224980.0
2025-06-18 11:16:02.486443,3489.5,109782.0,225083.0
2025-06-18 11:16:03.193661,3488.7,109782.0,225083.0
2025-06-18 11:16:03.863459,3488.7,109782.0,225083.0
2025-06-18 11:16:04.195241,3489.0,109782.0,225083.0
2025-06-18 11:16:05.200354,3489.5,109782.0,225083.0
2025-06-18 11:16:07.196620,3489.5,109782.0,225083.0
2025-06-18 11:16:07.792482,3489.5,110011.0,224681.0
2025-06-18 11:16:09.194846,3489.2,110011.0,224681.0
2025-06-18 11:16:11.199095,3489.2,109660.0,224896.0
2025-06-18 11:16:12.198999,3489.5,109660.0,224896.0
2025-06-18 11:16:12.203772,3489.5,109693.0,224913.0
2025-06-18 11:16:13.594244,3489.2,109750.0,224875.0
2025-06-18 11:16:14.194203,3489.0,109750.0,224875.0
2025-06-18 11:16:15.898004,3489.0,108139.0,226484.0
2025-06-18 11:16:16.207670,3488.7,108139.0,226484.0
2025-06-18 11:16:16.899093,3488.7,108219.0,226330.0
2025-06-18 11:16:17.898129,3488.7,108299.0,226467.0
2025-06-18 11:16:18.195552,3489.3,108299.0,226467.0
2025-06-18 11:16:18.898989,3489.3,108266.0,225544.0
2025-06-18 11:16:19.898217,3489.3,108478.0,225784.0
2025-06-18 11:16:20.999512,3489.3,108282.0,226370.0
2025-06-18 11:16:21.227820,3489.3,108282.0,226370.0
2025-06-18 11:16:22.099562,3489.3,108277.0,226161.0
2025-06-18 11:16:23.101067,3489.3,108476.0,226141.0
2025-06-18 11:16:24.001598,3488.7,108509.0,226307.0
2025-06-18 11:16:24.197612,3489.3,108509.0,226307.0
2025-06-18 11:16:25.002071,3489.5,108536.0,226179.0
2025-06-18 11:16:25.196973,3489.5,108536.0,226179.0
2025-06-18 11:16:26.003231,3489.5,108346.0,226154.0
2025-06-18 11:16:27.004566,3489.5,107650.0,224842.0
2025-06-18 11:16:28.105116,3489.5,108726.0,225244.0
2025-06-18 11:16:29.008998,3489.4,108734.0,225516.0
2025-06-18 11:16:29.196877,3489.4,108734.0,225516.0
2025-06-18 11:16:30.228378,3489.2,108734.0,225516.0
2025-06-18 11:16:30.232713,3489.2,108763.0,226098.0
2025-06-18 11:16:31.196721,3489.5,108763.0,226098.0
2025-06-18 11:16:31.211454,3489.5,108784.0,225474.0
2025-06-18 11:16:32.310213,3489.5,108808.0,225690.0
2025-06-18 11:16:33.199978,3489.8,108808.0,225690.0
2025-06-18 11:16:33.307899,3489.8,108657.0,225615.0
2025-06-18 11:16:34.238247,3489.8,108668.0,225840.0
2025-06-18 11:16:35.201345,3489.6,108668.0,225840.0
2025-06-18 11:16:35.213621,3489.6,109422.0,225916.0
2025-06-18 11:16:36.332316,3489.6,109422.0,225916.0
2025-06-18 11:16:36.372135,3489.6,109618.0,226124.0
2025-06-18 11:16:37.214964,3489.6,110495.0,225857.0
2025-06-18 11:16:38.241021,3489.6,110291.0,225747.0
2025-06-18 11:16:40.289728,3489.1,110291.0,225747.0
2025-06-18 11:16:40.294468,3489.1,110402.0,225379.0
2025-06-18 11:16:40.328705,3489.6,110402.0,225379.0
2025-06-18 11:16:40.331811,3489.6,110532.0,225383.0
2025-06-18 11:16:41.616088,3489.9,111657.0,223962.0
2025-06-18 11:16:42.206339,3490.4,111657.0,223962.0
2025-06-18 11:16:42.615119,3490.4,112469.0,222665.0
2025-06-18 11:16:43.614207,3490.4,112465.0,222957.0
2025-06-18 11:16:44.199653,3490.8,112465.0,222957.0
2025-06-18 11:16:44.514734,3490.8,112640.0,222910.0
2025-06-18 11:16:45.516863,3490.8,112764.0,222961.0
2025-06-18 11:16:46.200553,3490.8,112764.0,222961.0
2025-06-18 11:16:46.616459,3490.9,112912.0,222964.0
2025-06-18 11:16:47.204789,3490.9,112912.0,222964.0
2025-06-18 11:16:47.617235,3490.8,112898.0,223125.0
2025-06-18 11:16:48.215717,3490.9,112898.0,223125.0
2025-06-18 11:16:48.627615,3490.9,112920.0,222975.0
2025-06-18 11:16:49.201815,3490.9,112920.0,222975.0
2025-06-18 11:16:50.199295,3491.8,112920.0,222975.0
2025-06-18 11:16:50.318292,3491.8,112911.0,222888.0
2025-06-18 11:16:51.213477,3491.4,112911.0,222888.0
2025-06-18 11:16:51.319382,3491.4,113327.0,222934.0
2025-06-18 11:16:52.210459,3491.9,113327.0,222934.0
2025-06-18 11:16:52.319017,3491.9,113936.0,222966.0
2025-06-18 11:16:53.201369,3491.4,113936.0,222966.0
2025-06-18 11:16:53.323906,3491.4,113637.0,223333.0
2025-06-18 11:16:54.199520,3491.3,113637.0,223333.0
2025-06-18 11:16:54.224111,3491.3,112614.0,224971.0
2025-06-18 11:16:55.203206,3491.3,112614.0,224971.0
2025-06-18 11:16:55.420970,3491.3,113247.0,224907.0
2025-06-18 11:16:56.424820,3491.3,113255.0,224993.0
2025-06-18 11:16:57.202308,3491.2,113255.0,224993.0
2025-06-18 11:16:57.525062,3491.2,113655.0,224888.0
2025-06-18 11:16:58.203592,3491.2,113655.0,224888.0
2025-06-18 11:16:58.622099,3491.2,113846.0,224574.0
2025-06-18 11:17:00.445939,3491.2,113861.0,224606.0
2025-06-18 11:17:00.448161,3490.9,113861.0,224606.0
2025-06-18 11:17:00.726877,3490.9,113849.0,224361.0
2025-06-18 11:17:02.127839,3490.9,114648.0,223495.0
2025-06-18 11:17:03.201167,3491.2,114648.0,223495.0
2025-06-18 11:17:03.228720,3491.2,114936.0,222461.0
2025-06-18 11:17:04.229758,3491.2,114749.0,223196.0
2025-06-18 11:17:05.127821,3491.2,114712.0,223202.0
2025-06-18 11:17:06.131007,3491.2,114736.0,223176.0
2025-06-18 11:17:07.128722,3491.2,114740.0,223248.0
2025-06-18 11:17:08.204030,3491.2,114740.0,223248.0
2025-06-18 11:17:08.244730,3491.2,114482.0,223384.0
2025-06-18 11:17:09.229906,3491.2,114519.0,223694.0
2025-06-18 11:17:10.130343,3491.2,114438.0,223727.0
2025-06-18 11:17:11.134863,3491.0,114411.0,223721.0
2025-06-18 11:17:11.207115,3491.0,114411.0,223721.0
2025-06-18 11:17:12.232677,3491.0,114419.0,224286.0
2025-06-18 11:17:13.203875,3491.8,114419.0,224286.0
2025-06-18 11:17:13.235552,3491.8,114338.0,223930.0
2025-06-18 11:17:14.205832,3490.3,114338.0,223930.0
2025-06-18 11:17:14.333290,3490.3,113486.0,224647.0
2025-06-18 11:17:15.207781,3491.0,113486.0,224647.0
2025-06-18 11:17:15.332777,3491.0,113525.0,224511.0
2025-06-18 11:17:16.434879,3491.0,113581.0,224520.0
2025-06-18 11:17:17.533053,3491.0,113435.0,224514.0
2025-06-18 11:17:18.243552,3491.0,113435.0,224514.0
2025-06-18 11:17:18.637266,3491.0,113834.0,224806.0
2025-06-18 11:17:19.737074,3491.0,113894.0,224816.0
2025-06-18 11:17:20.208216,3491.0,113894.0,224816.0
2025-06-18 11:17:20.740152,3491.0,114510.0,224342.0
2025-06-18 11:17:21.207330,3491.0,114510.0,224342.0
2025-06-18 11:17:21.738258,3491.0,114488.0,224406.0
2025-06-18 11:17:22.837196,3491.0,114258.0,224810.0
2025-06-18 11:17:23.842494,3491.0,114325.0,224850.0
2025-06-18 11:17:24.204713,3491.0,114325.0,224850.0
2025-06-18 11:17:24.844138,3490.4,114411.0,224942.0
2025-06-18 11:17:25.207977,3490.4,114411.0,224942.0
2025-06-18 11:17:25.843323,3491.0,114754.0,224740.0
2025-06-18 11:17:26.207443,3490.4,114754.0,224740.0
2025-06-18 11:17:26.842273,3491.0,114695.0,224464.0
2025-06-18 11:17:27.206043,3491.0,114695.0,224464.0
2025-06-18 11:17:27.743205,3491.0,114725.0,224717.0
2025-06-18 11:17:28.744757,3491.0,114723.0,224671.0
2025-06-18 11:17:29.745217,3491.0,114606.0,224787.0
2025-06-18 11:17:30.207504,3491.0,114606.0,224787.0
2025-06-18 11:17:30.745628,3491.0,114529.0,224610.0
2025-06-18 11:17:31.744700,3491.0,114415.0,224752.0
2025-06-18 11:17:32.207128,3491.0,114415.0,224752.0
2025-06-18 11:17:32.846993,3491.0,114407.0,224860.0
2025-06-18 11:17:33.208792,3491.0,114407.0,224860.0
2025-06-18 11:17:33.946861,3491.0,114456.0,224934.0
2025-06-18 11:17:34.206569,3491.0,114456.0,224934.0
2025-06-18 11:17:35.052310,3491.0,114259.0,224925.0
2025-06-18 11:17:36.055254,3491.0,114538.0,224966.0
2025-06-18 11:17:36.207990,3491.0,114538.0,224966.0
2025-06-18 11:17:37.155331,3491.0,125103.0,224882.0
2025-06-18 11:17:38.155974,3491.0,125092.0,224955.0
2025-06-18 11:17:38.206350,3491.0,125092.0,224955.0
2025-06-18 11:17:39.209088,3491.0,125092.0,224955.0
2025-06-18 11:17:39.248348,3491.0,125168.0,224846.0
2025-06-18 11:17:40.251046,3491.0,125220.0,224874.0
2025-06-18 11:17:41.156845,3491.0,125267.0,224908.0
2025-06-18 11:17:41.214539,3491.0,125267.0,224908.0
2025-06-18 11:17:42.208361,3491.0,125267.0,224908.0
2025-06-18 11:17:42.252344,3491.0,125289.0,224966.0
2025-06-18 11:17:43.351395,3491.0,125289.0,224959.0
2025-06-18 11:17:44.204778,3491.0,125289.0,224959.0
2025-06-18 11:17:44.452925,3491.0,125244.0,225002.0
2025-06-18 11:17:45.206496,3490.7,125244.0,225002.0
2025-06-18 11:17:45.553948,3490.7,125198.0,224994.0
2025-06-18 11:17:46.684538,3490.7,125238.0,224861.0
2025-06-18 11:17:47.210198,3491.0,125238.0,224861.0
2025-06-18 11:17:47.658303,3491.0,125247.0,224854.0
2025-06-18 11:17:48.658502,3491.0,125247.0,224848.0
2025-06-18 11:17:49.206311,3491.0,125247.0,224848.0
2025-06-18 11:17:49.659225,3491.0,125258.0,224848.0
2025-06-18 11:17:50.658691,3491.0,125245.0,224848.0
2025-06-18 11:17:51.756791,3491.0,125308.0,225160.0
2025-06-18 11:17:52.205583,3491.0,125308.0,225160.0
2025-06-18 11:17:52.867298,3491.0,125305.0,225181.0
2025-06-18 11:17:53.860631,3491.0,125316.0,224952.0
2025-06-18 11:17:54.206994,3491.0,125316.0,224952.0
2025-06-18 11:17:54.859508,3491.0,125049.0,224395.0
2025-06-18 11:17:55.864284,3491.0,125057.0,224385.0
2025-06-18 11:17:56.965525,3491.0,125047.0,224479.0
2025-06-18 11:17:58.065503,3491.0,125051.0,224592.0
2025-06-18 11:17:59.167826,3491.0,124507.0,224458.0
2025-06-18 11:18:00.168211,3491.0,124521.0,224459.0
2025-06-18 11:18:00.236875,3491.0,124521.0,224459.0
2025-06-18 11:18:03.210634,3490.7,124521.0,224459.0
2025-06-18 11:18:03.870405,3490.7,124459.0,223959.0
2025-06-18 11:18:07.219467,3491.0,124459.0,223959.0
2025-06-18 11:18:08.471324,3491.0,123701.0,223762.0
2025-06-18 11:18:09.209701,3491.0,123701.0,223762.0
2025-06-18 11:18:11.220242,3490.2,123701.0,223762.0
2025-06-18 11:18:13.876393,3490.6,121429.0,225173.0
2025-06-18 11:18:15.209601,3490.6,121429.0,225173.0
2025-06-18 11:18:18.211573,3490.6,121429.0,225173.0
2025-06-18 11:18:19.775597,3490.6,121237.0,224773.0
2025-06-18 11:18:22.210034,3490.2,121237.0,224773.0
2025-06-18 11:18:24.214266,3490.2,121237.0,224773.0
2025-06-18 11:18:25.380229,3490.2,121284.0,225115.0
2025-06-18 11:18:28.262465,3490.6,121284.0,225115.0
2025-06-18 11:18:30.212361,3490.2,121284.0,225115.0
2025-06-18 11:18:30.383743,3490.2,121995.0,225412.0
2025-06-18 11:18:32.217565,3490.6,121995.0,225412.0
2025-06-18 11:18:34.925638,3490.8,121995.0,225412.0
2025-06-18 11:18:35.593247,3490.8,123814.0,224193.0
2025-06-18 11:18:36.209520,3490.8,123814.0,224193.0
2025-06-18 11:18:38.222887,3490.9,123814.0,224193.0
2025-06-18 11:18:40.219570,3490.9,123814.0,224193.0
2025-06-18 11:18:40.596295,3490.9,123793.0,224018.0
2025-06-18 11:18:42.210624,3490.5,123793.0,224018.0
2025-06-18 11:18:45.488384,3490.9,123805.0,223930.0
2025-06-18 11:18:46.208628,3490.9,123805.0,223930.0
2025-06-18 11:18:48.211197,3491.7,123805.0,223930.0
2025-06-18 11:18:48.470630,3491.7,123805.0,223930.0
2025-06-18 11:18:49.547598,3491.7,123805.0,223930.0
2025-06-18 11:18:49.992268,3491.7,124918.0,222097.0
2025-06-18 11:18:50.210123,3491.0,124918.0,222097.0
2025-06-18 11:18:50.467697,3491.0,124918.0,222097.0
2025-06-18 11:18:51.400611,3491.0,124918.0,222097.0
2025-06-18 11:18:52.265783,3491.0,124918.0,222097.0
2025-06-18 11:18:53.034473,3491.0,124918.0,222097.0
2025-06-18 11:18:54.063563,3491.0,124918.0,222097.0
2025-06-18 11:18:54.210608,3491.2,124918.0,222097.0
2025-06-18 11:18:54.620020,3491.2,124918.0,222097.0
2025-06-18 11:18:54.793612,3491.1,124460.0,222128.0
2025-06-18 11:18:55.030027,3491.1,124460.0,222128.0
2025-06-18 11:18:56.218906,3491.8,124460.0,222128.0
2025-06-18 11:18:56.784241,3491.8,124460.0,222128.0
2025-06-18 11:18:58.026424,3491.8,124460.0,222128.0
2025-06-18 11:18:58.215649,3491.8,124460.0,222128.0
2025-06-18 11:18:58.896522,3491.8,124460.0,222128.0
2025-06-18 11:18:59.607885,3491.8,124001.0,222655.0
2025-06-18 11:19:00.215997,3491.2,124001.0,222655.0
2025-06-18 11:19:00.281318,3491.2,124001.0,222655.0
2025-06-18 11:19:01.559441,3491.2,124001.0,222655.0
2025-06-18 11:19:02.217048,3491.8,124001.0,222655.0
2025-06-18 11:19:02.708858,3491.8,124001.0,222655.0
2025-06-18 11:19:04.183348,3491.8,124001.0,222655.0
2025-06-18 11:19:04.223945,3492.0,124001.0,222655.0
2025-06-18 11:19:04.697088,3492.0,124646.0,221957.0
2025-06-18 11:19:08.218170,3491.1,124646.0,221957.0
2025-06-18 11:19:10.108831,3492.0,124292.0,222083.0
2025-06-18 11:19:10.219127,3492.0,124292.0,222083.0
2025-06-18 11:19:12.214277,3492.0,124292.0,222083.0
2025-06-18 11:19:14.213646,3492.0,124292.0,222083.0
2025-06-18 11:19:15.208483,3492.0,124543.0,222082.0
2025-06-18 11:19:20.217869,3491.1,124543.0,222082.0
2025-06-18 11:19:20.411280,3491.1,124228.0,223485.0
2025-06-18 11:19:22.217727,3492.0,124228.0,223485.0
2025-06-18 11:19:24.217771,3491.8,124228.0,223485.0
2025-06-18 11:19:25.711188,3491.8,123533.0,224244.0
2025-06-18 11:19:26.218666,3491.1,123533.0,224244.0
2025-06-18 11:19:28.220373,3491.0,123533.0,224244.0
2025-06-18 11:19:30.218013,3491.8,123533.0,224244.0
2025-06-18 11:19:30.516375,3491.8,123372.0,224088.0
2025-06-18 11:19:35.513983,3491.1,123715.0,224758.0
2025-06-18 11:19:36.221222,3491.1,123715.0,224758.0
2025-06-18 11:19:38.239846,3491.0,123715.0,224758.0
2025-06-18 11:19:40.219984,3491.9,123715.0,224758.0
2025-06-18 11:19:40.319251,3491.9,123646.0,224079.0
2025-06-18 11:19:42.259345,3492.0,123646.0,224079.0
2025-06-18 11:19:44.240202,3491.1,123646.0,224079.0
2025-06-18 11:19:45.320403,3492.0,124054.0,224436.0
2025-06-18 11:19:46.217620,3492.0,124054.0,224436.0
2025-06-18 11:19:48.223974,3491.9,124054.0,224436.0
2025-06-18 11:19:50.425974,3491.9,124281.0,224508.0
2025-06-18 11:19:52.225162,3491.6,124281.0,224508.0
2025-06-18 11:19:54.216789,3491.9,124281.0,224508.0
2025-06-18 11:19:55.835210,3491.0,122718.0,225498.0
2025-06-18 11:19:56.215099,3491.0,122718.0,225498.0
2025-06-18 11:19:58.221359,3490.9,122718.0,225498.0
2025-06-18 11:20:01.032920,3490.9,122946.0,225497.0
2025-06-18 11:20:05.229323,3490.9,122946.0,225497.0
2025-06-18 11:20:05.940089,3490.9,122968.0,225535.0
2025-06-18 11:20:09.222902,3490.7,122968.0,225535.0
2025-06-18 11:20:10.648847,3490.7,122976.0,225532.0
2025-06-18 11:20:15.247785,3490.7,122046.0,225089.0
2025-06-18 11:20:17.224551,3490.7,122046.0,225089.0
2025-06-18 11:20:19.248601,3490.9,122046.0,225089.0
2025-06-18 11:20:19.852406,3490.9,122713.0,225975.0
2025-06-18 11:20:20.226147,3490.9,122713.0,225975.0
2025-06-18 11:20:21.239109,3491.1,122713.0,225975.0
2025-06-18 11:20:22.221751,3490.8,122713.0,225975.0
2025-06-18 11:20:24.222561,3491.3,122713.0,225975.0
2025-06-18 11:20:25.162458,3491.3,124133.0,223994.0
2025-06-18 11:20:30.165253,3491.1,124035.0,225065.0
2025-06-18 11:20:30.228274,3491.1,124035.0,225065.0
2025-06-18 11:20:31.222224,3491.1,124035.0,225065.0
2025-06-18 11:20:33.220846,3491.2,124035.0,225065.0
2025-06-18 11:20:34.225196,3491.2,124035.0,225065.0
2025-06-18 11:20:35.164020,3491.2,123138.0,225391.0
2025-06-18 11:20:35.221260,3491.2,123138.0,225391.0
2025-06-18 11:20:36.224905,3491.2,123138.0,225391.0
2025-06-18 11:20:37.222342,3490.9,123138.0,225391.0
2025-06-18 11:20:38.223700,3491.1,123138.0,225391.0
2025-06-18 11:20:39.220304,3491.1,123138.0,225391.0
2025-06-18 11:20:39.965667,3491.0,122911.0,225881.0
2025-06-18 11:20:40.232819,3491.0,122911.0,225881.0
2025-06-18 11:20:41.222443,3491.3,122911.0,225881.0
2025-06-18 11:20:44.230445,3491.3,122911.0,225881.0
2025-06-18 11:20:44.770779,3491.3,122916.0,225780.0
2025-06-18 11:20:45.225544,3490.9,122916.0,225780.0
2025-06-18 11:20:46.224242,3490.9,122916.0,225780.0
2025-06-18 11:20:47.298356,3491.3,122916.0,225780.0
2025-06-18 11:20:48.222708,3491.3,122916.0,225780.0
2025-06-18 11:20:49.223030,3491.3,122916.0,225780.0
2025-06-18 11:20:49.872599,3491.3,122828.0,225888.0
2025-06-18 11:20:52.218635,3491.1,122828.0,225888.0
2025-06-18 11:20:54.227756,3491.3,122828.0,225888.0
2025-06-18 11:20:54.875774,3491.3,123128.0,224975.0
2025-06-18 11:20:56.261507,3490.9,123128.0,224975.0
2025-06-18 11:20:58.226827,3490.9,123128.0,224975.0
2025-06-18 11:20:59.877000,3491.1,123261.0,225536.0
2025-06-18 11:21:00.226085,3491.1,123261.0,225536.0
2025-06-18 11:21:01.228680,3490.4,123261.0,225536.0
2025-06-18 11:21:04.226417,3491.1,123261.0,225536.0
2025-06-18 11:21:04.476949,3491.1,122920.0,225543.0
2025-06-18 11:21:05.226161,3490.3,122920.0,225543.0
2025-06-18 11:21:08.224916,3491.1,122920.0,225543.0
2025-06-18 11:21:09.406114,3491.1,122922.0,225692.0
2025-06-18 11:21:14.093620,3491.1,123172.0,225743.0
2025-06-18 11:21:15.239497,3491.1,123172.0,225743.0
2025-06-18 11:21:16.236220,3490.2,123172.0,225743.0
2025-06-18 11:21:18.790189,3490.2,123144.0,225653.0
2025-06-18 11:21:19.223439,3490.2,123144.0,225653.0
2025-06-18 11:21:23.231166,3491.1,123144.0,225653.0
2025-06-18 11:21:23.789308,3491.1,123441.0,225669.0
2025-06-18 11:21:24.241018,3491.1,123441.0,225669.0
2025-06-18 11:21:25.230033,3490.6,123441.0,225669.0
2025-06-18 11:21:26.224752,3490.3,123441.0,225669.0
2025-06-18 11:21:28.993816,3490.3,123172.0,224798.0
2025-06-18 11:21:30.225699,3491.1,123172.0,224798.0
2025-06-18 11:21:31.224032,3490.2,123172.0,224798.0
2025-06-18 11:21:32.221283,3490.2,123172.0,224798.0
2025-06-18 11:21:33.895238,3490.2,123069.0,225101.0
2025-06-18 11:21:35.229322,3490.2,123069.0,225101.0
2025-06-18 11:21:36.221821,3491.1,123069.0,225101.0
2025-06-18 11:21:37.226603,3491.1,123069.0,225101.0
2025-06-18 11:21:38.234076,3490.2,123069.0,225101.0
2025-06-18 11:21:38.697143,3490.2,122937.0,225782.0
2025-06-18 11:21:42.228708,3491.1,122937.0,225782.0
2025-06-18 11:21:43.204367,3491.1,123274.0,225998.0
2025-06-18 11:21:44.228562,3491.0,123274.0,225998.0
2025-06-18 11:21:45.245000,3491.0,123274.0,225998.0
2025-06-18 11:21:46.240784,3490.2,123274.0,225998.0
2025-06-18 11:21:47.237949,3490.2,123274.0,225998.0
2025-06-18 11:21:47.903701,3490.2,122331.0,226793.0
2025-06-18 11:21:48.232459,3490.2,122331.0,226793.0
2025-06-18 11:21:49.049365,3490.2,122331.0,226793.0
2025-06-18 11:21:50.147606,3490.2,122331.0,226793.0
2025-06-18 11:21:51.053593,3490.2,122331.0,226793.0
2025-06-18 11:21:52.645055,3490.8,122331.0,226793.0
2025-06-18 11:21:52.845708,3490.8,122331.0,226793.0
2025-06-18 11:21:52.907605,3490.8,122245.0,226769.0
2025-06-18 11:21:53.259844,3490.8,122245.0,226769.0
2025-06-18 11:21:53.650670,3490.8,122245.0,226769.0
2025-06-18 11:21:54.228382,3490.8,122245.0,226769.0
2025-06-18 11:21:54.652379,3490.8,122245.0,226769.0
2025-06-18 11:21:55.208290,3490.8,122245.0,226769.0
2025-06-18 11:21:56.109650,3490.8,122245.0,226769.0
2025-06-18 11:21:56.225070,3490.5,122245.0,226769.0
2025-06-18 11:21:56.480366,3490.5,122245.0,226769.0
2025-06-18 11:21:57.239793,3490.3,122245.0,226769.0
2025-06-18 11:21:57.360257,3490.3,122245.0,226769.0
2025-06-18 11:21:58.124833,3490.3,122715.0,227375.0
2025-06-18 11:21:58.671643,3490.3,122715.0,227375.0
2025-06-18 11:21:59.496460,3490.3,122715.0,227375.0
2025-06-18 11:22:00.880942,3490.3,122715.0,227375.0
2025-06-18 11:22:01.231235,3490.3,122715.0,227375.0
2025-06-18 11:22:02.017809,3490.3,122715.0,227375.0
2025-06-18 11:22:03.013879,3490.2,122419.0,227101.0
2025-06-18 11:22:03.235617,3490.3,122419.0,227101.0
2025-06-18 11:22:03.385827,3490.3,122419.0,227101.0
2025-06-18 11:22:05.190672,3490.2,122419.0,227101.0
2025-06-18 11:22:05.220909,3490.2,122419.0,227101.0
2025-06-18 11:22:06.227000,3490.3,122419.0,227101.0
2025-06-18 11:22:07.917358,3490.3,121914.0,227153.0
2025-06-18 11:22:09.225349,3490.3,121914.0,227153.0
2025-06-18 11:22:13.021686,3490.3,121913.0,227767.0
2025-06-18 11:22:18.141374,3490.3,121922.0,227789.0
2025-06-18 11:22:18.325456,3490.3,121922.0,227789.0
2025-06-18 11:22:21.259308,3490.2,121922.0,227789.0
2025-06-18 11:22:22.254681,3490.2,121922.0,227789.0
2025-06-18 11:22:23.029321,3490.2,122317.0,227475.0
2025-06-18 11:22:24.260575,3490.3,122317.0,227475.0
2025-06-18 11:22:25.234122,3490.2,122317.0,227475.0
2025-06-18 11:22:27.271547,3490.2,122317.0,227475.0
2025-06-18 11:22:27.930618,3490.2,122309.0,227828.0
2025-06-18 11:22:32.271781,3490.2,122309.0,227828.0
2025-06-18 11:22:32.734187,3490.2,121649.0,228488.0
2025-06-18 11:22:37.835373,3490.1,121507.0,228588.0
2025-06-18 11:22:38.260091,3490.1,121507.0,228588.0
2025-06-18 11:22:39.231720,3490.1,121507.0,228588.0
2025-06-18 11:22:41.235196,3490.0,121507.0,228588.0
2025-06-18 11:22:42.838622,3490.0,121730.0,227986.0
2025-06-18 11:22:45.183386,3490.0,121730.0,227986.0
2025-06-18 11:22:45.250330,3490.1,121730.0,227986.0
2025-06-18 11:22:46.235523,3490.0,121730.0,227986.0
2025-06-18 11:22:48.259903,3490.0,121537.0,228617.0
2025-06-18 11:22:50.234213,3490.0,121537.0,228617.0
2025-06-18 11:22:51.229565,3490.0,121537.0,228617.0
2025-06-18 11:22:53.236046,3490.0,121537.0,228617.0
2025-06-18 11:22:53.450559,3490.0,121892.0,229072.0
2025-06-18 11:22:54.235536,3490.4,121892.0,229072.0
2025-06-18 11:22:58.052858,3490.1,122080.0,226535.0
2025-06-18 11:22:58.245113,3490.1,122080.0,226535.0
2025-06-18 11:23:00.244064,3490.7,122080.0,226535.0
2025-06-18 11:23:01.264525,3490.7,122080.0,226535.0
2025-06-18 11:23:02.855596,3490.7,122232.0,226600.0
2025-06-18 11:23:07.235305,3490.7,122232.0,226600.0
2025-06-18 11:23:07.856614,3490.7,120993.0,226917.0
2025-06-18 11:23:08.237226,3490.7,120993.0,226917.0
2025-06-18 11:23:09.229627,3490.7,120993.0,226917.0
2025-06-18 11:23:10.232545,3490.8,120993.0,226917.0
2025-06-18 11:23:12.579707,3490.7,120993.0,226917.0
2025-06-18 11:23:12.758039,3490.7,120970.0,227327.0
2025-06-18 11:23:17.762519,3490.7,120979.0,227254.0
2025-06-18 11:23:22.224688,3490.2,120979.0,227254.0
2025-06-18 11:23:23.364920,3490.7,121180.0,227212.0
2025-06-18 11:23:24.268391,3490.2,121180.0,227212.0
2025-06-18 11:23:26.223696,3490.7,121180.0,227212.0
2025-06-18 11:23:28.774633,3490.3,121316.0,227509.0
2025-06-18 11:23:30.227822,3490.7,121316.0,227509.0
2025-06-18 11:23:33.974749,3490.2,121420.0,227620.0
2025-06-18 11:23:34.230926,3490.2,121420.0,227620.0
2025-06-18 11:23:36.241356,3490.2,121420.0,227620.0
2025-06-18 11:23:39.083473,3490.7,121496.0,227341.0
2025-06-18 11:23:40.230694,3490.7,121496.0,227341.0
2025-06-18 11:23:42.235807,3490.2,121496.0,227341.0
2025-06-18 11:23:44.077583,3490.2,121499.0,227604.0
2025-06-18 11:23:44.253443,3490.7,121499.0,227604.0
2025-06-18 11:23:46.238456,3490.2,121499.0,227604.0
2025-06-18 11:23:49.300074,3490.7,121499.0,227604.0
2025-06-18 11:23:49.345801,3490.7,121779.0,227289.0
2025-06-18 11:23:50.233559,3490.2,121779.0,227289.0
2025-06-18 11:23:53.587791,3490.2,122065.0,227999.0
2025-06-18 11:23:54.240445,3490.6,122065.0,227999.0
2025-06-18 11:23:58.256740,3490.2,122065.0,227999.0
2025-06-18 11:23:58.386556,3490.2,121750.0,228375.0
2025-06-18 11:24:00.235010,3490.2,121750.0,228375.0
2025-06-18 11:24:02.242367,3490.2,121750.0,228375.0
2025-06-18 11:24:03.491046,3490.0,119228.0,229747.0
2025-06-18 11:24:04.243758,3490.0,119228.0,229747.0
2025-06-18 11:24:06.273245,3490.0,119228.0,229747.0
2025-06-18 11:24:08.232611,3490.0,119228.0,229747.0
2025-06-18 11:24:08.394328,3490.0,119200.0,231274.0
2025-06-18 11:24:10.236367,3490.0,119200.0,231274.0
2025-06-18 11:24:12.249233,3490.0,119200.0,231274.0
2025-06-18 11:24:13.302716,3490.0,119210.0,230870.0
2025-06-18 11:24:14.245290,3490.0,119210.0,230870.0
2025-06-18 11:24:17.286009,3490.1,119210.0,230870.0
2025-06-18 11:24:18.233056,3490.0,119210.0,230870.0
2025-06-18 11:24:18.384426,3490.0,119501.0,230841.0
2025-06-18 11:24:20.241262,3490.0,119501.0,230841.0
2025-06-18 11:24:22.256128,3489.8,119501.0,230841.0
2025-06-18 11:24:23.215256,3489.5,117586.0,232341.0
2025-06-18 11:24:24.243149,3489.5,117586.0,232341.0
2025-06-18 11:24:26.237539,3489.5,117586.0,232341.0
2025-06-18 11:24:28.234976,3489.5,117586.0,232341.0
2025-06-18 11:24:28.707130,3489.5,117587.0,232281.0
2025-06-18 11:24:30.238338,3489.5,117587.0,232281.0
2025-06-18 11:24:32.243371,3489.5,117587.0,232281.0
2025-06-18 11:24:33.507349,3489.5,118363.0,232165.0
2025-06-18 11:24:36.231747,3489.6,118363.0,232165.0
2025-06-18 11:24:38.250864,3489.6,118363.0,232165.0
2025-06-18 11:24:38.405409,3489.6,119119.0,231638.0
2025-06-18 11:24:40.235731,3489.6,119119.0,231638.0
2025-06-18 11:24:43.111315,3489.6,119217.0,231692.0
2025-06-18 11:24:46.231210,3489.5,119217.0,231692.0
2025-06-18 11:24:48.311160,3489.5,118575.0,231289.0
2025-06-18 11:24:49.484447,3489.5,118575.0,231289.0
2025-06-18 11:24:50.261637,3489.5,118575.0,231289.0
2025-06-18 11:24:50.570743,3489.5,118575.0,231289.0
2025-06-18 11:24:51.478348,3489.5,118575.0,231289.0
2025-06-18 11:24:52.235549,3489.5,118575.0,231289.0
2025-06-18 11:24:52.408423,3489.5,118575.0,231289.0
2025-06-18 11:24:53.300903,3489.5,118575.0,231289.0
2025-06-18 11:24:53.318607,3489.6,118893.0,231640.0
2025-06-18 11:24:54.043233,3489.6,118893.0,231640.0
2025-06-18 11:24:54.233414,3489.6,118893.0,231640.0
2025-06-18 11:24:55.062223,3489.6,118893.0,231640.0
2025-06-18 11:24:56.051286,3489.6,118893.0,231640.0
2025-06-18 11:24:56.231468,3489.5,118893.0,231640.0
2025-06-18 11:24:56.526253,3489.5,118893.0,231640.0
2025-06-18 11:24:57.781947,3489.5,118893.0,231640.0
2025-06-18 11:24:58.121248,3489.5,119133.0,231574.0
2025-06-18 11:24:59.026647,3489.5,119133.0,231574.0
2025-06-18 11:25:00.232744,3489.5,119133.0,231574.0
2025-06-18 11:25:01.283346,3489.5,119133.0,231574.0
2025-06-18 11:25:02.014823,3489.5,119355.0,232095.0
2025-06-18 11:25:02.413854,3489.5,119355.0,232095.0
2025-06-18 11:25:03.228775,3489.5,119355.0,232095.0
2025-06-18 11:25:03.232013,3489.5,118344.0,232349.0
2025-06-18 11:25:03.546706,3489.5,118344.0,232349.0
2025-06-18 11:25:04.231156,3489.2,118344.0,232349.0
2025-06-18 11:25:05.012220,3489.2,118344.0,232349.0
2025-06-18 11:25:05.237224,3489.0,118344.0,232349.0
2025-06-18 11:25:06.226003,3489.1,118344.0,232349.0
2025-06-18 11:25:08.426688,3489.0,116301.0,234780.0
2025-06-18 11:25:09.226060,3489.0,116301.0,234780.0
2025-06-18 11:25:09.431418,3489.0,116362.0,234836.0
2025-06-18 11:25:10.429679,3489.0,115966.0,235167.0
2025-06-18 11:25:11.264105,3489.0,115966.0,235167.0
2025-06-18 11:25:11.330691,3489.0,116350.0,235179.0
2025-06-18 11:25:12.236507,3489.0,116276.0,235180.0
2025-06-18 11:25:13.131411,3489.0,116586.0,235180.0
2025-06-18 11:25:14.031001,3489.0,115919.0,235164.0
2025-06-18 11:25:14.233810,3489.0,115919.0,235164.0
2025-06-18 11:25:14.946918,3489.0,116554.0,234671.0
2025-06-18 11:25:15.931880,3489.0,116398.0,234910.0
2025-06-18 11:25:16.227613,3489.0,116398.0,234910.0
2025-06-18 11:25:16.832457,3489.0,116721.0,234638.0
2025-06-18 11:25:19.533282,3489.0,117295.0,234677.0
2025-06-18 11:25:20.230329,3489.0,117295.0,234677.0
2025-06-18 11:25:20.537341,3489.0,117231.0,234756.0
2025-06-18 11:25:21.229365,3489.0,117231.0,234756.0
2025-06-18 11:25:21.535786,3489.0,116888.0,234255.0
2025-06-18 11:25:22.537104,3489.0,116891.0,234291.0
2025-06-18 11:25:23.537378,3489.1,116888.0,234288.0
2025-06-18 11:25:24.233388,3489.1,116888.0,234288.0
2025-06-18 11:25:24.538605,3489.1,116887.0,234286.0
2025-06-18 11:25:25.227524,3489.0,116887.0,234286.0
2025-06-18 11:25:25.538296,3489.0,116742.0,234317.0
2025-06-18 11:25:26.544282,3489.0,116762.0,234232.0
2025-06-18 11:25:27.228829,3489.0,116762.0,234232.0
2025-06-18 11:25:27.619382,3489.0,116584.0,234283.0
2025-06-18 11:25:28.538394,3489.0,117043.0,234336.0
2025-06-18 11:25:29.230960,3489.0,117043.0,234336.0
2025-06-18 11:25:29.597887,3489.0,117037.0,234323.0
2025-06-18 11:25:30.269938,3489.0,117037.0,234323.0
2025-06-18 11:25:30.538511,3489.0,117027.0,234326.0
2025-06-18 11:25:31.542018,3489.0,117153.0,234327.0
2025-06-18 11:25:32.234281,3489.0,117153.0,234327.0
2025-06-18 11:25:32.544149,3489.0,116972.0,235362.0
2025-06-18 11:25:33.541463,3489.0,116989.0,235363.0
2025-06-18 11:25:34.542481,3489.0,116973.0,235362.0
2025-06-18 11:25:35.239467,3489.1,116973.0,235362.0
2025-06-18 11:25:35.543369,3489.0,116984.0,235375.0
2025-06-18 11:25:36.232277,3489.0,116984.0,235375.0
2025-06-18 11:25:36.552944,3489.0,116966.0,235380.0
2025-06-18 11:25:37.228818,3489.0,116966.0,235380.0
2025-06-18 11:25:39.855368,3489.0,116361.0,235401.0
2025-06-18 11:25:39.907934,3489.1,116361.0,235401.0
2025-06-18 11:25:39.940698,3489.1,116372.0,235323.0
2025-06-18 11:25:40.155821,3489.0,116360.0,235323.0
2025-06-18 11:25:40.227792,3489.0,116360.0,235323.0
2025-06-18 11:25:41.152142,3489.1,116399.0,235266.0
2025-06-18 11:25:41.224929,3489.1,116399.0,235266.0
2025-06-18 11:25:42.228593,3489.0,116399.0,235266.0
2025-06-18 11:25:42.249923,3489.0,116324.0,235270.0
2025-06-18 11:25:43.226667,3489.0,116324.0,235270.0
2025-06-18 11:25:43.345238,3489.0,116214.0,235251.0
2025-06-18 11:25:44.229445,3489.0,116214.0,235251.0
2025-06-18 11:25:44.445859,3489.0,116686.0,235135.0
2025-06-18 11:25:45.230545,3489.1,116686.0,235135.0
2025-06-18 11:25:45.546017,3489.0,116999.0,235315.0
2025-06-18 11:25:46.237055,3489.0,116999.0,235315.0
2025-06-18 11:25:46.661229,3489.0,116829.0,235420.0
2025-06-18 11:25:47.749815,3489.1,116829.0,235344.0
2025-06-18 11:25:48.237326,3489.1,116829.0,235344.0
2025-06-18 11:25:48.849777,3489.1,117364.0,234886.0
2025-06-18 11:25:49.849905,3489.1,117406.0,234874.0
2025-06-18 11:25:50.225408,3489.0,117406.0,234874.0
2025-06-18 11:25:50.950672,3489.1,117327.0,235128.0
2025-06-18 11:25:51.232646,3489.1,117327.0,235128.0
2025-06-18 11:25:51.952946,3489.1,117327.0,235133.0
2025-06-18 11:25:52.239863,3489.0,117327.0,235133.0
2025-06-18 11:25:52.951095,3489.0,117322.0,235247.0
2025-06-18 11:25:54.052938,3489.1,117335.0,235246.0
2025-06-18 11:25:54.229933,3489.1,117335.0,235246.0
2025-06-18 11:25:55.052502,3489.1,117332.0,235190.0
2025-06-18 11:25:56.186333,3489.1,117456.0,235331.0
2025-06-18 11:25:57.242443,3489.1,117450.0,235651.0
2025-06-18 11:25:57.243655,3489.1,117450.0,235651.0
2025-06-18 11:25:58.165077,3489.1,117459.0,235382.0
2025-06-18 11:25:59.253588,3489.1,117469.0,235398.0
2025-06-18 11:26:00.253056,3489.1,117471.0,235383.0
2025-06-18 11:26:04.234041,3489.0,117471.0,235383.0
2025-06-18 11:26:04.756013,3489.0,116442.0,235405.0
2025-06-18 11:26:06.240743,3488.6,116442.0,235405.0
2025-06-18 11:26:08.251127,3488.4,116442.0,235405.0
2025-06-18 11:26:09.762485,3488.0,108653.0,236543.0
2025-06-18 11:26:10.261686,3488.0,108653.0,236543.0
2025-06-18 11:26:12.253657,3488.1,108653.0,236543.0
2025-06-18 11:26:14.231836,3488.0,108653.0,236543.0
2025-06-18 11:26:14.679391,3488.0,108703.0,236189.0
2025-06-18 11:26:16.264082,3488.1,108703.0,236189.0
2025-06-18 11:26:18.247202,3488.0,108703.0,236189.0
2025-06-18 11:26:19.568017,3488.0,107415.0,236090.0
2025-06-18 11:26:20.451931,3488.0,107415.0,236090.0
2025-06-18 11:26:24.237111,3488.1,107415.0,236090.0
2025-06-18 11:26:24.369553,3488.1,107259.0,237060.0
2025-06-18 11:26:26.256538,3488.0,107259.0,237060.0
2025-06-18 11:26:28.239406,3488.0,107259.0,237060.0
2025-06-18 11:26:29.270535,3488.0,107895.0,237169.0
2025-06-18 11:26:30.245494,3488.0,107895.0,237169.0
2025-06-18 11:26:34.245346,3488.0,107895.0,237169.0
2025-06-18 11:26:34.274910,3488.0,107863.0,237160.0
2025-06-18 11:26:36.246850,3488.0,107863.0,237160.0
2025-06-18 11:26:38.247065,3488.1,107863.0,237160.0
2025-06-18 11:26:39.075582,3488.1,107545.0,237117.0
2025-06-18 11:26:40.251046,3488.1,107545.0,237117.0
2025-06-18 11:26:42.256255,3488.1,107545.0,237117.0
2025-06-18 11:26:44.264608,3488.0,107545.0,237117.0
2025-06-18 11:26:44.378850,3488.0,107521.0,237136.0
2025-06-18 11:26:46.250545,3488.1,107521.0,237136.0
2025-06-18 11:26:48.234885,3488.2,107521.0,237136.0
2025-06-18 11:26:49.392082,3488.1,107721.0,234651.0
2025-06-18 11:26:50.237898,3488.1,107721.0,234651.0
2025-06-18 11:26:52.245767,3488.1,107721.0,234651.0
2025-06-18 11:26:54.261873,3488.2,107721.0,234651.0
2025-06-18 11:26:54.386146,3488.2,107307.0,234735.0
2025-06-18 11:26:58.254238,3488.1,107307.0,234735.0
2025-06-18 11:26:59.493361,3488.1,107608.0,234794.0
2025-06-18 11:27:00.249210,3488.1,107608.0,234794.0
2025-06-18 11:27:02.239888,3488.0,107608.0,234794.0
2025-06-18 11:27:04.283426,3488.2,107608.0,234794.0
2025-06-18 11:27:04.622093,3488.2,106874.0,234841.0
2025-06-18 11:27:06.270980,3488.1,106874.0,234841.0
2025-06-18 11:27:08.257141,3488.1,106874.0,234841.0
2025-06-18 11:27:09.502703,3488.0,104936.0,234695.0
2025-06-18 11:27:10.249564,3488.0,104936.0,234695.0
2025-06-18 11:27:12.237488,3488.2,104936.0,234695.0
2025-06-18 11:27:14.258595,3488.2,104936.0,234695.0
2025-06-18 11:27:14.502333,3488.2,105757.0,234640.0
2025-06-18 11:27:16.255820,3488.3,105757.0,234640.0
2025-06-18 11:27:20.481538,3488.3,106186.0,234600.0
2025-06-18 11:27:20.520064,3488.2,106186.0,234600.0
2025-06-18 11:27:24.308913,3488.2,106186.0,234600.0
2025-06-18 11:27:24.312968,3488.2,105431.0,234644.0
2025-06-18 11:27:26.281577,3488.4,105431.0,234644.0
2025-06-18 11:27:28.284423,3488.4,105431.0,234644.0
2025-06-18 11:27:29.218494,3488.4,105948.0,234611.0
2025-06-18 11:27:32.274424,3488.2,105948.0,234611.0
2025-06-18 11:27:34.248998,3488.2,105948.0,234611.0
2025-06-18 11:27:34.413822,3488.2,105473.0,235036.0
2025-06-18 11:27:36.244011,3488.0,105473.0,235036.0
2025-06-18 11:27:38.250248,3488.4,105473.0,235036.0
2025-06-18 11:27:39.518684,3488.4,105465.0,234545.0
2025-06-18 11:27:42.250306,3487.8,105465.0,234545.0
2025-06-18 11:27:44.244991,3486.8,105465.0,234545.0
2025-06-18 11:27:45.017125,3485.9,101026.0,235888.0
2025-06-18 11:27:46.244455,3485.0,101026.0,235888.0
2025-06-18 11:27:48.242147,3485.0,101026.0,235888.0
2025-06-18 11:27:49.913696,3485.0,101026.0,235888.0
2025-06-18 11:27:50.245234,3485.0,101026.0,235888.0
2025-06-18 11:27:50.999983,3485.0,101026.0,235888.0
2025-06-18 11:27:51.222564,3485.1,99537.0,237377.0
2025-06-18 11:27:51.915884,3485.1,99537.0,237377.0
2025-06-18 11:27:52.246514,3485.1,99537.0,237377.0
2025-06-18 11:27:52.844296,3485.1,99537.0,237377.0
2025-06-18 11:27:53.761133,3485.1,99537.0,237377.0
2025-06-18 11:27:54.241307,3486.0,99537.0,237377.0
2025-06-18 11:27:54.486048,3486.0,99537.0,237377.0
2025-06-18 11:27:55.498840,3486.0,99537.0,237377.0
2025-06-18 11:27:56.063328,3486.0,99537.0,237377.0
2025-06-18 11:27:56.244330,3485.6,99537.0,237377.0
2025-06-18 11:27:56.471467,3485.6,99537.0,237377.0
2025-06-18 11:27:56.622490,3485.6,101270.0,235749.0
2025-06-18 11:27:56.951043,3485.6,101270.0,235749.0
2025-06-18 11:27:57.329403,3485.6,101270.0,235749.0
2025-06-18 11:27:58.255009,3485.6,101270.0,235749.0
2025-06-18 11:27:59.453464,3485.6,101270.0,235749.0
2025-06-18 11:28:00.315055,3485.6,101270.0,235749.0
2025-06-18 11:28:01.627521,3486.7,101243.0,234293.0
2025-06-18 11:28:01.717782,3486.7,101243.0,234293.0
2025-06-18 11:28:02.236565,3486.1,101243.0,234293.0
2025-06-18 11:28:02.737714,3486.1,101137.0,234420.0
2025-06-18 11:28:02.850919,3486.1,101137.0,234420.0
2025-06-18 11:28:03.234419,3486.1,101137.0,234420.0
2025-06-18 11:28:03.826810,3486.1,101100.0,234465.0
2025-06-18 11:28:03.982302,3486.1,101100.0,234465.0
2025-06-18 11:28:04.237780,3486.1,101100.0,234465.0
2025-06-18 11:28:04.829019,3486.1,101025.0,234390.0
2025-06-18 11:28:05.235367,3486.1,101025.0,234390.0
2025-06-18 11:28:05.598667,3486.1,101025.0,234390.0
2025-06-18 11:28:05.829802,3486.1,100984.0,234390.0
2025-06-18 11:28:06.236773,3486.7,100984.0,234390.0
2025-06-18 11:28:06.733722,3486.7,100903.0,235628.0
2025-06-18 11:28:07.236435,3485.5,100903.0,235628.0
2025-06-18 11:28:10.439159,3485.5,100497.0,235927.0
2025-06-18 11:28:10.485963,3486.9,100497.0,235927.0
2025-06-18 11:28:10.492394,3486.9,100451.0,235226.0
2025-06-18 11:28:10.523695,3486.9,100797.0,235232.0
2025-06-18 11:28:11.332984,3486.9,100842.0,235362.0
2025-06-18 11:28:12.632283,3486.9,100902.0,236387.0
2025-06-18 11:28:13.634251,3486.9,100991.0,236258.0
2025-06-18 11:28:14.634950,3486.9,101081.0,236295.0
2025-06-18 11:28:15.238200,3486.0,101081.0,236295.0
2025-06-18 11:28:15.633451,3486.0,100789.0,236719.0
2025-06-18 11:28:16.536394,3486.0,100792.0,236837.0
2025-06-18 11:28:17.639035,3486.0,100823.0,236853.0
2025-06-18 11:28:18.237386,3486.0,100823.0,236853.0
2025-06-18 11:28:18.740886,3486.0,100856.0,236849.0
2025-06-18 11:28:19.740340,3486.0,100835.0,236849.0
2025-06-18 11:28:20.741182,3485.5,100499.0,236678.0
2025-06-18 11:28:21.238126,3485.5,100499.0,236678.0
2025-06-18 11:28:21.641202,3485.5,100494.0,236688.0
2025-06-18 11:28:22.704397,3485.7,100494.0,236688.0
2025-06-18 11:28:22.740896,3485.5,101115.0,236564.0
2025-06-18 11:28:23.242435,3485.5,101115.0,236564.0
2025-06-18 11:28:23.641946,3485.5,101344.0,236502.0
2025-06-18 11:28:24.644114,3485.5,101394.0,236462.0
2025-06-18 11:28:25.238731,3486.0,101394.0,236462.0
2025-06-18 11:28:25.739630,3486.0,101729.0,236425.0
2025-06-18 11:28:26.255178,3486.0,101729.0,236425.0
2025-06-18 11:28:26.841352,3485.5,101557.0,236428.0
2025-06-18 11:28:27.239362,3485.5,101557.0,236428.0
2025-06-18 11:28:27.841909,3486.1,101324.0,236427.0
2025-06-18 11:28:28.236787,3486.1,101324.0,236427.0
2025-06-18 11:28:28.941803,3486.1,101374.0,236533.0
2025-06-18 11:28:29.241054,3486.1,101374.0,236533.0
2025-06-18 11:28:29.941213,3486.1,102093.0,234076.0
2025-06-18 11:28:30.941571,3486.1,102031.0,234995.0
2025-06-18 11:28:31.942787,3486.1,102056.0,235004.0
2025-06-18 11:28:32.946251,3486.1,102030.0,234944.0
2025-06-18 11:28:34.048237,3486.1,102140.0,234884.0
2025-06-18 11:28:35.151287,3486.1,102130.0,235027.0
2025-06-18 11:28:36.045292,3486.0,102164.0,235280.0
2025-06-18 11:28:36.242972,3486.0,102164.0,235280.0
2025-06-18 11:28:37.045889,3486.3,102391.0,235231.0
2025-06-18 11:28:37.240178,3486.3,102391.0,235231.0
2025-06-18 11:28:38.048041,3486.7,102550.0,235211.0
2025-06-18 11:28:38.243455,3486.7,102550.0,235211.0
2025-06-18 11:28:39.241631,3486.3,102550.0,235211.0
2025-06-18 11:28:39.547711,3486.3,102545.0,235231.0
2025-06-18 11:28:40.549920,3486.3,102519.0,235231.0
2025-06-18 11:28:41.241711,3486.7,102519.0,235231.0
2025-06-18 11:28:41.453959,3486.7,102466.0,235195.0
2025-06-18 11:28:42.243017,3486.7,102466.0,235195.0
2025-06-18 11:28:42.453946,3486.7,102747.0,234822.0
2025-06-18 11:28:43.238545,3486.3,102747.0,234822.0
2025-06-18 11:28:43.954608,3486.9,107663.0,234831.0
2025-06-18 11:28:44.235924,3486.9,107663.0,234831.0
2025-06-18 11:28:45.054558,3486.3,107644.0,235173.0
2025-06-18 11:28:45.240435,3486.3,107644.0,235173.0
2025-06-18 11:28:46.055371,3486.3,107669.0,235173.0
2025-06-18 11:28:46.955993,3486.9,107630.0,235091.0
2025-06-18 11:28:47.337052,3486.9,107630.0,235091.0
2025-06-18 11:28:47.861013,3486.9,107659.0,235090.0
2025-06-18 11:28:48.861073,3486.9,107686.0,235093.0
2025-06-18 11:28:49.240065,3486.9,107686.0,235093.0
2025-06-18 11:28:49.958299,3486.9,107700.0,235059.0
2025-06-18 11:28:50.863500,3486.9,107537.0,234916.0
2025-06-18 11:28:51.862539,3486.9,107600.0,234932.0
2025-06-18 11:28:52.866606,3486.9,107726.0,234974.0
2025-06-18 11:28:53.238721,3486.9,107726.0,234974.0
2025-06-18 11:28:53.766762,3486.9,108067.0,234940.0
2025-06-18 11:28:54.238159,3486.9,108067.0,234940.0
2025-06-18 11:28:54.863612,3486.9,108118.0,234791.0
2025-06-18 11:28:55.962835,3486.9,108563.0,235187.0
2025-06-18 11:28:56.965792,3486.6,108385.0,236137.0
2025-06-18 11:28:57.252014,3486.6,108385.0,236137.0
2025-06-18 11:28:57.964606,3486.6,108284.0,236629.0
2025-06-18 11:28:59.065920,3486.6,108316.0,236627.0
2025-06-18 11:29:00.400419,3486.6,108307.0,236621.0
2025-06-18 11:29:01.281906,3486.6,108307.0,236621.0
2025-06-18 11:29:04.255353,3486.8,108307.0,236621.0
2025-06-18 11:29:05.564902,3487.0,104069.0,235354.0
2025-06-18 11:29:06.256322,3487.0,104069.0,235354.0
2025-06-18 11:29:10.249118,3487.0,104069.0,235354.0
2025-06-18 11:29:10.569748,3487.1,104178.0,235884.0
2025-06-18 11:29:12.248735,3487.1,104178.0,235884.0
2025-06-18 11:29:15.870873,3487.1,104978.0,235459.0
2025-06-18 11:29:18.251988,3487.1,104978.0,235459.0
2025-06-18 11:29:20.247966,3487.0,104978.0,235459.0
2025-06-18 11:29:21.277309,3487.9,104142.0,234859.0
2025-06-18 11:29:22.255505,3487.9,104142.0,234859.0
2025-06-18 11:29:24.255352,3487.7,104142.0,234859.0
2025-06-18 11:29:26.581312,3487.7,105443.0,233991.0
2025-06-18 11:29:28.760812,3487.7,105443.0,233991.0
2025-06-18 11:29:30.247352,3487.5,105443.0,233991.0
2025-06-18 11:29:31.802383,3487.5,105191.0,234040.0
2025-06-18 11:29:32.422086,3487.7,105191.0,234040.0
2025-06-18 11:29:34.250466,3487.7,105191.0,234040.0
2025-06-18 11:29:36.249310,3487.5,105191.0,234040.0
2025-06-18 11:29:37.199437,3487.7,105146.0,233963.0
2025-06-18 11:29:38.249394,3487.7,105146.0,233963.0
2025-06-18 11:29:40.248401,3487.6,105146.0,233963.0
2025-06-18 11:29:42.250771,3487.5,105146.0,233963.0
2025-06-18 11:29:42.490308,3487.5,104376.0,234576.0
2025-06-18 11:29:44.252531,3487.6,104376.0,234576.0
2025-06-18 11:29:46.247021,3487.4,104376.0,234576.0
2025-06-18 11:29:47.393624,3487.4,103699.0,235724.0
2025-06-18 11:29:52.097221,3487.4,104213.0,235409.0
2025-06-18 11:29:52.251509,3487.4,104213.0,235409.0
2025-06-18 11:29:56.250543,3487.2,104213.0,235409.0
2025-06-18 11:29:57.305338,3487.1,103519.0,235705.0
2025-06-18 11:29:58.298273,3487.1,103519.0,235705.0
2025-06-18 11:30:00.247762,3487.1,103519.0,235705.0
2025-06-18 11:30:01.907616,3487.2,103314.0,235560.0
2025-06-18 11:30:02.246260,3487.2,103314.0,235560.0
2025-06-18 11:30:02.816363,3487.1,103399.0,235558.0
2025-06-18 11:30:03.251889,3487.1,103399.0,235558.0
2025-06-18 11:30:03.813788,3487.1,103416.0,235579.0
2025-06-18 11:30:04.248080,3487.1,103416.0,235579.0
2025-06-18 11:30:04.908455,3487.2,103484.0,235574.0
2025-06-18 11:30:05.244433,3487.2,103484.0,235574.0
2025-06-18 11:30:05.908920,3487.2,103475.0,235569.0
2025-06-18 11:30:06.909762,3487.1,102501.0,235694.0
2025-06-18 11:30:07.250709,3487.2,102501.0,235694.0
2025-06-18 11:30:07.912049,3487.1,102346.0,236113.0
2025-06-18 11:30:08.269644,3487.1,102346.0,236113.0
2025-06-18 11:30:08.908761,3487.1,102732.0,236180.0
2025-06-18 11:30:09.252525,3487.0,102732.0,236180.0
2025-06-18 11:30:10.412263,3487.0,102798.0,236118.0
2025-06-18 11:30:11.610179,3486.9,102014.0,236434.0
2025-06-18 11:30:12.256810,3486.7,102014.0,236434.0
2025-06-18 11:30:12.617594,3486.7,101631.0,236669.0
2025-06-18 11:30:13.254679,3486.7,101631.0,236669.0
2025-06-18 11:30:13.518588,3486.7,101962.0,236530.0
2025-06-18 11:30:14.256139,3486.7,101962.0,236530.0
2025-06-18 11:30:14.512819,3486.7,101912.0,236377.0
2025-06-18 11:30:15.512914,3486.7,102032.0,236421.0
2025-06-18 11:30:16.251350,3486.6,102032.0,236421.0
2025-06-18 11:30:16.612449,3486.6,101950.0,236461.0
2025-06-18 11:30:17.722210,3486.6,101887.0,236538.0
2025-06-18 11:30:18.247447,3486.5,101887.0,236538.0
2025-06-18 11:30:18.816602,3486.5,101829.0,236579.0
2025-06-18 11:30:19.914307,3486.5,101814.0,236514.0
2025-06-18 11:30:20.918253,3486.5,101799.0,236136.0
2025-06-18 11:30:21.258255,3486.5,101799.0,236136.0
2025-06-18 11:30:21.915416,3486.5,101915.0,236543.0
2025-06-18 11:30:22.249204,3486.5,101915.0,236543.0
2025-06-18 11:30:22.915992,3486.6,101922.0,236628.0
2025-06-18 11:30:23.252037,3486.5,101922.0,236628.0
2025-06-18 11:30:23.916910,3486.6,101737.0,236536.0
2025-06-18 11:30:24.247481,3486.6,101737.0,236536.0
2025-06-18 11:30:24.819670,3486.6,101689.0,236502.0
2025-06-18 11:30:25.821403,3486.6,101740.0,236375.0
2025-06-18 11:30:26.250083,3486.5,101740.0,236375.0
2025-06-18 11:30:26.819289,3486.5,101733.0,236130.0
2025-06-18 11:30:27.822170,3486.6,101841.0,236397.0
2025-06-18 11:30:28.251450,3486.6,101841.0,236397.0
2025-06-18 11:30:28.820643,3486.6,101841.0,236560.0
2025-06-18 11:30:29.831471,3486.6,101596.0,236528.0
2025-06-18 11:30:30.823814,3486.6,101591.0,236510.0
2025-06-18 11:30:31.823733,3486.5,101735.0,236903.0
2025-06-18 11:30:32.249763,3486.5,101735.0,236903.0
2025-06-18 11:30:32.921895,3486.6,101730.0,236864.0
2025-06-18 11:30:33.249238,3486.6,101730.0,236864.0
2025-06-18 11:30:33.921794,3486.6,101587.0,236913.0
2025-06-18 11:30:34.247789,3486.6,101587.0,236913.0
2025-06-18 11:30:34.923909,3486.6,101651.0,236765.0
2025-06-18 11:30:35.264772,3486.6,101651.0,236765.0
2025-06-18 11:30:35.924131,3486.6,101611.0,236782.0
2025-06-18 11:30:37.305900,3486.6,101545.0,236751.0
2025-06-18 11:30:38.023377,3486.6,101541.0,236751.0
2025-06-18 11:30:39.027213,3486.6,101602.0,236643.0
2025-06-18 11:30:39.260323,3486.6,101602.0,236643.0
2025-06-18 11:30:40.028255,3486.6,101602.0,236431.0
2025-06-18 11:30:40.257017,3486.6,101602.0,236431.0
2025-06-18 11:30:41.234715,3486.5,101410.0,236579.0
2025-06-18 11:30:41.255942,3486.5,101410.0,236579.0
2025-06-18 11:30:42.235632,3486.5,101544.0,236549.0
2025-06-18 11:30:42.257871,3486.5,101544.0,236549.0
2025-06-18 11:30:43.235575,3486.6,101530.0,236539.0
2025-06-18 11:30:43.251651,3486.6,101530.0,236539.0
2025-06-18 11:30:44.239810,3486.6,101351.0,236328.0
2025-06-18 11:30:44.251005,3486.6,101351.0,236328.0
2025-06-18 11:30:45.242172,3486.5,102137.0,236514.0
2025-06-18 11:30:45.271668,3486.5,102137.0,236514.0
2025-06-18 11:30:46.244828,3486.6,102884.0,236346.0
2025-06-18 11:30:46.281856,3486.6,102884.0,236346.0
2025-06-18 11:30:47.244749,3486.6,102901.0,236344.0
2025-06-18 11:30:47.268988,3486.6,102901.0,236344.0
2025-06-18 11:30:48.241339,3486.6,102916.0,236349.0
2025-06-18 11:30:48.256302,3486.6,102916.0,236349.0
2025-06-18 11:30:49.238484,3486.6,102931.0,236348.0
2025-06-18 11:30:50.241925,3486.6,102949.0,236348.0
2025-06-18 11:30:50.333703,3486.6,102949.0,236348.0
2025-06-18 11:30:51.337638,3486.6,102654.0,236351.0
2025-06-18 11:30:51.424823,3486.6,102654.0,236351.0
2025-06-18 11:30:52.336903,3486.6,103168.0,236041.0
2025-06-18 11:30:52.347325,3486.6,103168.0,236041.0
2025-06-18 11:30:53.290985,3486.6,103168.0,236041.0
2025-06-18 11:30:53.336373,3486.6,103137.0,236026.0
2025-06-18 11:30:54.159844,3486.6,103137.0,236026.0
2025-06-18 11:30:54.257139,3486.6,103137.0,236026.0
2025-06-18 11:30:54.337575,3486.6,103479.0,236216.0
2025-06-18 11:30:54.937245,3486.6,103479.0,236216.0
2025-06-18 11:30:55.337495,3486.6,103472.0,236241.0
2025-06-18 11:30:55.975343,3486.6,103472.0,236241.0
2025-06-18 11:30:56.251099,3486.6,103563.0,236234.0
2025-06-18 11:30:56.540852,3486.6,103563.0,236234.0
2025-06-18 11:30:57.341163,3486.6,103562.0,236300.0
2025-06-18 11:30:57.450165,3486.6,103562.0,236300.0
