timestamp,ltp,bid_qty,ask_qty
2025-06-18 11:01:36.691008,3416.6,69093.0,84801.0
2025-06-18 11:01:37.855080,3416.6,69060.0,84700.0
2025-06-18 11:01:41.137480,3416.7,69060.0,84700.0
2025-06-18 11:01:42.844330,3416.7,68955.0,84801.0
2025-06-18 11:01:45.160299,3416.8,68955.0,84801.0
2025-06-18 11:01:47.145316,3416.8,68955.0,84801.0
2025-06-18 11:01:48.049329,3416.8,69695.0,84277.0
2025-06-18 11:01:49.176204,3417.0,69695.0,84277.0
2025-06-18 11:01:51.149622,3416.9,69695.0,84277.0
2025-06-18 11:01:53.756016,3416.9,69453.0,84566.0
2025-06-18 11:01:57.151482,3416.8,69453.0,84566.0
2025-06-18 11:01:59.142897,3416.8,69453.0,84566.0
2025-06-18 11:01:59.252853,3416.8,69141.0,84776.0
2025-06-18 11:02:01.143782,3416.8,69141.0,84776.0
2025-06-18 11:02:01.561727,3416.1,68616.0,84957.0
2025-06-18 11:02:02.136345,3416.1,68616.0,84957.0
2025-06-18 11:02:02.663989,3416.1,68167.0,85079.0
2025-06-18 11:02:03.139396,3416.8,68167.0,85079.0
2025-06-18 11:02:05.118322,3416.8,68662.0,84981.0
2025-06-18 11:02:05.164798,3416.8,68662.0,84981.0
2025-06-18 11:02:05.201680,3416.8,68824.0,84786.0
2025-06-18 11:02:05.204624,3416.8,68824.0,84786.0
2025-06-18 11:02:05.758738,3416.8,69213.0,84875.0
2025-06-18 11:02:06.859238,3416.8,69377.0,84940.0
2025-06-18 11:02:07.857115,3416.8,69362.0,84948.0
2025-06-18 11:02:08.988905,3416.8,69244.0,85017.0
2025-06-18 11:02:10.060998,3416.8,69246.0,85011.0
2025-06-18 11:02:11.173318,3416.8,69248.0,84997.0
2025-06-18 11:02:12.263048,3416.8,68466.0,84988.0
2025-06-18 11:02:13.144097,3416.8,68466.0,84988.0
2025-06-18 11:02:13.175550,3416.8,69165.0,85035.0
2025-06-18 11:02:14.175445,3416.8,68466.0,85027.0
2025-06-18 11:02:15.265918,3416.8,69363.0,85030.0
2025-06-18 11:02:16.368057,3416.8,69632.0,85065.0
2025-06-18 11:02:17.478616,3416.8,69633.0,85065.0
2025-06-18 11:02:18.567488,3416.8,69282.0,85077.0
2025-06-18 11:02:19.135214,3416.8,69282.0,85077.0
2025-06-18 11:02:19.568174,3416.8,69318.0,84996.0
2025-06-18 11:02:20.668745,3416.8,69318.0,84996.0
2025-06-18 11:02:21.767531,3416.8,69318.0,84996.0
2025-06-18 11:02:22.869717,3416.8,69319.0,85015.0
2025-06-18 11:02:24.482285,3416.8,69359.0,84975.0
2025-06-18 11:02:25.481848,3416.8,68834.0,84958.0
2025-06-18 11:02:26.144598,3416.8,68834.0,84958.0
2025-06-18 11:02:26.572405,3416.8,69069.0,84940.0
2025-06-18 11:02:27.672336,3416.8,69505.0,84948.0
2025-06-18 11:02:28.673545,3416.8,69505.0,84943.0
2025-06-18 11:02:29.141317,3416.8,69505.0,84943.0
2025-06-18 11:02:29.777753,3416.8,69577.0,84444.0
2025-06-18 11:02:30.151878,3416.8,69577.0,84444.0
2025-06-18 11:02:30.874531,3416.8,69751.0,84357.0
2025-06-18 11:02:31.137358,3416.8,69751.0,84357.0
2025-06-18 11:02:32.000440,3416.8,70144.0,84242.0
2025-06-18 11:02:33.076580,3417.1,70329.0,84297.0
2025-06-18 11:02:33.142737,3417.1,70329.0,84297.0
2025-06-18 11:02:34.141379,3417.7,70329.0,84297.0
2025-06-18 11:02:34.181640,3417.7,70038.0,84246.0
2025-06-18 11:02:35.275329,3417.7,70008.0,84237.0
2025-06-18 11:02:36.279825,3417.7,70010.0,84284.0
2025-06-18 11:02:37.276979,3417.7,69535.0,84261.0
2025-06-18 11:02:38.378067,3417.7,69863.0,84233.0
2025-06-18 11:02:39.382489,3417.7,69895.0,84224.0
2025-06-18 11:02:41.083904,3417.7,69697.0,84186.0
2025-06-18 11:02:42.187880,3417.7,69698.0,84096.0
2025-06-18 11:02:43.143719,3417.1,69698.0,84096.0
2025-06-18 11:02:43.193023,3417.1,69472.0,84248.0
2025-06-18 11:02:44.143440,3417.0,69472.0,84248.0
2025-06-18 11:02:44.284014,3417.0,69471.0,84249.0
2025-06-18 11:02:45.284301,3417.0,69601.0,84308.0
2025-06-18 11:02:46.284916,3417.0,69469.0,84277.0
2025-06-18 11:02:47.148216,3417.0,69469.0,84277.0
2025-06-18 11:02:47.286462,3417.0,69443.0,84307.0
2025-06-18 11:02:48.286461,3417.0,69443.0,84308.0
2025-06-18 11:02:49.284987,3417.0,69099.0,84227.0
2025-06-18 11:02:50.185790,3417.0,69448.0,84227.0
2025-06-18 11:02:51.227345,3417.7,69448.0,84227.0
2025-06-18 11:02:51.288844,3417.7,69086.0,84274.0
2025-06-18 11:02:52.290900,3417.7,69963.0,84275.0
2025-06-18 11:02:53.142561,3418.6,69963.0,84275.0
2025-06-18 11:02:53.291168,3418.6,69310.0,83936.0
2025-06-18 11:02:54.289888,3418.6,69467.0,84057.0
2025-06-18 11:02:55.198147,3418.9,69835.0,84026.0
2025-06-18 11:02:56.141662,3418.9,69835.0,84026.0
2025-06-18 11:02:56.191330,3418.9,69607.0,84164.0
2025-06-18 11:02:57.144152,3418.9,69607.0,84164.0
2025-06-18 11:02:57.197155,3418.9,69611.0,84181.0
2025-06-18 11:02:58.695553,3418.9,69620.0,84185.0
2025-06-18 11:03:00.201192,3418.9,69746.0,84170.0
2025-06-18 11:03:01.144776,3418.9,69746.0,84170.0
2025-06-18 11:03:02.099363,3418.9,69604.0,84645.0
2025-06-18 11:03:07.147611,3418.4,69604.0,84645.0
2025-06-18 11:03:07.503038,3418.4,69465.0,84383.0
2025-06-18 11:03:12.805651,3418.4,69529.0,84333.0
2025-06-18 11:03:17.152639,3418.3,69529.0,84333.0
2025-06-18 11:03:17.905265,3418.3,68042.0,84340.0
2025-06-18 11:03:23.209135,3418.3,69501.0,84193.0
2025-06-18 11:03:25.148974,3418.3,69501.0,84193.0
2025-06-18 11:03:28.411931,3418.3,69514.0,84087.0
2025-06-18 11:03:33.150816,3418.2,69514.0,84087.0
2025-06-18 11:03:33.815749,3418.2,69456.0,84399.0
2025-06-18 11:03:39.151596,3417.8,69456.0,84399.0
2025-06-18 11:03:39.419292,3417.8,69659.0,84371.0
2025-06-18 11:03:44.420682,3417.8,69702.0,84246.0
2025-06-18 11:03:46.020530,3417.8,69702.0,84246.0
2025-06-18 11:03:47.069979,3417.8,69702.0,84246.0
2025-06-18 11:03:47.175415,3417.4,69702.0,84246.0
2025-06-18 11:03:47.987296,3417.4,69702.0,84246.0
2025-06-18 11:03:48.885740,3417.4,69702.0,84246.0
2025-06-18 11:03:49.168700,3418.2,69702.0,84246.0
2025-06-18 11:03:49.221353,3418.2,69700.0,84342.0
2025-06-18 11:03:49.743414,3418.2,69700.0,84342.0
2025-06-18 11:03:50.549555,3418.2,69700.0,84342.0
2025-06-18 11:03:51.582764,3418.2,69700.0,84342.0
2025-06-18 11:03:52.196105,3418.2,69700.0,84342.0
2025-06-18 11:03:53.064023,3418.2,69700.0,84342.0
2025-06-18 11:03:53.202903,3417.0,69700.0,84342.0
2025-06-18 11:03:53.436824,3417.0,69700.0,84342.0
2025-06-18 11:03:54.026476,3418.5,69967.0,83998.0
2025-06-18 11:03:54.446199,3418.5,69967.0,83998.0
2025-06-18 11:03:55.172054,3418.5,69967.0,83998.0
2025-06-18 11:03:55.717083,3418.5,69967.0,83998.0
2025-06-18 11:03:56.575980,3418.5,69967.0,83998.0
2025-06-18 11:04:00.453734,3418.2,69967.0,83998.0
2025-06-18 11:04:00.465726,3418.2,69967.0,83998.0
2025-06-18 11:04:00.510856,3418.2,69800.0,83896.0
2025-06-18 11:04:00.514098,3418.2,69800.0,83896.0
2025-06-18 11:04:00.550657,3418.2,69800.0,83896.0
2025-06-18 11:04:01.915760,3418.2,69800.0,83896.0
2025-06-18 11:04:02.231088,3418.2,69703.0,84066.0
2025-06-18 11:04:03.135897,3418.2,69722.0,84045.0
2025-06-18 11:04:04.135380,3418.2,69739.0,83973.0
2025-06-18 11:04:05.138418,3418.2,69738.0,83885.0
2025-06-18 11:04:05.196050,3418.2,69738.0,83885.0
2025-06-18 11:04:06.135277,3417.2,69740.0,83944.0
2025-06-18 11:04:06.160599,3417.2,69740.0,83944.0
2025-06-18 11:04:07.175996,3417.1,69740.0,83944.0
2025-06-18 11:04:07.231602,3417.1,69533.0,83995.0
2025-06-18 11:04:08.138636,3417.1,69535.0,83995.0
2025-06-18 11:04:09.154009,3417.6,69535.0,83995.0
2025-06-18 11:04:09.336180,3417.6,69493.0,84006.0
2025-06-18 11:04:10.338962,3417.6,69493.0,84094.0
2025-06-18 11:04:11.436489,3417.6,69493.0,84101.0
2025-06-18 11:04:12.541027,3417.6,69722.0,84005.0
2025-06-18 11:04:13.645478,3417.6,69562.0,83991.0
2025-06-18 11:04:14.657632,3417.6,67451.0,84379.0
2025-06-18 11:04:15.739803,3417.6,69187.0,84612.0
2025-06-18 11:04:16.742961,3418.0,69250.0,84380.0
2025-06-18 11:04:17.155571,3418.0,69250.0,84380.0
2025-06-18 11:04:17.740529,3418.0,69605.0,84293.0
2025-06-18 11:04:18.647873,3418.0,69618.0,84306.0
2025-06-18 11:04:19.661452,3418.0,69106.0,84299.0
2025-06-18 11:04:20.754028,3418.1,69520.0,84256.0
2025-06-18 11:04:21.173112,3418.1,69520.0,84256.0
2025-06-18 11:04:21.855582,3417.1,69135.0,84283.0
2025-06-18 11:04:22.161804,3417.1,69135.0,84283.0
2025-06-18 11:04:22.961297,3417.1,69480.0,84264.0
2025-06-18 11:04:24.058679,3417.1,69510.0,84287.0
2025-06-18 11:04:25.057694,3417.1,69690.0,84303.0
2025-06-18 11:04:26.167874,3417.1,69692.0,84296.0
2025-06-18 11:04:27.261079,3417.1,69692.0,84321.0
2025-06-18 11:04:28.262781,3417.1,69670.0,84312.0
2025-06-18 11:04:29.154776,3418.1,69670.0,84312.0
2025-06-18 11:04:29.260491,3418.1,69483.0,84349.0
2025-06-18 11:04:30.261385,3418.1,69483.0,84323.0
2025-06-18 11:04:31.261445,3418.1,69483.0,84323.0
2025-06-18 11:04:32.158694,3418.1,69483.0,84323.0
2025-06-18 11:04:32.474199,3418.1,69324.0,84378.0
2025-06-18 11:04:33.474010,3418.1,69324.0,84387.0
2025-06-18 11:04:34.194576,3417.1,69324.0,84387.0
2025-06-18 11:04:35.168348,3417.1,69302.0,84392.0
2025-06-18 11:04:36.159487,3418.1,69302.0,84392.0
2025-06-18 11:04:36.264523,3418.1,69304.0,84393.0
2025-06-18 11:04:37.166243,3418.1,69304.0,84393.0
2025-06-18 11:04:37.266468,3418.1,69477.0,84401.0
2025-06-18 11:04:38.362690,3418.1,69496.0,84404.0
2025-06-18 11:04:39.161496,3417.1,69496.0,84404.0
2025-06-18 11:04:39.476537,3417.1,69460.0,84425.0
2025-06-18 11:04:40.498241,3417.6,69445.0,84389.0
2025-06-18 11:04:41.150597,3417.6,69445.0,84389.0
2025-06-18 11:04:41.565441,3418.2,69685.0,84237.0
2025-06-18 11:04:42.160542,3418.2,69685.0,84237.0
2025-06-18 11:04:42.665812,3418.2,69540.0,84245.0
2025-06-18 11:04:44.177036,3418.2,69540.0,84245.0
2025-06-18 11:04:45.367976,3418.2,69538.0,84245.0
2025-06-18 11:04:46.370523,3418.2,69363.0,82844.0
2025-06-18 11:04:47.370272,3418.2,69550.0,84203.0
2025-06-18 11:04:48.284098,3418.2,69975.0,83470.0
2025-06-18 11:04:49.371963,3418.2,70112.0,83608.0
2025-06-18 11:04:50.521357,3418.2,70087.0,83584.0
2025-06-18 11:04:51.480749,3418.2,70068.0,83622.0
2025-06-18 11:04:52.176853,3418.1,70068.0,83622.0
2025-06-18 11:04:52.572765,3418.1,69874.0,83564.0
2025-06-18 11:04:53.153845,3418.2,69874.0,83564.0
2025-06-18 11:04:53.571324,3418.2,70108.0,83539.0
2025-06-18 11:04:54.171430,3418.2,70108.0,83539.0
2025-06-18 11:04:54.573621,3418.2,70238.0,83468.0
2025-06-18 11:04:55.161497,3418.1,70238.0,83468.0
2025-06-18 11:04:55.574925,3418.1,69849.0,83452.0
2025-06-18 11:04:56.678711,3418.1,69865.0,83368.0
2025-06-18 11:04:57.209142,3418.1,69865.0,83368.0
2025-06-18 11:04:57.775438,3418.1,70071.0,83233.0
2025-06-18 11:04:58.175224,3418.3,70071.0,83233.0
2025-06-18 11:04:58.882583,3418.3,70079.0,83372.0
2025-06-18 11:05:00.000518,3418.5,70031.0,83360.0
2025-06-18 11:05:00.160934,3418.5,70031.0,83360.0
2025-06-18 11:05:01.171837,3418.5,70031.0,83360.0
2025-06-18 11:05:05.174294,3418.5,70193.0,83370.0
2025-06-18 11:05:07.389925,3418.5,70193.0,83370.0
2025-06-18 11:05:09.081734,3418.5,70206.0,83418.0
2025-06-18 11:05:09.190568,3418.5,70206.0,83418.0
2025-06-18 11:05:14.492326,3418.5,70007.0,83427.0
2025-06-18 11:05:24.790232,3418.5,70088.0,83412.0
2025-06-18 11:05:25.156427,3418.5,70088.0,83412.0
2025-06-18 11:05:29.169608,3419.4,70088.0,83412.0
2025-06-18 11:05:29.593834,3419.4,69878.0,83332.0
2025-06-18 11:05:31.165927,3419.4,69878.0,83332.0
2025-06-18 11:05:35.175237,3419.4,69838.0,83512.0
2025-06-18 11:05:37.172271,3419.4,69838.0,83512.0
2025-06-18 11:05:40.400691,3419.4,69856.0,83403.0
2025-06-18 11:05:41.167031,3419.0,69856.0,83403.0
2025-06-18 11:05:45.164284,3419.8,69856.0,83403.0
2025-06-18 11:05:45.305289,3420.1,69741.0,83638.0
2025-06-18 11:05:47.189546,3419.0,69741.0,83638.0
2025-06-18 11:05:49.171360,3418.9,69741.0,83638.0
2025-06-18 11:05:50.305439,3419.7,69749.0,83698.0
2025-06-18 11:05:51.173512,3417.9,69749.0,83698.0
2025-06-18 11:05:55.165715,3419.0,69749.0,83698.0
2025-06-18 11:05:55.611171,3419.0,69496.0,84749.0
2025-06-18 11:05:57.182672,3419.0,69496.0,84749.0
2025-06-18 11:05:59.167338,3419.0,69496.0,84749.0
2025-06-18 11:06:00.513400,3419.0,69329.0,84202.0
2025-06-18 11:06:02.312834,3418.9,69368.0,84335.0
2025-06-18 11:06:03.160893,3418.9,69368.0,84335.0
2025-06-18 11:06:03.313339,3418.9,69937.0,84335.0
2025-06-18 11:06:04.315953,3418.9,69889.0,84361.0
2025-06-18 11:06:05.516961,3418.9,69894.0,84341.0
2025-06-18 11:06:06.516710,3418.9,69892.0,84326.0
2025-06-18 11:06:07.715427,3418.9,69891.0,84224.0
2025-06-18 11:06:08.717399,3418.9,69917.0,84268.0
2025-06-18 11:06:09.165621,3418.9,69917.0,84268.0
2025-06-18 11:06:09.717976,3418.9,69883.0,84267.0
2025-06-18 11:06:10.717567,3418.9,69886.0,84176.0
2025-06-18 11:06:11.718033,3418.9,69887.0,84133.0
2025-06-18 11:06:12.818316,3418.9,69886.0,84310.0
2025-06-18 11:06:13.170622,3418.9,69886.0,84310.0
2025-06-18 11:06:13.817349,3418.9,69773.0,84257.0
2025-06-18 11:06:14.165766,3418.9,69773.0,84257.0
2025-06-18 11:06:14.918008,3418.9,69742.0,84250.0
2025-06-18 11:06:15.166914,3419.0,69742.0,84250.0
2025-06-18 11:06:16.023650,3419.0,69676.0,83980.0
2025-06-18 11:06:17.020773,3419.0,69603.0,84066.0
2025-06-18 11:06:18.021216,3419.0,69626.0,84077.0
2025-06-18 11:06:19.021911,3419.0,69802.0,84036.0
2025-06-18 11:06:20.022346,3419.0,69784.0,84045.0
2025-06-18 11:06:21.123155,3419.0,69782.0,84098.0
2025-06-18 11:06:22.025999,3419.0,69659.0,84080.0
2025-06-18 11:06:23.127847,3419.0,69658.0,84129.0
2025-06-18 11:06:24.124222,3419.0,69651.0,84140.0
2025-06-18 11:06:25.125731,3419.0,69651.0,83697.0
2025-06-18 11:06:26.215938,3418.9,69651.0,83697.0
2025-06-18 11:06:26.225592,3418.9,69508.0,84132.0
2025-06-18 11:06:27.162743,3418.9,69508.0,84132.0
2025-06-18 11:06:27.326100,3418.9,69449.0,84175.0
2025-06-18 11:06:28.164935,3418.9,69449.0,84175.0
2025-06-18 11:06:28.227205,3418.9,69571.0,84165.0
2025-06-18 11:06:29.159573,3418.3,69571.0,84165.0
2025-06-18 11:06:29.228435,3418.3,69557.0,84122.0
2025-06-18 11:06:30.329731,3418.3,69559.0,84154.0
2025-06-18 11:06:31.433692,3418.3,69543.0,83803.0
2025-06-18 11:06:32.168479,3418.3,69543.0,83803.0
2025-06-18 11:06:32.432472,3418.3,69547.0,84288.0
2025-06-18 11:06:33.167955,3418.9,69547.0,84288.0
2025-06-18 11:06:33.432956,3418.9,69581.0,83825.0
2025-06-18 11:06:34.229201,3418.9,69581.0,83825.0
2025-06-18 11:06:34.435027,3418.9,69597.0,83747.0
2025-06-18 11:06:35.639661,3418.9,69563.0,84197.0
2025-06-18 11:06:36.641455,3418.9,69570.0,84156.0
2025-06-18 11:06:37.543699,3418.9,69632.0,84248.0
2025-06-18 11:06:38.160103,3419.0,69632.0,84248.0
2025-06-18 11:06:38.639953,3419.0,69541.0,84163.0
2025-06-18 11:06:39.641517,3419.0,69543.0,84073.0
2025-06-18 11:06:40.167236,3419.0,69543.0,84073.0
2025-06-18 11:06:40.641750,3419.0,69620.0,84186.0
2025-06-18 11:06:41.644515,3419.0,69613.0,84192.0
2025-06-18 11:06:42.645786,3419.0,69619.0,84248.0
2025-06-18 11:06:43.642401,3419.0,69629.0,84248.0
2025-06-18 11:06:44.757067,3419.0,69624.0,84247.0
2025-06-18 11:06:45.158936,3419.0,69624.0,84247.0
2025-06-18 11:06:45.645892,3419.0,69624.0,84247.0
2025-06-18 11:06:46.165270,3419.6,69624.0,84247.0
2025-06-18 11:06:46.721178,3419.6,69624.0,84247.0
2025-06-18 11:06:46.765584,3419.0,69592.0,84333.0
2025-06-18 11:06:47.168068,3419.0,69592.0,84333.0
2025-06-18 11:06:47.610002,3419.0,69592.0,84333.0
2025-06-18 11:06:47.644304,3419.0,69591.0,84331.0
2025-06-18 11:06:48.170779,3418.3,69591.0,84331.0
2025-06-18 11:06:48.546578,3418.3,69591.0,84331.0
2025-06-18 11:06:48.644378,3418.3,69459.0,84457.0
2025-06-18 11:06:49.763281,3418.3,69459.0,84457.0
2025-06-18 11:06:49.807341,3418.3,69459.0,84459.0
2025-06-18 11:06:50.162153,3419.0,69459.0,84459.0
2025-06-18 11:06:50.279194,3419.0,69459.0,84459.0
2025-06-18 11:06:50.646225,3419.0,69489.0,84418.0
2025-06-18 11:06:51.049097,3419.0,69489.0,84418.0
2025-06-18 11:06:51.157273,3418.3,69489.0,84418.0
2025-06-18 11:06:51.649888,3418.3,69498.0,84429.0
2025-06-18 11:06:52.034200,3418.3,69498.0,84429.0
2025-06-18 11:06:52.650245,3418.3,69527.0,84456.0
2025-06-18 11:06:53.008319,3418.3,69527.0,84456.0
2025-06-18 11:06:53.511828,3418.3,69527.0,84456.0
2025-06-18 11:06:53.650920,3418.3,69517.0,84480.0
2025-06-18 11:06:53.864487,3418.3,69517.0,84480.0
2025-06-18 11:06:54.652946,3419.0,69587.0,84337.0
2025-06-18 11:06:54.752544,3419.0,69587.0,84337.0
2025-06-18 11:06:55.163007,3419.0,69587.0,84337.0
2025-06-18 11:06:55.945379,3419.0,69607.0,84337.0
2025-06-18 11:06:56.236353,3419.0,69607.0,84337.0
2025-06-18 11:06:56.947249,3419.0,69606.0,84338.0
2025-06-18 11:06:57.098635,3419.0,69606.0,84338.0
2025-06-18 11:06:57.846333,3419.0,69601.0,84352.0
2025-06-18 11:06:58.337307,3419.0,69601.0,84352.0
2025-06-18 11:06:58.513933,3419.0,69601.0,84352.0
2025-06-18 11:06:58.947076,3419.0,69568.0,84369.0
2025-06-18 11:06:59.663045,3419.0,69568.0,84369.0
2025-06-18 11:06:59.945768,3419.0,69566.0,84368.0
2025-06-18 11:07:00.157613,3419.0,69566.0,84368.0
2025-06-18 11:07:00.819580,3419.0,69566.0,84368.0
2025-06-18 11:07:01.163843,3419.0,69566.0,84368.0
2025-06-18 11:07:02.277844,3419.0,69566.0,84368.0
2025-06-18 11:07:05.176187,3419.0,69566.0,84368.0
2025-06-18 11:07:07.162701,3418.9,69566.0,84368.0
2025-06-18 11:07:10.535195,3418.9,69108.0,84358.0
2025-06-18 11:07:15.059698,3418.9,69534.0,84634.0
2025-06-18 11:07:16.177730,3419.0,69534.0,84634.0
2025-06-18 11:07:19.168799,3419.0,69534.0,84634.0
2025-06-18 11:07:20.361068,3419.0,69818.0,84554.0
2025-06-18 11:07:22.233637,3419.0,69818.0,84554.0
2025-06-18 11:07:25.360907,3419.0,69349.0,84561.0
2025-06-18 11:07:30.263023,3419.0,69896.0,84562.0
2025-06-18 11:07:33.175273,3419.0,69896.0,84562.0
2025-06-18 11:07:35.164481,3419.0,69896.0,84562.0
2025-06-18 11:07:35.170031,3419.0,69914.0,84586.0
2025-06-18 11:07:37.175137,3418.3,69914.0,84586.0
2025-06-18 11:07:43.174801,3419.4,69914.0,84586.0
2025-06-18 11:07:45.685649,3419.4,69994.0,84358.0
2025-06-18 11:07:49.174095,3419.0,69994.0,84358.0
2025-06-18 11:07:50.686801,3419.0,69938.0,84371.0
2025-06-18 11:07:55.777052,3419.0,69960.0,84742.0
2025-06-18 11:08:00.438645,3419.0,69960.0,84742.0
2025-06-18 11:08:00.876657,3419.0,69888.0,84553.0
2025-06-18 11:08:02.199246,3419.5,69888.0,84553.0
2025-06-18 11:08:04.186412,3419.2,69888.0,84553.0
2025-06-18 11:08:06.082282,3418.3,69839.0,84855.0
2025-06-18 11:08:06.177849,3418.3,69839.0,84855.0
2025-06-18 11:08:10.200737,3418.3,69839.0,84855.0
2025-06-18 11:08:12.208807,3418.3,69864.0,84719.0
2025-06-18 11:08:14.198990,3418.3,69864.0,84719.0
2025-06-18 11:08:16.200281,3419.1,69864.0,84719.0
2025-06-18 11:08:20.437721,3418.3,70084.0,84327.0
2025-06-18 11:08:20.497005,3418.3,70084.0,84327.0
2025-06-18 11:08:21.896369,3419.1,69931.0,84203.0
2025-06-18 11:08:22.175927,3419.1,69931.0,84203.0
2025-06-18 11:08:25.172365,3418.3,69931.0,84203.0
2025-06-18 11:08:27.603148,3419.7,69495.0,83957.0
2025-06-18 11:08:28.177699,3418.7,69495.0,83957.0
2025-06-18 11:08:30.175417,3418.5,69495.0,83957.0
2025-06-18 11:08:33.106593,3418.5,70064.0,84146.0
2025-06-18 11:08:34.176305,3419.1,70064.0,84146.0
2025-06-18 11:08:36.175779,3418.8,70064.0,84146.0
2025-06-18 11:08:38.177933,3419.4,70064.0,84146.0
2025-06-18 11:08:38.408706,3419.4,70368.0,83894.0
2025-06-18 11:08:40.191089,3419.0,70368.0,83894.0
2025-06-18 11:08:43.611022,3419.0,70210.0,84029.0
2025-06-18 11:08:46.203821,3419.0,70210.0,84029.0
2025-06-18 11:08:48.810840,3419.0,70509.0,84068.0
2025-06-18 11:08:54.024820,3419.0,70457.0,84005.0
2025-06-18 11:08:54.179393,3419.0,70457.0,84005.0
2025-06-18 11:08:56.183034,3419.9,70457.0,84005.0
2025-06-18 11:08:58.175213,3419.9,70457.0,84005.0
2025-06-18 11:08:59.216840,3419.9,69839.0,84029.0
2025-06-18 11:09:00.173313,3418.8,69839.0,84029.0
2025-06-18 11:09:04.038607,3419.0,70207.0,84135.0
2025-06-18 11:09:04.179718,3419.0,70207.0,84135.0
2025-06-18 11:09:09.121893,3419.0,70198.0,83975.0
2025-06-18 11:09:10.181401,3419.0,70198.0,83975.0
2025-06-18 11:09:14.347932,3419.8,70198.0,83975.0
2025-06-18 11:09:14.825934,3418.8,71203.0,84006.0
2025-06-18 11:09:16.172526,3418.8,71203.0,84006.0
2025-06-18 11:09:18.872991,3419.0,71203.0,84006.0
2025-06-18 11:09:20.198465,3418.5,71203.0,84006.0
2025-06-18 11:09:20.424328,3418.5,71121.0,83855.0
2025-06-18 11:09:22.169710,3419.0,71121.0,83855.0
2025-06-18 11:09:24.176151,3419.2,71121.0,83855.0
2025-06-18 11:09:25.830833,3419.2,70711.0,84308.0
2025-06-18 11:09:28.184708,3419.0,70711.0,84308.0
2025-06-18 11:09:31.035748,3419.0,71068.0,84014.0
2025-06-18 11:09:34.177832,3419.0,71068.0,84014.0
2025-06-18 11:09:36.438235,3419.0,71128.0,84109.0
2025-06-18 11:09:41.738914,3419.0,71178.0,84161.0
2025-06-18 11:09:42.182655,3419.0,71178.0,84161.0
2025-06-18 11:09:44.193049,3418.8,71178.0,84161.0
2025-06-18 11:09:46.255406,3418.9,71178.0,84161.0
2025-06-18 11:09:47.041661,3418.9,71112.0,84748.0
2025-06-18 11:09:47.187761,3418.9,71112.0,84748.0
2025-06-18 11:09:48.177278,3418.6,71112.0,84748.0
2025-06-18 11:09:48.208139,3418.6,71112.0,84748.0
2025-06-18 11:09:49.096657,3418.6,71112.0,84748.0
2025-06-18 11:09:50.019127,3418.6,71112.0,84748.0
2025-06-18 11:09:51.633646,3418.6,71112.0,84748.0
2025-06-18 11:09:52.344354,3418.6,70933.0,84914.0
2025-06-18 11:09:52.632796,3418.6,70933.0,84914.0
2025-06-18 11:09:53.207135,3418.6,70933.0,84914.0
2025-06-18 11:09:54.086678,3418.6,70933.0,84914.0
2025-06-18 11:09:55.345823,3418.6,70933.0,84914.0
2025-06-18 11:09:56.579318,3418.6,70933.0,84914.0
2025-06-18 11:09:57.559587,3418.6,70933.0,84914.0
2025-06-18 11:09:57.652763,3419.0,70154.0,84957.0
2025-06-18 11:09:58.181745,3419.0,70154.0,84957.0
2025-06-18 11:09:58.969512,3419.0,70154.0,84957.0
2025-06-18 11:10:00.115831,3419.0,70154.0,84957.0
2025-06-18 11:10:01.242117,3419.0,70154.0,84957.0
2025-06-18 11:10:02.653482,3419.0,70646.0,84517.0
2025-06-18 11:10:02.712626,3419.0,70646.0,84517.0
2025-06-18 11:10:07.553222,3419.3,72171.0,83557.0
2025-06-18 11:10:13.155084,3419.3,71983.0,84339.0
2025-06-18 11:10:14.184779,3419.3,71983.0,84339.0
2025-06-18 11:10:16.179004,3419.3,71983.0,84339.0
2025-06-18 11:10:18.180124,3419.3,71983.0,84339.0
2025-06-18 11:10:18.560156,3419.3,71962.0,83855.0
2025-06-18 11:10:20.177065,3419.3,71962.0,83855.0
2025-06-18 11:10:23.560220,3419.3,71708.0,83887.0
2025-06-18 11:10:29.170428,3419.3,71287.0,83967.0
2025-06-18 11:10:30.178133,3419.3,71287.0,83967.0
2025-06-18 11:10:33.179123,3419.3,71287.0,83967.0
2025-06-18 11:10:34.673975,3419.3,71504.0,84001.0
2025-06-18 11:10:38.179670,3419.3,71504.0,84001.0
2025-06-18 11:10:40.269005,3419.3,72094.0,83646.0
2025-06-18 11:10:44.177550,3419.3,72094.0,83646.0
2025-06-18 11:10:45.676397,3420.0,72148.0,83337.0
2025-06-18 11:10:46.175000,3420.0,72148.0,83337.0
2025-06-18 11:10:50.181196,3420.0,72148.0,83337.0
2025-06-18 11:10:50.777297,3420.0,72021.0,83895.0
2025-06-18 11:10:54.187675,3419.3,72021.0,83895.0
2025-06-18 11:10:55.882375,3419.3,72142.0,84022.0
2025-06-18 11:11:01.191633,3419.7,71813.0,84049.0
2025-06-18 11:11:02.202302,3419.7,71813.0,84049.0
2025-06-18 11:11:02.285907,3419.7,72258.0,84128.0
2025-06-18 11:11:03.287051,3419.7,72274.0,84059.0
2025-06-18 11:11:04.288491,3419.7,72350.0,83812.0
2025-06-18 11:11:05.194124,3419.7,72330.0,83839.0
2025-06-18 11:11:06.179871,3419.7,72330.0,83839.0
2025-06-18 11:11:06.289622,3419.7,72359.0,83747.0
2025-06-18 11:11:07.392091,3419.7,72350.0,83816.0
2025-06-18 11:11:08.395372,3419.7,72352.0,83816.0
2025-06-18 11:11:09.394701,3419.7,72532.0,83848.0
2025-06-18 11:11:10.394293,3419.7,72532.0,83864.0
2025-06-18 11:11:11.180547,3419.7,72532.0,83864.0
2025-06-18 11:11:11.501309,3419.7,71776.0,83850.0
2025-06-18 11:11:12.596875,3419.7,72476.0,83955.0
2025-06-18 11:11:13.693906,3419.7,72472.0,83954.0
2025-06-18 11:11:14.694929,3419.7,72496.0,83954.0
2025-06-18 11:11:15.694546,3419.7,72515.0,83954.0
2025-06-18 11:11:17.190535,3419.7,72515.0,83954.0
2025-06-18 11:11:17.395273,3419.7,72602.0,83977.0
2025-06-18 11:11:19.895852,3420.0,72667.0,83690.0
2025-06-18 11:11:20.178191,3420.0,72667.0,83690.0
2025-06-18 11:11:20.796708,3420.0,72670.0,83727.0
2025-06-18 11:11:21.897445,3420.0,72649.0,83825.0
2025-06-18 11:11:22.183236,3420.0,72649.0,83825.0
2025-06-18 11:11:22.899289,3420.0,72687.0,83796.0
2025-06-18 11:11:23.175499,3418.8,72687.0,83796.0
2025-06-18 11:11:23.901436,3419.9,72670.0,83896.0
2025-06-18 11:11:24.178120,3419.9,72670.0,83896.0
2025-06-18 11:11:24.898876,3419.9,72670.0,83911.0
2025-06-18 11:11:25.898150,3419.9,72153.0,83838.0
2025-06-18 11:11:27.011994,3420.0,72148.0,83921.0
2025-06-18 11:11:27.181913,3420.0,72148.0,83921.0
2025-06-18 11:11:28.004478,3419.9,71904.0,84075.0
2025-06-18 11:11:28.190600,3419.9,71904.0,84075.0
2025-06-18 11:11:29.013153,3419.8,71914.0,84046.0
2025-06-18 11:11:29.194136,3419.8,71914.0,84046.0
2025-06-18 11:11:30.013549,3419.8,71915.0,84088.0
2025-06-18 11:11:31.516479,3419.8,71877.0,84176.0
2025-06-18 11:11:32.183490,3418.5,71877.0,84176.0
2025-06-18 11:11:32.535851,3418.5,71357.0,84870.0
2025-06-18 11:11:33.608563,3418.5,71375.0,84724.0
2025-06-18 11:11:34.806012,3418.5,70691.0,84799.0
2025-06-18 11:11:35.810048,3419.3,71206.0,84849.0
2025-06-18 11:11:36.178371,3419.3,71206.0,84849.0
2025-06-18 11:11:36.711695,3419.3,71187.0,84874.0
2025-06-18 11:11:37.906790,3419.3,72236.0,84897.0
2025-06-18 11:11:38.912864,3419.3,72235.0,84891.0
2025-06-18 11:11:40.108567,3419.3,72040.0,85041.0
2025-06-18 11:11:40.176545,3419.1,72040.0,85041.0
2025-06-18 11:11:41.019715,3419.1,72076.0,84848.0
2025-06-18 11:11:42.022107,3419.1,72044.0,84830.0
2025-06-18 11:11:43.037395,3419.1,71694.0,84618.0
2025-06-18 11:11:44.039007,3419.1,71751.0,84503.0
2025-06-18 11:11:45.093513,3419.1,72081.0,84524.0
2025-06-18 11:11:46.037112,3419.1,72050.0,84467.0
2025-06-18 11:11:47.033601,3419.1,71354.0,84466.0
2025-06-18 11:11:48.032081,3419.1,71354.0,84466.0
2025-06-18 11:11:49.038267,3419.1,71343.0,84629.0
2025-06-18 11:11:49.194278,3418.5,71343.0,84629.0
2025-06-18 11:11:50.117306,3419.1,72601.0,84303.0
2025-06-18 11:11:50.190538,3419.1,72601.0,84303.0
2025-06-18 11:11:51.027971,3419.1,72416.0,84329.0
2025-06-18 11:11:52.118518,3419.1,72254.0,84323.0
2025-06-18 11:11:52.215600,3419.1,72254.0,84323.0
2025-06-18 11:11:53.218380,3419.1,71746.0,84398.0
2025-06-18 11:11:54.194095,3418.5,71746.0,84398.0
2025-06-18 11:11:54.319003,3418.5,72239.0,84546.0
2025-06-18 11:11:55.420659,3418.5,72417.0,84564.0
2025-06-18 11:11:56.322430,3418.5,72261.0,84462.0
2025-06-18 11:11:57.924535,3418.5,72262.0,84492.0
2025-06-18 11:12:00.124737,3418.5,72282.0,84532.0
2025-06-18 11:12:02.335237,3417.5,72282.0,84532.0
2025-06-18 11:12:02.732337,3419.6,72336.0,83595.0
2025-06-18 11:12:04.184078,3419.6,72336.0,83595.0
2025-06-18 11:12:06.181858,3418.9,72336.0,83595.0
2025-06-18 11:12:07.428364,3418.9,72779.0,83879.0
2025-06-18 11:12:10.191550,3418.9,72779.0,83879.0
2025-06-18 11:12:12.199399,3419.0,72779.0,83879.0
2025-06-18 11:12:12.437315,3419.0,72733.0,83876.0
2025-06-18 11:12:16.183340,3418.3,72733.0,83876.0
2025-06-18 11:12:17.737294,3418.3,72659.0,83970.0
2025-06-18 11:12:18.213340,3418.7,72659.0,83970.0
2025-06-18 11:12:20.179752,3418.3,72659.0,83970.0
2025-06-18 11:12:22.946210,3418.3,72003.0,83882.0
2025-06-18 11:12:24.187056,3418.8,72003.0,83882.0
2025-06-18 11:12:26.184715,3418.3,72003.0,83882.0
2025-06-18 11:12:27.747959,3419.4,72458.0,83694.0
2025-06-18 11:12:28.181815,3419.4,72458.0,83694.0
2025-06-18 11:12:30.192374,3418.3,72458.0,83694.0
2025-06-18 11:12:32.208373,3419.4,72458.0,83694.0
2025-06-18 11:12:32.952516,3419.4,72526.0,83979.0
2025-06-18 11:12:38.188214,3419.0,72526.0,83979.0
2025-06-18 11:12:38.257457,3419.0,72333.0,84558.0
2025-06-18 11:12:42.183754,3419.0,72333.0,84558.0
2025-06-18 11:12:43.461590,3419.0,72486.0,84404.0
2025-06-18 11:12:46.183262,3419.0,72486.0,84404.0
2025-06-18 11:12:47.558134,3419.0,72486.0,84404.0
2025-06-18 11:12:48.362110,3419.0,72779.0,84305.0
2025-06-18 11:12:48.622043,3419.0,72779.0,84305.0
2025-06-18 11:12:49.529789,3419.0,72779.0,84305.0
2025-06-18 11:12:50.188057,3419.0,72779.0,84305.0
2025-06-18 11:12:50.456845,3419.0,72779.0,84305.0
2025-06-18 11:12:51.311779,3419.0,72779.0,84305.0
2025-06-18 11:12:52.073415,3419.0,72779.0,84305.0
2025-06-18 11:12:52.184023,3419.0,72779.0,84305.0
2025-06-18 11:12:53.064976,3419.0,72779.0,84305.0
2025-06-18 11:12:53.970071,3419.0,72406.0,84354.0
2025-06-18 11:12:54.037586,3419.0,72406.0,84354.0
2025-06-18 11:12:55.759666,3419.0,72406.0,84354.0
2025-06-18 11:12:56.185849,3419.0,72406.0,84354.0
2025-06-18 11:12:57.001568,3419.0,72406.0,84354.0
2025-06-18 11:12:57.881009,3419.0,72406.0,84354.0
2025-06-18 11:12:59.253291,3419.0,72406.0,84354.0
2025-06-18 11:12:59.477141,3419.0,72404.0,84491.0
2025-06-18 11:13:00.390482,3419.0,72404.0,84491.0
2025-06-18 11:13:01.569374,3419.0,72404.0,84491.0
2025-06-18 11:13:03.030011,3419.0,72404.0,84491.0
2025-06-18 11:13:04.477250,3419.0,71475.0,84480.0
2025-06-18 11:13:09.378828,3419.0,72498.0,84404.0
2025-06-18 11:13:14.181757,3419.0,72513.0,84393.0
2025-06-18 11:13:18.987434,3419.0,71668.0,84455.0
2025-06-18 11:13:22.191661,3419.0,71668.0,84455.0
2025-06-18 11:13:23.987690,3419.0,72743.0,83858.0
2025-06-18 11:13:26.188871,3418.3,72743.0,83858.0
2025-06-18 11:13:28.990468,3418.3,71992.0,84035.0
2025-06-18 11:13:34.191753,3417.7,71992.0,84035.0
2025-06-18 11:13:38.995246,3417.7,72090.0,84121.0
2025-06-18 11:13:42.190279,3418.1,72090.0,84121.0
2025-06-18 11:13:44.194218,3419.0,72090.0,84121.0
2025-06-18 11:13:44.204676,3419.0,72179.0,84199.0
2025-06-18 11:13:46.193223,3419.0,72179.0,84199.0
2025-06-18 11:13:48.189391,3419.0,72179.0,84199.0
2025-06-18 11:13:49.099414,3419.0,72434.0,84108.0
2025-06-18 11:13:50.200732,3417.6,72434.0,84108.0
2025-06-18 11:13:52.191798,3418.9,72434.0,84108.0
2025-06-18 11:13:53.901292,3417.9,72513.0,83630.0
2025-06-18 11:13:54.192628,3417.9,72513.0,83630.0
2025-06-18 11:13:59.506791,3417.9,71944.0,84074.0
2025-06-18 11:14:00.191904,3417.9,71944.0,84074.0
2025-06-18 11:14:01.705535,3417.9,72118.0,84000.0
2025-06-18 11:14:02.705585,3417.9,72011.0,84034.0
2025-06-18 11:14:03.804685,3417.9,71973.0,84010.0
2025-06-18 11:14:04.806378,3417.9,72055.0,84043.0
2025-06-18 11:14:05.807384,3417.9,72177.0,83839.0
2025-06-18 11:14:06.912406,3417.9,72059.0,84177.0
2025-06-18 11:14:07.808128,3417.9,73064.0,83879.0
2025-06-18 11:14:08.909941,3417.9,73218.0,83004.0
2025-06-18 11:14:10.019061,3417.9,73218.0,83879.0
2025-06-18 11:14:11.109184,3417.9,73246.0,83879.0
2025-06-18 11:14:12.214534,3417.9,73245.0,83879.0
2025-06-18 11:14:13.229550,3417.9,73130.0,83946.0
2025-06-18 11:14:14.312791,3417.9,73127.0,83948.0
2025-06-18 11:14:15.312298,3417.9,73103.0,83954.0
2025-06-18 11:14:16.314438,3417.9,73104.0,83954.0
2025-06-18 11:14:17.315074,3417.9,73107.0,83953.0
2025-06-18 11:14:18.317427,3417.9,73111.0,83953.0
2025-06-18 11:14:19.418333,3417.9,73115.0,83953.0
2025-06-18 11:14:20.526474,3417.9,73119.0,83953.0
2025-06-18 11:14:21.621731,3417.9,73134.0,83998.0
2025-06-18 11:14:22.621897,3417.9,72613.0,83911.0
2025-06-18 11:14:23.187863,3417.9,72613.0,83911.0
2025-06-18 11:14:23.721841,3417.7,73298.0,83995.0
2025-06-18 11:14:24.189733,3417.7,73298.0,83995.0
2025-06-18 11:14:24.821041,3417.8,73158.0,84031.0
2025-06-18 11:14:25.186468,3417.8,73158.0,84031.0
2025-06-18 11:14:25.920951,3417.9,73146.0,84087.0
2025-06-18 11:14:26.185720,3417.9,73146.0,84087.0
2025-06-18 11:14:27.052899,3417.9,73149.0,84088.0
2025-06-18 11:14:28.130328,3417.9,73115.0,84088.0
2025-06-18 11:14:29.227166,3417.9,73129.0,84116.0
2025-06-18 11:14:30.187723,3417.9,73129.0,84116.0
2025-06-18 11:14:30.227717,3417.9,73104.0,84129.0
2025-06-18 11:14:31.186964,3419.0,73104.0,84129.0
2025-06-18 11:14:31.324817,3419.0,73487.0,83700.0
2025-06-18 11:14:32.187410,3417.9,73487.0,83700.0
2025-06-18 11:14:32.424352,3417.9,73438.0,83540.0
2025-06-18 11:14:33.424181,3417.9,73479.0,83433.0
2025-06-18 11:14:34.425792,3417.9,73456.0,83487.0
2025-06-18 11:14:35.188560,3418.1,73456.0,83487.0
2025-06-18 11:14:35.540132,3418.1,72977.0,83940.0
2025-06-18 11:14:36.629866,3418.1,73152.0,83955.0
2025-06-18 11:14:37.197951,3417.9,73152.0,83955.0
2025-06-18 11:14:37.730072,3417.9,73344.0,84078.0
2025-06-18 11:14:38.186421,3417.9,73344.0,84078.0
2025-06-18 11:14:38.729026,3417.9,73421.0,83894.0
2025-06-18 11:14:39.184879,3417.9,73421.0,83894.0
2025-06-18 11:14:39.829767,3417.9,73270.0,83876.0
2025-06-18 11:14:40.185109,3417.9,73270.0,83876.0
2025-06-18 11:14:40.931106,3419.0,72707.0,84017.0
2025-06-18 11:14:41.189832,3419.0,72707.0,84017.0
2025-06-18 11:14:42.043964,3419.0,72711.0,83951.0
2025-06-18 11:14:43.045727,3419.0,73411.0,83937.0
2025-06-18 11:14:44.135696,3419.0,73206.0,83956.0
2025-06-18 11:14:44.186329,3419.0,73206.0,83956.0
2025-06-18 11:14:45.136212,3419.0,73206.0,83956.0
2025-06-18 11:14:46.136968,3419.0,73206.0,83914.0
2025-06-18 11:14:47.147702,3419.0,73335.0,83917.0
2025-06-18 11:14:48.142260,3419.0,73075.0,83956.0
2025-06-18 11:14:49.142896,3419.0,73114.0,83918.0
2025-06-18 11:14:50.341727,3419.0,73116.0,83977.0
2025-06-18 11:14:51.942431,3419.0,73127.0,83977.0
2025-06-18 11:14:53.047615,3419.0,73128.0,83961.0
2025-06-18 11:14:55.054593,3418.4,73196.0,83937.0
2025-06-18 11:14:55.186677,3418.4,73196.0,83937.0
2025-06-18 11:14:56.052239,3418.4,73206.0,83902.0
2025-06-18 11:14:56.946767,3418.4,72713.0,84027.0
2025-06-18 11:14:58.051219,3418.4,73238.0,83803.0
2025-06-18 11:14:59.151138,3418.4,73246.0,83763.0
2025-06-18 11:15:00.246070,3418.4,73244.0,83763.0
2025-06-18 11:15:01.250693,3418.4,73253.0,83770.0
2025-06-18 11:15:06.964444,3418.4,73432.0,83749.0
2025-06-18 11:15:11.858102,3418.4,73404.0,83838.0
2025-06-18 11:15:12.197454,3419.0,73404.0,83838.0
2025-06-18 11:15:16.761109,3419.0,73344.0,83826.0
2025-06-18 11:15:26.866072,3419.0,73372.0,83521.0
2025-06-18 11:15:28.205785,3419.0,73372.0,83521.0
2025-06-18 11:15:32.570180,3419.0,73588.0,83598.0
2025-06-18 11:15:36.197377,3417.9,73588.0,83598.0
2025-06-18 11:15:37.976254,3417.9,73811.0,83461.0
2025-06-18 11:15:40.197671,3417.8,73811.0,83461.0
2025-06-18 11:15:42.199383,3417.8,73811.0,83461.0
2025-06-18 11:15:43.083823,3417.8,73454.0,83532.0
2025-06-18 11:15:44.203709,3417.8,73454.0,83532.0
2025-06-18 11:15:46.216369,3417.8,73454.0,83532.0
2025-06-18 11:15:48.064778,3417.8,73454.0,83532.0
2025-06-18 11:15:48.201121,3417.9,73454.0,83532.0
2025-06-18 11:15:48.382979,3417.9,73698.0,83134.0
2025-06-18 11:15:49.088122,3417.9,73698.0,83134.0
2025-06-18 11:15:50.202005,3417.9,73698.0,83134.0
2025-06-18 11:15:50.931134,3417.9,73698.0,83134.0
2025-06-18 11:15:51.773782,3417.9,73698.0,83134.0
2025-06-18 11:15:52.199783,3418.0,73698.0,83134.0
2025-06-18 11:15:52.574896,3418.0,73698.0,83134.0
2025-06-18 11:15:53.583411,3418.0,73698.0,83134.0
2025-06-18 11:15:53.889239,3418.0,72685.0,83607.0
2025-06-18 11:15:54.132193,3418.0,72685.0,83607.0
2025-06-18 11:15:55.025212,3418.0,72685.0,83607.0
2025-06-18 11:15:56.202830,3417.9,72685.0,83607.0
2025-06-18 11:15:56.283896,3417.9,72685.0,83607.0
2025-06-18 11:15:57.549847,3417.9,72685.0,83607.0
2025-06-18 11:15:58.244370,3417.9,72685.0,83607.0
2025-06-18 11:15:58.404919,3417.9,72685.0,83607.0
2025-06-18 11:15:59.086996,3417.9,73118.0,83486.0
2025-06-18 11:16:00.104091,3417.9,73118.0,83486.0
2025-06-18 11:16:00.196842,3417.7,73118.0,83486.0
2025-06-18 11:16:01.243631,3417.7,73118.0,83486.0
2025-06-18 11:16:02.395488,3417.7,73118.0,83486.0
2025-06-18 11:16:03.862156,3417.7,73118.0,83486.0
2025-06-18 11:16:04.199513,3417.9,73118.0,83486.0
2025-06-18 11:16:04.392482,3417.9,72720.0,83825.0
2025-06-18 11:16:09.696219,3417.5,69897.0,84272.0
2025-06-18 11:16:10.444801,3417.5,69897.0,84272.0
2025-06-18 11:16:12.204500,3417.8,69897.0,84272.0
2025-06-18 11:16:14.200537,3417.0,69897.0,84272.0
2025-06-18 11:16:16.213427,3417.5,69897.0,84272.0
2025-06-18 11:16:18.207425,3417.0,69897.0,84272.0
2025-06-18 11:16:20.207461,3417.5,69897.0,84272.0
2025-06-18 11:16:20.398610,3417.5,72252.0,84644.0
2025-06-18 11:16:22.211661,3417.0,72252.0,84644.0
2025-06-18 11:16:25.404200,3417.5,72259.0,84659.0
2025-06-18 11:16:26.203848,3417.2,72259.0,84659.0
2025-06-18 11:16:30.230701,3418.0,72259.0,84659.0
2025-06-18 11:16:30.307954,3418.0,72305.0,84558.0
2025-06-18 11:16:34.217294,3417.5,72305.0,84558.0
2025-06-18 11:16:35.510545,3417.5,72270.0,84807.0
2025-06-18 11:16:36.335502,3417.5,72270.0,84807.0
2025-06-18 11:16:40.329975,3417.2,72270.0,84807.0
2025-06-18 11:16:40.915339,3417.2,72340.0,84899.0
2025-06-18 11:16:44.204878,3417.5,72340.0,84899.0
2025-06-18 11:16:46.018218,3417.5,72360.0,84999.0
2025-06-18 11:16:50.208524,3417.5,72360.0,84999.0
2025-06-18 11:16:51.122143,3417.5,72285.0,85164.0
2025-06-18 11:16:52.219653,3417.5,72285.0,85164.0
2025-06-18 11:16:56.209219,3417.9,72285.0,85164.0
2025-06-18 11:16:56.225118,3417.9,72128.0,85186.0
2025-06-18 11:16:58.209940,3417.0,72128.0,85186.0
2025-06-18 11:17:01.727362,3417.0,71236.0,86050.0
2025-06-18 11:17:02.209005,3416.7,71236.0,86050.0
2025-06-18 11:17:02.824868,3416.7,71319.0,85986.0
2025-06-18 11:17:03.826624,3416.7,71330.0,85976.0
2025-06-18 11:17:04.828752,3416.7,71348.0,85888.0
2025-06-18 11:17:05.206505,3416.7,71348.0,85888.0
2025-06-18 11:17:05.826067,3416.7,70669.0,85855.0
2025-06-18 11:17:06.827391,3416.7,70902.0,85448.0
2025-06-18 11:17:07.830106,3416.7,71790.0,85512.0
2025-06-18 11:17:08.829322,3416.7,71744.0,85513.0
2025-06-18 11:17:09.730988,3416.2,71342.0,85748.0
2025-06-18 11:17:10.210368,3416.2,71342.0,85748.0
2025-06-18 11:17:10.732133,3416.2,71155.0,85838.0
2025-06-18 11:17:11.832215,3416.9,71656.0,85443.0
2025-06-18 11:17:12.205895,3416.9,71656.0,85443.0
2025-06-18 11:17:12.833036,3416.9,71614.0,85478.0
2025-06-18 11:17:13.934338,3416.9,71439.0,85478.0
2025-06-18 11:17:15.031614,3416.9,71042.0,85473.0
2025-06-18 11:17:16.035628,3415.5,70928.0,85790.0
2025-06-18 11:17:16.206176,3415.5,70928.0,85790.0
2025-06-18 11:17:17.136070,3415.6,70874.0,85725.0
2025-06-18 11:17:17.207875,3415.6,70874.0,85725.0
2025-06-18 11:17:18.251447,3415.6,71125.0,85583.0
2025-06-18 11:17:19.334553,3416.8,69680.0,85767.0
2025-06-18 11:17:20.209115,3416.8,69680.0,85767.0
2025-06-18 11:17:20.335699,3416.8,70638.0,85738.0
2025-06-18 11:17:21.337028,3416.8,70948.0,85851.0
2025-06-18 11:17:22.440907,3416.8,70608.0,85819.0
2025-06-18 11:17:23.538791,3416.8,70953.0,85840.0
2025-06-18 11:17:24.442004,3416.8,70866.0,85887.0
2025-06-18 11:17:25.209476,3416.6,70866.0,85887.0
2025-06-18 11:17:25.446240,3416.6,70915.0,85691.0
2025-06-18 11:17:26.541744,3416.6,70901.0,85714.0
2025-06-18 11:17:27.947294,3416.6,70902.0,85759.0
2025-06-18 11:17:28.941815,3416.6,70731.0,85751.0
2025-06-18 11:17:29.944287,3416.6,70734.0,85758.0
2025-06-18 11:17:30.208621,3415.5,70734.0,85758.0
2025-06-18 11:17:30.947058,3415.5,70810.0,85780.0
2025-06-18 11:17:31.947639,3415.5,70808.0,85810.0
2025-06-18 11:17:32.209386,3416.6,70808.0,85810.0
2025-06-18 11:17:33.098460,3416.6,70898.0,85815.0
2025-06-18 11:17:34.154038,3416.6,70899.0,85818.0
2025-06-18 11:17:34.208327,3415.5,70899.0,85818.0
2025-06-18 11:17:35.176813,3415.5,70847.0,85861.0
2025-06-18 11:17:36.250216,3415.5,70866.0,85761.0
2025-06-18 11:17:37.356446,3415.5,70866.0,85776.0
2025-06-18 11:17:38.350363,3415.5,70866.0,85763.0
2025-06-18 11:17:39.449250,3415.5,70866.0,85781.0
2025-06-18 11:17:40.351342,3415.5,70867.0,85803.0
2025-06-18 11:17:41.215800,3415.5,70867.0,85803.0
2025-06-18 11:17:41.352776,3415.5,70864.0,85803.0
2025-06-18 11:17:42.209434,3416.5,70864.0,85803.0
2025-06-18 11:17:42.453259,3416.5,70879.0,85808.0
2025-06-18 11:17:43.556861,3416.5,70328.0,85815.0
2025-06-18 11:17:44.657069,3416.5,70708.0,85806.0
2025-06-18 11:17:45.755762,3416.0,70825.0,85677.0
2025-06-18 11:17:46.210204,3415.5,70825.0,85677.0
2025-06-18 11:17:46.855103,3415.5,70595.0,85873.0
2025-06-18 11:17:47.854674,3415.5,69774.0,86521.0
2025-06-18 11:17:48.208783,3415.5,69774.0,86521.0
2025-06-18 11:17:48.863882,3415.5,69775.0,86475.0
2025-06-18 11:17:49.856350,3415.5,70101.0,86475.0
2025-06-18 11:17:50.209308,3416.3,70101.0,86475.0
2025-06-18 11:17:50.858236,3416.3,70644.0,86290.0
2025-06-18 11:17:51.232154,3416.3,70644.0,86290.0
2025-06-18 11:17:51.957953,3416.3,70528.0,86133.0
2025-06-18 11:17:53.067632,3416.3,70444.0,86207.0
2025-06-18 11:17:54.105043,3416.2,70491.0,86267.0
2025-06-18 11:17:54.208637,3416.2,70491.0,86267.0
2025-06-18 11:17:55.066780,3416.2,70490.0,86274.0
2025-06-18 11:17:56.066322,3415.5,70490.0,86277.0
2025-06-18 11:17:56.208728,3415.5,70490.0,86277.0
2025-06-18 11:17:57.166899,3415.5,70490.0,86280.0
2025-06-18 11:17:58.262769,3415.5,70493.0,86270.0
2025-06-18 11:17:59.210821,3416.2,70493.0,86270.0
2025-06-18 11:17:59.364316,3416.2,70162.0,86200.0
2025-06-18 11:18:00.237667,3416.2,70162.0,86200.0
2025-06-18 11:18:00.363614,3416.2,71038.0,86200.0
2025-06-18 11:18:05.866929,3416.2,70146.0,86774.0
2025-06-18 11:18:10.491928,3415.3,70146.0,86774.0
2025-06-18 11:18:13.241382,3414.5,70146.0,86774.0
2025-06-18 11:18:16.373525,3414.5,68780.0,87735.0
2025-06-18 11:18:17.208018,3414.5,68780.0,87735.0
2025-06-18 11:18:19.214859,3414.5,68780.0,87735.0
2025-06-18 11:18:22.277344,3414.5,68892.0,87644.0
2025-06-18 11:18:25.214291,3414.5,68892.0,87644.0
2025-06-18 11:18:27.481987,3414.0,68900.0,87807.0
2025-06-18 11:18:29.228414,3414.0,68900.0,87807.0
2025-06-18 11:18:31.212985,3414.5,68900.0,87807.0
2025-06-18 11:18:32.596445,3414.5,69088.0,87564.0
2025-06-18 11:18:35.216926,3414.5,69088.0,87564.0
2025-06-18 11:18:37.688067,3414.5,69075.0,87634.0
2025-06-18 11:18:39.213881,3414.5,69075.0,87634.0
2025-06-18 11:18:42.688811,3414.5,69069.0,87311.0
2025-06-18 11:18:45.209896,3414.6,69069.0,87311.0
2025-06-18 11:18:47.489259,3414.6,69072.0,87191.0
2025-06-18 11:18:48.468657,3414.6,69072.0,87191.0
2025-06-18 11:18:49.215750,3414.6,69072.0,87191.0
2025-06-18 11:18:49.543478,3414.6,69072.0,87191.0
2025-06-18 11:18:50.466564,3414.6,69072.0,87191.0
2025-06-18 11:18:51.211262,3414.5,69072.0,87191.0
2025-06-18 11:18:51.399066,3414.5,69072.0,87191.0
2025-06-18 11:18:52.102848,3414.5,69091.0,87363.0
2025-06-18 11:18:52.264561,3414.5,69091.0,87363.0
2025-06-18 11:18:53.032514,3414.5,69091.0,87363.0
2025-06-18 11:18:54.062833,3414.5,69091.0,87363.0
2025-06-18 11:18:55.027934,3414.5,69091.0,87363.0
2025-06-18 11:18:56.782752,3414.5,69091.0,87363.0
2025-06-18 11:18:56.794422,3414.5,69122.0,87307.0
2025-06-18 11:18:57.215662,3414.5,69122.0,87307.0
2025-06-18 11:18:58.025128,3414.5,69122.0,87307.0
2025-06-18 11:19:00.280905,3414.5,69122.0,87307.0
2025-06-18 11:19:01.217599,3414.5,69122.0,87307.0
2025-06-18 11:19:01.495031,3414.5,69449.0,86872.0
2025-06-18 11:19:01.555351,3414.5,69449.0,86872.0
2025-06-18 11:19:02.707107,3414.5,69449.0,86872.0
2025-06-18 11:19:04.181407,3414.5,69449.0,86872.0
2025-06-18 11:19:07.112255,3414.5,69528.0,86683.0
2025-06-18 11:19:09.215881,3414.5,69528.0,86683.0
2025-06-18 11:19:12.202703,3414.5,69698.0,87039.0
2025-06-18 11:19:15.213996,3414.5,69698.0,87039.0
2025-06-18 11:19:17.406862,3414.5,69930.0,86999.0
2025-06-18 11:19:21.216958,3414.0,69930.0,86999.0
2025-06-18 11:19:22.616669,3414.0,69596.0,86705.0
2025-06-18 11:19:25.217052,3414.0,69596.0,86705.0
2025-06-18 11:19:27.712412,3414.0,69463.0,87115.0
2025-06-18 11:19:29.217602,3414.5,69463.0,87115.0
2025-06-18 11:19:31.218763,3414.0,69463.0,87115.0
2025-06-18 11:19:32.624103,3414.0,69403.0,87117.0
2025-06-18 11:19:33.218015,3414.6,69403.0,87117.0
2025-06-18 11:19:35.224176,3414.1,69403.0,87117.0
2025-06-18 11:19:37.220514,3414.5,69403.0,87117.0
2025-06-18 11:19:37.517090,3414.5,69670.0,86930.0
2025-06-18 11:19:41.217498,3414.5,69670.0,86930.0
2025-06-18 11:19:42.522504,3414.5,69545.0,87070.0
2025-06-18 11:19:47.225050,3414.6,69545.0,87070.0
2025-06-18 11:19:47.431666,3414.6,69736.0,86955.0
2025-06-18 11:19:49.277859,3414.4,69736.0,86955.0
2025-06-18 11:19:51.258341,3414.6,69736.0,86955.0
2025-06-18 11:19:52.727060,3414.6,69755.0,86994.0
2025-06-18 11:19:57.219416,3414.6,69755.0,86994.0
2025-06-18 11:19:58.041790,3414.6,69590.0,86991.0
2025-06-18 11:20:03.039138,3414.6,69665.0,86989.0
2025-06-18 11:20:05.225188,3414.1,69665.0,86989.0
2025-06-18 11:20:12.546075,3414.1,69699.0,86873.0
2025-06-18 11:20:17.250728,3414.1,69711.0,86856.0
2025-06-18 11:20:18.222733,3414.3,69711.0,86856.0
2025-06-18 11:20:19.244459,3414.1,69711.0,86856.0
2025-06-18 11:20:21.236401,3414.6,69711.0,86856.0
2025-06-18 11:20:22.055637,3414.0,69772.0,87044.0
2025-06-18 11:20:22.217192,3414.0,69772.0,87044.0
2025-06-18 11:20:23.250275,3414.0,69772.0,87044.0
2025-06-18 11:20:24.215506,3414.6,69772.0,87044.0
2025-06-18 11:20:25.214523,3414.0,69772.0,87044.0
2025-06-18 11:20:27.218431,3415.2,69772.0,87044.0
2025-06-18 11:20:27.358023,3415.2,69742.0,87110.0
2025-06-18 11:20:31.218749,3414.0,69742.0,87110.0
2025-06-18 11:20:32.264660,3414.0,68984.0,87422.0
2025-06-18 11:20:35.217266,3413.6,68984.0,87422.0
2025-06-18 11:20:37.167802,3413.6,68845.0,87415.0
2025-06-18 11:20:40.225385,3414.0,68845.0,87415.0
2025-06-18 11:20:41.217993,3414.0,68845.0,87415.0
2025-06-18 11:20:41.967847,3414.0,69026.0,87438.0
2025-06-18 11:20:46.219292,3413.8,69026.0,87438.0
2025-06-18 11:20:46.875239,3413.8,68152.0,88138.0
2025-06-18 11:20:48.217361,3412.6,68152.0,88138.0
2025-06-18 11:20:49.218695,3413.5,68152.0,88138.0
2025-06-18 11:20:50.223937,3413.8,68152.0,88138.0
2025-06-18 11:20:51.970304,3413.8,68260.0,87724.0
2025-06-18 11:20:53.222300,3413.7,68260.0,87724.0
2025-06-18 11:20:56.255725,3413.6,68260.0,87724.0
2025-06-18 11:20:57.078906,3412.2,66632.0,88376.0
2025-06-18 11:20:57.224735,3412.2,66632.0,88376.0
2025-06-18 11:20:58.223184,3413.5,66632.0,88376.0
2025-06-18 11:21:01.677445,3413.5,68117.0,87380.0
2025-06-18 11:21:05.220570,3412.8,68117.0,87380.0
2025-06-18 11:21:06.578654,3412.8,68463.0,87323.0
2025-06-18 11:21:09.217934,3413.5,68463.0,87323.0
2025-06-18 11:21:10.217504,3413.5,68463.0,87323.0
2025-06-18 11:21:11.485061,3413.5,68331.0,87291.0
2025-06-18 11:21:12.219257,3413.5,68331.0,87291.0
2025-06-18 11:21:14.214978,3413.4,68331.0,87291.0
2025-06-18 11:21:16.192072,3413.4,68655.0,87151.0
2025-06-18 11:21:17.262165,3414.4,68655.0,87151.0
2025-06-18 11:21:18.219886,3414.6,68655.0,87151.0
2025-06-18 11:21:20.891928,3414.6,69152.0,86920.0
2025-06-18 11:21:22.220893,3413.8,69152.0,86920.0
2025-06-18 11:21:24.235292,3413.8,69152.0,86920.0
2025-06-18 11:21:25.892148,3413.8,69575.0,87074.0
2025-06-18 11:21:28.218899,3415.0,69575.0,87074.0
2025-06-18 11:21:30.219214,3413.8,69575.0,87074.0
2025-06-18 11:21:30.996239,3413.8,68953.0,87081.0
2025-06-18 11:21:35.219932,3414.8,68953.0,87081.0
2025-06-18 11:21:36.105826,3414.8,68896.0,87305.0
2025-06-18 11:21:36.218494,3414.8,68896.0,87305.0
2025-06-18 11:21:40.635625,3414.8,68820.0,87255.0
2025-06-18 11:21:41.220108,3413.6,68820.0,87255.0
2025-06-18 11:21:45.204720,3413.6,68255.0,87605.0
2025-06-18 11:21:48.225287,3414.5,68255.0,87605.0
2025-06-18 11:21:49.045030,3414.5,68255.0,87605.0
2025-06-18 11:21:50.008243,3414.5,69070.0,87107.0
2025-06-18 11:21:50.145748,3414.5,69070.0,87107.0
2025-06-18 11:21:51.052576,3414.5,69070.0,87107.0
2025-06-18 11:21:52.596370,3414.5,69070.0,87107.0
2025-06-18 11:21:52.844526,3414.5,69070.0,87107.0
2025-06-18 11:21:53.645826,3414.5,69070.0,87107.0
2025-06-18 11:21:54.650027,3414.5,69070.0,87107.0
2025-06-18 11:21:55.011438,3414.5,68915.0,87410.0
2025-06-18 11:21:55.205002,3414.5,68915.0,87410.0
2025-06-18 11:21:56.102416,3414.5,68915.0,87410.0
2025-06-18 11:21:57.358282,3414.5,68915.0,87410.0
2025-06-18 11:21:58.626484,3414.5,68915.0,87410.0
2025-06-18 11:21:59.494732,3414.5,68915.0,87410.0
2025-06-18 11:22:00.412412,3414.5,69166.0,87333.0
2025-06-18 11:22:00.874658,3414.5,69166.0,87333.0
2025-06-18 11:22:01.218917,3414.5,69166.0,87333.0
2025-06-18 11:22:01.515568,3414.5,69047.0,87096.0
2025-06-18 11:22:02.016441,3414.5,69047.0,87096.0
2025-06-18 11:22:03.216905,3414.5,69047.0,87096.0
2025-06-18 11:22:03.224815,3414.5,68513.0,87226.0
2025-06-18 11:22:03.384457,3414.5,68513.0,87226.0
2025-06-18 11:22:05.181186,3413.6,68513.0,87226.0
2025-06-18 11:22:05.186127,3413.6,69102.0,87267.0
2025-06-18 11:22:05.195829,3413.6,69102.0,87267.0
2025-06-18 11:22:05.315056,3413.6,69139.0,87203.0
2025-06-18 11:22:06.417878,3413.3,68761.0,87197.0
2025-06-18 11:22:07.217951,3413.3,68761.0,87197.0
2025-06-18 11:22:07.525590,3413.3,69043.0,86863.0
2025-06-18 11:22:08.548272,3413.3,69133.0,87133.0
2025-06-18 11:22:09.527581,3413.3,68905.0,87148.0
2025-06-18 11:22:10.517958,3413.3,67804.0,86888.0
2025-06-18 11:22:11.532830,3413.3,69067.0,87165.0
2025-06-18 11:22:12.217324,3414.8,69067.0,87165.0
2025-06-18 11:22:12.519724,3414.8,69451.0,86901.0
2025-06-18 11:22:13.658560,3414.8,69138.0,86788.0
2025-06-18 11:22:14.216689,3413.7,69138.0,86788.0
2025-06-18 11:22:14.632478,3413.7,69092.0,87014.0
2025-06-18 11:22:15.723543,3413.7,69092.0,87003.0
2025-06-18 11:22:16.824681,3413.7,67684.0,87010.0
2025-06-18 11:22:17.828003,3413.7,67684.0,87010.0
2025-06-18 11:22:18.828474,3413.7,67676.0,87011.0
2025-06-18 11:22:19.829674,3413.7,67672.0,86804.0
2025-06-18 11:22:20.829194,3413.7,67494.0,87343.0
2025-06-18 11:22:21.828172,3413.7,66971.0,87543.0
2025-06-18 11:22:22.828857,3413.7,66989.0,87584.0
2025-06-18 11:22:23.216825,3414.0,66989.0,87584.0
2025-06-18 11:22:23.730806,3414.0,67214.0,87408.0
2025-06-18 11:22:24.731065,3414.0,68155.0,87104.0
2025-06-18 11:22:25.833305,3413.1,68899.0,87199.0
2025-06-18 11:22:26.225234,3413.1,68899.0,87199.0
2025-06-18 11:22:26.929624,3413.1,68878.0,87201.0
2025-06-18 11:22:27.929039,3413.1,69027.0,86539.0
2025-06-18 11:22:28.930179,3413.1,68828.0,87173.0
2025-06-18 11:22:30.029636,3413.1,68319.0,87085.0
2025-06-18 11:22:31.144556,3413.1,68701.0,87144.0
2025-06-18 11:22:32.272323,3413.1,68132.0,87123.0
2025-06-18 11:22:33.222249,3413.1,68132.0,87123.0
2025-06-18 11:22:33.252655,3413.1,68079.0,87034.0
2025-06-18 11:22:34.330431,3413.1,68079.0,87034.0
2025-06-18 11:22:35.331732,3413.1,68815.0,87352.0
2025-06-18 11:22:36.218137,3413.2,68815.0,87352.0
2025-06-18 11:22:36.332715,3413.2,68655.0,87257.0
2025-06-18 11:22:37.216441,3414.0,68655.0,87257.0
2025-06-18 11:22:37.333826,3414.0,69222.0,86403.0
2025-06-18 11:22:38.252052,3414.0,69222.0,86403.0
2025-06-18 11:22:38.333788,3414.0,69528.0,86467.0
2025-06-18 11:22:39.222300,3413.7,69528.0,86467.0
2025-06-18 11:22:39.335518,3413.7,68828.0,86726.0
2025-06-18 11:22:40.391193,3413.7,68729.0,86708.0
2025-06-18 11:22:41.216520,3414.0,68729.0,86708.0
2025-06-18 11:22:41.335785,3414.0,69157.0,86635.0
2025-06-18 11:22:42.337053,3414.0,69349.0,86646.0
2025-06-18 11:22:43.338120,3414.0,69584.0,85525.0
2025-06-18 11:22:45.128569,3414.0,69584.0,85525.0
2025-06-18 11:22:45.184563,3414.0,69824.0,85908.0
2025-06-18 11:22:45.341675,3414.0,69995.0,85902.0
2025-06-18 11:22:46.225663,3414.5,69995.0,85902.0
2025-06-18 11:22:46.339338,3414.5,70254.0,85378.0
2025-06-18 11:22:47.341778,3414.5,70187.0,85335.0
2025-06-18 11:22:48.224645,3414.7,70187.0,85335.0
2025-06-18 11:22:48.441764,3414.7,69239.0,85761.0
2025-06-18 11:22:49.343396,3414.7,69809.0,85770.0
2025-06-18 11:22:50.265329,3414.7,69827.0,85779.0
2025-06-18 11:22:51.253356,3414.7,69827.0,85781.0
2025-06-18 11:22:52.347014,3414.7,70001.0,84873.0
2025-06-18 11:22:53.219572,3414.7,70001.0,84873.0
2025-06-18 11:22:53.347027,3414.7,69657.0,85368.0
2025-06-18 11:22:54.451146,3414.7,70183.0,85625.0
2025-06-18 11:22:55.218429,3414.7,70183.0,85625.0
2025-06-18 11:22:55.550096,3414.7,69912.0,85498.0
2025-06-18 11:22:56.452428,3415.6,70045.0,85517.0
2025-06-18 11:22:57.218334,3415.6,70045.0,85517.0
2025-06-18 11:22:57.665417,3415.6,70209.0,85363.0
2025-06-18 11:22:58.664942,3415.6,70132.0,85278.0
2025-06-18 11:22:59.690780,3415.6,70132.0,85278.0
2025-06-18 11:23:00.682278,3415.6,69514.0,85490.0
2025-06-18 11:23:01.552371,3415.6,69727.0,85501.0
2025-06-18 11:23:02.555448,3415.6,69719.0,85495.0
2025-06-18 11:23:03.454192,3415.6,69742.0,85502.0
2025-06-18 11:23:04.555707,3415.6,69541.0,85533.0
2025-06-18 11:23:05.681655,3415.6,68841.0,85676.0
2025-06-18 11:23:06.755559,3416.0,66783.0,86680.0
2025-06-18 11:23:07.219274,3416.0,66783.0,86680.0
2025-06-18 11:23:07.852798,3416.0,68724.0,86529.0
2025-06-18 11:23:09.354441,3416.0,68974.0,86486.0
2025-06-18 11:23:10.354574,3416.0,68323.0,86474.0
2025-06-18 11:23:11.454714,3416.0,69198.0,86520.0
2025-06-18 11:23:12.607447,3416.0,68262.0,86898.0
2025-06-18 11:23:13.459724,3416.0,68667.0,87040.0
2025-06-18 11:23:14.565348,3416.0,69080.0,87155.0
2025-06-18 11:23:15.672333,3416.0,68603.0,87316.0
2025-06-18 11:23:16.763298,3414.7,68592.0,87275.0
2025-06-18 11:23:17.225252,3414.7,68592.0,87275.0
2025-06-18 11:23:17.860551,3414.6,68733.0,87305.0
2025-06-18 11:23:18.229660,3414.6,68733.0,87305.0
2025-06-18 11:23:18.762828,3414.6,68617.0,86923.0
2025-06-18 11:23:19.862456,3414.6,68785.0,86955.0
2025-06-18 11:23:20.963784,3414.6,68787.0,86939.0
2025-06-18 11:23:22.063229,3414.6,68087.0,86953.0
2025-06-18 11:23:22.223612,3414.6,68087.0,86953.0
2025-06-18 11:23:23.062919,3414.6,68327.0,87149.0
2025-06-18 11:23:23.964793,3414.6,68815.0,87170.0
2025-06-18 11:23:25.065176,3414.6,68826.0,87171.0
2025-06-18 11:23:26.065800,3414.6,68024.0,87391.0
2025-06-18 11:23:27.194860,3414.6,68372.0,87385.0
2025-06-18 11:23:28.270327,3414.6,68744.0,87383.0
2025-06-18 11:23:29.280346,3414.6,68697.0,87199.0
2025-06-18 11:23:30.272701,3414.6,68609.0,87199.0
2025-06-18 11:23:31.239405,3414.9,68609.0,87199.0
2025-06-18 11:23:31.375606,3414.9,68574.0,87073.0
2025-06-18 11:23:32.373107,3414.9,68574.0,87082.0
2025-06-18 11:23:33.373706,3414.9,67318.0,87156.0
2025-06-18 11:23:34.274671,3414.9,68603.0,87319.0
2025-06-18 11:23:35.274336,3414.9,68078.0,87319.0
2025-06-18 11:23:36.277441,3414.9,68078.0,87319.0
2025-06-18 11:23:37.230106,3414.9,68078.0,87319.0
2025-06-18 11:23:37.276731,3414.9,68892.0,87319.0
2025-06-18 11:23:38.277443,3414.9,68741.0,87245.0
2025-06-18 11:23:39.278626,3414.9,68741.0,87186.0
2025-06-18 11:23:40.228013,3415.3,68741.0,87186.0
2025-06-18 11:23:40.279273,3415.3,67965.0,87184.0
2025-06-18 11:23:41.388475,3415.3,68382.0,87205.0
2025-06-18 11:23:42.230455,3414.1,68382.0,87205.0
2025-06-18 11:23:42.392960,3414.1,68389.0,87044.0
2025-06-18 11:23:43.379373,3414.1,68936.0,86727.0
2025-06-18 11:23:44.250930,3415.3,68936.0,86727.0
2025-06-18 11:23:44.279819,3415.3,68545.0,86915.0
2025-06-18 11:23:45.280210,3415.3,68726.0,86978.0
2025-06-18 11:23:46.232091,3414.1,68726.0,86978.0
2025-06-18 11:23:46.279425,3414.1,68191.0,87022.0
2025-06-18 11:23:47.279328,3414.1,68700.0,87073.0
2025-06-18 11:23:49.300708,3414.1,68566.0,87072.0
2025-06-18 11:23:49.389172,3414.1,68872.0,87161.0
2025-06-18 11:23:50.227597,3414.6,68872.0,87161.0
2025-06-18 11:23:50.280988,3414.6,68399.0,87074.0
2025-06-18 11:23:51.233224,3414.6,68399.0,87074.0
2025-06-18 11:23:51.283359,3414.6,68924.0,87052.0
2025-06-18 11:23:52.294131,3414.6,69075.0,87117.0
2025-06-18 11:23:53.385796,3414.6,69078.0,87125.0
2025-06-18 11:23:54.236585,3414.6,69078.0,87125.0
2025-06-18 11:23:54.285239,3414.6,69115.0,87124.0
2025-06-18 11:23:55.285746,3414.6,68404.0,87249.0
2025-06-18 11:23:56.386356,3414.6,68060.0,87249.0
2025-06-18 11:23:57.232221,3414.1,68060.0,87249.0
2025-06-18 11:23:57.485889,3414.1,68766.0,87297.0
2025-06-18 11:23:58.589274,3414.1,68807.0,87095.0
2025-06-18 11:23:59.234991,3414.6,68807.0,87095.0
2025-06-18 11:23:59.486819,3414.6,68482.0,87058.0
2025-06-18 11:24:00.232145,3414.6,68482.0,87058.0
2025-06-18 11:24:00.485881,3414.6,68460.0,87079.0
2025-06-18 11:24:01.237079,3414.6,68460.0,87079.0
2025-06-18 11:24:01.889050,3414.6,68974.0,87099.0
2025-06-18 11:24:02.993397,3414.6,68449.0,87099.0
2025-06-18 11:24:03.893019,3414.6,69162.0,87090.0
2025-06-18 11:24:04.240223,3414.6,69162.0,87090.0
2025-06-18 11:24:04.891727,3414.6,68808.0,87090.0
2025-06-18 11:24:06.392390,3414.6,68810.0,87083.0
2025-06-18 11:24:07.495059,3414.6,68477.0,86991.0
2025-06-18 11:24:08.598618,3414.6,68512.0,86875.0
2025-06-18 11:24:09.807791,3414.6,69387.0,86875.0
2025-06-18 11:24:10.810540,3414.6,69377.0,86875.0
2025-06-18 11:24:11.903017,3414.6,69214.0,86875.0
2025-06-18 11:24:12.996605,3414.6,69213.0,86878.0
2025-06-18 11:24:13.997929,3414.6,69204.0,86887.0
2025-06-18 11:24:15.000419,3414.6,69025.0,86940.0
2025-06-18 11:24:17.167545,3414.6,69026.0,86958.0
2025-06-18 11:24:17.291010,3414.6,69026.0,86958.0
2025-06-18 11:24:18.001739,3414.6,69201.0,86591.0
2025-06-18 11:24:18.899236,3414.6,69375.0,86942.0
2025-06-18 11:24:20.097086,3414.6,69376.0,86942.0
2025-06-18 11:24:21.704885,3414.6,69201.0,86942.0
2025-06-18 11:24:22.699819,3413.6,67970.0,87985.0
2025-06-18 11:24:23.235400,3414.4,67970.0,87985.0
2025-06-18 11:24:23.701181,3414.4,68125.0,87416.0
2025-06-18 11:24:24.798677,3414.4,66776.0,87661.0
2025-06-18 11:24:26.212098,3414.4,68023.0,87754.0
2025-06-18 11:24:27.204731,3414.4,68424.0,87639.0
2025-06-18 11:24:28.208393,3414.4,68435.0,87619.0
2025-06-18 11:24:29.213799,3414.5,68462.0,87619.0
2025-06-18 11:24:29.243568,3414.5,68462.0,87619.0
2025-06-18 11:24:30.303000,3414.5,68827.0,87574.0
2025-06-18 11:24:31.303431,3414.5,67963.0,87621.0
2025-06-18 11:24:32.405947,3414.5,68488.0,87621.0
2025-06-18 11:24:33.506401,3414.5,68779.0,87596.0
2025-06-18 11:24:34.406329,3414.5,68630.0,87593.0
2025-06-18 11:24:35.239734,3413.4,68630.0,87593.0
2025-06-18 11:24:35.506180,3413.4,68144.0,87591.0
2025-06-18 11:24:36.608407,3413.4,69019.0,87607.0
2025-06-18 11:24:37.712755,3413.5,68715.0,87632.0
2025-06-18 11:24:38.246537,3413.5,68715.0,87632.0
2025-06-18 11:24:38.805227,3413.5,68698.0,87657.0
2025-06-18 11:24:39.806582,3413.5,68321.0,87751.0
2025-06-18 11:24:40.908416,3414.5,69013.0,87467.0
2025-06-18 11:24:41.232054,3414.5,69013.0,87467.0
2025-06-18 11:24:42.008558,3414.5,68481.0,87493.0
2025-06-18 11:24:43.110827,3414.5,68154.0,87493.0
2025-06-18 11:24:44.010785,3414.5,68855.0,87418.0
2025-06-18 11:24:45.110101,3414.5,68505.0,87418.0
2025-06-18 11:24:46.212096,3414.5,67749.0,87449.0
2025-06-18 11:24:47.239285,3413.4,67749.0,87449.0
2025-06-18 11:24:47.310814,3413.4,68485.0,87435.0
2025-06-18 11:24:48.412917,3413.4,68116.0,87444.0
2025-06-18 11:24:49.479988,3413.4,68116.0,87444.0
2025-06-18 11:24:49.533445,3413.4,68106.0,87432.0
2025-06-18 11:24:50.260017,3413.5,68106.0,87432.0
2025-06-18 11:24:50.567342,3413.5,68106.0,87432.0
2025-06-18 11:24:50.614767,3413.5,67659.0,87603.0
2025-06-18 11:24:51.476770,3413.5,67659.0,87603.0
2025-06-18 11:24:51.713505,3413.5,67659.0,87603.0
2025-06-18 11:24:52.407142,3413.5,67659.0,87603.0
2025-06-18 11:24:52.816113,3413.5,67659.0,87603.0
2025-06-18 11:24:53.299043,3413.5,67659.0,87603.0
2025-06-18 11:24:53.720157,3413.5,67659.0,87614.0
2025-06-18 11:24:54.042310,3413.5,67659.0,87614.0
2025-06-18 11:24:54.819336,3413.5,67659.0,87628.0
2025-06-18 11:24:55.058172,3413.5,67659.0,87628.0
2025-06-18 11:24:55.943157,3413.5,67753.0,87588.0
2025-06-18 11:24:56.048705,3413.5,67753.0,87588.0
2025-06-18 11:24:56.917641,3413.5,68186.0,87518.0
2025-06-18 11:24:57.780657,3413.5,68186.0,87518.0
2025-06-18 11:24:58.019643,3413.5,68409.0,87694.0
2025-06-18 11:24:59.021780,3413.5,68409.0,87698.0
2025-06-18 11:24:59.025213,3413.5,68409.0,87698.0
2025-06-18 11:24:59.231812,3413.6,68409.0,87698.0
2025-06-18 11:24:59.899830,3413.6,68409.0,87698.0
2025-06-18 11:25:00.125157,3413.4,68517.0,87928.0
2025-06-18 11:25:00.231370,3413.4,68517.0,87928.0
2025-06-18 11:25:01.282083,3413.4,68517.0,87928.0
2025-06-18 11:25:02.412913,3413.4,68517.0,87928.0
2025-06-18 11:25:03.238387,3413.4,68517.0,87928.0
2025-06-18 11:25:03.545136,3413.4,68517.0,87928.0
2025-06-18 11:25:05.011359,3413.4,68517.0,87928.0
2025-06-18 11:25:05.129117,3413.3,67265.0,88410.0
2025-06-18 11:25:05.245434,3413.3,67265.0,88410.0
2025-06-18 11:25:10.633967,3410.6,64051.0,89578.0
2025-06-18 11:25:11.266463,3409.7,64051.0,89578.0
2025-06-18 11:25:13.258905,3411.6,64051.0,89578.0
2025-06-18 11:25:16.139487,3410.5,64488.0,89378.0
2025-06-18 11:25:17.230340,3410.5,64488.0,89378.0
2025-06-18 11:25:19.232031,3410.4,64488.0,89378.0
2025-06-18 11:25:21.231484,3410.0,64488.0,89378.0
2025-06-18 11:25:21.439704,3410.0,64749.0,89640.0
2025-06-18 11:25:23.368585,3410.5,64749.0,89640.0
2025-06-18 11:25:25.234870,3410.0,64749.0,89640.0
2025-06-18 11:25:26.545350,3410.5,64715.0,89220.0
2025-06-18 11:25:27.231742,3410.5,64715.0,89220.0
2025-06-18 11:25:29.234648,3410.5,64715.0,89220.0
2025-06-18 11:25:31.235403,3410.0,64715.0,89220.0
2025-06-18 11:25:31.441567,3410.0,64810.0,89154.0
2025-06-18 11:25:35.246770,3410.0,64810.0,89154.0
2025-06-18 11:25:36.445604,3410.0,64877.0,89321.0
2025-06-18 11:25:41.229088,3410.3,64877.0,89321.0
2025-06-18 11:25:41.344079,3410.3,64953.0,88137.0
2025-06-18 11:25:43.232208,3410.2,64953.0,88137.0
2025-06-18 11:25:45.232561,3410.1,64953.0,88137.0
2025-06-18 11:25:46.048308,3410.1,64633.0,89044.0
2025-06-18 11:25:51.250143,3410.1,64655.0,88909.0
2025-06-18 11:25:55.243963,3410.2,64655.0,88909.0
2025-06-18 11:25:56.451482,3410.2,64700.0,88650.0
2025-06-18 11:25:59.229536,3409.5,64700.0,88650.0
2025-06-18 11:26:01.352553,3409.5,64354.0,89711.0
2025-06-18 11:26:02.451782,3409.5,64040.0,89677.0
2025-06-18 11:26:03.551424,3409.5,64383.0,89676.0
2025-06-18 11:26:04.754415,3409.5,64275.0,89709.0
2025-06-18 11:26:05.233655,3410.1,64275.0,89709.0
2025-06-18 11:26:05.553681,3410.1,64092.0,89574.0
2025-06-18 11:26:06.553367,3409.1,64271.0,89471.0
2025-06-18 11:26:07.226870,3409.1,64271.0,89471.0
2025-06-18 11:26:07.668283,3409.1,64769.0,89493.0
2025-06-18 11:26:08.235566,3409.1,64769.0,89493.0
2025-06-18 11:26:08.757586,3409.1,64860.0,89460.0
2025-06-18 11:26:09.856781,3409.8,64097.0,89512.0
2025-06-18 11:26:10.255874,3409.8,64097.0,89512.0
2025-06-18 11:26:10.858630,3409.8,64148.0,89737.0
2025-06-18 11:26:11.859453,3409.8,64484.0,89728.0
2025-06-18 11:26:12.961485,3409.8,64318.0,89673.0
2025-06-18 11:26:14.070119,3409.8,63798.0,89688.0
2025-06-18 11:26:15.065751,3409.8,63659.0,89673.0
2025-06-18 11:26:16.070066,3409.8,64281.0,89625.0
2025-06-18 11:26:17.064510,3409.8,64131.0,89606.0
2025-06-18 11:26:18.064864,3409.8,64131.0,89635.0
2025-06-18 11:26:19.066249,3409.8,64250.0,89676.0
2025-06-18 11:26:19.966213,3409.8,64250.0,89676.0
2025-06-18 11:26:21.068667,3409.8,64278.0,89677.0
2025-06-18 11:26:22.066771,3409.8,64256.0,89765.0
2025-06-18 11:26:23.066576,3409.8,64278.0,89702.0
2025-06-18 11:26:24.195915,3409.1,64367.0,89791.0
2025-06-18 11:26:24.226442,3409.1,64367.0,89791.0
2025-06-18 11:26:25.269380,3408.1,64332.0,89540.0
2025-06-18 11:26:25.272247,3408.1,64332.0,89540.0
2025-06-18 11:26:26.068016,3408.0,64370.0,89394.0
2025-06-18 11:26:26.253036,3408.1,64370.0,89394.0
2025-06-18 11:26:27.074950,3408.1,64459.0,89548.0
2025-06-18 11:26:27.231968,3408.1,64459.0,89548.0
2025-06-18 11:26:28.077340,3408.1,64266.0,89560.0
2025-06-18 11:26:29.069469,3408.1,64025.0,90298.0
2025-06-18 11:26:29.253713,3408.1,64025.0,90298.0
2025-06-18 11:26:29.969835,3408.1,63531.0,90375.0
2025-06-18 11:26:30.972410,3408.1,63498.0,90249.0
2025-06-18 11:26:31.970510,3408.1,64302.0,89771.0
2025-06-18 11:26:32.972186,3408.1,64477.0,89781.0
2025-06-18 11:26:33.974877,3408.1,64317.0,89746.0
2025-06-18 11:26:34.977581,3408.1,64637.0,89762.0
2025-06-18 11:26:36.075004,3409.0,64377.0,89762.0
2025-06-18 11:26:36.234472,3409.0,64377.0,89762.0
2025-06-18 11:26:37.189195,3409.0,64465.0,89736.0
2025-06-18 11:26:38.202298,3409.0,65073.0,89232.0
2025-06-18 11:26:38.232813,3408.3,65073.0,89232.0
2025-06-18 11:26:39.236981,3408.3,64876.0,89308.0
2025-06-18 11:26:40.187820,3408.3,64869.0,89308.0
2025-06-18 11:26:41.186673,3408.3,64869.0,89226.0
2025-06-18 11:26:42.278009,3408.3,64900.0,89221.0
2025-06-18 11:26:43.377062,3408.3,64935.0,89305.0
2025-06-18 11:26:44.252739,3409.5,64935.0,89305.0
2025-06-18 11:26:44.376472,3409.5,65152.0,89161.0
2025-06-18 11:26:45.228349,3409.5,65152.0,89161.0
2025-06-18 11:26:45.477337,3409.5,64947.0,89169.0
2025-06-18 11:26:46.578356,3409.5,64947.0,89179.0
2025-06-18 11:26:47.690132,3409.0,65381.0,89181.0
2025-06-18 11:26:48.231282,3409.0,65381.0,89181.0
2025-06-18 11:26:48.780310,3409.0,64852.0,89200.0
2025-06-18 11:26:49.233051,3409.0,64852.0,89200.0
2025-06-18 11:26:49.781727,3409.0,64638.0,89275.0
2025-06-18 11:26:50.894872,3409.0,64345.0,89648.0
2025-06-18 11:26:51.986106,3409.0,64476.0,89804.0
2025-06-18 11:26:52.238321,3409.0,64476.0,89804.0
2025-06-18 11:26:53.086702,3408.1,64624.0,90050.0
2025-06-18 11:26:53.232695,3408.1,64624.0,90050.0
2025-06-18 11:26:54.214889,3408.1,63923.0,90152.0
2025-06-18 11:26:55.087397,3408.9,64466.0,90219.0
2025-06-18 11:26:55.230499,3408.8,64466.0,90219.0
2025-06-18 11:26:56.199689,3408.8,64650.0,90073.0
2025-06-18 11:26:56.227337,3408.1,64650.0,90073.0
2025-06-18 11:26:57.227965,3408.5,64650.0,90073.0
2025-06-18 11:26:57.287949,3408.5,63436.0,88116.0
2025-06-18 11:26:58.289570,3408.5,64194.0,89964.0
2025-06-18 11:26:59.289026,3408.5,64343.0,90038.0
2025-06-18 11:27:00.203730,3408.7,65179.0,89522.0
2025-06-18 11:27:00.236549,3408.7,65179.0,89522.0
2025-06-18 11:27:01.232475,3408.7,65179.0,89522.0
2025-06-18 11:27:01.492886,3408.7,64929.0,89574.0
2025-06-18 11:27:02.493441,3408.7,64735.0,89682.0
2025-06-18 11:27:03.623876,3408.7,64923.0,89628.0
2025-06-18 11:27:04.619874,3408.7,65272.0,89607.0
2025-06-18 11:27:05.593728,3408.7,65292.0,89648.0
2025-06-18 11:27:06.710231,3408.7,64967.0,89662.0
2025-06-18 11:27:07.236768,3408.7,64967.0,89662.0
2025-06-18 11:27:07.709458,3408.7,65305.0,89566.0
2025-06-18 11:27:08.798077,3408.7,65305.0,89546.0
2025-06-18 11:27:09.802367,3408.7,65481.0,89562.0
2025-06-18 11:27:10.239241,3408.7,65481.0,89562.0
2025-06-18 11:27:10.900179,3408.7,64613.0,89553.0
2025-06-18 11:27:12.001525,3408.7,65021.0,89826.0
2025-06-18 11:27:13.101556,3408.7,65037.0,89614.0
2025-06-18 11:27:14.228843,3408.7,65226.0,89522.0
2025-06-18 11:27:15.224158,3408.7,65121.0,88826.0
2025-06-18 11:27:15.236502,3408.7,65121.0,88826.0
2025-06-18 11:27:16.302698,3408.7,65296.0,89044.0
2025-06-18 11:27:17.401848,3408.7,65280.0,89076.0
2025-06-18 11:27:18.503022,3408.7,65086.0,89197.0
2025-06-18 11:27:20.482403,3409.0,65090.0,89192.0
2025-06-18 11:27:20.518469,3409.0,65090.0,89192.0
2025-06-18 11:27:20.520656,3409.0,65076.0,89124.0
2025-06-18 11:27:21.604768,3409.0,65085.0,89352.0
2025-06-18 11:27:22.245335,3408.7,65085.0,89352.0
2025-06-18 11:27:22.605978,3408.7,64837.0,89493.0
2025-06-18 11:27:23.605070,3408.7,64890.0,89343.0
2025-06-18 11:27:24.508425,3409.0,64749.0,89082.0
2025-06-18 11:27:25.261173,3409.0,64749.0,89082.0
2025-06-18 11:27:25.603997,3409.0,65260.0,89229.0
2025-06-18 11:27:26.605803,3408.7,65240.0,89231.0
2025-06-18 11:27:27.288614,3408.7,65240.0,89231.0
2025-06-18 11:27:27.605141,3408.7,65088.0,89313.0
2025-06-18 11:27:28.607654,3408.7,65255.0,89293.0
2025-06-18 11:27:29.511748,3409.0,64987.0,88893.0
2025-06-18 11:27:30.267856,3409.0,64987.0,88893.0
2025-06-18 11:27:30.607786,3409.0,64790.0,89203.0
2025-06-18 11:27:31.716517,3409.0,65308.0,89211.0
2025-06-18 11:27:32.811279,3409.0,64601.0,89281.0
2025-06-18 11:27:33.811793,3409.0,64572.0,89268.0
2025-06-18 11:27:34.911807,3409.0,64548.0,89298.0
2025-06-18 11:27:35.240824,3408.9,64548.0,89298.0
2025-06-18 11:27:36.012825,3408.9,64885.0,89311.0
2025-06-18 11:27:37.115120,3408.9,65535.0,89311.0
2025-06-18 11:27:38.212842,3409.3,65518.0,89616.0
2025-06-18 11:27:38.243671,3409.3,65518.0,89616.0
2025-06-18 11:27:39.313955,3409.3,66174.0,89485.0
2025-06-18 11:27:40.316050,3409.3,66180.0,89559.0
2025-06-18 11:27:41.416602,3409.3,66294.0,89609.0
2025-06-18 11:27:42.516332,3409.3,66295.0,89662.0
2025-06-18 11:27:43.616576,3409.3,66465.0,89629.0
2025-06-18 11:27:44.239664,3408.9,66465.0,89629.0
2025-06-18 11:27:44.718705,3408.9,65855.0,89582.0
2025-06-18 11:27:45.236647,3409.4,65855.0,89582.0
2025-06-18 11:27:45.616028,3409.4,66183.0,89451.0
2025-06-18 11:27:46.725110,3409.4,66185.0,89468.0
2025-06-18 11:27:47.817415,3409.4,66170.0,89674.0
2025-06-18 11:27:48.919064,3409.4,66282.0,89498.0
2025-06-18 11:27:49.238503,3409.4,66282.0,89498.0
2025-06-18 11:27:49.912623,3409.4,66282.0,89498.0
2025-06-18 11:27:49.951815,3409.4,65932.0,89609.0
2025-06-18 11:27:50.918801,3409.4,66455.0,89623.0
2025-06-18 11:27:50.999447,3409.4,66455.0,89623.0
2025-06-18 11:27:51.236007,3409.3,66455.0,89623.0
2025-06-18 11:27:51.913941,3409.3,66455.0,89623.0
2025-06-18 11:27:51.930117,3409.3,66271.0,89547.0
2025-06-18 11:27:52.842123,3409.3,66271.0,89547.0
2025-06-18 11:27:52.919949,3409.3,66326.0,89382.0
2025-06-18 11:27:53.735310,3409.3,66326.0,89382.0
2025-06-18 11:27:53.921589,3409.3,66312.0,89509.0
2025-06-18 11:27:54.236175,3409.3,66312.0,89509.0
2025-06-18 11:27:54.484161,3409.3,66312.0,89509.0
2025-06-18 11:27:54.922041,3409.3,66365.0,89522.0
2025-06-18 11:27:55.497433,3409.3,66365.0,89522.0
2025-06-18 11:27:55.923013,3409.3,66585.0,89506.0
2025-06-18 11:27:56.062746,3409.3,66585.0,89506.0
2025-06-18 11:27:56.236011,3409.3,66585.0,89506.0
2025-06-18 11:27:56.465808,3409.3,66585.0,89506.0
2025-06-18 11:27:56.829589,3409.3,66060.0,89564.0
2025-06-18 11:27:56.950420,3409.3,66060.0,89564.0
2025-06-18 11:27:57.328455,3409.3,66060.0,89564.0
2025-06-18 11:27:57.924672,3409.3,66585.0,89476.0
2025-06-18 11:27:58.254174,3409.3,66585.0,89476.0
2025-06-18 11:27:58.922509,3409.3,66272.0,89572.0
2025-06-18 11:27:59.449619,3409.3,66272.0,89572.0
2025-06-18 11:27:59.925155,3409.3,66222.0,89611.0
2025-06-18 11:28:00.313301,3409.3,66222.0,89611.0
2025-06-18 11:28:01.715938,3409.3,66222.0,89611.0
2025-06-18 11:28:01.827785,3409.3,65931.0,89414.0
2025-06-18 11:28:02.237189,3409.3,65931.0,89414.0
2025-06-18 11:28:02.828368,3409.3,65932.0,89383.0
2025-06-18 11:28:02.849216,3409.3,65932.0,89383.0
2025-06-18 11:28:03.925772,3409.3,66281.0,89426.0
2025-06-18 11:28:03.981616,3409.3,66281.0,89426.0
2025-06-18 11:28:04.928185,3409.3,66132.0,89433.0
2025-06-18 11:28:05.598183,3409.3,66132.0,89433.0
2025-06-18 11:28:05.932107,3409.3,66482.0,89439.0
2025-06-18 11:28:06.930159,3409.3,66472.0,89414.0
2025-06-18 11:28:07.930237,3409.3,66300.0,89320.0
2025-06-18 11:28:10.482012,3409.3,66453.0,89417.0
2025-06-18 11:28:10.521169,3409.3,66453.0,89416.0
2025-06-18 11:28:11.135493,3409.3,66138.0,89346.0
2025-06-18 11:28:11.239374,3409.3,66138.0,89346.0
2025-06-18 11:28:12.232502,3409.3,66336.0,89318.0
2025-06-18 11:28:13.238518,3409.3,65991.0,89331.0
2025-06-18 11:28:14.245171,3409.3,66875.0,89216.0
2025-06-18 11:28:15.243117,3409.3,66875.0,89224.0
2025-06-18 11:28:16.136564,3409.3,66345.0,89257.0
2025-06-18 11:28:17.247020,3409.3,66695.0,89270.0
2025-06-18 11:28:18.346757,3409.3,66684.0,89308.0
2025-06-18 11:28:19.240332,3409.5,66684.0,89308.0
2025-06-18 11:28:19.346088,3409.5,65939.0,88976.0
2025-06-18 11:28:20.345673,3409.5,66814.0,89005.0
2025-06-18 11:28:21.247326,3409.5,66989.0,89012.0
2025-06-18 11:28:22.742402,3409.5,67076.0,88982.0
2025-06-18 11:28:23.243258,3409.5,67076.0,88982.0
2025-06-18 11:28:23.740127,3409.5,67054.0,89061.0
2025-06-18 11:28:24.739939,3409.5,66965.0,89072.0
2025-06-18 11:28:25.840045,3409.5,66962.0,89099.0
2025-06-18 11:28:26.938587,3409.5,67049.0,89084.0
2025-06-18 11:28:28.541864,3410.1,66890.0,89134.0
2025-06-18 11:28:29.242255,3410.1,66890.0,89134.0
2025-06-18 11:28:29.540955,3410.1,66539.0,89143.0
2025-06-18 11:28:30.541004,3410.1,66711.0,89124.0
2025-06-18 11:28:31.541736,3410.1,66362.0,89158.0
2025-06-18 11:28:32.542988,3410.1,66712.0,89158.0
2025-06-18 11:28:33.652296,3409.5,66894.0,89167.0
2025-06-18 11:28:34.239675,3409.5,66894.0,89167.0
2025-06-18 11:28:34.760659,3409.5,66892.0,89188.0
2025-06-18 11:28:35.759893,3409.5,66885.0,89194.0
2025-06-18 11:28:36.653924,3409.5,66888.0,89177.0
2025-06-18 11:28:37.241853,3409.5,66888.0,89177.0
2025-06-18 11:28:38.154906,3409.5,66905.0,89205.0
2025-06-18 11:28:39.151419,3409.5,65486.0,89399.0
2025-06-18 11:28:40.153327,3409.5,66355.0,89473.0
2025-06-18 11:28:40.239938,3409.5,66355.0,89473.0
2025-06-18 11:28:41.153588,3409.5,66182.0,89489.0
2025-06-18 11:28:41.244467,3409.5,66182.0,89489.0
2025-06-18 11:28:42.051729,3409.5,66188.0,89491.0
2025-06-18 11:28:43.052178,3409.5,66187.0,89528.0
2025-06-18 11:28:44.053516,3409.5,66186.0,89329.0
2025-06-18 11:28:45.241209,3409.5,66186.0,89329.0
2025-06-18 11:28:45.559862,3409.5,66186.0,89334.0
2025-06-18 11:28:46.558160,3409.5,66095.0,89395.0
2025-06-18 11:28:47.339064,3409.5,66095.0,89395.0
2025-06-18 11:28:47.459463,3409.5,66284.0,89348.0
2025-06-18 11:28:48.555761,3409.5,66287.0,89420.0
2025-06-18 11:28:49.458833,3409.5,66286.0,89439.0
2025-06-18 11:28:50.462826,3409.5,66288.0,89455.0
2025-06-18 11:28:51.240057,3409.5,66288.0,89455.0
2025-06-18 11:28:51.464714,3409.5,66288.0,89454.0
2025-06-18 11:28:52.240872,3410.1,66288.0,89454.0
2025-06-18 11:28:52.464304,3410.1,67009.0,89198.0
2025-06-18 11:28:53.239454,3410.5,67009.0,89198.0
2025-06-18 11:28:53.863929,3410.5,66823.0,89368.0
2025-06-18 11:28:54.962269,3408.8,66365.0,89683.0
2025-06-18 11:28:55.244615,3408.8,66365.0,89683.0
2025-06-18 11:28:56.064189,3408.8,66281.0,89696.0
2025-06-18 11:28:57.063730,3408.6,66852.0,89712.0
2025-06-18 11:28:57.252603,3408.6,66852.0,89712.0
2025-06-18 11:28:58.062271,3408.6,66666.0,89712.0
2025-06-18 11:28:59.176259,3408.6,66687.0,89732.0
2025-06-18 11:28:59.240576,3408.6,66687.0,89732.0
2025-06-18 11:29:00.404196,3409.6,66455.0,89809.0
2025-06-18 11:29:01.248240,3409.6,66455.0,89809.0
2025-06-18 11:29:02.865177,3409.6,66690.0,89604.0
2025-06-18 11:29:03.259040,3409.9,66690.0,89604.0
2025-06-18 11:29:07.247314,3409.6,66690.0,89604.0
2025-06-18 11:29:07.568811,3409.6,66810.0,89288.0
2025-06-18 11:29:11.268621,3410.5,66810.0,89288.0
2025-06-18 11:29:12.869901,3410.5,67226.0,88793.0
2025-06-18 11:29:13.250463,3410.5,67226.0,88793.0
2025-06-18 11:29:15.272235,3410.5,67226.0,88793.0
2025-06-18 11:29:18.215130,3410.5,66937.0,88729.0
2025-06-18 11:29:19.257199,3410.0,66937.0,88729.0
2025-06-18 11:29:21.253311,3410.7,66937.0,88729.0
2025-06-18 11:29:23.504923,3410.7,68090.0,88492.0
2025-06-18 11:29:25.267211,3410.6,68090.0,88492.0
2025-06-18 11:29:28.801064,3410.6,67151.0,88887.0
2025-06-18 11:29:31.245901,3411.2,67151.0,88887.0
2025-06-18 11:29:33.255610,3411.9,67151.0,88887.0
2025-06-18 11:29:33.987428,3411.2,68581.0,87589.0
2025-06-18 11:29:35.253289,3411.2,68581.0,87589.0
2025-06-18 11:29:37.245460,3411.2,68581.0,87589.0
2025-06-18 11:29:39.490241,3411.2,68204.0,87798.0
2025-06-18 11:29:43.246879,3411.2,68204.0,87798.0
2025-06-18 11:29:44.593463,3411.2,68425.0,87562.0
2025-06-18 11:29:45.251439,3412.0,68425.0,87562.0
2025-06-18 11:29:47.248593,3411.2,68425.0,87562.0
2025-06-18 11:29:49.393971,3411.2,67453.0,87876.0
2025-06-18 11:29:54.223656,3411.2,68225.0,88261.0
2025-06-18 11:29:59.249412,3411.2,68225.0,88261.0
2025-06-18 11:29:59.504615,3411.2,67786.0,88395.0
2025-06-18 11:30:01.505374,3411.2,67792.0,88298.0
2025-06-18 11:30:02.244249,3411.2,67792.0,88298.0
2025-06-18 11:30:02.408331,3411.2,67793.0,88325.0
2025-06-18 11:30:03.243997,3411.2,67793.0,88325.0
2025-06-18 11:30:03.408334,3411.2,67818.0,88217.0
2025-06-18 11:30:04.510605,3411.2,67996.0,88226.0
2025-06-18 11:30:05.514004,3411.2,68332.0,88187.0
2025-06-18 11:30:06.508976,3411.2,67981.0,88315.0
2025-06-18 11:30:07.617362,3411.2,68160.0,88386.0
2025-06-18 11:30:08.510207,3411.2,68138.0,88399.0
2025-06-18 11:30:09.612030,3411.2,68147.0,88399.0
2025-06-18 11:30:11.409765,3411.2,67798.0,88457.0
2025-06-18 11:30:12.253897,3410.8,67798.0,88457.0
2025-06-18 11:30:12.418074,3410.8,67958.0,88558.0
2025-06-18 11:30:13.251389,3411.0,67958.0,88558.0
2025-06-18 11:30:13.517389,3411.0,67936.0,88767.0
2025-06-18 11:30:14.816514,3410.3,67777.0,88865.0
2025-06-18 11:30:15.249748,3410.3,67777.0,88865.0
2025-06-18 11:30:15.917852,3410.3,67559.0,88836.0
2025-06-18 11:30:17.015558,3410.3,67024.0,88928.0
2025-06-18 11:30:17.250036,3411.0,67024.0,88928.0
2025-06-18 11:30:18.114821,3411.4,67157.0,88580.0
2025-06-18 11:30:18.245371,3411.4,67157.0,88580.0
2025-06-18 11:30:19.239170,3411.4,67709.0,88667.0
2025-06-18 11:30:20.223937,3411.4,67184.0,88645.0
2025-06-18 11:30:21.242155,3411.4,67664.0,88514.0
2025-06-18 11:30:22.226898,3411.4,67554.0,88593.0
2025-06-18 11:30:23.225886,3411.4,67504.0,88609.0
2025-06-18 11:30:24.227481,3411.4,67177.0,88585.0
2025-06-18 11:30:25.116026,3411.4,67702.0,88584.0
2025-06-18 11:30:26.117464,3411.4,67229.0,88471.0
2025-06-18 11:30:27.119020,3411.4,67210.0,88479.0
2025-06-18 11:30:28.118895,3411.4,67541.0,88387.0
2025-06-18 11:30:29.119714,3411.3,67524.0,88562.0
2025-06-18 11:30:29.247612,3411.3,67524.0,88562.0
2025-06-18 11:30:30.118940,3411.3,67728.0,88471.0
2025-06-18 11:30:31.118758,3411.3,66343.0,88558.0
2025-06-18 11:30:31.243344,3411.3,66343.0,88558.0
2025-06-18 11:30:32.229415,3410.3,67201.0,88565.0
2025-06-18 11:30:32.248163,3410.3,67201.0,88565.0
2025-06-18 11:30:33.231273,3410.3,67723.0,88712.0
2025-06-18 11:30:34.230284,3410.3,67846.0,88735.0
2025-06-18 11:30:35.231991,3410.3,67594.0,88721.0
2025-06-18 11:30:37.265929,3410.3,67864.0,88803.0
2025-06-18 11:30:37.306748,3411.3,66990.0,88766.0
2025-06-18 11:30:37.309359,3411.3,66990.0,88766.0
2025-06-18 11:30:38.323020,3411.3,67684.0,88767.0
2025-06-18 11:30:39.323257,3411.3,66302.0,88723.0
2025-06-18 11:30:40.423711,3411.3,67729.0,88634.0
2025-06-18 11:30:41.254269,3411.3,67729.0,88634.0
2025-06-18 11:30:41.525610,3411.3,67553.0,88635.0
2025-06-18 11:30:42.526699,3411.3,67728.0,88635.0
2025-06-18 11:30:43.526302,3411.3,67814.0,88575.0
2025-06-18 11:30:44.248701,3411.3,67814.0,88575.0
2025-06-18 11:30:44.527171,3411.3,67781.0,88513.0
2025-06-18 11:30:45.529600,3411.3,68157.0,88392.0
2025-06-18 11:30:46.531305,3411.3,68180.0,88463.0
2025-06-18 11:30:47.262700,3411.3,68180.0,88463.0
2025-06-18 11:30:47.531406,3411.3,68198.0,88497.0
2025-06-18 11:30:48.435783,3411.3,68051.0,88511.0
2025-06-18 11:30:49.438461,3411.3,68380.0,88523.0
2025-06-18 11:30:50.332008,3411.3,68380.0,88523.0
2025-06-18 11:30:50.535891,3411.3,68199.0,88523.0
2025-06-18 11:30:51.423091,3411.3,68199.0,88523.0
2025-06-18 11:30:51.636669,3411.3,68199.0,88523.0
2025-06-18 11:30:52.345202,3411.3,68199.0,88523.0
2025-06-18 11:30:52.637202,3411.3,68173.0,88644.0
2025-06-18 11:30:53.287480,3411.3,68173.0,88644.0
2025-06-18 11:30:53.643746,3411.3,67838.0,88809.0
2025-06-18 11:30:54.155287,3411.3,67838.0,88809.0
2025-06-18 11:30:54.640619,3411.3,67753.0,88856.0
2025-06-18 11:30:54.932880,3411.3,67753.0,88856.0
2025-06-18 11:30:55.256028,3410.3,67753.0,88856.0
2025-06-18 11:30:55.641002,3411.8,67893.0,88543.0
2025-06-18 11:30:55.973879,3411.8,67893.0,88543.0
2025-06-18 11:30:56.264096,3410.4,67893.0,88543.0
2025-06-18 11:30:56.540105,3410.4,67893.0,88543.0
2025-06-18 11:30:56.640370,3410.3,67107.0,89077.0
2025-06-18 11:30:56.944880,3410.3,67107.0,89077.0
2025-06-18 11:30:57.256558,3410.3,67107.0,89077.0
2025-06-18 11:30:57.448458,3410.3,67107.0,89077.0
2025-06-18 11:30:57.540846,3410.3,67284.0,89096.0
2025-06-18 11:30:57.818339,3410.3,67284.0,89096.0
2025-06-18 11:30:58.646228,3410.3,67109.0,89096.0
2025-06-18 11:30:58.712132,3410.3,67109.0,89096.0
2025-06-18 11:30:59.291168,3410.3,67109.0,89096.0
2025-06-18 11:30:59.648710,3410.3,66685.0,89089.0
2025-06-18 11:30:59.953347,3410.3,66685.0,89089.0
2025-06-18 11:31:00.260489,3411.3,66685.0,89089.0
2025-06-18 11:31:00.646733,3411.2,67438.0,88864.0
2025-06-18 11:31:00.813996,3411.2,67438.0,88864.0
2025-06-18 11:31:01.261931,3411.2,67438.0,88864.0
2025-06-18 11:31:02.224370,3411.2,67438.0,88864.0
2025-06-18 11:31:02.652894,3411.2,67071.0,88869.0
2025-06-18 11:31:03.268866,3411.1,67071.0,88869.0
2025-06-18 11:31:03.348929,3411.1,67071.0,88869.0
2025-06-18 11:31:04.491613,3411.1,67071.0,88869.0
2025-06-18 11:31:05.965035,3411.1,67071.0,88869.0
2025-06-18 11:31:07.278630,3411.1,67071.0,88869.0
2025-06-18 11:31:07.549289,3411.1,67195.0,88977.0
2025-06-18 11:31:11.267803,3410.3,67195.0,88977.0
2025-06-18 11:31:17.961184,3410.3,67090.0,89240.0
2025-06-18 11:31:21.266132,3409.6,67090.0,89240.0
2025-06-18 11:31:23.277176,3409.6,65186.0,89844.0
2025-06-18 11:31:25.268002,3409.4,65186.0,89844.0
2025-06-18 11:31:27.258206,3409.5,65186.0,89844.0
2025-06-18 11:31:28.870516,3409.5,66415.0,89823.0
2025-06-18 11:31:29.487747,3408.4,66415.0,89823.0
2025-06-18 11:31:31.265282,3409.5,66415.0,89823.0
2025-06-18 11:31:33.259360,3409.5,66415.0,89823.0
2025-06-18 11:31:34.282571,3409.5,66338.0,89939.0
2025-06-18 11:31:37.260400,3409.5,66338.0,89939.0
2025-06-18 11:31:39.313741,3409.5,66338.0,89939.0
2025-06-18 11:31:39.317767,3409.5,66450.0,89951.0
2025-06-18 11:31:41.264725,3409.5,66450.0,89951.0
2025-06-18 11:31:43.273962,3409.5,66450.0,89951.0
2025-06-18 11:31:44.382456,3409.5,65763.0,90116.0
2025-06-18 11:31:47.308929,3409.5,65763.0,90116.0
2025-06-18 11:31:49.284956,3409.0,65763.0,90116.0
2025-06-18 11:31:49.484914,3409.0,66243.0,90032.0
2025-06-18 11:31:53.264416,3409.0,66243.0,90032.0
2025-06-18 11:31:54.489943,3409.0,66682.0,90133.0
2025-06-18 11:31:55.263761,3408.0,66682.0,90133.0
2025-06-18 11:31:57.446740,3407.2,66682.0,90133.0
2025-06-18 11:31:59.264978,3407.0,66682.0,90133.0
2025-06-18 11:31:59.495182,3407.0,65145.0,90719.0
2025-06-18 11:32:01.284587,3407.0,65145.0,90719.0
2025-06-18 11:32:03.266124,3406.5,65145.0,90719.0
2025-06-18 11:32:04.306720,3406.5,64979.0,90771.0
2025-06-18 11:32:05.259007,3406.5,64979.0,90771.0
2025-06-18 11:32:09.283015,3406.0,64979.0,90771.0
2025-06-18 11:32:10.004004,3406.0,65139.0,90748.0
2025-06-18 11:32:14.259278,3407.4,65139.0,90748.0
2025-06-18 11:32:16.108314,3407.4,64724.0,90527.0
2025-06-18 11:32:18.261948,3406.0,64724.0,90527.0
2025-06-18 11:32:20.281222,3406.4,64724.0,90527.0
2025-06-18 11:32:21.415740,3406.4,65373.0,90692.0
2025-06-18 11:32:23.259004,3406.2,65373.0,90692.0
2025-06-18 11:32:27.265537,3406.0,65373.0,90692.0
2025-06-18 11:32:27.321251,3406.0,63912.0,91399.0
2025-06-18 11:32:29.264146,3405.4,63912.0,91399.0
2025-06-18 11:32:32.261993,3404.2,63912.0,91399.0
2025-06-18 11:32:33.024205,3404.2,64616.0,91129.0
2025-06-18 11:32:35.263704,3404.1,64616.0,91129.0
2025-06-18 11:32:38.264303,3404.1,64616.0,91129.0
2025-06-18 11:32:38.932428,3404.1,64274.0,91010.0
2025-06-18 11:32:41.267959,3404.1,64274.0,91010.0
2025-06-18 11:32:44.315626,3404.1,64274.0,91010.0
2025-06-18 11:32:44.530879,3404.1,64128.0,91315.0
2025-06-18 11:32:47.273386,3404.1,64128.0,91315.0
2025-06-18 11:32:49.833952,3404.0,64588.0,91298.0
2025-06-18 11:32:50.261819,3404.0,64588.0,91298.0
2025-06-18 11:32:54.953742,3404.0,64221.0,91259.0
2025-06-18 11:32:56.295359,3404.0,64221.0,91259.0
2025-06-18 11:32:59.833041,3404.1,64221.0,91259.0
2025-06-18 11:33:00.440755,3404.1,64817.0,91361.0
2025-06-18 11:33:01.259107,3404.4,64817.0,91361.0
2025-06-18 11:33:01.639894,3404.4,64406.0,91571.0
2025-06-18 11:33:02.259526,3404.1,64406.0,91571.0
2025-06-18 11:33:02.745140,3404.8,64524.0,91556.0
2025-06-18 11:33:03.256385,3404.8,64524.0,91556.0
2025-06-18 11:33:03.837764,3404.8,63578.0,91556.0
2025-06-18 11:33:04.264481,3404.8,63578.0,91556.0
2025-06-18 11:33:04.938041,3404.1,64615.0,91447.0
2025-06-18 11:33:05.266819,3404.1,64615.0,91447.0
2025-06-18 11:33:06.039207,3404.1,64587.0,91389.0
2025-06-18 11:33:07.040484,3404.1,64512.0,91390.0
2025-06-18 11:33:08.040501,3404.1,64551.0,91387.0
2025-06-18 11:33:09.041050,3404.8,64645.0,91358.0
2025-06-18 11:33:09.261684,3404.1,64645.0,91358.0
2025-06-18 11:33:10.041020,3404.1,64634.0,91376.0
2025-06-18 11:33:11.144610,3404.1,63754.0,91378.0
2025-06-18 11:33:11.259679,3404.1,63754.0,91378.0
2025-06-18 11:33:12.249932,3404.1,64623.0,91397.0
2025-06-18 11:33:12.263979,3404.1,64623.0,91397.0
2025-06-18 11:33:13.344327,3404.1,64613.0,91398.0
2025-06-18 11:33:14.445176,3404.1,64615.0,91397.0
2025-06-18 11:33:15.264239,3404.1,64615.0,91397.0
2025-06-18 11:33:15.445043,3404.1,64595.0,91391.0
2025-06-18 11:33:16.545343,3404.1,64594.0,90773.0
2025-06-18 11:33:17.653535,3404.3,64774.0,90763.0
2025-06-18 11:33:18.259610,3404.3,64774.0,90763.0
2025-06-18 11:33:18.655706,3404.3,64763.0,90769.0
2025-06-18 11:33:19.264744,3404.8,64763.0,90769.0
2025-06-18 11:33:19.651981,3404.8,64780.0,90712.0
2025-06-18 11:33:20.649823,3404.8,64780.0,90714.0
2025-06-18 11:33:21.270713,3404.8,64780.0,90714.0
2025-06-18 11:33:21.746852,3404.8,64818.0,90714.0
2025-06-18 11:33:23.258412,3404.8,65005.0,90715.0
2025-06-18 11:33:24.253441,3404.8,64175.0,90645.0
2025-06-18 11:33:24.261725,3404.8,64175.0,90645.0
2025-06-18 11:33:25.349272,3404.8,65055.0,90687.0
2025-06-18 11:33:26.450221,3404.8,64895.0,90681.0
2025-06-18 11:33:27.275612,3404.8,64895.0,90681.0
2025-06-18 11:33:27.550396,3404.8,65041.0,90688.0
2025-06-18 11:33:28.658911,3404.8,65051.0,90683.0
2025-06-18 11:33:29.752629,3404.8,65064.0,90692.0
2025-06-18 11:33:30.267561,3404.8,65064.0,90692.0
2025-06-18 11:33:30.666437,3404.8,64643.0,90767.0
2025-06-18 11:33:31.654131,3404.8,64658.0,90782.0
2025-06-18 11:33:32.752650,3403.0,62905.0,91364.0
2025-06-18 11:33:33.275117,3403.4,62905.0,91364.0
2025-06-18 11:33:33.752005,3403.7,62948.0,90773.0
2025-06-18 11:33:34.345302,3403.7,62948.0,90773.0
2025-06-18 11:33:34.756179,3403.7,62133.0,91228.0
2025-06-18 11:33:35.270910,3403.0,62133.0,91228.0
2025-06-18 11:33:35.751922,3401.2,62227.0,91368.0
2025-06-18 11:33:36.261355,3401.1,62227.0,91368.0
2025-06-18 11:33:36.661584,3401.3,62737.0,91503.0
2025-06-18 11:33:37.268726,3401.0,62737.0,91503.0
2025-06-18 11:33:37.756612,3401.0,62811.0,91491.0
2025-06-18 11:33:38.264541,3401.0,62811.0,91491.0
2025-06-18 11:33:38.856915,3402.0,61293.0,91497.0
2025-06-18 11:33:39.268729,3402.0,61293.0,91497.0
2025-06-18 11:33:39.958437,3402.0,63058.0,91320.0
2025-06-18 11:33:40.261946,3402.0,63058.0,91320.0
2025-06-18 11:33:41.072531,3402.5,63581.0,90535.0
2025-06-18 11:33:41.268636,3402.5,63581.0,90535.0
2025-06-18 11:33:42.166621,3401.6,63502.0,90585.0
2025-06-18 11:33:42.264837,3401.6,63502.0,90585.0
2025-06-18 11:33:43.060700,3402.0,63510.0,90441.0
2025-06-18 11:33:43.263690,3402.0,63510.0,90441.0
2025-06-18 11:33:44.061528,3402.0,64573.0,89720.0
2025-06-18 11:33:44.274068,3402.0,64573.0,89720.0
2025-06-18 11:33:45.070436,3402.0,64526.0,90015.0
2025-06-18 11:33:46.169651,3402.3,64187.0,90030.0
2025-06-18 11:33:46.274061,3402.3,64187.0,90030.0
2025-06-18 11:33:47.306752,3402.3,63832.0,90035.0
2025-06-18 11:33:48.364981,3402.3,64021.0,90313.0
2025-06-18 11:33:49.365514,3402.3,63966.0,89525.0
2025-06-18 11:33:50.276097,3402.4,63966.0,89525.0
2025-06-18 11:33:50.366156,3402.4,64008.0,89998.0
2025-06-18 11:33:51.092297,3402.4,64008.0,89998.0
2025-06-18 11:33:51.364880,3402.4,64085.0,90352.0
2025-06-18 11:33:52.223644,3402.4,64085.0,90352.0
2025-06-18 11:33:52.366085,3402.4,64124.0,90380.0
2025-06-18 11:33:53.147507,3402.4,64124.0,90380.0
2025-06-18 11:33:53.264572,3402.3,64124.0,90380.0
2025-06-18 11:33:53.366324,3402.3,64296.0,89909.0
2025-06-18 11:33:54.100438,3402.3,64296.0,89909.0
2025-06-18 11:33:54.303474,3402.3,64295.0,89940.0
2025-06-18 11:33:54.984340,3402.3,64295.0,89940.0
2025-06-18 11:33:55.271394,3402.3,64295.0,89940.0
2025-06-18 11:33:55.282395,3402.3,64508.0,90026.0
2025-06-18 11:33:55.792208,3402.3,64508.0,90026.0
2025-06-18 11:33:56.267392,3403.0,64508.0,90026.0
2025-06-18 11:33:56.280816,3403.0,65882.0,88270.0
2025-06-18 11:33:56.891226,3403.0,65882.0,88270.0
2025-06-18 11:33:57.369938,3403.0,65565.0,89377.0
2025-06-18 11:33:57.466417,3403.0,65565.0,89377.0
2025-06-18 11:33:58.273699,3402.4,65565.0,89377.0
2025-06-18 11:33:58.364486,3402.4,65565.0,89377.0
2025-06-18 11:33:58.377488,3402.4,63985.0,90175.0
2025-06-18 11:33:58.767116,3402.4,63985.0,90175.0
2025-06-18 11:33:59.374051,3402.4,64958.0,90205.0
2025-06-18 11:33:59.616214,3402.4,64958.0,90205.0
2025-06-18 11:34:00.271281,3403.0,64958.0,90205.0
2025-06-18 11:34:00.372665,3403.0,65000.0,89978.0
2025-06-18 11:34:00.873675,3403.0,65000.0,89978.0
2025-06-18 11:34:01.472701,3403.0,64818.0,90263.0
2025-06-18 11:34:01.748604,3403.0,64818.0,90263.0
2025-06-18 11:34:03.126814,3403.0,64818.0,90263.0
2025-06-18 11:34:03.286496,3403.0,65014.0,90375.0
2025-06-18 11:34:04.271603,3403.0,65014.0,90375.0
2025-06-18 11:34:04.383121,3403.0,64842.0,90323.0
2025-06-18 11:34:05.514664,3403.0,64842.0,90323.0
2025-06-18 11:34:05.553357,3403.0,63998.0,90486.0
2025-06-18 11:34:06.477599,3403.0,64668.0,90613.0
2025-06-18 11:34:06.875902,3403.0,64668.0,90613.0
2025-06-18 11:34:07.378489,3403.0,64071.0,90509.0
2025-06-18 11:34:08.379403,3403.0,64596.0,90522.0
2025-06-18 11:34:09.267399,3403.3,64596.0,90522.0
2025-06-18 11:34:09.579900,3402.9,65039.0,90418.0
2025-06-18 11:34:10.277300,3402.9,65039.0,90418.0
2025-06-18 11:34:10.678948,3402.9,64555.0,90444.0
2025-06-18 11:34:11.679756,3402.9,65113.0,90475.0
2025-06-18 11:34:12.784266,3402.9,65066.0,90465.0
2025-06-18 11:34:13.784276,3402.9,64893.0,90465.0
2025-06-18 11:34:14.276706,3402.9,64893.0,90465.0
2025-06-18 11:34:14.883023,3403.0,65081.0,90423.0
2025-06-18 11:34:15.274539,3403.0,65081.0,90423.0
2025-06-18 11:34:15.986077,3403.0,65412.0,90400.0
2025-06-18 11:34:16.884444,3403.0,65088.0,90403.0
2025-06-18 11:34:17.278258,3403.0,65088.0,90403.0
2025-06-18 11:34:17.990369,3403.0,65012.0,90501.0
2025-06-18 11:34:18.270260,3403.0,65012.0,90501.0
2025-06-18 11:34:19.089763,3403.0,64814.0,90487.0
2025-06-18 11:34:19.269694,3403.0,64814.0,90487.0
2025-06-18 11:34:20.212053,3402.9,62897.0,91267.0
2025-06-18 11:34:20.296251,3402.9,62897.0,91267.0
2025-06-18 11:34:21.279323,3401.4,62897.0,91267.0
2025-06-18 11:34:21.297390,3401.4,63822.0,91237.0
2025-06-18 11:34:22.296147,3401.4,63662.0,91163.0
2025-06-18 11:34:23.304094,3401.4,63662.0,91163.0
2025-06-18 11:34:23.490075,3401.4,63861.0,91193.0
2025-06-18 11:34:24.392608,3401.4,63461.0,91309.0
2025-06-18 11:34:25.271821,3402.0,63461.0,91309.0
2025-06-18 11:34:25.491961,3402.0,63790.0,91229.0
2025-06-18 11:34:26.267508,3402.6,63790.0,91229.0
2025-06-18 11:34:26.492933,3402.6,63821.0,91331.0
2025-06-18 11:34:27.392830,3402.6,63812.0,91272.0
2025-06-18 11:34:28.495798,3402.6,63005.0,91268.0
2025-06-18 11:34:29.595367,3402.6,63989.0,91280.0
2025-06-18 11:34:30.295187,3402.5,63989.0,91280.0
2025-06-18 11:34:30.699472,3402.5,64349.0,91118.0
2025-06-18 11:34:31.796944,3402.5,64346.0,91104.0
2025-06-18 11:34:32.268933,3402.5,64346.0,91104.0
2025-06-18 11:34:32.733239,3402.5,64333.0,91121.0
2025-06-18 11:34:33.794777,3401.4,64337.0,91045.0
2025-06-18 11:34:34.267378,3401.4,64337.0,91045.0
2025-06-18 11:34:34.796617,3401.4,64337.0,91050.0
2025-06-18 11:34:35.267116,3401.4,64337.0,91050.0
2025-06-18 11:34:35.896110,3401.4,63489.0,91081.0
2025-06-18 11:34:36.995812,3401.4,63444.0,90951.0
2025-06-18 11:34:37.431178,3401.4,63444.0,90951.0
2025-06-18 11:34:37.997178,3401.4,63455.0,91028.0
2025-06-18 11:34:38.267708,3402.3,63455.0,91028.0
2025-06-18 11:34:39.098336,3402.3,64091.0,90739.0
2025-06-18 11:34:40.203008,3402.3,64048.0,90755.0
2025-06-18 11:34:41.277173,3402.5,64048.0,90755.0
2025-06-18 11:34:41.299926,3402.5,64108.0,90747.0
2025-06-18 11:34:42.303988,3402.5,63648.0,90787.0
2025-06-18 11:34:43.268946,3401.6,63648.0,90787.0
2025-06-18 11:34:43.402371,3401.6,64237.0,90886.0
2025-06-18 11:34:44.505735,3401.6,64526.0,90910.0
2025-06-18 11:34:45.602845,3401.6,64391.0,91114.0
2025-06-18 11:34:46.278606,3401.6,64391.0,91114.0
2025-06-18 11:34:46.713683,3401.6,64160.0,91063.0
2025-06-18 11:34:47.276141,3401.6,64160.0,91063.0
2025-06-18 11:34:47.736249,3401.6,63496.0,90976.0
2025-06-18 11:34:48.804187,3401.6,64273.0,91054.0
2025-06-18 11:34:49.274134,3401.0,64273.0,91054.0
2025-06-18 11:34:49.805694,3401.1,64391.0,91138.0
2025-06-18 11:34:50.267972,3401.1,64391.0,91138.0
2025-06-18 11:34:50.906458,3401.1,64435.0,91137.0
2025-06-18 11:34:52.006769,3401.1,64676.0,91137.0
2025-06-18 11:34:52.267402,3401.4,64676.0,91137.0
2025-06-18 11:34:53.009735,3401.4,64140.0,91161.0
2025-06-18 11:34:53.280944,3401.4,64140.0,91161.0
2025-06-18 11:34:54.112923,3401.4,64606.0,91128.0
2025-06-18 11:34:54.275989,3402.0,64606.0,91128.0
2025-06-18 11:34:55.221815,3402.0,64013.0,90563.0
2025-06-18 11:34:56.235949,3402.0,64820.0,90266.0
2025-06-18 11:34:57.281666,3402.0,63905.0,90300.0
2025-06-18 11:35:00.481936,3402.0,64539.0,90156.0
2025-06-18 11:35:00.492569,3402.0,64827.0,90205.0
2025-06-18 11:35:00.521722,3402.0,63711.0,90449.0
2025-06-18 11:35:02.275939,3401.6,63711.0,90449.0
2025-06-18 11:35:05.916589,3402.3,64902.0,90164.0
2025-06-18 11:35:06.304479,3402.3,64902.0,90164.0
2025-06-18 11:35:08.334012,3401.3,64902.0,90164.0
2025-06-18 11:35:11.619418,3401.6,64744.0,90208.0
2025-06-18 11:35:12.500173,3401.0,64744.0,90208.0
2025-06-18 11:35:14.322632,3401.0,64744.0,90208.0
2025-06-18 11:35:16.325706,3401.0,64744.0,90208.0
2025-06-18 11:35:17.331519,3402.0,64456.0,90604.0
2025-06-18 11:35:18.300126,3402.0,64456.0,90604.0
2025-06-18 11:35:20.511089,3401.7,64456.0,90604.0
2025-06-18 11:35:22.924503,3401.7,64377.0,90487.0
2025-06-18 11:35:24.332158,3401.6,64377.0,90487.0
2025-06-18 11:35:26.328405,3401.6,64377.0,90487.0
2025-06-18 11:35:28.932033,3401.6,64774.0,90416.0
2025-06-18 11:35:30.313659,3401.2,64774.0,90416.0
2025-06-18 11:35:32.303890,3402.0,64774.0,90416.0
2025-06-18 11:35:34.528787,3401.2,64621.0,90507.0
2025-06-18 11:35:35.300170,3401.2,64621.0,90507.0
2025-06-18 11:35:39.277340,3402.3,64621.0,90507.0
2025-06-18 11:35:40.535483,3402.3,65811.0,89576.0
2025-06-18 11:35:41.322623,3402.3,65811.0,89576.0
2025-06-18 11:35:44.288360,3403.8,65811.0,89576.0
2025-06-18 11:35:46.540302,3403.8,65719.0,89416.0
2025-06-18 11:35:50.278112,3402.5,65719.0,89416.0
2025-06-18 11:35:52.246219,3402.7,65872.0,89681.0
2025-06-18 11:35:53.277257,3402.7,65872.0,89681.0
2025-06-18 11:35:57.289936,3402.4,65872.0,89681.0
2025-06-18 11:35:57.948068,3402.4,65231.0,90672.0
2025-06-18 11:36:01.278088,3402.8,65231.0,90672.0
2025-06-18 11:36:01.447002,3402.8,65074.0,90519.0
2025-06-18 11:36:02.271930,3402.8,65074.0,90519.0
2025-06-18 11:36:02.547572,3402.8,64489.0,90415.0
2025-06-18 11:36:03.657180,3402.8,64126.0,90471.0
2025-06-18 11:36:04.762027,3402.8,65121.0,90392.0
2025-06-18 11:36:05.271612,3402.8,65121.0,90392.0
2025-06-18 11:36:05.756551,3402.8,65126.0,90400.0
2025-06-18 11:36:06.756596,3402.8,65200.0,90477.0
2025-06-18 11:36:07.751941,3402.8,65076.0,90012.0
2025-06-18 11:36:09.622781,3402.8,64390.0,90317.0
2025-06-18 11:36:09.956143,3402.8,65271.0,90322.0
2025-06-18 11:36:11.054276,3402.8,65209.0,90240.0
2025-06-18 11:36:12.194985,3402.7,64969.0,90142.0
2025-06-18 11:36:12.272927,3402.7,64969.0,90142.0
2025-06-18 11:36:13.058577,3402.7,64964.0,90212.0
2025-06-18 11:36:14.163396,3402.7,65132.0,90199.0
2025-06-18 11:36:15.256572,3402.7,65138.0,90197.0
2025-06-18 11:36:16.365345,3402.7,64998.0,90170.0
2025-06-18 11:36:17.272746,3403.1,64998.0,90170.0
2025-06-18 11:36:17.360048,3403.1,64106.0,90244.0
2025-06-18 11:36:18.456152,3403.1,65068.0,90207.0
2025-06-18 11:36:19.361154,3403.1,65068.0,90201.0
2025-06-18 11:36:20.455330,3403.1,65338.0,89937.0
2025-06-18 11:36:21.456217,3403.1,65381.0,90247.0
2025-06-18 11:36:22.557019,3403.1,66404.0,89539.0
2025-06-18 11:36:23.276406,3403.0,66404.0,89539.0
2025-06-18 11:36:23.735072,3403.0,65866.0,89548.0
2025-06-18 11:36:24.666606,3403.0,66399.0,89585.0
2025-06-18 11:36:25.278899,3403.1,66399.0,89585.0
2025-06-18 11:36:25.757758,3403.1,66360.0,89307.0
2025-06-18 11:36:26.276971,3403.1,66360.0,89307.0
2025-06-18 11:36:26.858897,3403.0,66730.0,89266.0
2025-06-18 11:36:27.285867,3403.0,66730.0,89266.0
2025-06-18 11:36:28.459823,3403.0,66356.0,89228.0
2025-06-18 11:36:29.562725,3403.0,66537.0,89244.0
2025-06-18 11:36:30.275834,3403.1,66537.0,89244.0
2025-06-18 11:36:30.669073,3403.1,66536.0,89143.0
2025-06-18 11:36:31.281809,3403.1,66536.0,89143.0
2025-06-18 11:36:31.667973,3403.1,66253.0,89297.0
2025-06-18 11:36:32.763190,3403.1,66253.0,89207.0
2025-06-18 11:36:33.863386,3403.1,66253.0,89227.0
2025-06-18 11:36:34.276771,3404.3,66253.0,89227.0
2025-06-18 11:36:34.962566,3404.3,66616.0,89375.0
2025-06-18 11:36:35.961489,3404.3,66679.0,89406.0
2025-06-18 11:36:37.062183,3403.1,66460.0,89719.0
2025-06-18 11:36:37.275503,3403.1,66460.0,89719.0
2025-06-18 11:36:38.175184,3403.1,66177.0,89840.0
2025-06-18 11:36:38.274678,3404.1,66177.0,89840.0
2025-06-18 11:36:39.168140,3404.1,66606.0,89469.0
2025-06-18 11:36:40.168395,3404.1,66605.0,89465.0
2025-06-18 11:36:41.176506,3404.1,66780.0,89506.0
2025-06-18 11:36:42.270765,3404.1,66181.0,89748.0
2025-06-18 11:36:43.367805,3404.1,66226.0,89673.0
2025-06-18 11:36:44.467582,3404.1,66260.0,89567.0
2025-06-18 11:36:45.309689,3404.0,66260.0,89567.0
2025-06-18 11:36:45.567033,3404.8,65018.0,89599.0
2025-06-18 11:36:46.279715,3404.8,65018.0,89599.0
2025-06-18 11:36:46.467939,3404.8,66427.0,89614.0
2025-06-18 11:36:47.568579,3404.8,66778.0,89575.0
2025-06-18 11:36:48.569356,3404.8,66768.0,89587.0
2025-06-18 11:36:49.569148,3404.8,66768.0,89600.0
2025-06-18 11:36:50.670589,3404.8,66787.0,89715.0
2025-06-18 11:36:51.336509,3404.8,66787.0,89715.0
2025-06-18 11:36:51.676705,3404.8,66863.0,89733.0
2025-06-18 11:36:52.274940,3404.9,66863.0,89733.0
2025-06-18 11:36:52.453473,3404.9,66863.0,89733.0
2025-06-18 11:36:52.670016,3404.9,66622.0,89808.0
2025-06-18 11:36:53.384176,3404.9,66622.0,89808.0
2025-06-18 11:36:53.672197,3404.9,66489.0,89830.0
2025-06-18 11:36:54.338662,3404.9,66489.0,89830.0
2025-06-18 11:36:54.771101,3404.9,66488.0,89827.0
2025-06-18 11:36:55.230872,3404.9,66488.0,89827.0
2025-06-18 11:36:55.871919,3404.9,66490.0,89832.0
2025-06-18 11:36:56.030664,3404.9,66490.0,89832.0
2025-06-18 11:36:56.873932,3404.9,65829.0,89739.0
2025-06-18 11:36:57.106511,3404.9,65829.0,89739.0
2025-06-18 11:36:57.275002,3404.9,65829.0,89739.0
2025-06-18 11:36:57.675665,3404.9,65829.0,89739.0
2025-06-18 11:36:57.973563,3404.9,66708.0,89724.0
2025-06-18 11:36:58.076912,3404.9,66708.0,89724.0
2025-06-18 11:36:58.278097,3405.2,66708.0,89724.0
2025-06-18 11:36:58.557968,3405.2,66708.0,89724.0
2025-06-18 11:36:59.075290,3404.8,66648.0,89570.0
2025-06-18 11:36:59.276828,3404.8,66648.0,89570.0
2025-06-18 11:36:59.817034,3404.8,66648.0,89570.0
2025-06-18 11:37:00.075455,3404.9,66618.0,89699.0
2025-06-18 11:37:00.291981,3404.9,66618.0,89699.0
2025-06-18 11:37:01.070462,3404.9,66618.0,89699.0
2025-06-18 11:37:01.286434,3403.7,66618.0,89699.0
2025-06-18 11:37:01.942373,3403.7,66618.0,89699.0
2025-06-18 11:37:03.348414,3403.0,66618.0,89699.0
2025-06-18 11:37:03.354146,3403.0,66618.0,89699.0
2025-06-18 11:37:03.879598,3403.8,65314.0,90167.0
2025-06-18 11:37:04.484214,3403.8,65314.0,90167.0
2025-06-18 11:37:05.289028,3402.1,65314.0,90167.0
2025-06-18 11:37:05.691696,3402.1,65314.0,90167.0
2025-06-18 11:37:07.108228,3402.1,65314.0,90167.0
2025-06-18 11:37:08.982590,3402.1,64250.0,90774.0
2025-06-18 11:37:09.283100,3402.3,64250.0,90774.0
2025-06-18 11:37:11.311175,3403.7,64250.0,90774.0
2025-06-18 11:37:13.288654,3403.7,64250.0,90774.0
2025-06-18 11:37:14.185461,3402.5,64242.0,90379.0
2025-06-18 11:37:15.283977,3402.5,64242.0,90379.0
2025-06-18 11:37:17.289148,3403.7,64242.0,90379.0
2025-06-18 11:37:19.190330,3403.7,65148.0,90466.0
2025-06-18 11:37:21.313252,3403.0,65148.0,90466.0
2025-06-18 11:37:24.092025,3403.0,65017.0,90380.0
2025-06-18 11:37:29.094296,3403.7,65230.0,90436.0
2025-06-18 11:37:29.285026,3403.7,65230.0,90436.0
