timestamp,ltp,bid_qty,ask_qty
2025-06-18 11:01:36.690599,11399.0,16965.0,21734.0
2025-06-18 11:01:38.133098,11399.0,16965.0,21734.0
2025-06-18 11:01:40.148221,11399.0,16981.0,21728.0
2025-06-18 11:01:44.187118,11399.0,16981.0,21728.0
2025-06-18 11:01:45.045744,11399.0,16979.0,21720.0
2025-06-18 11:01:46.158464,11399.0,16979.0,21720.0
2025-06-18 11:01:48.137790,11399.0,16979.0,21720.0
2025-06-18 11:01:50.751713,11400.0,16899.0,21699.0
2025-06-18 11:01:52.138791,11400.0,16899.0,21699.0
2025-06-18 11:01:56.205415,11400.0,16899.0,21699.0
2025-06-18 11:01:56.251054,11400.0,16788.0,21724.0
2025-06-18 11:01:58.137207,11400.0,16788.0,21724.0
2025-06-18 11:02:01.355095,11400.0,16831.0,21669.0
2025-06-18 11:02:02.140713,11400.0,16831.0,21669.0
2025-06-18 11:02:05.165805,11400.0,16831.0,21669.0
2025-06-18 11:02:06.659120,11400.0,16845.0,21636.0
2025-06-18 11:02:11.974655,11399.0,16819.0,21660.0
2025-06-18 11:02:12.144574,11399.0,16819.0,21660.0
2025-06-18 11:02:14.146436,11400.0,16819.0,21660.0
2025-06-18 11:02:16.188656,11400.0,16819.0,21660.0
2025-06-18 11:02:17.479302,11400.0,16814.0,21764.0
2025-06-18 11:02:18.140891,11400.0,16814.0,21764.0
2025-06-18 11:02:22.569218,11400.0,16831.0,21723.0
2025-06-18 11:02:27.674525,11400.0,16815.0,21742.0
2025-06-18 11:02:32.153782,11400.0,16815.0,21742.0
2025-06-18 11:02:32.778321,11400.0,16870.0,21636.0
2025-06-18 11:02:34.146339,11400.0,16870.0,21636.0
2025-06-18 11:02:38.382084,11400.0,16722.0,21790.0
2025-06-18 11:02:40.145293,11399.0,16722.0,21790.0
2025-06-18 11:02:43.490542,11399.0,16730.0,21809.0
2025-06-18 11:02:44.153829,11400.0,16730.0,21809.0
2025-06-18 11:02:46.149560,11400.0,16730.0,21809.0
2025-06-18 11:02:48.146999,11400.0,16730.0,21809.0
2025-06-18 11:02:48.787332,11400.0,16753.0,21830.0
2025-06-18 11:02:50.147242,11400.0,16753.0,21830.0
2025-06-18 11:02:52.149079,11399.0,16753.0,21830.0
2025-06-18 11:02:54.091842,11399.0,16561.0,21820.0
2025-06-18 11:02:56.148745,11398.0,16561.0,21820.0
2025-06-18 11:02:59.296849,11398.0,16451.0,21861.0
2025-06-18 11:03:04.503475,11398.0,16444.0,21971.0
2025-06-18 11:03:09.903809,11398.0,16408.0,21957.0
2025-06-18 11:03:10.145179,11399.0,16408.0,21957.0
2025-06-18 11:03:12.148494,11398.0,16408.0,21957.0
2025-06-18 11:03:14.153857,11400.0,16408.0,21957.0
2025-06-18 11:03:15.103199,11400.0,16353.0,21962.0
2025-06-18 11:03:16.157842,11396.0,16353.0,21962.0
2025-06-18 11:03:20.206612,11396.0,16109.0,22160.0
2025-06-18 11:03:22.173305,11396.0,16109.0,22160.0
2025-06-18 11:03:25.509678,11396.0,16114.0,22167.0
2025-06-18 11:03:26.151922,11396.0,16114.0,22167.0
2025-06-18 11:03:28.153097,11398.0,16114.0,22167.0
2025-06-18 11:03:30.714557,11398.0,16134.0,22186.0
2025-06-18 11:03:32.153521,11398.0,16134.0,22186.0
2025-06-18 11:03:34.155911,11398.0,16134.0,22186.0
2025-06-18 11:03:36.417627,11398.0,16167.0,22077.0
2025-06-18 11:03:38.158348,11396.0,16167.0,22077.0
2025-06-18 11:03:40.148154,11398.0,16167.0,22077.0
2025-06-18 11:03:41.867262,11398.0,16144.0,22107.0
2025-06-18 11:03:44.156067,11398.0,16144.0,22107.0
2025-06-18 11:03:46.021794,11398.0,16144.0,22107.0
2025-06-18 11:03:46.171148,11397.0,16144.0,22107.0
2025-06-18 11:03:46.621124,11397.0,16012.0,22238.0
2025-06-18 11:03:47.070964,11397.0,16012.0,22238.0
2025-06-18 11:03:48.166586,11390.0,16012.0,22238.0
2025-06-18 11:03:48.887812,11390.0,16012.0,22238.0
2025-06-18 11:03:49.744273,11390.0,16012.0,22238.0
2025-06-18 11:03:50.550773,11390.0,16012.0,22238.0
2025-06-18 11:03:51.323247,11390.0,15786.0,22418.0
2025-06-18 11:03:51.586454,11390.0,15786.0,22418.0
2025-06-18 11:03:52.196679,11390.0,15786.0,22418.0
2025-06-18 11:03:53.065866,11390.0,15786.0,22418.0
2025-06-18 11:03:54.448038,11390.0,15786.0,22418.0
2025-06-18 11:03:55.719051,11390.0,15786.0,22418.0
2025-06-18 11:03:56.226991,11390.0,15916.0,22275.0
2025-06-18 11:03:56.579915,11390.0,15916.0,22275.0
2025-06-18 11:04:00.466296,11390.0,15916.0,22275.0
2025-06-18 11:04:00.514294,11390.0,15916.0,22275.0
2025-06-18 11:04:00.550883,11390.0,15916.0,22275.0
2025-06-18 11:04:01.430783,11394.0,15912.0,22276.0
2025-06-18 11:04:01.916805,11394.0,15912.0,22276.0
2025-06-18 11:04:02.179587,11394.0,15912.0,22276.0
2025-06-18 11:04:04.166827,11394.0,15912.0,22276.0
2025-06-18 11:04:06.165535,11391.0,15912.0,22276.0
2025-06-18 11:04:06.734607,11391.0,15864.0,22219.0
2025-06-18 11:04:08.178072,11394.0,15864.0,22219.0
2025-06-18 11:04:10.239439,11394.0,15864.0,22219.0
2025-06-18 11:04:11.738489,11394.0,15889.0,22229.0
2025-06-18 11:04:14.159313,11394.0,15889.0,22229.0
2025-06-18 11:04:16.162201,11394.0,15889.0,22229.0
2025-06-18 11:04:16.842983,11394.0,15766.0,22269.0
2025-06-18 11:04:22.165586,11396.0,15766.0,22269.0
2025-06-18 11:04:22.256161,11396.0,15809.0,22198.0
2025-06-18 11:04:27.358828,11396.0,15825.0,22201.0
2025-06-18 11:04:28.157048,11396.0,15825.0,22201.0
2025-06-18 11:04:30.155840,11387.0,15825.0,22201.0
2025-06-18 11:04:32.489216,11387.0,15648.0,22393.0
2025-06-18 11:04:34.200548,11387.0,15648.0,22393.0
2025-06-18 11:04:37.364922,11387.0,15694.0,22376.0
2025-06-18 11:04:42.273357,11387.0,15731.0,22403.0
2025-06-18 11:04:44.163188,11391.0,15731.0,22403.0
2025-06-18 11:04:46.161962,11391.0,15731.0,22403.0
2025-06-18 11:04:47.371756,11391.0,15676.0,22407.0
2025-06-18 11:04:48.165941,11391.0,15676.0,22407.0
2025-06-18 11:04:52.072502,11391.0,15643.0,22384.0
2025-06-18 11:04:54.191846,11387.0,15643.0,22384.0
2025-06-18 11:04:57.076597,11387.0,15683.0,22457.0
2025-06-18 11:05:01.492504,11391.0,15647.0,22455.0
2025-06-18 11:05:02.167064,11391.0,15647.0,22455.0
2025-06-18 11:05:05.175483,11391.0,15647.0,22455.0
2025-06-18 11:05:06.320850,11391.0,15680.0,22438.0
2025-06-18 11:05:10.159178,11383.0,15680.0,22438.0
2025-06-18 11:05:11.377002,11383.0,15730.0,22542.0
2025-06-18 11:05:12.203152,11386.0,15730.0,22542.0
2025-06-18 11:05:16.994205,11385.0,15743.0,22523.0
2025-06-18 11:05:18.193381,11385.0,15743.0,22523.0
2025-06-18 11:05:22.193669,11385.0,15738.0,22655.0
2025-06-18 11:05:26.997366,11385.0,15745.0,22646.0
2025-06-18 11:05:28.198494,11389.0,15745.0,22646.0
2025-06-18 11:05:31.898637,11388.0,15585.0,22717.0
2025-06-18 11:05:32.195184,11388.0,15585.0,22717.0
2025-06-18 11:05:35.171566,11388.0,15585.0,22717.0
2025-06-18 11:05:37.398967,11388.0,15699.0,22643.0
2025-06-18 11:05:42.600622,11388.0,15695.0,22731.0
2025-06-18 11:05:44.166191,11388.0,15695.0,22731.0
2025-06-18 11:05:46.167677,11388.0,15695.0,22731.0
2025-06-18 11:05:47.513480,11388.0,15701.0,22685.0
2025-06-18 11:05:48.208218,11385.0,15701.0,22685.0
2025-06-18 11:05:50.167216,11388.0,15701.0,22685.0
2025-06-18 11:05:52.711684,11388.0,15741.0,22678.0
2025-06-18 11:05:57.814305,11388.0,15678.0,22734.0
2025-06-18 11:06:02.167074,11388.0,15678.0,22734.0
2025-06-18 11:06:02.434837,11388.0,15677.0,22734.0
2025-06-18 11:06:04.175876,11388.0,15677.0,22734.0
2025-06-18 11:06:07.319532,11388.0,15672.0,22747.0
2025-06-18 11:06:12.219167,11388.0,15694.0,23124.0
2025-06-18 11:06:14.166919,11388.0,15694.0,23124.0
2025-06-18 11:06:16.164305,11388.0,15694.0,23124.0
2025-06-18 11:06:17.420336,11388.0,15666.0,23161.0
2025-06-18 11:06:18.167953,11388.0,15666.0,23161.0
2025-06-18 11:06:22.325771,11388.0,15681.0,23163.0
2025-06-18 11:06:26.216390,11388.0,15681.0,23163.0
2025-06-18 11:06:27.327000,11388.0,15637.0,23157.0
2025-06-18 11:06:31.931883,11387.0,15633.0,23154.0
2025-06-18 11:06:32.171278,11387.0,15633.0,23154.0
2025-06-18 11:06:34.230559,11387.0,15633.0,23154.0
2025-06-18 11:06:36.642229,11387.0,15641.0,23119.0
2025-06-18 11:06:41.740720,11390.0,15820.0,22829.0
2025-06-18 11:06:42.162143,11390.0,15820.0,22829.0
2025-06-18 11:06:44.175684,11391.0,15820.0,22829.0
2025-06-18 11:06:46.167433,11391.0,15820.0,22829.0
2025-06-18 11:06:46.722901,11391.0,15820.0,22829.0
2025-06-18 11:06:46.766405,11391.0,15701.0,22916.0
2025-06-18 11:06:47.610825,11391.0,15701.0,22916.0
2025-06-18 11:06:48.172639,11391.0,15701.0,22916.0
2025-06-18 11:06:48.548257,11391.0,15701.0,22916.0
2025-06-18 11:06:49.764192,11391.0,15701.0,22916.0
2025-06-18 11:06:50.168755,11391.0,15701.0,22916.0
2025-06-18 11:06:50.280117,11391.0,15701.0,22916.0
2025-06-18 11:06:51.050726,11391.0,15701.0,22916.0
2025-06-18 11:06:51.743737,11391.0,15767.0,22829.0
2025-06-18 11:06:52.035060,11391.0,15767.0,22829.0
2025-06-18 11:06:53.513153,11391.0,15767.0,22829.0
2025-06-18 11:06:54.753337,11391.0,15767.0,22829.0
2025-06-18 11:06:56.237732,11391.0,15767.0,22829.0
2025-06-18 11:06:56.652096,11391.0,15786.0,22848.0
2025-06-18 11:06:57.100954,11391.0,15786.0,22848.0
2025-06-18 11:06:58.514749,11391.0,15786.0,22848.0
2025-06-18 11:06:59.664601,11391.0,15786.0,22848.0
2025-06-18 11:07:00.820473,11391.0,15786.0,22848.0
2025-06-18 11:07:01.451221,11391.0,15772.0,22866.0
2025-06-18 11:07:02.164106,11391.0,15772.0,22866.0
2025-06-18 11:07:02.281441,11391.0,15772.0,22866.0
2025-06-18 11:07:05.086886,11391.0,15772.0,22866.0
2025-06-18 11:07:06.352051,11391.0,15783.0,22852.0
2025-06-18 11:07:11.168949,11391.0,15783.0,22852.0
2025-06-18 11:07:11.963166,11391.0,15787.0,22819.0
2025-06-18 11:07:14.167106,11391.0,15787.0,22819.0
2025-06-18 11:07:17.177002,11391.0,15787.0,22819.0
2025-06-18 11:07:17.566402,11391.0,15845.0,22809.0
2025-06-18 11:07:20.169002,11391.0,15845.0,22809.0
2025-06-18 11:07:22.667651,11391.0,15842.0,22774.0
2025-06-18 11:07:27.563920,11391.0,15846.0,22792.0
2025-06-18 11:07:28.172276,11391.0,15846.0,22792.0
2025-06-18 11:07:30.199809,11391.0,15846.0,22792.0
2025-06-18 11:07:32.179600,11391.0,15846.0,22792.0
2025-06-18 11:07:32.565132,11391.0,15820.0,22776.0
2025-06-18 11:07:34.172108,11391.0,15820.0,22776.0
2025-06-18 11:07:37.369296,11391.0,15850.0,22772.0
2025-06-18 11:07:42.174215,11390.0,15850.0,22772.0
2025-06-18 11:07:42.682968,11390.0,15781.0,22770.0
2025-06-18 11:07:44.794966,11391.0,15781.0,22770.0
2025-06-18 11:07:46.178969,11391.0,15781.0,22770.0
2025-06-18 11:07:47.976958,11391.0,15804.0,22759.0
2025-06-18 11:07:48.171629,11391.0,15804.0,22759.0
2025-06-18 11:07:52.991056,11391.0,15803.0,22724.0
2025-06-18 11:07:58.076333,11391.0,15794.0,22708.0
2025-06-18 11:08:01.247717,11391.0,15794.0,22708.0
2025-06-18 11:08:03.084841,11391.0,15807.0,22742.0
2025-06-18 11:08:03.176604,11391.0,15807.0,22742.0
2025-06-18 11:08:08.495165,11391.0,15807.0,22725.0
2025-06-18 11:08:14.174117,11391.0,15806.0,22729.0
2025-06-18 11:08:15.199608,11391.0,15806.0,22729.0
2025-06-18 11:08:20.482258,11391.0,15806.0,22729.0
2025-06-18 11:08:20.532359,11391.0,15806.0,22729.0
2025-06-18 11:08:20.533416,11391.0,15831.0,22597.0
2025-06-18 11:08:24.401364,11391.0,15832.0,22568.0
2025-06-18 11:08:30.102372,11391.0,15845.0,22496.0
2025-06-18 11:08:31.188012,11391.0,15845.0,22496.0
2025-06-18 11:08:33.179833,11391.0,15845.0,22496.0
2025-06-18 11:08:35.514985,11391.0,15854.0,22541.0
2025-06-18 11:08:40.710631,11391.0,15882.0,22548.0
2025-06-18 11:08:45.187621,11391.0,15882.0,22548.0
2025-06-18 11:08:45.913285,11391.0,15854.0,22544.0
2025-06-18 11:08:47.175620,11390.0,15854.0,22544.0
2025-06-18 11:08:49.178229,11390.0,15854.0,22544.0
2025-06-18 11:08:51.110979,11390.0,15896.0,22534.0
2025-06-18 11:08:56.415801,11391.0,15847.0,22534.0
2025-06-18 11:08:57.174068,11391.0,15847.0,22534.0
2025-06-18 11:08:59.178189,11391.0,15847.0,22534.0
2025-06-18 11:09:01.181762,11391.0,15847.0,22534.0
2025-06-18 11:09:01.338925,11391.0,15891.0,22496.0
2025-06-18 11:09:03.194825,11390.0,15891.0,22496.0
2025-06-18 11:09:06.219780,11390.0,15960.0,22522.0
2025-06-18 11:09:11.172379,11391.0,15960.0,22522.0
2025-06-18 11:09:11.530647,11391.0,16032.0,22477.0
2025-06-18 11:09:14.308922,11391.0,16032.0,22477.0
2025-06-18 11:09:15.174993,11391.0,16032.0,22477.0
2025-06-18 11:09:17.174635,11391.0,16032.0,22477.0
2025-06-18 11:09:17.425454,11391.0,16035.0,22370.0
2025-06-18 11:09:19.166016,11391.0,16035.0,22370.0
2025-06-18 11:09:22.965617,11391.0,16087.0,22314.0
2025-06-18 11:09:23.174842,11391.0,16087.0,22314.0
2025-06-18 11:09:25.179039,11390.0,16087.0,22314.0
2025-06-18 11:09:28.131988,11390.0,16032.0,22339.0
2025-06-18 11:09:29.179386,11391.0,16032.0,22339.0
2025-06-18 11:09:31.170950,11391.0,16032.0,22339.0
2025-06-18 11:09:33.182608,11391.0,16032.0,22339.0
2025-06-18 11:09:33.535164,11391.0,16045.0,22297.0
2025-06-18 11:09:35.175593,11390.0,16045.0,22297.0
2025-06-18 11:09:39.847980,11390.0,16211.0,22321.0
2025-06-18 11:09:41.170412,11392.0,16211.0,22321.0
2025-06-18 11:09:44.042148,11392.0,16567.0,22148.0
2025-06-18 11:09:45.178290,11395.0,16567.0,22148.0
2025-06-18 11:09:47.188802,11395.0,16567.0,22148.0
2025-06-18 11:09:47.224778,11395.0,16567.0,22148.0
2025-06-18 11:09:48.209314,11395.0,16567.0,22148.0
2025-06-18 11:09:49.098185,11395.0,16567.0,22148.0
2025-06-18 11:09:49.178155,11395.0,16567.0,22148.0
2025-06-18 11:09:49.243218,11395.0,16570.0,22115.0
2025-06-18 11:09:50.019717,11395.0,16570.0,22115.0
2025-06-18 11:09:51.634349,11395.0,16570.0,22115.0
2025-06-18 11:09:52.633482,11395.0,16570.0,22115.0
2025-06-18 11:09:53.209102,11395.0,16570.0,22115.0
2025-06-18 11:09:54.087220,11395.0,16570.0,22115.0
2025-06-18 11:09:54.843329,11395.0,16520.0,22067.0
2025-06-18 11:09:55.372472,11395.0,16520.0,22067.0
2025-06-18 11:09:56.582445,11395.0,16520.0,22067.0
2025-06-18 11:09:57.560637,11395.0,16520.0,22067.0
2025-06-18 11:09:58.971171,11395.0,16520.0,22067.0
2025-06-18 11:09:59.846685,11393.0,16451.0,22090.0
2025-06-18 11:10:00.117164,11393.0,16451.0,22090.0
2025-06-18 11:10:01.176528,11395.0,16451.0,22090.0
2025-06-18 11:10:01.244110,11395.0,16451.0,22090.0
2025-06-18 11:10:02.713603,11395.0,16451.0,22090.0
2025-06-18 11:10:03.218946,11395.0,16451.0,22090.0
2025-06-18 11:10:04.954534,11395.0,16543.0,22054.0
2025-06-18 11:10:10.163700,11395.0,16566.0,22060.0
2025-06-18 11:10:13.183398,11394.0,16566.0,22060.0
2025-06-18 11:10:14.190288,11394.0,16566.0,22060.0
2025-06-18 11:10:15.659695,11395.0,16492.0,22155.0
2025-06-18 11:10:17.187496,11395.0,16492.0,22155.0
2025-06-18 11:10:19.178017,11395.0,16492.0,22155.0
2025-06-18 11:10:20.760167,11395.0,16495.0,22154.0
2025-06-18 11:10:21.191531,11394.0,16495.0,22154.0
2025-06-18 11:10:23.179723,11395.0,16495.0,22154.0
2025-06-18 11:10:26.056266,11395.0,16467.0,22170.0
2025-06-18 11:10:28.189993,11394.0,16467.0,22170.0
2025-06-18 11:10:31.219319,11395.0,16467.0,22170.0
2025-06-18 11:10:31.665783,11394.0,16397.0,22204.0
2025-06-18 11:10:34.191000,11394.0,16397.0,22204.0
2025-06-18 11:10:37.268197,11394.0,16398.0,22213.0
2025-06-18 11:10:39.176888,11395.0,16398.0,22213.0
2025-06-18 11:10:42.771020,11393.0,16190.0,22410.0
2025-06-18 11:10:43.179146,11390.0,16190.0,22410.0
2025-06-18 11:10:45.177724,11393.0,16190.0,22410.0
2025-06-18 11:10:47.874416,11393.0,16177.0,22473.0
2025-06-18 11:10:49.177457,11393.0,16177.0,22473.0
2025-06-18 11:10:53.083176,11393.0,16130.0,22457.0
2025-06-18 11:10:55.180143,11394.0,16130.0,22457.0
2025-06-18 11:10:57.172645,11394.0,16130.0,22457.0
2025-06-18 11:10:58.189198,11394.0,16165.0,22413.0
2025-06-18 11:11:01.175837,11394.0,16165.0,22413.0
2025-06-18 11:11:03.178527,11394.0,16165.0,22413.0
2025-06-18 11:11:03.587568,11394.0,16131.0,22374.0
2025-06-18 11:11:05.174763,11394.0,16131.0,22374.0
2025-06-18 11:11:09.188515,11394.0,16161.0,22392.0
2025-06-18 11:11:14.395717,11394.0,16174.0,22401.0
2025-06-18 11:11:15.175135,11394.0,16174.0,22401.0
2025-06-18 11:11:17.190944,11394.0,16174.0,22401.0
2025-06-18 11:11:19.192357,11394.0,16174.0,22401.0
2025-06-18 11:11:19.698120,11394.0,16181.0,22396.0
2025-06-18 11:11:24.799939,11394.0,16175.0,22381.0
2025-06-18 11:11:29.227340,11392.0,16175.0,22381.0
2025-06-18 11:11:29.903702,11392.0,16147.0,22466.0
2025-06-18 11:11:33.179820,11390.0,16147.0,22466.0
2025-06-18 11:11:34.908307,11390.0,16137.0,22446.0
2025-06-18 11:11:39.910201,11390.0,16143.0,22424.0
2025-06-18 11:11:43.203747,11392.0,16143.0,22424.0
2025-06-18 11:11:45.093858,11392.0,16151.0,22410.0
2025-06-18 11:11:47.214885,11392.0,16151.0,22410.0
2025-06-18 11:11:49.194823,11392.0,16151.0,22410.0
2025-06-18 11:11:50.029627,11392.0,16168.0,22384.0
2025-06-18 11:11:51.207383,11392.0,16168.0,22384.0
2025-06-18 11:11:55.126904,11392.0,16135.0,22391.0
2025-06-18 11:12:00.126275,11392.0,16177.0,22385.0
2025-06-18 11:12:03.193346,11392.0,16177.0,22385.0
2025-06-18 11:12:04.826542,11392.0,16164.0,22351.0
2025-06-18 11:12:10.167888,11392.0,16219.0,22334.0
2025-06-18 11:12:13.188951,11394.0,16219.0,22334.0
2025-06-18 11:12:14.837415,11394.0,16251.0,22227.0
2025-06-18 11:12:17.181103,11395.0,16251.0,22227.0
2025-06-18 11:12:19.178743,11395.0,16251.0,22227.0
2025-06-18 11:12:20.242076,11395.0,16229.0,22240.0
2025-06-18 11:12:21.181860,11394.0,16229.0,22240.0
2025-06-18 11:12:25.146025,11394.0,16308.0,22185.0
2025-06-18 11:12:27.183007,11394.0,16308.0,22185.0
2025-06-18 11:12:30.049514,11394.0,16274.0,22188.0
2025-06-18 11:12:31.182852,11395.0,16274.0,22188.0
2025-06-18 11:12:33.183866,11395.0,16274.0,22188.0
2025-06-18 11:12:35.351036,11395.0,16291.0,22243.0
2025-06-18 11:12:37.182319,11395.0,16291.0,22243.0
2025-06-18 11:12:40.659654,11395.0,16312.0,22228.0
2025-06-18 11:12:45.186290,11395.0,16312.0,22228.0
2025-06-18 11:12:45.569368,11395.0,16360.0,22244.0
2025-06-18 11:12:47.181584,11395.0,16360.0,22244.0
2025-06-18 11:12:47.559370,11395.0,16360.0,22244.0
2025-06-18 11:12:48.623445,11395.0,16360.0,22244.0
2025-06-18 11:12:49.181489,11392.0,16360.0,22244.0
2025-06-18 11:12:49.530630,11392.0,16360.0,22244.0
2025-06-18 11:12:50.457108,11392.0,16360.0,22244.0
2025-06-18 11:12:50.763054,11392.0,16352.0,22187.0
2025-06-18 11:12:51.312371,11392.0,16352.0,22187.0
2025-06-18 11:12:52.075001,11392.0,16352.0,22187.0
2025-06-18 11:12:53.070274,11392.0,16352.0,22187.0
2025-06-18 11:12:54.038333,11392.0,16352.0,22187.0
2025-06-18 11:12:55.179487,11392.0,16352.0,22187.0
2025-06-18 11:12:55.761166,11392.0,16352.0,22187.0
2025-06-18 11:12:56.469935,11392.0,16371.0,22219.0
2025-06-18 11:12:57.003481,11392.0,16371.0,22219.0
2025-06-18 11:12:57.881520,11392.0,16371.0,22219.0
2025-06-18 11:12:59.284064,11392.0,16371.0,22219.0
2025-06-18 11:13:00.390835,11392.0,16371.0,22219.0
2025-06-18 11:13:01.183057,11395.0,16371.0,22219.0
2025-06-18 11:13:01.570569,11395.0,16371.0,22219.0
2025-06-18 11:13:01.771435,11395.0,16389.0,22202.0
2025-06-18 11:13:03.031274,11395.0,16389.0,22202.0
2025-06-18 11:13:03.209521,11395.0,16386.0,22182.0
2025-06-18 11:13:03.212489,11395.0,16386.0,22182.0
2025-06-18 11:13:04.183868,11395.0,16386.0,22182.0
2025-06-18 11:13:04.374029,11395.0,16386.0,22185.0
2025-06-18 11:13:05.374042,11395.0,16383.0,22180.0
2025-06-18 11:13:06.375924,11395.0,16377.0,22180.0
2025-06-18 11:13:07.475035,11395.0,16383.0,22182.0
2025-06-18 11:13:08.478241,11395.0,16357.0,22171.0
2025-06-18 11:13:09.478140,11395.0,16347.0,22165.0
2025-06-18 11:13:10.182121,11395.0,16347.0,22165.0
2025-06-18 11:13:10.476927,11395.0,16369.0,22226.0
2025-06-18 11:13:11.483726,11395.0,16387.0,22226.0
2025-06-18 11:13:12.380736,11395.0,16386.0,22229.0
2025-06-18 11:13:13.480986,11395.0,16386.0,22218.0
2025-06-18 11:13:14.183621,11395.0,16386.0,22218.0
2025-06-18 11:13:14.579493,11395.0,16379.0,22271.0
2025-06-18 11:13:15.188667,11395.0,16379.0,22271.0
2025-06-18 11:13:15.683311,11395.0,16375.0,22262.0
2025-06-18 11:13:16.184076,11395.0,16375.0,22262.0
2025-06-18 11:13:16.782800,11395.0,16375.0,22262.0
2025-06-18 11:13:17.685954,11395.0,16366.0,22262.0
2025-06-18 11:13:18.188930,11395.0,16366.0,22262.0
2025-06-18 11:13:18.784594,11395.0,16372.0,22234.0
2025-06-18 11:13:19.784465,11395.0,16372.0,22245.0
2025-06-18 11:13:20.186352,11393.0,16372.0,22245.0
2025-06-18 11:13:20.784225,11393.0,16320.0,22244.0
2025-06-18 11:13:21.887032,11393.0,16334.0,22245.0
2025-06-18 11:13:22.785937,11393.0,16328.0,22227.0
2025-06-18 11:13:23.786140,11393.0,16328.0,22230.0
2025-06-18 11:13:24.788480,11393.0,16336.0,22230.0
2025-06-18 11:13:25.787910,11393.0,16333.0,22226.0
2025-06-18 11:13:26.788984,11393.0,16333.0,22226.0
2025-06-18 11:13:28.396999,11393.0,16340.0,22226.0
2025-06-18 11:13:29.287225,11393.0,16333.0,22226.0
2025-06-18 11:13:30.403331,11393.0,16340.0,22226.0
2025-06-18 11:13:31.187200,11395.0,16340.0,22226.0
2025-06-18 11:13:31.401091,11395.0,16358.0,22238.0
2025-06-18 11:13:32.394509,11395.0,16357.0,22274.0
2025-06-18 11:13:33.191102,11395.0,16357.0,22274.0
2025-06-18 11:13:33.489708,11395.0,16354.0,22256.0
2025-06-18 11:13:34.592522,11395.0,16358.0,22241.0
2025-06-18 11:13:35.691306,11395.0,16346.0,22241.0
2025-06-18 11:13:36.693976,11395.0,16350.0,22241.0
2025-06-18 11:13:37.594936,11395.0,16347.0,22242.0
2025-06-18 11:13:38.184269,11395.0,16347.0,22242.0
2025-06-18 11:13:38.692427,11395.0,16352.0,22252.0
2025-06-18 11:13:39.693520,11395.0,16353.0,22249.0
2025-06-18 11:13:40.793785,11395.0,16329.0,22249.0
2025-06-18 11:13:41.894961,11395.0,16353.0,22252.0
2025-06-18 11:13:42.895986,11395.0,16356.0,22252.0
2025-06-18 11:13:43.895969,11395.0,16321.0,22291.0
2025-06-18 11:13:44.191856,11395.0,16321.0,22291.0
2025-06-18 11:13:44.896500,11395.0,16326.0,22291.0
2025-06-18 11:13:45.897109,11395.0,16324.0,22286.0
2025-06-18 11:13:46.189445,11395.0,16324.0,22286.0
2025-06-18 11:13:46.897231,11395.0,16335.0,22287.0
2025-06-18 11:13:47.896209,11395.0,16321.0,22287.0
2025-06-18 11:13:48.186205,11395.0,16321.0,22287.0
2025-06-18 11:13:48.897637,11395.0,16321.0,22270.0
2025-06-18 11:13:49.999111,11395.0,16312.0,22288.0
2025-06-18 11:13:51.097759,11395.0,16334.0,22296.0
2025-06-18 11:13:53.097639,11395.0,16355.0,22273.0
2025-06-18 11:13:54.600212,11395.0,16373.0,22282.0
2025-06-18 11:13:55.600920,11395.0,16372.0,22282.0
2025-06-18 11:13:56.700633,11395.0,16353.0,22284.0
2025-06-18 11:13:58.006210,11395.0,16361.0,22284.0
2025-06-18 11:13:59.005907,11395.0,16346.0,22284.0
2025-06-18 11:14:00.103307,11395.0,16335.0,22282.0
2025-06-18 11:14:01.185057,11395.0,16335.0,22282.0
2025-06-18 11:14:01.606960,11395.0,16377.0,22285.0
2025-06-18 11:14:03.190511,11395.0,16377.0,22285.0
2025-06-18 11:14:05.187652,11395.0,16377.0,22285.0
2025-06-18 11:14:06.519238,11395.0,16455.0,22207.0
2025-06-18 11:14:07.189497,11395.0,16455.0,22207.0
2025-06-18 11:14:11.187116,11395.0,16455.0,22207.0
2025-06-18 11:14:11.613624,11395.0,16499.0,22229.0
2025-06-18 11:14:15.191154,11395.0,16499.0,22229.0
2025-06-18 11:14:16.713915,11395.0,16471.0,22242.0
2025-06-18 11:14:17.198725,11395.0,16471.0,22242.0
2025-06-18 11:14:19.192176,11395.0,16471.0,22242.0
2025-06-18 11:14:21.419099,11395.0,16487.0,22305.0
2025-06-18 11:14:26.620923,11395.0,16522.0,22281.0
2025-06-18 11:14:31.191815,11395.0,16522.0,22281.0
2025-06-18 11:14:31.827117,11395.0,16485.0,22303.0
2025-06-18 11:14:33.191563,11395.0,16485.0,22303.0
2025-06-18 11:14:37.043001,11395.0,16493.0,22260.0
2025-06-18 11:14:42.044980,11395.0,16508.0,22263.0
2025-06-18 11:14:45.189591,11395.0,16508.0,22263.0
2025-06-18 11:14:47.197025,11395.0,16508.0,22263.0
2025-06-18 11:14:47.438343,11395.0,16375.0,22249.0
2025-06-18 11:14:49.190444,11395.0,16375.0,22249.0
2025-06-18 11:14:52.945331,11395.0,16449.0,22251.0
2025-06-18 11:14:55.192111,11395.0,16449.0,22251.0
2025-06-18 11:14:58.449115,11395.0,16498.0,22248.0
2025-06-18 11:15:01.188976,11395.0,16498.0,22248.0
2025-06-18 11:15:03.192480,11395.0,16498.0,22248.0
2025-06-18 11:15:03.656030,11395.0,16531.0,22208.0
2025-06-18 11:15:05.194777,11393.0,16531.0,22208.0
2025-06-18 11:15:10.434565,11393.0,16474.0,22245.0
2025-06-18 11:15:11.195144,11395.0,16474.0,22245.0
2025-06-18 11:15:14.059281,11395.0,16485.0,22292.0
2025-06-18 11:15:15.209664,11395.0,16485.0,22292.0
2025-06-18 11:15:17.206232,11395.0,16485.0,22292.0
2025-06-18 11:15:19.062162,11395.0,16489.0,22279.0
2025-06-18 11:15:19.200834,11394.0,16489.0,22279.0
2025-06-18 11:15:23.864684,11394.0,16481.0,22268.0
2025-06-18 11:15:29.368642,11394.0,16489.0,22291.0
2025-06-18 11:15:31.198645,11394.0,16489.0,22291.0
2025-06-18 11:15:34.973567,11394.0,16508.0,22286.0
2025-06-18 11:15:37.226994,11395.0,16508.0,22286.0
2025-06-18 11:15:40.380198,11395.0,16517.0,22272.0
2025-06-18 11:15:45.197639,11395.0,16517.0,22272.0
2025-06-18 11:15:45.280639,11395.0,16514.0,22246.0
2025-06-18 11:15:47.198013,11394.0,16514.0,22246.0
2025-06-18 11:15:48.065892,11394.0,16514.0,22246.0
2025-06-18 11:15:49.089903,11394.0,16514.0,22246.0
2025-06-18 11:15:50.933424,11394.0,16514.0,22246.0
2025-06-18 11:15:50.982394,11394.0,16507.0,22257.0
2025-06-18 11:15:51.201097,11394.0,16507.0,22257.0
2025-06-18 11:15:51.774542,11394.0,16507.0,22257.0
2025-06-18 11:15:52.575576,11394.0,16507.0,22257.0
2025-06-18 11:15:53.584192,11394.0,16507.0,22257.0
2025-06-18 11:15:54.133003,11394.0,16507.0,22257.0
2025-06-18 11:15:55.027058,11394.0,16507.0,22257.0
2025-06-18 11:15:55.197323,11395.0,16507.0,22257.0
2025-06-18 11:15:55.401151,11395.0,16507.0,22257.0
2025-06-18 11:15:56.184735,11395.0,16530.0,22239.0
2025-06-18 11:15:56.287449,11395.0,16530.0,22239.0
2025-06-18 11:15:57.550874,11395.0,16530.0,22239.0
2025-06-18 11:15:58.406911,11395.0,16530.0,22239.0
2025-06-18 11:15:59.195688,11394.0,16530.0,22239.0
2025-06-18 11:16:00.105287,11394.0,16530.0,22239.0
2025-06-18 11:16:01.210051,11394.0,16530.0,22239.0
2025-06-18 11:16:01.245917,11394.0,16530.0,22239.0
2025-06-18 11:16:01.387059,11394.0,16481.0,22223.0
2025-06-18 11:16:02.396636,11394.0,16481.0,22223.0
2025-06-18 11:16:03.200138,11394.0,16481.0,22223.0
2025-06-18 11:16:03.863281,11394.0,16481.0,22223.0
2025-06-18 11:16:06.792121,11394.0,16480.0,22238.0
2025-06-18 11:16:07.202943,11394.0,16480.0,22238.0
2025-06-18 11:16:11.200019,11393.0,16480.0,22238.0
2025-06-18 11:16:11.995546,11393.0,16291.0,22506.0
2025-06-18 11:16:13.205447,11392.0,16291.0,22506.0
2025-06-18 11:16:17.207226,11392.0,16291.0,22506.0
2025-06-18 11:16:17.498283,11392.0,16316.0,22476.0
2025-06-18 11:16:19.205762,11392.0,16316.0,22476.0
2025-06-18 11:16:22.599568,11392.0,16323.0,22418.0
2025-06-18 11:16:27.704323,11392.0,16293.0,22427.0
2025-06-18 11:16:29.207763,11394.0,16293.0,22427.0
2025-06-18 11:16:31.203486,11395.0,16293.0,22427.0
2025-06-18 11:16:32.611625,11395.0,16303.0,22411.0
2025-06-18 11:16:33.203250,11395.0,16303.0,22411.0
2025-06-18 11:16:37.912724,11395.0,16270.0,22461.0
2025-06-18 11:16:41.212251,11387.0,16270.0,22461.0
2025-06-18 11:16:43.116808,11387.0,15952.0,22794.0
2025-06-18 11:16:48.320696,11387.0,15939.0,22902.0
2025-06-18 11:16:53.424130,11387.0,15941.0,22845.0
2025-06-18 11:16:58.623193,11390.0,15861.0,22874.0
2025-06-18 11:17:00.418641,11390.0,15861.0,22874.0
2025-06-18 11:17:01.205956,11390.0,15861.0,22874.0
2025-06-18 11:17:03.206525,11390.0,15861.0,22874.0
2025-06-18 11:17:03.627293,11390.0,15887.0,22870.0
2025-06-18 11:17:07.210421,11390.0,15887.0,22870.0
2025-06-18 11:17:08.728056,11390.0,15879.0,22879.0
2025-06-18 11:17:13.934883,11390.0,15946.0,22861.0
2025-06-18 11:17:15.212494,11390.0,15946.0,22861.0
2025-06-18 11:17:17.208549,11390.0,15946.0,22861.0
2025-06-18 11:17:18.934251,11390.0,15987.0,22848.0
2025-06-18 11:17:19.208479,11390.0,15987.0,22848.0
2025-06-18 11:17:24.240975,11390.0,15981.0,22863.0
2025-06-18 11:17:29.341935,11390.0,15923.0,22865.0
2025-06-18 11:17:31.211731,11390.0,15923.0,22865.0
2025-06-18 11:17:33.213123,11390.0,15923.0,22865.0
2025-06-18 11:17:34.348078,11390.0,15936.0,22842.0
2025-06-18 11:17:39.451835,11390.0,15940.0,22813.0
2025-06-18 11:17:44.552256,11390.0,15928.0,22797.0
2025-06-18 11:17:45.208975,11390.0,15928.0,22797.0
2025-06-18 11:17:47.214313,11391.0,15928.0,22797.0
2025-06-18 11:17:49.208232,11390.0,15928.0,22797.0
2025-06-18 11:17:49.255420,11390.0,15916.0,22830.0
2025-06-18 11:17:53.991825,11390.0,15914.0,22833.0
2025-06-18 11:17:58.569355,11390.0,15920.0,22831.0
2025-06-18 11:18:01.208215,11390.0,15920.0,22831.0
2025-06-18 11:18:03.169514,11390.0,15947.0,22851.0
2025-06-18 11:18:03.209626,11390.0,15947.0,22851.0
2025-06-18 11:18:07.970300,11390.0,15964.0,22847.0
2025-06-18 11:18:09.208379,11390.0,15964.0,22847.0
2025-06-18 11:18:11.218629,11381.0,15964.0,22847.0
2025-06-18 11:18:13.082809,11381.0,15334.0,23384.0
2025-06-18 11:18:18.210170,11380.0,15334.0,23384.0
2025-06-18 11:18:19.105643,11380.0,15398.0,23336.0
2025-06-18 11:18:24.679852,11380.0,15405.0,23388.0
2025-06-18 11:18:26.212306,11381.0,15405.0,23388.0
2025-06-18 11:18:29.684124,11381.0,15414.0,23268.0
2025-06-18 11:18:32.216543,11384.0,15414.0,23268.0
2025-06-18 11:18:34.923915,11381.0,15414.0,23268.0
2025-06-18 11:18:34.965178,11381.0,15435.0,23249.0
2025-06-18 11:18:38.221171,11384.0,15435.0,23249.0
2025-06-18 11:18:39.998107,11384.0,15578.0,23040.0
2025-06-18 11:18:42.209654,11384.0,15578.0,23040.0
2025-06-18 11:18:44.216885,11384.0,15578.0,23040.0
2025-06-18 11:18:44.887276,11384.0,15588.0,22998.0
2025-06-18 11:18:46.207610,11384.0,15588.0,22998.0
2025-06-18 11:18:48.209961,11384.0,15588.0,22998.0
2025-06-18 11:18:48.470298,11384.0,15588.0,22998.0
2025-06-18 11:18:49.395293,11384.0,15467.0,22951.0
2025-06-18 11:18:49.547001,11384.0,15467.0,22951.0
2025-06-18 11:18:50.467433,11384.0,15467.0,22951.0
2025-06-18 11:18:51.400409,11384.0,15467.0,22951.0
2025-06-18 11:18:52.265503,11384.0,15467.0,22951.0
2025-06-18 11:18:53.034208,11384.0,15467.0,22951.0
2025-06-18 11:18:54.063385,11384.0,15467.0,22951.0
2025-06-18 11:18:54.194672,11384.0,15487.0,22944.0
2025-06-18 11:18:54.619503,11384.0,15487.0,22944.0
2025-06-18 11:18:55.029678,11384.0,15487.0,22944.0
2025-06-18 11:18:56.217256,11380.0,15487.0,22944.0
2025-06-18 11:18:56.784049,11380.0,15487.0,22944.0
2025-06-18 11:18:58.026125,11380.0,15487.0,22944.0
2025-06-18 11:18:58.213414,11380.0,15487.0,22944.0
2025-06-18 11:18:58.895721,11380.0,15487.0,22944.0
2025-06-18 11:18:58.996244,11380.0,15477.0,23020.0
2025-06-18 11:19:00.281218,11380.0,15477.0,23020.0
2025-06-18 11:19:01.558553,11380.0,15477.0,23020.0
2025-06-18 11:19:02.708590,11380.0,15477.0,23020.0
2025-06-18 11:19:03.899981,11380.0,15732.0,22981.0
2025-06-18 11:19:04.183090,11380.0,15732.0,22981.0
2025-06-18 11:19:06.212125,11380.0,15732.0,22981.0
2025-06-18 11:19:09.401322,11380.0,15770.0,22946.0
2025-06-18 11:19:12.212112,11386.0,15770.0,22946.0
2025-06-18 11:19:14.212298,11386.0,15770.0,22946.0
2025-06-18 11:19:14.403718,11386.0,15785.0,22921.0
2025-06-18 11:19:19.614579,11386.0,15841.0,22886.0
2025-06-18 11:19:21.223946,11388.0,15841.0,22886.0
2025-06-18 11:19:25.011252,11387.0,15854.0,22863.0
2025-06-18 11:19:25.221980,11387.0,15854.0,22863.0
2025-06-18 11:19:28.218505,11388.0,15854.0,22863.0
2025-06-18 11:19:29.913626,11388.0,15933.0,22835.0
2025-06-18 11:19:32.211078,11389.0,15933.0,22835.0
2025-06-18 11:19:34.816839,11389.0,15873.0,22864.0
2025-06-18 11:19:38.237886,11390.0,15873.0,22864.0
2025-06-18 11:19:39.619804,11390.0,15886.0,22780.0
2025-06-18 11:19:40.218384,11389.0,15886.0,22780.0
2025-06-18 11:19:44.239564,11390.0,15886.0,22780.0
2025-06-18 11:19:44.621129,11390.0,15835.0,22831.0
2025-06-18 11:19:46.216630,11390.0,15835.0,22831.0
2025-06-18 11:19:48.222607,11390.0,15835.0,22831.0
2025-06-18 11:19:49.725326,11390.0,15949.0,22782.0
2025-06-18 11:19:55.132577,11390.0,15919.0,22791.0
2025-06-18 11:19:58.220188,11391.0,15919.0,22791.0
2025-06-18 11:20:00.521502,11391.0,15926.0,22793.0
2025-06-18 11:20:02.241275,11390.0,15926.0,22793.0
2025-06-18 11:20:05.253834,11390.0,15855.0,22778.0
2025-06-18 11:20:06.221746,11389.0,15855.0,22778.0
2025-06-18 11:20:07.221271,11383.0,15855.0,22778.0
2025-06-18 11:20:10.046774,11383.0,15783.0,22915.0
2025-06-18 11:20:14.716190,11383.0,15816.0,22943.0
2025-06-18 11:20:15.216700,11384.0,15816.0,22943.0
2025-06-18 11:20:19.251135,11384.0,15816.0,22950.0
2025-06-18 11:20:24.455192,11384.0,15821.0,22930.0
2025-06-18 11:20:28.219221,11389.0,15821.0,22930.0
2025-06-18 11:20:29.559408,11389.0,15894.0,22876.0
2025-06-18 11:20:31.220802,11390.0,15894.0,22876.0
2025-06-18 11:20:33.219753,11390.0,15894.0,22876.0
2025-06-18 11:20:34.562578,11390.0,15909.0,22854.0
2025-06-18 11:20:39.219196,11387.0,15909.0,22854.0
2025-06-18 11:20:39.366206,11387.0,15871.0,22908.0
2025-06-18 11:20:44.068682,11390.0,15397.0,22952.0
2025-06-18 11:20:44.229390,11390.0,15397.0,22952.0
2025-06-18 11:20:46.222785,11389.0,15397.0,22952.0
2025-06-18 11:20:48.221237,11384.0,15397.0,22952.0
2025-06-18 11:20:49.170855,11384.0,15757.0,22901.0
2025-06-18 11:20:53.226324,11385.0,15757.0,22901.0
2025-06-18 11:20:54.174003,11385.0,15858.0,22834.0
2025-06-18 11:20:59.274475,11385.0,15906.0,22828.0
2025-06-18 11:21:00.224927,11390.0,15906.0,22828.0
2025-06-18 11:21:01.227821,11390.0,15906.0,22828.0
2025-06-18 11:21:03.243695,11390.0,15906.0,22828.0
2025-06-18 11:21:03.877094,11390.0,15953.0,22776.0
2025-06-18 11:21:08.784030,11390.0,15957.0,22777.0
2025-06-18 11:21:13.602793,11390.0,15968.0,22771.0
2025-06-18 11:21:14.218226,11391.0,15968.0,22771.0
2025-06-18 11:21:16.235376,11391.0,15968.0,22771.0
2025-06-18 11:21:18.192077,11391.0,16232.0,22559.0
2025-06-18 11:21:20.223964,11395.0,16232.0,22559.0
2025-06-18 11:21:23.094276,11395.0,16338.0,22539.0
2025-06-18 11:21:28.223948,11395.0,16338.0,22539.0
2025-06-18 11:21:28.292067,11395.0,16320.0,22526.0
2025-06-18 11:21:31.222452,11395.0,16320.0,22526.0
2025-06-18 11:21:33.225552,11395.0,16320.0,22526.0
2025-06-18 11:21:33.294700,11395.0,16358.0,22479.0
2025-06-18 11:21:38.099592,11395.0,16353.0,22490.0
2025-06-18 11:21:38.232256,11393.0,16353.0,22490.0
2025-06-18 11:21:39.249986,11393.0,16353.0,22490.0
2025-06-18 11:21:42.640825,11393.0,16257.0,22501.0
2025-06-18 11:21:44.227515,11395.0,16257.0,22501.0
2025-06-18 11:21:46.239432,11395.0,16257.0,22501.0
2025-06-18 11:21:47.304484,11395.0,16171.0,22458.0
2025-06-18 11:21:48.229943,11395.0,16171.0,22458.0
2025-06-18 11:21:49.048788,11395.0,16171.0,22458.0
2025-06-18 11:21:50.147257,11395.0,16171.0,22458.0
2025-06-18 11:21:51.053328,11395.0,16171.0,22458.0
2025-06-18 11:21:51.257173,11392.0,16171.0,22458.0
2025-06-18 11:21:52.579778,11392.0,16171.0,22458.0
2025-06-18 11:21:52.592601,11392.0,16167.0,22646.0
2025-06-18 11:21:52.845444,11392.0,16167.0,22646.0
2025-06-18 11:21:53.650051,11392.0,16167.0,22646.0
2025-06-18 11:21:54.227590,11393.0,16167.0,22646.0
2025-06-18 11:21:54.651922,11393.0,16167.0,22646.0
2025-06-18 11:21:55.207625,11393.0,16167.0,22646.0
2025-06-18 11:21:56.103180,11393.0,16167.0,22646.0
2025-06-18 11:21:57.359855,11393.0,16167.0,22646.0
2025-06-18 11:21:57.417540,11393.0,16406.0,22459.0
2025-06-18 11:21:58.627282,11393.0,16406.0,22459.0
2025-06-18 11:21:59.496278,11393.0,16406.0,22459.0
2025-06-18 11:22:00.880644,11393.0,16406.0,22459.0
2025-06-18 11:22:02.017468,11393.0,16406.0,22459.0
2025-06-18 11:22:02.415058,11393.0,16409.0,22441.0
2025-06-18 11:22:03.385656,11393.0,16409.0,22441.0
2025-06-18 11:22:05.220541,11393.0,16409.0,22441.0
2025-06-18 11:22:07.227218,11393.0,16404.0,22444.0
2025-06-18 11:22:08.226441,11395.0,16404.0,22444.0
2025-06-18 11:22:10.225684,11394.0,16404.0,22444.0
2025-06-18 11:22:12.419131,11394.0,16411.0,22436.0
2025-06-18 11:22:13.230319,11395.0,16411.0,22436.0
2025-06-18 11:22:14.224962,11395.0,16411.0,22436.0
2025-06-18 11:22:16.240384,11393.0,16411.0,22436.0
2025-06-18 11:22:17.426512,11393.0,16385.0,22422.0
2025-06-18 11:22:22.430520,11393.0,16405.0,22411.0
2025-06-18 11:22:27.271853,11393.0,16402.0,22438.0
2025-06-18 11:22:28.250055,11395.0,16402.0,22438.0
2025-06-18 11:22:29.225788,11395.0,16402.0,22438.0
2025-06-18 11:22:31.229663,11395.0,16402.0,22438.0
2025-06-18 11:22:32.233804,11395.0,16371.0,22465.0
2025-06-18 11:22:33.237414,11395.0,16371.0,22465.0
2025-06-18 11:22:37.144164,11395.0,16378.0,22440.0
2025-06-18 11:22:38.259473,11395.0,16378.0,22440.0
2025-06-18 11:22:42.259810,11395.0,16373.0,22439.0
2025-06-18 11:22:45.133991,11395.0,16373.0,22439.0
2025-06-18 11:22:46.235106,11395.0,16373.0,22439.0
2025-06-18 11:22:47.542108,11395.0,16387.0,22490.0
2025-06-18 11:22:48.235930,11395.0,16387.0,22490.0
2025-06-18 11:22:52.749091,11395.0,16348.0,22465.0
2025-06-18 11:22:55.237795,11393.0,16348.0,22465.0
2025-06-18 11:22:57.452072,11393.0,16334.0,22529.0
2025-06-18 11:23:01.262575,11395.0,16334.0,22529.0
2025-06-18 11:23:02.168248,11395.0,16192.0,22500.0
2025-06-18 11:23:02.247112,11395.0,16192.0,22500.0
2025-06-18 11:23:03.243251,11395.0,16192.0,22500.0
2025-06-18 11:23:07.179857,11395.0,16189.0,22495.0
2025-06-18 11:23:12.568669,11395.0,16162.0,22487.0
2025-06-18 11:23:14.240717,11395.0,16162.0,22487.0
2025-06-18 11:23:15.240186,11394.0,16162.0,22487.0
2025-06-18 11:23:17.060438,11386.0,15065.0,22974.0
2025-06-18 11:23:19.229712,11386.0,15065.0,22974.0
2025-06-18 11:23:22.565100,11383.0,15713.0,23052.0
2025-06-18 11:23:24.266230,11383.0,15713.0,23052.0
2025-06-18 11:23:28.073462,11383.0,15816.0,23126.0
2025-06-18 11:23:33.274115,11383.0,15844.0,23131.0
2025-06-18 11:23:34.228293,11388.0,15844.0,23131.0
2025-06-18 11:23:36.240877,11388.0,15844.0,23131.0
2025-06-18 11:23:38.479547,11388.0,15867.0,23104.0
2025-06-18 11:23:42.234283,11388.0,15867.0,23104.0
2025-06-18 11:23:43.242253,11388.0,15867.0,23104.0
2025-06-18 11:23:43.380117,11388.0,15854.0,23094.0
2025-06-18 11:23:46.236918,11388.0,15854.0,23094.0
2025-06-18 11:23:49.297627,11388.0,15879.0,23068.0
2025-06-18 11:23:49.299419,11388.0,15879.0,23068.0
2025-06-18 11:23:52.987137,11388.0,15914.0,23062.0
2025-06-18 11:23:57.694041,11388.0,15900.0,23101.0
2025-06-18 11:24:02.239728,11389.0,15900.0,23101.0
2025-06-18 11:24:02.897522,11389.0,16032.0,23043.0
2025-06-18 11:24:07.705396,11389.0,16080.0,23013.0
2025-06-18 11:24:10.234943,11389.0,16080.0,23013.0
2025-06-18 11:24:12.245956,11389.0,16080.0,23013.0
2025-06-18 11:24:12.702883,11389.0,16071.0,23090.0
2025-06-18 11:24:14.239728,11390.0,16071.0,23090.0
2025-06-18 11:24:17.600248,11390.0,16069.0,23043.0
2025-06-18 11:24:18.232044,11388.0,16069.0,23043.0
2025-06-18 11:24:22.604637,11388.0,16206.0,22886.0
2025-06-18 11:24:27.902731,11388.0,16181.0,22956.0
2025-06-18 11:24:32.242402,11390.0,16181.0,22956.0
2025-06-18 11:24:32.907429,11390.0,16176.0,22936.0
2025-06-18 11:24:34.236724,11390.0,16176.0,22936.0
2025-06-18 11:24:37.713430,11392.0,16236.0,22896.0
2025-06-18 11:24:38.249404,11392.0,16236.0,22896.0
2025-06-18 11:24:40.233636,11388.0,16236.0,22896.0
2025-06-18 11:24:42.518002,11388.0,16143.0,22918.0
2025-06-18 11:24:46.230200,11393.0,16143.0,22918.0
2025-06-18 11:24:47.713029,11393.0,16234.0,22890.0
2025-06-18 11:24:48.229958,11393.0,16234.0,22890.0
2025-06-18 11:24:49.484117,11393.0,16234.0,22890.0
2025-06-18 11:24:50.570489,11393.0,16234.0,22890.0
2025-06-18 11:24:51.478108,11393.0,16234.0,22890.0
2025-06-18 11:24:52.408249,11393.0,16234.0,22890.0
2025-06-18 11:24:52.719592,11393.0,16267.0,22850.0
2025-06-18 11:24:53.300572,11393.0,16267.0,22850.0
2025-06-18 11:24:54.043068,11393.0,16267.0,22850.0
2025-06-18 11:24:55.061959,11393.0,16267.0,22850.0
2025-06-18 11:24:56.050772,11393.0,16267.0,22850.0
2025-06-18 11:24:57.519668,11393.0,16331.0,22808.0
2025-06-18 11:24:57.781580,11393.0,16331.0,22808.0
2025-06-18 11:24:59.026015,11393.0,16331.0,22808.0
2025-06-18 11:25:01.283032,11393.0,16331.0,22808.0
2025-06-18 11:25:02.023087,11393.0,16355.0,22758.0
2025-06-18 11:25:02.245993,11393.0,16355.0,22758.0
2025-06-18 11:25:02.413677,11393.0,16355.0,22758.0
2025-06-18 11:25:03.229915,11393.0,16355.0,22758.0
2025-06-18 11:25:03.232336,11393.0,16326.0,22691.0
2025-06-18 11:25:03.546345,11393.0,16326.0,22691.0
2025-06-18 11:25:04.827437,11393.0,16325.0,22704.0
2025-06-18 11:25:05.012036,11393.0,16325.0,22704.0
2025-06-18 11:25:05.728320,11393.0,16326.0,22709.0
2025-06-18 11:25:06.632134,11393.0,16323.0,22711.0
2025-06-18 11:25:07.228879,11393.0,16323.0,22711.0
2025-06-18 11:25:07.528147,11393.0,16143.0,22914.0
2025-06-18 11:25:08.527624,11393.0,16149.0,22919.0
2025-06-18 11:25:09.529410,11393.0,16157.0,22919.0
2025-06-18 11:25:10.430734,11393.0,16162.0,22914.0
2025-06-18 11:25:11.332269,11393.0,16168.0,22906.0
2025-06-18 11:25:12.330345,11393.0,16149.0,22915.0
2025-06-18 11:25:13.256214,11391.0,16149.0,22915.0
2025-06-18 11:25:14.033751,11391.0,16125.0,22910.0
2025-06-18 11:25:15.034235,11388.0,16112.0,22907.0
2025-06-18 11:25:15.229222,11388.0,16112.0,22907.0
2025-06-18 11:25:16.835781,11388.0,16139.0,22909.0
2025-06-18 11:25:17.736648,11388.0,16139.0,22909.0
2025-06-18 11:25:18.642672,11388.0,16147.0,22880.0
2025-06-18 11:25:20.334846,11388.0,16161.0,22868.0
2025-06-18 11:25:21.230221,11388.0,16161.0,22868.0
2025-06-18 11:25:21.536916,11388.0,16101.0,22908.0
2025-06-18 11:25:22.719904,11388.0,16110.0,22896.0
2025-06-18 11:25:23.719722,11388.0,16111.0,22901.0
2025-06-18 11:25:24.646696,11388.0,16111.0,22904.0
2025-06-18 11:25:25.643740,11388.0,16089.0,22903.0
2025-06-18 11:25:26.647509,11388.0,16097.0,22902.0
2025-06-18 11:25:27.803991,11388.0,16105.0,22897.0
2025-06-18 11:25:28.233812,11392.0,16105.0,22897.0
2025-06-18 11:25:28.646258,11392.0,16103.0,22877.0
2025-06-18 11:25:29.601246,11392.0,16108.0,22877.0
2025-06-18 11:25:30.271112,11392.0,16108.0,22877.0
2025-06-18 11:25:31.232943,11392.0,16108.0,22877.0
2025-06-18 11:25:31.247037,11392.0,16125.0,22871.0
2025-06-18 11:25:32.235869,11392.0,16125.0,22871.0
2025-06-18 11:25:32.251154,11392.0,16123.0,22860.0
2025-06-18 11:25:33.229689,11387.0,16123.0,22860.0
2025-06-18 11:25:33.244521,11387.0,16087.0,22877.0
2025-06-18 11:25:34.244868,11387.0,16095.0,22895.0
2025-06-18 11:25:35.234787,11392.0,16103.0,22886.0
2025-06-18 11:25:35.241408,11392.0,16103.0,22886.0
2025-06-18 11:25:36.244372,11392.0,16099.0,22875.0
2025-06-18 11:25:37.171164,11392.0,16093.0,22875.0
2025-06-18 11:25:39.900686,11392.0,16093.0,22854.0
2025-06-18 11:25:39.940910,11392.0,16103.0,22852.0
2025-06-18 11:25:40.246796,11392.0,16110.0,22855.0
2025-06-18 11:25:41.245384,11392.0,16111.0,22855.0
2025-06-18 11:25:42.250354,11392.0,16104.0,22855.0
2025-06-18 11:25:43.443597,11392.0,16105.0,22855.0
2025-06-18 11:25:44.446327,11392.0,16109.0,22861.0
2025-06-18 11:25:45.546132,11392.0,16127.0,22851.0
2025-06-18 11:25:46.242436,11392.0,16127.0,22851.0
2025-06-18 11:25:46.745619,11392.0,16066.0,22943.0
2025-06-18 11:25:47.750382,11392.0,16097.0,22865.0
2025-06-18 11:25:48.238585,11391.0,16097.0,22865.0
2025-06-18 11:25:48.947047,11391.0,16101.0,22818.0
2025-06-18 11:25:49.850347,11391.0,16104.0,22818.0
2025-06-18 11:25:50.950873,11391.0,16150.0,22826.0
2025-06-18 11:25:52.048325,11391.0,16165.0,22829.0
2025-06-18 11:25:52.240530,11392.0,16165.0,22829.0
2025-06-18 11:25:53.048930,11392.0,16179.0,22826.0
2025-06-18 11:25:54.160122,11392.0,16175.0,22826.0
2025-06-18 11:25:55.161789,11392.0,16179.0,22823.0
2025-06-18 11:25:56.248567,11392.0,16178.0,22849.0
2025-06-18 11:25:57.244187,11388.0,16178.0,22849.0
2025-06-18 11:25:57.255964,11388.0,16132.0,22971.0
2025-06-18 11:25:58.256748,11388.0,16103.0,22977.0
2025-06-18 11:25:59.254108,11388.0,16118.0,22952.0
2025-06-18 11:26:00.254469,11388.0,16108.0,22949.0
2025-06-18 11:26:02.242453,11392.0,16108.0,22949.0
2025-06-18 11:26:04.225727,11392.0,16099.0,22931.0
2025-06-18 11:26:04.232914,11392.0,16099.0,22931.0
2025-06-18 11:26:08.249928,11390.0,16099.0,22931.0
2025-06-18 11:26:09.252191,11390.0,16039.0,22987.0
2025-06-18 11:26:13.965454,11392.0,16054.0,23028.0
2025-06-18 11:26:14.230261,11387.0,16054.0,23028.0
2025-06-18 11:26:18.867216,11387.0,16003.0,23008.0
2025-06-18 11:26:22.229858,11387.0,16003.0,23008.0
2025-06-18 11:26:23.769562,11387.0,15994.0,23008.0
2025-06-18 11:26:28.238265,11390.0,15994.0,23008.0
2025-06-18 11:26:28.774705,11390.0,16095.0,22966.0
2025-06-18 11:26:32.234815,11390.0,16095.0,22966.0
2025-06-18 11:26:33.715758,11390.0,16111.0,22972.0
2025-06-18 11:26:34.244313,11390.0,16111.0,22972.0
2025-06-18 11:26:38.245962,11387.0,16111.0,22972.0
2025-06-18 11:26:38.379152,11387.0,16109.0,22960.0
2025-06-18 11:26:42.244777,11387.0,16109.0,22960.0
2025-06-18 11:26:43.698273,11387.0,16089.0,22947.0
2025-06-18 11:26:46.249515,11390.0,16089.0,22947.0
2025-06-18 11:26:48.782731,11390.0,16158.0,22989.0
2025-06-18 11:26:53.789029,11391.0,16128.0,22999.0
2025-06-18 11:26:54.259973,11390.0,16128.0,22999.0
2025-06-18 11:26:56.236140,11391.0,16128.0,22999.0
2025-06-18 11:26:58.252859,11391.0,16128.0,22999.0
2025-06-18 11:26:58.790853,11391.0,16140.0,22968.0
2025-06-18 11:27:02.238972,11391.0,16140.0,22968.0
2025-06-18 11:27:03.995006,11391.0,16136.0,22948.0
2025-06-18 11:27:04.282696,11391.0,16136.0,22948.0
2025-06-18 11:27:08.255946,11390.0,16136.0,22948.0
2025-06-18 11:27:08.900500,11390.0,16144.0,22949.0
2025-06-18 11:27:12.235823,11385.0,16144.0,22949.0
2025-06-18 11:27:13.905555,11385.0,16071.0,22920.0
2025-06-18 11:27:18.719524,11385.0,16135.0,22898.0
2025-06-18 11:27:23.720115,11385.0,15877.0,22921.0
2025-06-18 11:27:26.277322,11390.0,15877.0,22921.0
2025-06-18 11:27:28.277070,11390.0,15877.0,22921.0
2025-06-18 11:27:28.509165,11390.0,16138.0,22933.0
2025-06-18 11:27:32.267508,11390.0,16138.0,22933.0
2025-06-18 11:27:33.714962,11390.0,16191.0,22946.0
2025-06-18 11:27:34.247664,11390.0,16191.0,22946.0
2025-06-18 11:27:38.916230,11390.0,16218.0,22930.0
2025-06-18 11:27:44.222533,11391.0,16208.0,23021.0
2025-06-18 11:27:44.243543,11391.0,16208.0,23021.0
2025-06-18 11:27:46.242785,11390.0,16208.0,23021.0
2025-06-18 11:27:49.913510,11390.0,16208.0,23021.0
2025-06-18 11:27:50.421156,11390.0,16233.0,23044.0
2025-06-18 11:27:50.999851,11390.0,16233.0,23044.0
2025-06-18 11:27:51.915499,11390.0,16233.0,23044.0
2025-06-18 11:27:52.843855,11390.0,16233.0,23044.0
2025-06-18 11:27:53.760812,11390.0,16233.0,23044.0
2025-06-18 11:27:54.485734,11390.0,16233.0,23044.0
2025-06-18 11:27:55.498489,11390.0,16233.0,23044.0
2025-06-18 11:27:55.925428,11391.0,16285.0,23038.0
2025-06-18 11:27:56.063205,11391.0,16285.0,23038.0
2025-06-18 11:27:56.241547,11391.0,16285.0,23038.0
2025-06-18 11:27:56.470733,11391.0,16285.0,23038.0
2025-06-18 11:27:57.329178,11391.0,16285.0,23038.0
2025-06-18 11:27:58.254820,11391.0,16285.0,23038.0
2025-06-18 11:27:58.269282,11390.0,16285.0,23038.0
2025-06-18 11:27:59.453154,11390.0,16285.0,23038.0
2025-06-18 11:28:00.314433,11390.0,16285.0,23038.0
2025-06-18 11:28:00.827253,11390.0,16113.0,23105.0
2025-06-18 11:28:01.717417,11390.0,16113.0,23105.0
2025-06-18 11:28:02.239712,11386.0,16113.0,23105.0
2025-06-18 11:28:02.850574,11386.0,16113.0,23105.0
2025-06-18 11:28:03.982128,11386.0,16113.0,23105.0
2025-06-18 11:28:05.530470,11386.0,16121.0,23068.0
2025-06-18 11:28:05.598553,11386.0,16121.0,23068.0
2025-06-18 11:28:06.238565,11391.0,16121.0,23068.0
2025-06-18 11:28:10.523419,11391.0,16170.0,23050.0
2025-06-18 11:28:14.246333,11391.0,16170.0,23050.0
2025-06-18 11:28:15.141182,11391.0,16317.0,22874.0
2025-06-18 11:28:16.240502,11391.0,16317.0,22874.0
2025-06-18 11:28:18.239400,11391.0,16317.0,22874.0
2025-06-18 11:28:20.247051,11389.0,16317.0,22874.0
2025-06-18 11:28:20.248216,11389.0,16274.0,22891.0
2025-06-18 11:28:25.643980,11389.0,16278.0,22906.0
2025-06-18 11:28:29.252840,11389.0,16278.0,22906.0
2025-06-18 11:28:30.841432,11391.0,16303.0,22883.0
2025-06-18 11:28:32.244019,11391.0,16303.0,22883.0
2025-06-18 11:28:34.258826,11391.0,16303.0,22883.0
2025-06-18 11:28:35.761478,11391.0,16335.0,22868.0
2025-06-18 11:28:40.658396,11391.0,16285.0,22897.0
2025-06-18 11:28:45.755726,11393.0,16368.0,22835.0
2025-06-18 11:28:46.244324,11393.0,16368.0,22835.0
2025-06-18 11:28:50.762549,11393.0,16284.0,22859.0
2025-06-18 11:28:52.246272,11395.0,16284.0,22859.0
2025-06-18 11:28:54.241211,11393.0,16284.0,22859.0
2025-06-18 11:28:55.671950,11393.0,16246.0,22960.0
2025-06-18 11:28:58.408570,11393.0,16246.0,22960.0
2025-06-18 11:29:00.404593,11393.0,16287.0,22993.0
2025-06-18 11:29:04.253927,11394.0,16287.0,22993.0
2025-06-18 11:29:04.968251,11394.0,16305.0,22992.0
2025-06-18 11:29:09.867177,11394.0,16301.0,22981.0
2025-06-18 11:29:12.247883,11394.0,16301.0,22981.0
2025-06-18 11:29:14.270283,11395.0,16301.0,22981.0
2025-06-18 11:29:15.184288,11395.0,16328.0,22924.0
2025-06-18 11:29:16.245980,11395.0,16328.0,22924.0
2025-06-18 11:29:18.249378,11395.0,16328.0,22924.0
2025-06-18 11:29:20.575086,11395.0,16352.0,22917.0
2025-06-18 11:29:25.883256,11395.0,16329.0,22914.0
2025-06-18 11:29:31.195469,11389.0,16040.0,23179.0
2025-06-18 11:29:32.421338,11389.0,16040.0,23179.0
2025-06-18 11:29:34.249637,11389.0,16040.0,23179.0
2025-06-18 11:29:36.492226,11389.0,16005.0,23221.0
2025-06-18 11:29:40.247518,11385.0,16005.0,23221.0
2025-06-18 11:29:41.890951,11389.0,15972.0,23198.0
2025-06-18 11:29:42.249233,11389.0,15972.0,23198.0
2025-06-18 11:29:46.246414,11389.0,15972.0,23198.0
2025-06-18 11:29:46.795262,11385.0,16035.0,22897.0
2025-06-18 11:29:48.259515,11385.0,16035.0,22897.0
2025-06-18 11:29:50.250736,11390.0,16035.0,22897.0
2025-06-18 11:29:51.498217,11390.0,16053.0,22888.0
2025-06-18 11:29:56.712020,11390.0,16032.0,22930.0
2025-06-18 11:29:58.297627,11390.0,16032.0,22930.0
2025-06-18 11:30:01.718058,11386.0,15870.0,23014.0
2025-06-18 11:30:02.247821,11386.0,15870.0,23014.0
2025-06-18 11:30:07.010177,11384.0,15745.0,23356.0
2025-06-18 11:30:07.258346,11384.0,15745.0,23356.0
2025-06-18 11:30:12.512779,11382.0,15520.0,23612.0
2025-06-18 11:30:14.261567,11382.0,15520.0,23612.0
2025-06-18 11:30:17.916831,11375.0,15363.0,23551.0
2025-06-18 11:30:20.248335,11375.0,15363.0,23551.0
2025-06-18 11:30:23.416267,11380.0,15438.0,23434.0
2025-06-18 11:30:25.277419,11376.0,15438.0,23434.0
2025-06-18 11:30:28.256148,11380.0,15438.0,23434.0
2025-06-18 11:30:29.021147,11380.0,15469.0,23451.0
2025-06-18 11:30:30.254638,11378.0,15469.0,23451.0
2025-06-18 11:30:34.123552,11378.0,15404.0,23524.0
2025-06-18 11:30:34.250167,11378.0,15404.0,23524.0
2025-06-18 11:30:37.272614,11375.0,15404.0,23524.0
2025-06-18 11:30:38.262192,11375.0,15404.0,23524.0
2025-06-18 11:30:39.239179,11375.0,15350.0,23484.0
2025-06-18 11:30:40.265158,11378.0,15350.0,23484.0
2025-06-18 11:30:42.265396,11381.0,15350.0,23484.0
2025-06-18 11:30:44.728841,11381.0,15911.0,23021.0
2025-06-18 11:30:46.282024,11386.0,15911.0,23021.0
2025-06-18 11:30:50.036229,11386.0,16069.0,22951.0
2025-06-18 11:30:50.333168,11386.0,16069.0,22951.0
2025-06-18 11:30:51.424536,11386.0,16069.0,22951.0
2025-06-18 11:30:52.346947,11386.0,16069.0,22951.0
2025-06-18 11:30:53.290339,11386.0,16069.0,22951.0
2025-06-18 11:30:54.159315,11386.0,16069.0,22951.0
2025-06-18 11:30:54.258462,11388.0,16069.0,22951.0
2025-06-18 11:30:54.936399,11388.0,16069.0,22951.0
2025-06-18 11:30:55.040458,11388.0,16029.0,22947.0
2025-06-18 11:30:55.974777,11388.0,16029.0,22947.0
2025-06-18 11:30:56.540626,11388.0,16029.0,22947.0
2025-06-18 11:30:57.449802,11388.0,16029.0,22947.0
2025-06-18 11:30:58.256274,11388.0,16029.0,22947.0
2025-06-18 11:30:58.713402,11388.0,16029.0,22947.0
2025-06-18 11:30:59.955493,11388.0,16029.0,22947.0
2025-06-18 11:31:00.149760,11388.0,15951.0,22926.0
2025-06-18 11:31:00.815869,11388.0,15951.0,22926.0
2025-06-18 11:31:02.226185,11388.0,15951.0,22926.0
2025-06-18 11:31:02.295957,11388.0,15951.0,22926.0
2025-06-18 11:31:03.350125,11388.0,15951.0,22926.0
2025-06-18 11:31:04.264042,11388.0,15951.0,22926.0
2025-06-18 11:31:04.493559,11388.0,15951.0,22926.0
2025-06-18 11:31:04.852003,11388.0,15889.0,23030.0
2025-06-18 11:31:05.967002,11388.0,15889.0,23030.0
2025-06-18 11:31:09.952583,11388.0,15894.0,23067.0
2025-06-18 11:31:14.263498,11389.0,15894.0,23067.0
2025-06-18 11:31:15.058003,11389.0,15931.0,22899.0
2025-06-18 11:31:16.266247,11388.0,15931.0,22899.0
2025-06-18 11:31:18.267650,11387.0,15931.0,22899.0
2025-06-18 11:31:20.272615,11387.0,14975.0,23116.0
2025-06-18 11:31:22.257365,11377.0,14975.0,23116.0
2025-06-18 11:31:25.772118,11377.0,15643.0,23214.0
2025-06-18 11:31:28.264009,11379.0,15643.0,23214.0
2025-06-18 11:31:31.294540,11379.0,15707.0,23155.0
2025-06-18 11:31:34.267104,11379.0,15707.0,23155.0
2025-06-18 11:31:36.259670,11383.0,15707.0,23155.0
2025-06-18 11:31:36.473973,11383.0,15637.0,23181.0
2025-06-18 11:31:40.260433,11381.0,15637.0,23181.0
2025-06-18 11:31:41.580393,11381.0,15666.0,23144.0
2025-06-18 11:31:42.283814,11377.0,15666.0,23144.0
2025-06-18 11:31:46.713420,11377.0,15501.0,23318.0
2025-06-18 11:31:51.792024,11377.0,15546.0,23389.0
2025-06-18 11:31:56.806347,11377.0,15544.0,23427.0
2025-06-18 11:31:58.274555,11379.0,15544.0,23427.0
2025-06-18 11:32:00.290558,11379.0,15544.0,23427.0
2025-06-18 11:32:01.497905,11380.0,15583.0,23355.0
2025-06-18 11:32:02.270542,11379.0,15583.0,23355.0
2025-06-18 11:32:06.260191,11373.0,15583.0,23355.0
2025-06-18 11:32:06.601448,11373.0,13975.0,23491.0
2025-06-18 11:32:11.258462,11373.0,13975.0,23491.0
2025-06-18 11:32:12.807440,11373.0,15267.0,23613.0
2025-06-18 11:32:18.611930,11373.0,15353.0,23521.0
2025-06-18 11:32:19.284361,11373.0,15353.0,23521.0
2025-06-18 11:32:24.117646,11373.0,15409.0,23557.0
2025-06-18 11:32:28.261869,11375.0,15409.0,23557.0
2025-06-18 11:32:29.821680,11375.0,15334.0,23563.0
2025-06-18 11:32:33.268838,11376.0,15334.0,23563.0
2025-06-18 11:32:35.626448,11376.0,15379.0,23543.0
2025-06-18 11:32:41.528314,11376.0,15418.0,23681.0
2025-06-18 11:32:45.267210,11376.0,15418.0,23681.0
2025-06-18 11:32:47.032533,11376.0,15434.0,23502.0
2025-06-18 11:32:48.275629,11376.0,15434.0,23502.0
2025-06-18 11:32:51.265696,11376.0,15434.0,23502.0
2025-06-18 11:32:52.136831,11376.0,15402.0,23556.0
2025-06-18 11:32:54.266020,11372.0,15402.0,23556.0
2025-06-18 11:32:57.337902,11372.0,15435.0,23596.0
2025-06-18 11:33:02.839962,11376.0,15398.0,23590.0
2025-06-18 11:33:04.265572,11376.0,15398.0,23590.0
2025-06-18 11:33:06.263546,11370.0,15398.0,23590.0
2025-06-18 11:33:08.245149,11370.0,15337.0,23575.0
2025-06-18 11:33:13.754387,11371.0,15301.0,23551.0
2025-06-18 11:33:15.269552,11370.0,15301.0,23551.0
2025-06-18 11:33:18.265758,11376.0,15301.0,23551.0
2025-06-18 11:33:18.947682,11376.0,15466.0,23486.0
2025-06-18 11:33:21.273430,11376.0,15466.0,23486.0
2025-06-18 11:33:24.158421,11376.0,15257.0,23765.0
2025-06-18 11:33:27.349737,11370.0,15257.0,23765.0
2025-06-18 11:33:29.659137,11370.0,15241.0,23733.0
2025-06-18 11:33:31.266922,11370.0,15241.0,23733.0
2025-06-18 11:33:35.454686,11370.0,15247.0,23725.0
2025-06-18 11:33:40.266309,11370.0,15247.0,23725.0
2025-06-18 11:33:41.360960,11370.0,15196.0,23782.0
2025-06-18 11:33:43.266022,11372.0,15196.0,23782.0
2025-06-18 11:33:45.270694,11370.0,15196.0,23782.0
2025-06-18 11:33:47.464737,11370.0,15207.0,23691.0
2025-06-18 11:33:48.270667,11370.0,15207.0,23691.0
2025-06-18 11:33:51.094899,11370.0,15207.0,23691.0
2025-06-18 11:33:51.276277,11370.0,15207.0,23691.0
2025-06-18 11:33:52.224637,11370.0,15207.0,23691.0
2025-06-18 11:33:53.148657,11370.0,15207.0,23691.0
2025-06-18 11:33:53.192678,11370.0,15232.0,23773.0
2025-06-18 11:33:54.101329,11370.0,15232.0,23773.0
2025-06-18 11:33:55.792458,11370.0,15232.0,23773.0
2025-06-18 11:33:56.891872,11370.0,15232.0,23773.0
2025-06-18 11:33:57.467120,11370.0,15232.0,23773.0
2025-06-18 11:33:58.290843,11373.0,15232.0,23773.0
2025-06-18 11:33:58.365236,11373.0,15232.0,23773.0
2025-06-18 11:33:58.972768,11373.0,15357.0,23634.0
2025-06-18 11:33:59.617526,11373.0,15357.0,23634.0
2025-06-18 11:34:00.875517,11373.0,15357.0,23634.0
2025-06-18 11:34:01.749429,11373.0,15357.0,23634.0
2025-06-18 11:34:03.135867,11373.0,15357.0,23634.0
2025-06-18 11:34:03.280181,11375.0,15357.0,23634.0
2025-06-18 11:34:04.273513,11375.0,15357.0,23634.0
2025-06-18 11:34:04.784358,11375.0,15392.0,23704.0
2025-06-18 11:34:05.515664,11375.0,15392.0,23704.0
2025-06-18 11:34:06.299095,11373.0,15392.0,23704.0
2025-06-18 11:34:06.876794,11373.0,15392.0,23704.0
2025-06-18 11:34:09.276909,11375.0,15392.0,23704.0
2025-06-18 11:34:10.379504,11375.0,15451.0,23567.0
2025-06-18 11:34:12.287965,11372.0,15451.0,23567.0
2025-06-18 11:34:15.282905,11372.0,15451.0,23567.0
2025-06-18 11:34:15.683878,11372.0,15311.0,23976.0
2025-06-18 11:34:18.283759,11372.0,15311.0,23976.0
2025-06-18 11:34:20.888990,11370.0,15336.0,23972.0
2025-06-18 11:34:21.294456,11370.0,15336.0,23972.0
2025-06-18 11:34:24.298057,11370.0,15336.0,23972.0
2025-06-18 11:34:26.206717,11370.0,15196.0,24105.0
2025-06-18 11:34:27.288875,11370.0,15196.0,24105.0
2025-06-18 11:34:30.307416,11370.0,15196.0,24105.0
2025-06-18 11:34:31.496422,11370.0,15035.0,24118.0
2025-06-18 11:34:33.294498,11368.0,15035.0,24118.0
2025-06-18 11:34:36.703659,11366.0,15125.0,23967.0
2025-06-18 11:34:37.434365,11364.0,15125.0,23967.0
2025-06-18 11:34:39.282156,11357.0,15125.0,23967.0
2025-06-18 11:34:41.283023,11354.0,15125.0,23967.0
2025-06-18 11:34:41.504779,11354.0,14641.0,24064.0
2025-06-18 11:34:43.275878,11353.0,14641.0,24064.0
2025-06-18 11:34:45.289050,11351.0,14641.0,24064.0
2025-06-18 11:34:46.503749,11351.0,14611.0,24055.0
2025-06-18 11:34:47.288353,11351.0,14611.0,24055.0
2025-06-18 11:34:49.284885,11352.0,14611.0,24055.0
2025-06-18 11:34:51.278550,11351.0,14611.0,24055.0
2025-06-18 11:34:52.008263,11354.0,14855.0,23709.0
2025-06-18 11:34:53.292665,11356.0,14855.0,23709.0
2025-06-18 11:34:55.274966,11358.0,14855.0,23709.0
2025-06-18 11:34:57.305403,11357.0,14855.0,23709.0
2025-06-18 11:34:57.511321,11357.0,14947.0,23733.0
2025-06-18 11:35:00.492132,11356.0,14947.0,23733.0
2025-06-18 11:35:01.290681,11356.0,14947.0,23733.0
2025-06-18 11:35:01.815471,11356.0,14557.0,23813.0
2025-06-18 11:35:02.812948,11356.0,14849.0,23853.0
2025-06-18 11:35:03.274773,11356.0,14849.0,23853.0
2025-06-18 11:35:03.731979,11356.0,14841.0,23889.0
2025-06-18 11:35:04.284281,11356.0,14841.0,23889.0
2025-06-18 11:35:04.814677,11356.0,14677.0,24081.0
2025-06-18 11:35:05.814374,11356.0,14688.0,24011.0
2025-06-18 11:35:06.290044,11356.0,14688.0,24011.0
2025-06-18 11:35:06.725861,11356.0,14668.0,24018.0
2025-06-18 11:35:07.325958,11350.0,14668.0,24018.0
2025-06-18 11:35:07.821481,11350.0,14609.0,24163.0
2025-06-18 11:35:08.916811,11350.0,14649.0,24142.0
2025-06-18 11:35:09.816994,11350.0,14650.0,24145.0
2025-06-18 11:35:10.818954,11350.0,14630.0,24181.0
2025-06-18 11:35:11.288966,11350.0,14630.0,24181.0
2025-06-18 11:35:11.817517,11350.0,14465.0,24283.0
2025-06-18 11:35:12.496193,11350.0,14465.0,24283.0
2025-06-18 11:35:12.816757,11350.0,14386.0,24308.0
2025-06-18 11:35:13.292148,11349.0,14386.0,24308.0
2025-06-18 11:35:13.917758,11349.0,14310.0,24412.0
2025-06-18 11:35:14.918746,11345.0,14332.0,24396.0
2025-06-18 11:35:15.291163,11345.0,14332.0,24396.0
2025-06-18 11:35:15.819192,11345.0,14356.0,24374.0
2025-06-18 11:35:16.313867,11349.0,14356.0,24374.0
2025-06-18 11:35:16.919873,11352.0,14397.0,24208.0
2025-06-18 11:35:17.301002,11352.0,14397.0,24208.0
2025-06-18 11:35:17.923661,11349.0,14495.0,24208.0
2025-06-18 11:35:18.287999,11349.0,14495.0,24208.0
2025-06-18 11:35:19.020803,11349.0,14393.0,24249.0
2025-06-18 11:35:19.332581,11349.0,14393.0,24249.0
2025-06-18 11:35:20.020795,11345.0,14473.0,24318.0
2025-06-18 11:35:20.508519,11345.0,14473.0,24318.0
2025-06-18 11:35:20.922168,11345.0,14474.0,24308.0
2025-06-18 11:35:21.285732,11345.0,14474.0,24308.0
2025-06-18 11:35:22.032255,11345.0,14463.0,24256.0
2025-06-18 11:35:23.022552,11345.0,14514.0,24200.0
2025-06-18 11:35:23.283006,11345.0,14514.0,24200.0
2025-06-18 11:35:24.022352,11345.0,14468.0,24225.0
2025-06-18 11:35:25.022657,11346.0,14508.0,24195.0
2025-06-18 11:35:25.309804,11346.0,14508.0,24195.0
2025-06-18 11:35:26.123661,11346.0,14516.0,24214.0
2025-06-18 11:35:27.123373,11346.0,14509.0,24215.0
2025-06-18 11:35:28.123519,11346.0,14514.0,24218.0
2025-06-18 11:35:29.124114,11346.0,14514.0,24207.0
2025-06-18 11:35:30.124091,11346.0,14510.0,24209.0
2025-06-18 11:35:31.123174,11349.0,14497.0,24144.0
2025-06-18 11:35:31.286139,11349.0,14497.0,24144.0
2025-06-18 11:35:32.125423,11349.0,14465.0,24163.0
2025-06-18 11:35:33.025300,11349.0,14576.0,24080.0
2025-06-18 11:35:33.278319,11350.0,14576.0,24080.0
2025-06-18 11:35:34.026805,11349.0,14717.0,23989.0
2025-06-18 11:35:34.281999,11349.0,14717.0,23989.0
2025-06-18 11:35:35.025988,11350.0,14830.0,23832.0
2025-06-18 11:35:35.284180,11350.0,14830.0,23832.0
2025-06-18 11:35:36.028917,11350.0,14832.0,23842.0
2025-06-18 11:35:37.029777,11350.0,14816.0,23838.0
2025-06-18 11:35:37.294413,11350.0,14816.0,23838.0
2025-06-18 11:35:38.030011,11350.0,14859.0,23828.0
2025-06-18 11:35:39.031654,11350.0,14929.0,23794.0
2025-06-18 11:35:40.032758,11350.0,14940.0,23785.0
2025-06-18 11:35:40.275890,11355.0,14940.0,23785.0
2025-06-18 11:35:41.034404,11356.0,14929.0,23813.0
2025-06-18 11:35:41.302281,11356.0,14929.0,23813.0
2025-06-18 11:35:42.033864,11356.0,14930.0,23819.0
2025-06-18 11:35:43.034339,11356.0,14951.0,23810.0
2025-06-18 11:35:43.277852,11356.0,14951.0,23810.0
2025-06-18 11:35:44.034577,11351.0,14871.0,23935.0
2025-06-18 11:35:44.276949,11351.0,14871.0,23935.0
2025-06-18 11:35:44.935294,11350.0,14808.0,23936.0
2025-06-18 11:35:45.273818,11350.0,14808.0,23936.0
2025-06-18 11:35:46.036452,11351.0,14817.0,23905.0
2025-06-18 11:35:46.286238,11351.0,14817.0,23905.0
2025-06-18 11:35:47.139867,11350.0,14769.0,23908.0
2025-06-18 11:35:47.273688,11350.0,14769.0,23908.0
2025-06-18 11:35:48.250774,11354.0,14973.0,23797.0
2025-06-18 11:35:48.276181,11354.0,14973.0,23797.0
2025-06-18 11:35:49.349577,11354.0,14976.0,23800.0
2025-06-18 11:35:50.247910,11354.0,14977.0,23800.0
2025-06-18 11:35:51.252992,11354.0,14975.0,23813.0
2025-06-18 11:35:52.242347,11350.0,14917.0,23819.0
2025-06-18 11:35:52.302888,11350.0,14917.0,23819.0
2025-06-18 11:35:53.247221,11350.0,14824.0,23886.0
2025-06-18 11:35:54.249526,11350.0,14862.0,23901.0
2025-06-18 11:35:55.256375,11350.0,14796.0,23894.0
2025-06-18 11:35:56.251943,11350.0,14794.0,23994.0
2025-06-18 11:35:57.353831,11350.0,14328.0,24000.0
2025-06-18 11:35:58.467318,11350.0,14830.0,23982.0
2025-06-18 11:35:59.272172,11350.0,14830.0,23982.0
2025-06-18 11:35:59.543919,11350.0,14826.0,23973.0
2025-06-18 11:36:00.652201,11350.0,14893.0,23945.0
2025-06-18 11:36:04.279109,11350.0,14893.0,23945.0
2025-06-18 11:36:06.362560,11350.0,14930.0,23931.0
2025-06-18 11:36:12.064593,11350.0,14896.0,23981.0
2025-06-18 11:36:12.279515,11350.0,14896.0,23981.0
2025-06-18 11:36:14.285262,11350.0,14896.0,23981.0
2025-06-18 11:36:16.279581,11350.0,14896.0,23981.0
2025-06-18 11:36:17.757165,11350.0,14851.0,23966.0
2025-06-18 11:36:18.277128,11350.0,14851.0,23966.0
2025-06-18 11:36:23.359054,11350.0,14877.0,23910.0
2025-06-18 11:36:24.281600,11350.0,14877.0,23910.0
2025-06-18 11:36:28.859525,11350.0,14854.0,24058.0
2025-06-18 11:36:32.285131,11349.0,14854.0,24058.0
2025-06-18 11:36:34.363601,11349.0,14866.0,24046.0
2025-06-18 11:36:38.278880,11349.0,14866.0,24046.0
2025-06-18 11:36:39.565781,11349.0,14721.0,24149.0
2025-06-18 11:36:40.280380,11349.0,14721.0,24149.0
2025-06-18 11:36:44.280665,11350.0,14721.0,24149.0
2025-06-18 11:36:44.766914,11350.0,14735.0,24143.0
2025-06-18 11:36:46.280952,11350.0,14735.0,24143.0
2025-06-18 11:36:48.288065,11349.0,14735.0,24143.0
2025-06-18 11:36:50.169646,11349.0,14660.0,24293.0
2025-06-18 11:36:51.345457,11349.0,14660.0,24293.0
2025-06-18 11:36:52.455637,11349.0,14660.0,24293.0
2025-06-18 11:36:53.392880,11349.0,14660.0,24293.0
2025-06-18 11:36:54.340354,11349.0,14660.0,24293.0
2025-06-18 11:36:55.232893,11349.0,14660.0,24293.0
2025-06-18 11:36:55.571222,11349.0,14729.0,24324.0
2025-06-18 11:36:56.031644,11349.0,14729.0,24324.0
2025-06-18 11:36:57.107140,11349.0,14729.0,24324.0
2025-06-18 11:36:58.077492,11349.0,14729.0,24324.0
2025-06-18 11:36:58.285476,11350.0,14729.0,24324.0
2025-06-18 11:36:58.561110,11350.0,14729.0,24324.0
2025-06-18 11:36:59.818588,11350.0,14729.0,24324.0
2025-06-18 11:37:00.975184,11350.0,14726.0,24301.0
2025-06-18 11:37:01.075877,11350.0,14726.0,24301.0
2025-06-18 11:37:02.280254,11350.0,14726.0,24301.0
2025-06-18 11:37:03.355502,11350.0,14726.0,24301.0
2025-06-18 11:37:04.304026,11350.0,14726.0,24301.0
2025-06-18 11:37:04.485534,11350.0,14726.0,24301.0
2025-06-18 11:37:05.692874,11350.0,14726.0,24301.0
2025-06-18 11:37:06.181819,11350.0,14752.0,24290.0
2025-06-18 11:37:07.109056,11350.0,14752.0,24290.0
2025-06-18 11:37:11.382255,11350.0,14734.0,24281.0
2025-06-18 11:37:14.291597,11350.0,14734.0,24281.0
2025-06-18 11:37:16.288480,11350.0,14734.0,24281.0
2025-06-18 11:37:16.497592,11350.0,14756.0,24285.0
2025-06-18 11:37:18.282642,11349.0,14756.0,24285.0
2025-06-18 11:37:21.390965,11349.0,14730.0,24298.0
2025-06-18 11:37:26.284713,11350.0,14730.0,24298.0
2025-06-18 11:37:26.298039,11350.0,14854.0,24295.0
2025-06-18 11:37:28.286730,11350.0,14854.0,24295.0
2025-06-18 11:37:31.394457,11350.0,14859.0,24232.0
2025-06-18 11:37:32.283084,11350.0,14859.0,24232.0
2025-06-18 11:37:34.293016,11350.0,14859.0,24232.0
2025-06-18 11:37:37.497008,11350.0,14894.0,24387.0
2025-06-18 11:37:40.289542,11350.0,14894.0,24387.0
2025-06-18 11:37:42.507241,11350.0,14917.0,24388.0
2025-06-18 11:37:45.183086,11350.0,14917.0,24388.0
2025-06-18 11:37:46.282292,11350.0,14917.0,24388.0
2025-06-18 11:37:47.709104,11349.0,14909.0,24375.0
2025-06-18 11:37:48.287504,11349.0,14909.0,24375.0
2025-06-18 11:37:52.285972,11349.0,14909.0,24375.0
2025-06-18 11:37:53.113663,11349.0,14930.0,24384.0
2025-06-18 11:37:58.326974,11350.0,14930.0,24384.0
2025-06-18 11:37:58.709637,11350.0,14995.0,24341.0
2025-06-18 11:38:01.286860,11349.0,14995.0,24341.0
2025-06-18 11:38:04.015272,11349.0,14937.0,24606.0
2025-06-18 11:38:04.297165,11349.0,14937.0,24606.0
2025-06-18 11:38:09.292867,11347.0,14937.0,24606.0
2025-06-18 11:38:09.717800,11347.0,14860.0,24702.0
2025-06-18 11:38:13.290225,11347.0,14860.0,24702.0
2025-06-18 11:38:15.420440,11347.0,14871.0,24694.0
2025-06-18 11:38:19.325527,11347.0,14871.0,24694.0
2025-06-18 11:38:20.751098,11347.0,14877.0,24666.0
2025-06-18 11:38:25.832536,11347.0,14880.0,24663.0
2025-06-18 11:38:29.301664,11350.0,14880.0,24663.0
2025-06-18 11:38:31.135668,11350.0,15002.0,24141.0
2025-06-18 11:38:31.321579,11350.0,15002.0,24141.0
2025-06-18 11:38:33.287506,11348.0,15002.0,24141.0
2025-06-18 11:38:35.289900,11348.0,15002.0,24141.0
2025-06-18 11:38:36.539477,11350.0,15015.0,24153.0
2025-06-18 11:38:37.289983,11350.0,15015.0,24153.0
2025-06-18 11:38:39.293867,11350.0,15015.0,24153.0
2025-06-18 11:38:41.844632,11349.0,15055.0,24128.0
2025-06-18 11:38:43.292060,11349.0,15055.0,24128.0
2025-06-18 11:38:46.841830,11350.0,15086.0,24122.0
2025-06-18 11:38:47.289451,11350.0,15086.0,24122.0
2025-06-18 11:38:49.302234,11350.0,15086.0,24122.0
2025-06-18 11:38:51.330276,11354.0,15086.0,24122.0
2025-06-18 11:38:51.948098,11354.0,15051.0,23689.0
2025-06-18 11:38:53.289447,11354.0,15051.0,23689.0
2025-06-18 11:38:57.518657,11351.0,15145.0,23706.0
2025-06-18 11:38:57.523166,11351.0,15145.0,23706.0
2025-06-18 11:38:59.287279,11350.0,15145.0,23706.0
2025-06-18 11:39:01.305671,11350.0,15145.0,23706.0
2025-06-18 11:39:01.852756,11351.0,15662.0,23445.0
2025-06-18 11:39:03.291445,11351.0,15662.0,23445.0
2025-06-18 11:39:06.960179,11351.0,15764.0,23449.0
2025-06-18 11:39:11.294351,11357.0,15764.0,23449.0
2025-06-18 11:39:12.673143,11357.0,15716.0,23445.0
2025-06-18 11:39:13.297083,11357.0,15716.0,23445.0
2025-06-18 11:39:15.299282,11356.0,15716.0,23445.0
2025-06-18 11:39:17.531936,11355.0,15716.0,23445.0
2025-06-18 11:39:18.272779,11355.0,15617.0,23568.0
2025-06-18 11:39:19.293963,11355.0,15617.0,23568.0
2025-06-18 11:39:21.295839,11354.0,15617.0,23568.0
2025-06-18 11:39:23.295130,11353.0,15617.0,23568.0
2025-06-18 11:39:23.801217,11353.0,15808.0,23589.0
2025-06-18 11:39:27.298005,11352.0,15808.0,23589.0
2025-06-18 11:39:28.976660,11350.0,15691.0,23553.0
2025-06-18 11:39:29.302567,11350.0,15691.0,23553.0
2025-06-18 11:39:31.293485,11352.0,15691.0,23553.0
2025-06-18 11:39:33.978399,11352.0,15753.0,23582.0
2025-06-18 11:39:39.580617,11352.0,15875.0,23407.0
2025-06-18 11:39:41.308370,11356.0,15875.0,23407.0
2025-06-18 11:39:43.295872,11358.0,15875.0,23407.0
2025-06-18 11:39:44.582723,11358.0,16182.0,23272.0
2025-06-18 11:39:47.294088,11358.0,16182.0,23272.0
2025-06-18 11:39:49.299785,11354.0,16182.0,23272.0
2025-06-18 11:39:49.885856,11354.0,15688.0,23358.0
2025-06-18 11:39:51.767053,11354.0,15688.0,23358.0
2025-06-18 11:39:53.288320,11354.0,15688.0,23358.0
2025-06-18 11:39:53.326903,11355.0,15688.0,23358.0
2025-06-18 11:39:54.219296,11355.0,15688.0,23358.0
2025-06-18 11:39:55.178958,11355.0,15688.0,23358.0
2025-06-18 11:39:55.388400,11355.0,16051.0,23227.0
2025-06-18 11:39:56.053694,11355.0,16051.0,23227.0
2025-06-18 11:39:57.295749,11356.0,16051.0,23227.0
2025-06-18 11:39:57.929634,11356.0,16051.0,23227.0
2025-06-18 11:39:58.502223,11356.0,16051.0,23227.0
2025-06-18 11:39:59.435457,11356.0,16051.0,23227.0
2025-06-18 11:40:00.671398,11356.0,16051.0,23227.0
2025-06-18 11:40:00.694016,11361.0,16118.0,23253.0
2025-06-18 11:40:01.302006,11361.0,16118.0,23253.0
2025-06-18 11:40:01.596799,11361.0,16196.0,23220.0
2025-06-18 11:40:01.928229,11361.0,16196.0,23220.0
2025-06-18 11:40:02.694681,11361.0,16201.0,23144.0
2025-06-18 11:40:02.797609,11361.0,16201.0,23144.0
2025-06-18 11:40:03.292991,11361.0,16201.0,23144.0
2025-06-18 11:40:03.695917,11361.0,16217.0,23116.0
2025-06-18 11:40:04.197335,11361.0,16217.0,23116.0
2025-06-18 11:40:04.796379,11361.0,16218.0,23166.0
2025-06-18 11:40:05.337535,11361.0,16218.0,23166.0
2025-06-18 11:40:05.797574,11361.0,16278.0,23160.0
2025-06-18 11:40:06.478629,11361.0,16278.0,23160.0
2025-06-18 11:40:07.399042,11361.0,16278.0,23157.0
2025-06-18 11:40:07.985560,11361.0,16278.0,23157.0
2025-06-18 11:40:08.898619,11361.0,16285.0,23160.0
2025-06-18 11:40:09.898692,11361.0,16285.0,23158.0
2025-06-18 11:40:10.998124,11361.0,16275.0,23162.0
2025-06-18 11:40:11.998022,11361.0,16271.0,23165.0
2025-06-18 11:40:13.096502,11361.0,16251.0,23165.0
2025-06-18 11:40:13.293285,11361.0,16251.0,23165.0
2025-06-18 11:40:14.097159,11361.0,16390.0,23037.0
2025-06-18 11:40:15.097925,11361.0,16390.0,23043.0
2025-06-18 11:40:16.099128,11366.0,16308.0,23020.0
2025-06-18 11:40:16.293532,11366.0,16308.0,23020.0
2025-06-18 11:40:17.099194,11366.0,16292.0,23024.0
2025-06-18 11:40:18.099821,11368.0,16761.0,22487.0
2025-06-18 11:40:18.295957,11368.0,16761.0,22487.0
2025-06-18 11:40:19.099677,11368.0,16789.0,22625.0
2025-06-18 11:40:20.102391,11368.0,16580.0,22631.0
2025-06-18 11:40:20.296506,11374.0,16580.0,22631.0
2025-06-18 11:40:21.202000,11374.0,16706.0,22665.0
2025-06-18 11:40:22.205396,11374.0,16737.0,22615.0
2025-06-18 11:40:22.294601,11374.0,16737.0,22615.0
2025-06-18 11:40:23.319036,11374.0,16723.0,22623.0
2025-06-18 11:40:24.298245,11374.0,16723.0,22623.0
2025-06-18 11:40:24.403748,11374.0,16703.0,22666.0
2025-06-18 11:40:25.505811,11374.0,16676.0,22706.0
2025-06-18 11:40:26.299975,11374.0,16676.0,22706.0
2025-06-18 11:40:26.606573,11374.0,16948.0,22499.0
2025-06-18 11:40:27.293800,11372.0,16948.0,22499.0
2025-06-18 11:40:27.508105,11372.0,16865.0,22530.0
2025-06-18 11:40:28.296153,11376.0,16865.0,22530.0
2025-06-18 11:40:28.509823,11376.0,17006.0,22450.0
2025-06-18 11:40:29.550725,11376.0,16993.0,22305.0
2025-06-18 11:40:30.511645,11377.0,17108.0,22335.0
2025-06-18 11:40:31.296388,11377.0,17108.0,22335.0
2025-06-18 11:40:31.610166,11377.0,17078.0,22378.0
2025-06-18 11:40:32.611520,11377.0,17082.0,22369.0
2025-06-18 11:40:33.516828,11383.0,16953.0,22363.0
2025-06-18 11:40:34.295251,11383.0,16953.0,22363.0
2025-06-18 11:40:34.612510,11383.0,16996.0,22502.0
2025-06-18 11:40:35.714808,11383.0,17007.0,22513.0
2025-06-18 11:40:36.296150,11380.0,17007.0,22513.0
2025-06-18 11:40:36.814824,11380.0,17022.0,22454.0
2025-06-18 11:40:37.841745,11380.0,16995.0,22464.0
2025-06-18 11:40:38.294993,11380.0,16995.0,22464.0
2025-06-18 11:40:38.719237,11380.0,17008.0,22453.0
2025-06-18 11:40:39.298449,11378.0,17008.0,22453.0
2025-06-18 11:40:39.818807,11378.0,17024.0,22460.0
2025-06-18 11:40:40.995888,11378.0,17021.0,22473.0
2025-06-18 11:40:41.926437,11378.0,17018.0,22514.0
2025-06-18 11:40:42.301521,11378.0,17018.0,22514.0
2025-06-18 11:40:42.935146,11378.0,16993.0,22535.0
2025-06-18 11:40:43.294227,11379.0,16993.0,22535.0
2025-06-18 11:40:43.947004,11377.0,16973.0,22548.0
2025-06-18 11:40:44.299819,11377.0,16973.0,22548.0
2025-06-18 11:40:44.923481,11377.0,16973.0,22560.0
2025-06-18 11:40:45.296119,11377.0,16973.0,22560.0
2025-06-18 11:40:45.927525,11379.0,16931.0,22614.0
2025-06-18 11:40:46.296859,11379.0,16931.0,22614.0
2025-06-18 11:40:46.925488,11379.0,16931.0,22619.0
2025-06-18 11:40:47.826961,11375.0,16898.0,22643.0
2025-06-18 11:40:48.304553,11375.0,16898.0,22643.0
2025-06-18 11:40:48.925010,11375.0,16923.0,22645.0
2025-06-18 11:40:49.924335,11375.0,16917.0,22646.0
2025-06-18 11:40:51.122453,11375.0,16932.0,22656.0
2025-06-18 11:40:52.224165,11375.0,16924.0,22655.0
2025-06-18 11:40:53.328625,11375.0,16918.0,22648.0
2025-06-18 11:40:54.336201,11375.0,16939.0,22549.0
2025-06-18 11:40:55.226540,11375.0,16938.0,22545.0
2025-06-18 11:40:55.296472,11375.0,16938.0,22545.0
2025-06-18 11:40:56.228024,11375.0,16905.0,22591.0
2025-06-18 11:40:56.296677,11375.0,16905.0,22591.0
2025-06-18 11:40:57.228541,11375.0,16705.0,22673.0
2025-06-18 11:40:57.297301,11375.0,16705.0,22673.0
2025-06-18 11:40:58.229990,11376.0,16714.0,22688.0
2025-06-18 11:40:58.296897,11376.0,16714.0,22688.0
2025-06-18 11:40:59.231166,11376.0,16705.0,22738.0
2025-06-18 11:41:00.134511,11376.0,16707.0,22794.0
2025-06-18 11:41:01.831882,11376.0,16712.0,22733.0
2025-06-18 11:41:02.835316,11375.0,16766.0,22651.0
2025-06-18 11:41:03.302497,11375.0,16766.0,22651.0
2025-06-18 11:41:03.836255,11376.0,16777.0,22581.0
2025-06-18 11:41:04.302491,11376.0,16777.0,22581.0
2025-06-18 11:41:04.834650,11376.0,16777.0,22644.0
2025-06-18 11:41:05.936543,11376.0,16778.0,22657.0
2025-06-18 11:41:07.037144,11380.0,17661.0,22076.0
2025-06-18 11:41:07.303437,11380.0,17661.0,22076.0
2025-06-18 11:41:08.137036,11380.0,17661.0,22102.0
2025-06-18 11:41:09.244010,11381.0,17674.0,22094.0
2025-06-18 11:41:09.301755,11381.0,17674.0,22094.0
2025-06-18 11:41:10.342271,11381.0,17651.0,22095.0
2025-06-18 11:41:11.346369,11381.0,17650.0,22097.0
2025-06-18 11:41:12.340861,11381.0,17776.0,22118.0
2025-06-18 11:41:13.301650,11384.0,17776.0,22118.0
2025-06-18 11:41:13.337934,11384.0,17602.0,22115.0
2025-06-18 11:41:14.249486,11384.0,17577.0,22121.0
2025-06-18 11:41:15.247642,11384.0,17604.0,22106.0
2025-06-18 11:41:16.309537,11385.0,17604.0,22106.0
2025-06-18 11:41:16.348239,11385.0,17624.0,22084.0
2025-06-18 11:41:17.301851,11385.0,17624.0,22084.0
2025-06-18 11:41:17.441858,11385.0,17634.0,22086.0
2025-06-18 11:41:18.306943,11385.0,17634.0,22086.0
2025-06-18 11:41:18.542626,11385.0,17778.0,22061.0
2025-06-18 11:41:19.543430,11385.0,17753.0,22080.0
2025-06-18 11:41:20.642676,11385.0,17762.0,22076.0
2025-06-18 11:41:21.647786,11385.0,17771.0,22076.0
2025-06-18 11:41:23.257239,11385.0,17729.0,22091.0
2025-06-18 11:41:24.348651,11385.0,17734.0,22079.0
2025-06-18 11:41:25.261026,11385.0,17747.0,22091.0
2025-06-18 11:41:25.321224,11385.0,17747.0,22091.0
2025-06-18 11:41:26.159920,11385.0,17741.0,22076.0
2025-06-18 11:41:27.159839,11385.0,17735.0,22083.0
2025-06-18 11:41:28.278197,11388.0,17732.0,22066.0
2025-06-18 11:41:28.301507,11388.0,17732.0,22066.0
2025-06-18 11:41:29.349962,11388.0,17748.0,22058.0
2025-06-18 11:41:30.449223,11388.0,17786.0,21899.0
2025-06-18 11:41:31.306433,11388.0,17786.0,21899.0
2025-06-18 11:41:31.350225,11388.0,17781.0,21983.0
2025-06-18 11:41:32.301155,11385.0,17781.0,21983.0
2025-06-18 11:41:32.351250,11385.0,17721.0,21941.0
2025-06-18 11:41:33.350590,11385.0,17735.0,21938.0
2025-06-18 11:41:34.450293,11385.0,17722.0,22120.0
2025-06-18 11:41:35.306837,11384.0,17722.0,22120.0
2025-06-18 11:41:35.451648,11384.0,17639.0,22156.0
2025-06-18 11:41:36.451995,11384.0,17708.0,22139.0
2025-06-18 11:41:37.353987,11384.0,17733.0,22123.0
2025-06-18 11:41:38.356011,11384.0,17720.0,22127.0
2025-06-18 11:41:39.301375,11385.0,17720.0,22127.0
2025-06-18 11:41:39.355467,11385.0,17870.0,21929.0
2025-06-18 11:41:40.457719,11385.0,17866.0,21933.0
2025-06-18 11:41:41.303675,11388.0,17866.0,21933.0
2025-06-18 11:41:41.458169,11388.0,17861.0,21931.0
2025-06-18 11:41:42.560496,11388.0,17829.0,21926.0
2025-06-18 11:41:43.672343,11388.0,17818.0,21928.0
2025-06-18 11:41:44.668369,11388.0,17874.0,21926.0
2025-06-18 11:41:45.664699,11388.0,17888.0,21870.0
2025-06-18 11:41:46.305033,11388.0,17888.0,21870.0
2025-06-18 11:41:46.663784,11388.0,17890.0,21921.0
2025-06-18 11:41:47.307234,11388.0,17890.0,21921.0
2025-06-18 11:41:47.663358,11388.0,18075.0,21765.0
2025-06-18 11:41:48.306415,11388.0,18075.0,21765.0
2025-06-18 11:41:48.664722,11388.0,17993.0,21769.0
2025-06-18 11:41:49.773184,11388.0,17972.0,21770.0
2025-06-18 11:41:50.866485,11388.0,17959.0,21782.0
2025-06-18 11:41:51.305000,11388.0,17959.0,21782.0
2025-06-18 11:41:51.865381,11388.0,17946.0,21769.0
2025-06-18 11:41:52.776268,11388.0,17914.0,21826.0
2025-06-18 11:41:53.773763,11388.0,17910.0,21823.0
2025-06-18 11:41:54.868006,11388.0,17910.0,21770.0
2025-06-18 11:41:55.969122,11388.0,17947.0,21819.0
2025-06-18 11:41:57.069764,11388.0,17944.0,21819.0
2025-06-18 11:41:58.071544,11390.0,18033.0,21687.0
2025-06-18 11:41:58.304856,11390.0,18033.0,21687.0
2025-06-18 11:41:59.073655,11390.0,18033.0,21744.0
2025-06-18 11:42:00.179604,11390.0,18027.0,21760.0
2025-06-18 11:42:01.189527,11391.0,18008.0,21756.0
2025-06-18 11:42:01.313226,11391.0,18008.0,21756.0
2025-06-18 11:42:05.308184,11391.0,18008.0,21756.0
2025-06-18 11:42:06.076884,11391.0,17948.0,21689.0
2025-06-18 11:42:11.340730,11391.0,17948.0,21689.0
2025-06-18 11:42:11.377883,11391.0,17992.0,21677.0
2025-06-18 11:42:13.320625,11393.0,17992.0,21677.0
2025-06-18 11:42:15.331115,11391.0,17992.0,21677.0
2025-06-18 11:42:16.387879,11391.0,17924.0,21791.0
2025-06-18 11:42:19.308928,11391.0,17924.0,21791.0
2025-06-18 11:42:21.487563,11391.0,17927.0,21756.0
2025-06-18 11:42:26.691452,11388.0,17793.0,21993.0
2025-06-18 11:42:27.374827,11388.0,17793.0,21993.0
2025-06-18 11:42:31.340415,11382.0,17793.0,21993.0
2025-06-18 11:42:31.896682,11382.0,18852.0,21951.0
2025-06-18 11:42:33.358239,11388.0,18852.0,21951.0
2025-06-18 11:42:36.833011,11388.0,18940.0,21922.0
2025-06-18 11:42:41.315987,11388.0,18940.0,21922.0
2025-06-18 11:42:42.328082,11390.0,18969.0,21940.0
2025-06-18 11:42:43.320466,11390.0,18969.0,21940.0
2025-06-18 11:42:45.315457,11390.0,18969.0,21940.0
2025-06-18 11:42:47.305884,11390.0,18969.0,21940.0
2025-06-18 11:42:48.013998,11390.0,19010.0,21929.0
2025-06-18 11:42:49.318881,11390.0,19010.0,21929.0
2025-06-18 11:42:52.254097,11390.0,19010.0,21929.0
2025-06-18 11:42:53.308667,11390.0,19010.0,21929.0
2025-06-18 11:42:53.326481,11390.0,19010.0,21929.0
2025-06-18 11:42:53.510326,11390.0,19109.0,21787.0
2025-06-18 11:42:54.568341,11390.0,19109.0,21787.0
2025-06-18 11:42:55.540083,11390.0,19109.0,21787.0
2025-06-18 11:42:56.388483,11390.0,19109.0,21787.0
2025-06-18 11:42:57.214139,11390.0,19109.0,21787.0
2025-06-18 11:42:58.291298,11390.0,19109.0,21787.0
2025-06-18 11:42:58.813657,11390.0,19064.0,21795.0
2025-06-18 11:42:58.872323,11390.0,19064.0,21795.0
2025-06-18 11:42:59.287888,11390.0,19064.0,21795.0
2025-06-18 11:43:00.153799,11390.0,19064.0,21795.0
2025-06-18 11:43:01.036659,11390.0,19064.0,21795.0
2025-06-18 11:43:01.334428,11390.0,19064.0,21795.0
2025-06-18 11:43:02.300792,11390.0,19064.0,21795.0
2025-06-18 11:43:03.165423,11390.0,19064.0,21795.0
2025-06-18 11:43:03.322423,11390.0,19064.0,21795.0
2025-06-18 11:43:03.715565,11390.0,19089.0,21874.0
2025-06-18 11:43:04.572920,11390.0,19089.0,21874.0
2025-06-18 11:43:05.722738,11390.0,19089.0,21874.0
2025-06-18 11:43:06.868878,11390.0,19089.0,21874.0
2025-06-18 11:43:08.411946,11390.0,19089.0,21874.0
2025-06-18 11:43:08.919151,11390.0,19086.0,21894.0
2025-06-18 11:43:14.363883,11390.0,18994.0,21873.0
2025-06-18 11:43:15.318757,11390.0,18994.0,21873.0
2025-06-18 11:43:17.313631,11385.0,18994.0,21873.0
2025-06-18 11:43:19.923595,11385.0,18949.0,21888.0
2025-06-18 11:43:21.318750,11385.0,18949.0,21888.0
2025-06-18 11:43:24.352976,11385.0,18949.0,21888.0
2025-06-18 11:43:25.025513,11385.0,18864.0,21955.0
2025-06-18 11:43:29.313952,11389.0,18864.0,21955.0
2025-06-18 11:43:30.132361,11389.0,18887.0,21924.0
2025-06-18 11:43:31.333400,11389.0,18887.0,21924.0
2025-06-18 11:43:33.122569,11389.0,18887.0,21924.0
2025-06-18 11:43:35.349778,11389.0,18887.0,21924.0
2025-06-18 11:43:35.534465,11389.0,18898.0,21922.0
2025-06-18 11:43:40.739561,11389.0,18988.0,21996.0
2025-06-18 11:43:45.311907,11390.0,18988.0,21996.0
2025-06-18 11:43:46.554079,11390.0,19022.0,21948.0
2025-06-18 11:43:47.310078,11390.0,19022.0,21948.0
2025-06-18 11:43:49.965682,11390.0,19022.0,21948.0
2025-06-18 11:43:51.967228,11390.0,19064.0,21916.0
2025-06-18 11:43:56.953856,11390.0,19056.0,21934.0
2025-06-18 11:43:57.314586,11390.0,19056.0,21934.0
2025-06-18 11:44:01.314080,11390.0,19056.0,21934.0
2025-06-18 11:44:02.057991,11390.0,18946.0,22048.0
2025-06-18 11:44:03.311794,11390.0,18946.0,22048.0
2025-06-18 11:44:07.282966,11387.0,18931.0,21999.0
2025-06-18 11:44:07.312229,11387.0,18931.0,21999.0
2025-06-18 11:44:12.064645,11390.0,18980.0,22016.0
2025-06-18 11:44:13.314742,11390.0,18980.0,22016.0
2025-06-18 11:44:15.328498,11390.0,18980.0,22016.0
2025-06-18 11:44:17.331009,11390.0,18980.0,22016.0
2025-06-18 11:44:17.366493,11390.0,18962.0,22142.0
2025-06-18 11:44:18.356663,11390.0,18962.0,22142.0
2025-06-18 11:44:22.573337,11390.0,18939.0,22179.0
2025-06-18 11:44:25.341732,11387.0,18939.0,22179.0
2025-06-18 11:44:27.576106,11387.0,18990.0,22189.0
2025-06-18 11:44:31.338192,11390.0,18990.0,22189.0
2025-06-18 11:44:32.379107,11390.0,18967.0,22163.0
2025-06-18 11:44:33.312166,11390.0,18967.0,22163.0
2025-06-18 11:44:37.182874,11390.0,18964.0,22294.0
2025-06-18 11:44:42.690708,11390.0,18991.0,22289.0
2025-06-18 11:44:45.321415,11389.0,18991.0,22289.0
2025-06-18 11:44:47.316012,11387.0,18991.0,22289.0
2025-06-18 11:44:47.889098,11387.0,18960.0,22260.0
2025-06-18 11:44:50.330064,11389.0,18960.0,22260.0
2025-06-18 11:44:52.806262,11389.0,19004.0,22242.0
2025-06-18 11:44:53.314728,11389.0,19004.0,22242.0
2025-06-18 11:44:55.323049,11389.0,19004.0,22242.0
2025-06-18 11:44:57.719430,11389.0,18941.0,22186.0
2025-06-18 11:44:58.324563,11389.0,18941.0,22186.0
2025-06-18 11:45:00.538034,11387.0,18941.0,22186.0
2025-06-18 11:45:02.400179,11389.0,18932.0,22154.0
2025-06-18 11:45:03.319661,11389.0,18932.0,22154.0
2025-06-18 11:45:05.315112,11390.0,18932.0,22154.0
2025-06-18 11:45:07.198297,11390.0,19059.0,21895.0
2025-06-18 11:45:09.312907,11390.0,19059.0,21895.0
2025-06-18 11:45:11.323557,11390.0,19059.0,21895.0
2025-06-18 11:45:12.101883,11390.0,19021.0,21876.0
2025-06-18 11:45:13.315665,11388.0,19021.0,21876.0
2025-06-18 11:45:15.314118,11390.0,19021.0,21876.0
2025-06-18 11:45:17.003919,11390.0,18995.0,21967.0
2025-06-18 11:45:17.324891,11390.0,18995.0,21967.0
2025-06-18 11:45:19.314031,11388.0,18995.0,21967.0
2025-06-18 11:45:21.318011,11387.0,18995.0,21967.0
2025-06-18 11:45:22.353510,11387.0,18967.0,21932.0
2025-06-18 11:45:27.314784,11387.0,19010.0,21928.0
2025-06-18 11:45:31.324741,11390.0,19010.0,21928.0
2025-06-18 11:45:32.015057,11390.0,19032.0,21928.0
2025-06-18 11:45:33.318623,11391.0,19032.0,21928.0
2025-06-18 11:45:36.816665,11391.0,19253.0,21616.0
2025-06-18 11:45:41.724441,11391.0,19111.0,21752.0
2025-06-18 11:45:43.312675,11392.0,19111.0,21752.0
2025-06-18 11:45:45.313594,11392.0,19111.0,21752.0
2025-06-18 11:45:46.419806,11392.0,19137.0,21762.0
2025-06-18 11:45:47.313367,11392.0,19137.0,21762.0
2025-06-18 11:45:49.320750,11392.0,19137.0,21762.0
2025-06-18 11:45:51.424366,11392.0,19083.0,21744.0
2025-06-18 11:45:52.727096,11392.0,19083.0,21744.0
2025-06-18 11:45:53.323223,11392.0,19083.0,21744.0
2025-06-18 11:45:53.809877,11392.0,19083.0,21744.0
2025-06-18 11:45:54.724326,11392.0,19083.0,21744.0
2025-06-18 11:45:55.827927,11392.0,19083.0,21744.0
2025-06-18 11:45:56.528607,11392.0,19055.0,21732.0
2025-06-18 11:45:56.703420,11392.0,19055.0,21732.0
2025-06-18 11:45:57.316104,11392.0,19055.0,21732.0
2025-06-18 11:45:57.517366,11392.0,19055.0,21732.0
2025-06-18 11:45:58.645364,11392.0,19055.0,21732.0
2025-06-18 11:45:59.223902,11392.0,19055.0,21732.0
2025-06-18 11:46:00.066069,11392.0,19055.0,21732.0
2025-06-18 11:46:01.332256,11392.0,19055.0,21732.0
2025-06-18 11:46:01.428422,11392.0,19045.0,21736.0
2025-06-18 11:46:02.592774,11392.0,19045.0,21736.0
2025-06-18 11:46:03.317342,11392.0,19045.0,21736.0
2025-06-18 11:46:03.454803,11392.0,19045.0,21736.0
2025-06-18 11:46:04.851347,11392.0,19045.0,21736.0
2025-06-18 11:46:06.023149,11392.0,19045.0,21736.0
2025-06-18 11:46:06.739731,11392.0,19042.0,21757.0
2025-06-18 11:46:07.140165,11392.0,19042.0,21757.0
2025-06-18 11:46:08.629457,11392.0,19042.0,21757.0
2025-06-18 11:46:11.940455,11392.0,19041.0,21744.0
2025-06-18 11:46:15.316156,11392.0,19041.0,21744.0
2025-06-18 11:46:17.039509,11390.0,19060.0,21721.0
2025-06-18 11:46:17.314107,11390.0,19060.0,21721.0
2025-06-18 11:46:22.041742,11390.0,18982.0,21750.0
2025-06-18 11:46:25.316401,11392.0,18982.0,21750.0
2025-06-18 11:46:27.047539,11392.0,18986.0,21712.0
2025-06-18 11:46:29.330713,11392.0,18986.0,21712.0
2025-06-18 11:46:31.321785,11389.0,18986.0,21712.0
2025-06-18 11:46:31.754804,11389.0,19005.0,21681.0
2025-06-18 11:46:36.656292,11389.0,18984.0,21683.0
2025-06-18 11:46:41.318969,11391.0,18984.0,21683.0
2025-06-18 11:46:41.453100,11391.0,19006.0,21680.0
2025-06-18 11:46:42.322322,11391.0,19006.0,21680.0
2025-06-18 11:46:43.356634,11392.0,19006.0,21680.0
2025-06-18 11:46:47.678473,11393.0,19002.0,21723.0
2025-06-18 11:46:47.686440,11393.0,19002.0,21723.0
2025-06-18 11:46:48.325237,11393.0,19002.0,21723.0
2025-06-18 11:46:50.862205,11393.0,18858.0,21848.0
2025-06-18 11:46:51.320244,11393.0,18858.0,21848.0
2025-06-18 11:46:52.326030,11393.0,18858.0,21848.0
2025-06-18 11:46:55.769153,11393.0,18881.0,21796.0
2025-06-18 11:46:59.325381,11393.0,18881.0,21796.0
2025-06-18 11:47:00.768652,11393.0,18914.0,21794.0
2025-06-18 11:47:03.363574,11393.0,18914.0,21794.0
2025-06-18 11:47:04.327494,11390.0,18914.0,21794.0
2025-06-18 11:47:05.369690,11390.0,18880.0,21751.0
2025-06-18 11:47:09.325926,11393.0,18880.0,21751.0
2025-06-18 11:47:10.674857,11388.0,18374.0,22037.0
2025-06-18 11:47:12.324365,11388.0,18374.0,22037.0
2025-06-18 11:47:16.076514,11388.0,18576.0,22028.0
2025-06-18 11:47:19.322948,11388.0,18576.0,22028.0
2025-06-18 11:47:21.179717,11388.0,18576.0,22032.0
2025-06-18 11:47:23.323818,11387.0,18576.0,22032.0
2025-06-18 11:47:26.178651,11387.0,18434.0,22188.0
2025-06-18 11:47:27.324595,11388.0,18434.0,22188.0
2025-06-18 11:47:29.323230,11385.0,18434.0,22188.0
2025-06-18 11:47:31.301724,11389.0,18446.0,22029.0
2025-06-18 11:47:31.335249,11389.0,18446.0,22029.0
2025-06-18 11:47:33.326794,11389.0,18446.0,22029.0
2025-06-18 11:47:36.585215,11389.0,18428.0,21995.0
2025-06-18 11:47:42.383490,11395.0,17940.0,21700.0
2025-06-18 11:47:43.342169,11395.0,17940.0,21700.0
2025-06-18 11:47:44.342598,11389.0,17940.0,21700.0
2025-06-18 11:47:47.327316,11384.0,17940.0,21700.0
2025-06-18 11:47:47.691996,11384.0,17910.0,21782.0
2025-06-18 11:47:53.124034,11384.0,17934.0,21782.0
2025-06-18 11:47:57.339927,11385.0,17934.0,21782.0
2025-06-18 11:47:57.901403,11385.0,17954.0,21846.0
2025-06-18 11:47:59.334298,11389.0,17954.0,21846.0
2025-06-18 11:48:02.806329,11389.0,17971.0,21791.0
2025-06-18 11:48:03.321578,11385.0,17971.0,21791.0
2025-06-18 11:48:07.807725,11385.0,17976.0,21831.0
2025-06-18 11:48:12.908205,11385.0,17967.0,21888.0
2025-06-18 11:48:14.330133,11389.0,17967.0,21888.0
2025-06-18 11:48:17.323595,11389.0,17967.0,21888.0
2025-06-18 11:48:18.105025,11389.0,18037.0,21832.0
2025-06-18 11:48:19.326934,11389.0,18037.0,21832.0
2025-06-18 11:48:21.322775,11389.0,18037.0,21832.0
2025-06-18 11:48:23.106299,11389.0,18067.0,21934.0
2025-06-18 11:48:28.409664,11389.0,18109.0,21945.0
2025-06-18 11:48:31.322402,11389.0,18109.0,21945.0
2025-06-18 11:48:33.328382,11385.0,18109.0,21945.0
2025-06-18 11:48:33.613412,11385.0,18332.0,21961.0
2025-06-18 11:48:35.326260,11389.0,18332.0,21961.0
2025-06-18 11:48:37.323239,11385.0,18332.0,21961.0
2025-06-18 11:48:38.826163,11385.0,18405.0,22196.0
2025-06-18 11:48:39.330987,11385.0,18405.0,22196.0
2025-06-18 11:48:40.368756,11385.0,18405.0,22196.0
2025-06-18 11:48:43.518286,11385.0,18384.0,22176.0
2025-06-18 11:48:48.222504,11385.0,18397.0,22138.0
2025-06-18 11:48:49.330985,11385.0,18397.0,22138.0
2025-06-18 11:48:50.363080,11385.0,18397.0,22138.0
2025-06-18 11:48:53.233314,11385.0,18397.0,22138.0
2025-06-18 11:48:53.267649,11385.0,18405.0,22240.0
2025-06-18 11:48:54.310210,11385.0,18405.0,22240.0
2025-06-18 11:48:55.232596,11385.0,18405.0,22240.0
2025-06-18 11:48:56.202743,11385.0,18405.0,22240.0
2025-06-18 11:48:57.114686,11385.0,18405.0,22240.0
2025-06-18 11:48:58.242734,11385.0,18366.0,22249.0
2025-06-18 11:48:59.028140,11385.0,18366.0,22249.0
2025-06-18 11:48:59.600083,11385.0,18366.0,22249.0
2025-06-18 11:49:00.521293,11385.0,18366.0,22249.0
2025-06-18 11:49:01.331437,11385.0,18366.0,22249.0
2025-06-18 11:49:01.873881,11385.0,18366.0,22249.0
2025-06-18 11:49:03.029082,11385.0,18366.0,22249.0
2025-06-18 11:49:03.039906,11384.0,18326.0,22243.0
2025-06-18 11:49:03.326519,11385.0,18326.0,22243.0
2025-06-18 11:49:03.896154,11385.0,18326.0,22243.0
2025-06-18 11:49:05.296634,11385.0,18326.0,22243.0
2025-06-18 11:49:06.442978,11385.0,18326.0,22243.0
2025-06-18 11:49:07.334409,11385.0,18326.0,22243.0
2025-06-18 11:49:07.569600,11385.0,18326.0,22243.0
2025-06-18 11:49:08.233944,11385.0,18345.0,22205.0
2025-06-18 11:49:09.059488,11385.0,18345.0,22205.0
2025-06-18 11:49:11.329752,11384.0,18345.0,22205.0
2025-06-18 11:49:13.139899,11384.0,18314.0,22213.0
2025-06-18 11:49:15.327660,11384.0,18314.0,22213.0
2025-06-18 11:49:18.049140,11384.0,18317.0,22177.0
2025-06-18 11:49:19.332386,11384.0,18317.0,22177.0
2025-06-18 11:49:23.053321,11384.0,18394.0,22167.0
2025-06-18 11:49:23.327647,11384.0,18394.0,22167.0
2025-06-18 11:49:27.849690,11384.0,18351.0,22193.0
2025-06-18 11:49:31.335316,11382.0,18351.0,22193.0
2025-06-18 11:49:32.852483,11382.0,18321.0,22232.0
2025-06-18 11:49:34.370998,11383.0,18321.0,22232.0
2025-06-18 11:49:38.056791,11383.0,18325.0,22287.0
2025-06-18 11:49:43.260219,11384.0,18399.0,22215.0
2025-06-18 11:49:43.335697,11384.0,18399.0,22215.0
2025-06-18 11:49:47.332128,11385.0,18399.0,22215.0
2025-06-18 11:49:48.065088,11384.0,18380.0,22218.0
2025-06-18 11:49:49.334402,11384.0,18380.0,22218.0
2025-06-18 11:49:52.869143,11384.0,18387.0,22200.0
2025-06-18 11:49:53.337648,11384.0,18387.0,22200.0
2025-06-18 11:49:54.366210,11384.0,18387.0,22200.0
2025-06-18 11:49:57.333762,11385.0,18387.0,22200.0
2025-06-18 11:49:57.372071,11385.0,18341.0,22055.0
2025-06-18 11:49:59.333617,11385.0,18341.0,22055.0
2025-06-18 11:50:01.772322,11387.0,18310.0,22084.0
2025-06-18 11:50:03.329850,11387.0,18310.0,22084.0
2025-06-18 11:50:06.770782,11387.0,18290.0,22057.0
2025-06-18 11:50:07.342622,11387.0,18290.0,22057.0
2025-06-18 11:50:11.330450,11388.0,18290.0,22057.0
2025-06-18 11:50:11.873259,11388.0,18283.0,22099.0
2025-06-18 11:50:15.326877,11388.0,18283.0,22099.0
2025-06-18 11:50:17.812871,11388.0,18255.0,22099.0
2025-06-18 11:50:17.818623,11388.0,18255.0,22099.0
2025-06-18 11:50:19.347098,11388.0,18255.0,22099.0
2025-06-18 11:50:20.341927,11388.0,18255.0,22099.0
2025-06-18 11:50:21.677583,11388.0,18269.0,22060.0
2025-06-18 11:50:25.335132,11390.0,18269.0,22060.0
2025-06-18 11:50:26.879706,11390.0,17504.0,21975.0
2025-06-18 11:50:27.332491,11383.0,17504.0,21975.0
2025-06-18 11:50:30.343632,11379.0,17504.0,21975.0
2025-06-18 11:50:31.790315,11379.0,17367.0,22136.0
2025-06-18 11:50:33.331787,11382.0,17367.0,22136.0
2025-06-18 11:50:35.345435,11384.0,17367.0,22136.0
2025-06-18 11:50:36.587682,11384.0,17762.0,21755.0
2025-06-18 11:50:37.334111,11384.0,17762.0,21755.0
2025-06-18 11:50:41.988092,11384.0,17593.0,21875.0
2025-06-18 11:50:43.337847,11390.0,17593.0,21875.0
2025-06-18 11:50:46.892436,11390.0,17637.0,21793.0
2025-06-18 11:50:47.823287,11390.0,17637.0,21793.0
2025-06-18 11:50:49.336492,11390.0,17637.0,21793.0
2025-06-18 11:50:51.354208,11389.0,17637.0,21793.0
2025-06-18 11:50:51.803773,11389.0,17605.0,21985.0
2025-06-18 11:50:56.394922,11389.0,17638.0,22043.0
2025-06-18 11:51:00.808786,11389.0,17658.0,22034.0
2025-06-18 11:51:01.334831,11389.0,17658.0,22034.0
2025-06-18 11:51:03.347039,11389.0,17658.0,22034.0
2025-06-18 11:51:05.101624,11389.0,17673.0,22109.0
2025-06-18 11:51:07.349996,11383.0,17673.0,22109.0
2025-06-18 11:51:10.103452,11383.0,17418.0,22557.0
2025-06-18 11:51:11.337345,11385.0,17418.0,22557.0
2025-06-18 11:51:15.346681,11384.0,17418.0,22557.0
2025-06-18 11:51:15.605028,11384.0,17513.0,22385.0
2025-06-18 11:51:17.338708,11385.0,17513.0,22385.0
2025-06-18 11:51:19.344174,11385.0,17513.0,22385.0
2025-06-18 11:51:21.009152,11385.0,17499.0,22401.0
2025-06-18 11:51:25.330635,11385.0,17499.0,22401.0
2025-06-18 11:51:26.012156,11385.0,17473.0,22368.0
2025-06-18 11:51:27.372177,11385.0,17473.0,22368.0
2025-06-18 11:51:30.714571,11385.0,17605.0,22125.0
2025-06-18 11:51:31.368886,11385.0,17605.0,22125.0
2025-06-18 11:51:35.372969,11385.0,17605.0,22125.0
2025-06-18 11:51:35.716222,11385.0,17496.0,22224.0
2025-06-18 11:51:40.378056,11385.0,17496.0,22224.0
2025-06-18 11:51:40.919969,11385.0,17394.0,22364.0
2025-06-18 11:51:45.721466,11385.0,17483.0,22324.0
2025-06-18 11:51:47.333164,11385.0,17483.0,22324.0
2025-06-18 11:51:49.337822,11385.0,17483.0,22324.0
2025-06-18 11:51:50.429789,11385.0,17505.0,22284.0
2025-06-18 11:51:53.360751,11381.0,17505.0,22284.0
2025-06-18 11:51:53.673002,11381.0,17505.0,22284.0
2025-06-18 11:51:54.754151,11381.0,17505.0,22284.0
2025-06-18 11:51:55.232085,11381.0,17611.0,22165.0
2025-06-18 11:51:55.682323,11381.0,17611.0,22165.0
2025-06-18 11:51:56.655767,11381.0,17611.0,22165.0
2025-06-18 11:51:57.673007,11381.0,17611.0,22165.0
2025-06-18 11:51:58.501445,11381.0,17611.0,22165.0
2025-06-18 11:51:59.598534,11381.0,17611.0,22165.0
2025-06-18 11:52:00.175278,11381.0,17611.0,22165.0
2025-06-18 11:52:00.235202,11381.0,17608.0,22161.0
2025-06-18 11:52:00.590593,11381.0,17608.0,22161.0
2025-06-18 11:52:01.089072,11381.0,17608.0,22161.0
2025-06-18 11:52:01.337013,11386.0,17608.0,22161.0
2025-06-18 11:52:01.464507,11386.0,17608.0,22161.0
2025-06-18 11:52:02.354367,11386.0,17608.0,22161.0
2025-06-18 11:52:03.338246,11388.0,17608.0,22161.0
2025-06-18 11:52:03.639171,11388.0,17608.0,22161.0
2025-06-18 11:52:04.488714,11388.0,17608.0,22161.0
2025-06-18 11:52:04.740109,11388.0,17569.0,22078.0
2025-06-18 11:52:05.884773,11388.0,17569.0,22078.0
2025-06-18 11:52:07.045342,11388.0,17569.0,22078.0
2025-06-18 11:52:08.178824,11388.0,17569.0,22078.0
2025-06-18 11:52:08.354260,11389.0,17569.0,22078.0
2025-06-18 11:52:09.543649,11389.0,17572.0,22009.0
2025-06-18 11:52:09.665719,11389.0,17572.0,22009.0
2025-06-18 11:52:11.397446,11386.0,17572.0,22009.0
2025-06-18 11:52:14.154629,11388.0,17495.0,22104.0
2025-06-18 11:52:15.338973,11388.0,17495.0,22104.0
2025-06-18 11:52:17.354716,11386.0,17495.0,22104.0
2025-06-18 11:52:18.950495,11386.0,17469.0,22125.0
2025-06-18 11:52:21.376481,11389.0,17469.0,22125.0
2025-06-18 11:52:23.955261,11389.0,17236.0,21795.0
2025-06-18 11:52:28.860801,11390.0,17251.0,21743.0
2025-06-18 11:52:29.340083,11390.0,17251.0,21743.0
2025-06-18 11:52:31.374013,11390.0,17251.0,21743.0
2025-06-18 11:52:33.342032,11390.0,17251.0,21743.0
2025-06-18 11:52:33.463374,11390.0,17350.0,21708.0
2025-06-18 11:52:38.066801,11390.0,17361.0,21713.0
2025-06-18 11:52:39.343595,11390.0,17361.0,21713.0
2025-06-18 11:52:42.766413,11390.0,17467.0,21644.0
2025-06-18 11:52:47.346473,11391.0,17467.0,21644.0
2025-06-18 11:52:47.570534,11391.0,17582.0,21532.0
2025-06-18 11:52:49.346740,11391.0,17582.0,21532.0
2025-06-18 11:52:52.379423,11391.0,17592.0,21514.0
2025-06-18 11:52:53.349306,11391.0,17592.0,21514.0
2025-06-18 11:52:55.340722,11390.0,17592.0,21514.0
2025-06-18 11:52:56.984758,11390.0,17593.0,21503.0
2025-06-18 11:53:01.368304,11391.0,17593.0,21503.0
2025-06-18 11:53:01.788926,11391.0,17511.0,21480.0
2025-06-18 11:53:03.354224,11391.0,17511.0,21480.0
2025-06-18 11:53:07.086153,11391.0,17528.0,21509.0
2025-06-18 11:53:11.988858,11391.0,17544.0,21499.0
2025-06-18 11:53:13.391357,11392.0,17544.0,21499.0
2025-06-18 11:53:14.353986,11392.0,17544.0,21499.0
2025-06-18 11:53:17.887516,11392.0,17563.0,21504.0
2025-06-18 11:53:17.917872,11392.0,17563.0,21504.0
2025-06-18 11:53:19.342361,11392.0,17563.0,21504.0
2025-06-18 11:53:21.196488,11392.0,17697.0,21425.0
2025-06-18 11:53:21.392710,11392.0,17697.0,21425.0
2025-06-18 11:53:25.899901,11392.0,17745.0,21444.0
2025-06-18 11:53:30.405822,11392.0,17790.0,21453.0
2025-06-18 11:53:31.442038,11392.0,17790.0,21453.0
2025-06-18 11:53:33.366427,11392.0,17790.0,21453.0
2025-06-18 11:53:34.707828,11392.0,17648.0,21453.0
2025-06-18 11:53:39.360789,11392.0,17648.0,21453.0
2025-06-18 11:53:39.409174,11392.0,17780.0,21421.0
2025-06-18 11:53:44.213439,11392.0,18103.0,21412.0
2025-06-18 11:53:44.352080,11392.0,18103.0,21412.0
2025-06-18 11:53:46.399716,11392.0,18103.0,21412.0
2025-06-18 11:53:48.370526,11392.0,18103.0,21412.0
2025-06-18 11:53:48.918070,11392.0,18188.0,21415.0
2025-06-18 11:53:53.519490,11392.0,17655.0,21421.0
2025-06-18 11:53:58.222720,11392.0,17655.0,21308.0
2025-06-18 11:54:01.357704,11392.0,17655.0,21308.0
2025-06-18 11:54:02.629232,11392.0,17683.0,21354.0
2025-06-18 11:54:03.396496,11392.0,17683.0,21354.0
2025-06-18 11:54:07.344432,11392.0,17687.0,21322.0
2025-06-18 11:54:09.372266,11392.0,17687.0,21322.0
2025-06-18 11:54:12.033659,11392.0,17661.0,21317.0
2025-06-18 11:54:14.372818,11392.0,17661.0,21317.0
2025-06-18 11:54:16.538769,11392.0,17677.0,21270.0
2025-06-18 11:54:17.386310,11392.0,17677.0,21270.0
2025-06-18 11:54:19.354408,11392.0,17677.0,21270.0
2025-06-18 11:54:21.040090,11392.0,17654.0,21226.0
2025-06-18 11:54:25.643785,11392.0,17718.0,21307.0
2025-06-18 11:54:30.041662,11392.0,17711.0,21300.0
2025-06-18 11:54:31.348499,11395.0,17711.0,21300.0
2025-06-18 11:54:33.352365,11395.0,17711.0,21300.0
2025-06-18 11:54:34.652487,11395.0,17744.0,21285.0
2025-06-18 11:54:37.358430,11395.0,17744.0,21285.0
2025-06-18 11:54:39.656122,11395.0,17790.0,21248.0
2025-06-18 11:54:44.957106,11395.0,17819.0,21234.0
2025-06-18 11:54:45.351354,11395.0,17819.0,21234.0
2025-06-18 11:54:47.359273,11395.0,17819.0,21234.0
2025-06-18 11:54:50.362384,11395.0,17819.0,21234.0
2025-06-18 11:54:50.389204,11395.0,17838.0,21192.0
2025-06-18 11:54:54.361591,11395.0,17838.0,21192.0
2025-06-18 11:54:55.261926,11395.0,17843.0,21216.0
2025-06-18 11:54:55.406418,11395.0,17843.0,21216.0
2025-06-18 11:54:56.391324,11395.0,17843.0,21216.0
2025-06-18 11:54:57.298603,11395.0,17843.0,21216.0
2025-06-18 11:54:58.204845,11395.0,17843.0,21216.0
2025-06-18 11:54:59.172140,11395.0,17843.0,21216.0
