timestamp,ltp,bid_qty,ask_qty
2025-06-18 11:01:36.655253,1378.7,196772.0,236069.0
2025-06-18 11:01:36.739136,1378.5,197392.0,236088.0
2025-06-18 11:01:37.142431,1378.5,197392.0,236088.0
2025-06-18 11:01:39.134366,1378.8,197392.0,236088.0
2025-06-18 11:01:41.136440,1379.0,197392.0,236088.0
2025-06-18 11:01:41.740669,1379.0,196489.0,236463.0
2025-06-18 11:01:45.148076,1378.7,196489.0,236463.0
2025-06-18 11:01:46.750116,1378.7,200323.0,235202.0
2025-06-18 11:01:47.142605,1378.7,200323.0,235202.0
2025-06-18 11:01:49.175187,1379.0,200323.0,235202.0
2025-06-18 11:01:51.145711,1378.7,200323.0,235202.0
2025-06-18 11:01:52.457077,1379.0,199778.0,235815.0
2025-06-18 11:01:53.137609,1379.0,199778.0,235815.0
2025-06-18 11:01:55.146788,1379.0,199778.0,235815.0
2025-06-18 11:01:57.146293,1379.0,199778.0,235815.0
2025-06-18 11:01:57.977143,1379.0,202181.0,234354.0
2025-06-18 11:01:59.140553,1379.0,202181.0,234354.0
2025-06-18 11:02:01.138504,1378.9,202181.0,234354.0
2025-06-18 11:02:03.058286,1379.2,200680.0,233933.0
2025-06-18 11:02:03.142222,1379.2,200680.0,233933.0
2025-06-18 11:02:05.205217,1379.2,200680.0,233933.0
2025-06-18 11:02:07.143015,1379.0,200680.0,233933.0
2025-06-18 11:02:08.360979,1379.0,200845.0,233299.0
2025-06-18 11:02:11.143032,1378.9,200845.0,233299.0
2025-06-18 11:02:13.864121,1378.9,200609.0,233969.0
2025-06-18 11:02:15.167453,1378.9,200609.0,233969.0
2025-06-18 11:02:17.142335,1379.2,200609.0,233969.0
2025-06-18 11:02:19.070397,1379.2,199747.0,235469.0
2025-06-18 11:02:19.136944,1379.2,199747.0,235469.0
2025-06-18 11:02:23.143465,1379.2,199747.0,235469.0
2025-06-18 11:02:24.273738,1379.2,201690.0,233958.0
2025-06-18 11:02:27.145923,1379.2,201690.0,233958.0
2025-06-18 11:02:29.144663,1379.2,201690.0,233958.0
2025-06-18 11:02:29.278884,1379.2,200843.0,234609.0
2025-06-18 11:02:33.145373,1379.2,200843.0,234609.0
2025-06-18 11:02:34.678478,1379.2,200771.0,234288.0
2025-06-18 11:02:35.151875,1379.2,200771.0,234288.0
2025-06-18 11:02:37.146044,1379.2,200771.0,234288.0
2025-06-18 11:02:39.146787,1379.1,200771.0,234288.0
2025-06-18 11:02:40.015195,1379.1,199825.0,234442.0
2025-06-18 11:02:43.148770,1379.2,199825.0,234442.0
2025-06-18 11:02:45.145508,1379.2,199825.0,234442.0
2025-06-18 11:02:45.188311,1379.2,198571.0,235374.0
2025-06-18 11:02:50.492173,1378.7,197571.0,235224.0
2025-06-18 11:02:51.229070,1378.7,197571.0,235224.0
2025-06-18 11:02:53.147399,1378.6,197571.0,235224.0
2025-06-18 11:02:55.794789,1378.7,198191.0,235777.0
2025-06-18 11:02:57.150715,1378.7,198191.0,235777.0
2025-06-18 11:02:59.148222,1378.7,198191.0,235777.0
2025-06-18 11:03:01.065465,1378.6,197773.0,237077.0
2025-06-18 11:03:01.140643,1378.6,197773.0,237077.0
2025-06-18 11:03:02.698634,1378.6,198267.0,237475.0
2025-06-18 11:03:03.697516,1378.6,198039.0,238301.0
2025-06-18 11:03:04.597883,1378.6,197480.0,238357.0
2025-06-18 11:03:05.140761,1378.3,197480.0,238357.0
2025-06-18 11:03:05.600245,1378.3,197292.0,238340.0
2025-06-18 11:03:06.599796,1378.3,197612.0,238031.0
2025-06-18 11:03:07.143511,1378.2,197612.0,238031.0
2025-06-18 11:03:07.601138,1378.3,197120.0,237984.0
2025-06-18 11:03:08.143433,1379.1,197120.0,237984.0
2025-06-18 11:03:08.702392,1379.1,197407.0,237679.0
2025-06-18 11:03:09.145669,1379.1,197407.0,237679.0
2025-06-18 11:03:09.801657,1379.1,197060.0,237745.0
2025-06-18 11:03:10.902091,1379.1,196962.0,238118.0
2025-06-18 11:03:11.145441,1379.0,196962.0,238118.0
2025-06-18 11:03:12.002249,1379.0,196446.0,238021.0
2025-06-18 11:03:12.141254,1379.0,196446.0,238021.0
2025-06-18 11:03:13.102160,1379.0,196670.0,238050.0
2025-06-18 11:03:13.142337,1379.0,196670.0,238050.0
2025-06-18 11:03:14.147347,1379.0,196670.0,238050.0
2025-06-18 11:03:14.203681,1379.0,197205.0,238108.0
2025-06-18 11:03:15.303619,1378.4,197385.0,238235.0
2025-06-18 11:03:16.146096,1378.4,197385.0,238235.0
2025-06-18 11:03:16.401942,1378.4,197128.0,238672.0
2025-06-18 11:03:17.411991,1378.3,196650.0,239087.0
2025-06-18 11:03:18.143134,1378.3,196650.0,239087.0
2025-06-18 11:03:18.602208,1378.6,197397.0,238812.0
2025-06-18 11:03:19.142380,1378.6,197397.0,238812.0
2025-06-18 11:03:19.703195,1378.6,197562.0,238645.0
2025-06-18 11:03:20.807353,1378.3,197517.0,238712.0
2025-06-18 11:03:21.201863,1378.3,197517.0,238712.0
2025-06-18 11:03:21.706365,1378.3,197455.0,238746.0
2025-06-18 11:03:22.806039,1378.3,197382.0,238771.0
2025-06-18 11:03:23.147960,1378.3,197382.0,238771.0
2025-06-18 11:03:23.905880,1378.3,197119.0,238813.0
2025-06-18 11:03:24.148275,1378.6,197119.0,238813.0
2025-06-18 11:03:25.007281,1378.6,197364.0,238536.0
2025-06-18 11:03:25.144133,1378.3,197364.0,238536.0
2025-06-18 11:03:26.108241,1378.3,196826.0,238514.0
2025-06-18 11:03:27.108827,1379.0,196361.0,238389.0
2025-06-18 11:03:27.143770,1379.0,196361.0,238389.0
2025-06-18 11:03:28.109831,1379.0,196027.0,238372.0
2025-06-18 11:03:29.209858,1379.0,196059.0,238404.0
2025-06-18 11:03:30.142664,1378.3,196059.0,238404.0
2025-06-18 11:03:30.310418,1378.3,195882.0,239139.0
2025-06-18 11:03:31.411179,1378.3,195429.0,239159.0
2025-06-18 11:03:32.148099,1378.3,195429.0,239159.0
2025-06-18 11:03:32.513164,1378.3,195610.0,239061.0
2025-06-18 11:03:33.144357,1378.9,195610.0,239061.0
2025-06-18 11:03:33.613308,1378.9,195771.0,239296.0
2025-06-18 11:03:34.714052,1378.9,196267.0,239198.0
2025-06-18 11:03:35.726173,1378.9,196368.0,238879.0
2025-06-18 11:03:36.169958,1378.3,196368.0,238879.0
2025-06-18 11:03:36.815578,1378.6,196676.0,238813.0
2025-06-18 11:03:37.147797,1378.6,196676.0,238813.0
2025-06-18 11:03:37.821674,1378.3,196640.0,238810.0
2025-06-18 11:03:38.149329,1378.3,196640.0,238810.0
2025-06-18 11:03:38.915684,1378.3,196640.0,238810.0
2025-06-18 11:03:40.016276,1378.3,196650.0,238810.0
2025-06-18 11:03:41.163407,1378.3,197282.0,237765.0
2025-06-18 11:03:42.117839,1379.3,197032.0,236494.0
2025-06-18 11:03:42.153631,1379.3,197032.0,236494.0
2025-06-18 11:03:43.119846,1379.3,196637.0,236068.0
2025-06-18 11:03:44.151707,1379.4,196637.0,236068.0
2025-06-18 11:03:44.217913,1379.4,196648.0,235331.0
2025-06-18 11:03:45.318083,1379.4,196836.0,235511.0
2025-06-18 11:03:46.054162,1379.4,196836.0,235511.0
2025-06-18 11:03:46.420176,1379.4,196860.0,235511.0
2025-06-18 11:03:47.118780,1379.4,196860.0,235511.0
2025-06-18 11:03:47.171809,1379.4,196860.0,235511.0
2025-06-18 11:03:47.420363,1379.4,196655.0,235659.0
2025-06-18 11:03:47.993573,1379.4,196655.0,235659.0
2025-06-18 11:03:48.420929,1379.4,197130.0,235659.0
2025-06-18 11:03:48.902287,1379.4,197130.0,235659.0
2025-06-18 11:03:49.520789,1379.4,197730.0,235912.0
2025-06-18 11:03:49.750324,1379.4,197730.0,235912.0
2025-06-18 11:03:50.522128,1379.4,197104.0,235673.0
2025-06-18 11:03:50.558147,1379.4,197104.0,235673.0
2025-06-18 11:03:51.592279,1379.4,197104.0,235673.0
2025-06-18 11:03:52.132170,1379.4,196646.0,235973.0
2025-06-18 11:03:52.202310,1379.4,196646.0,235973.0
2025-06-18 11:03:53.077859,1379.4,196646.0,235973.0
2025-06-18 11:03:53.159188,1379.4,196646.0,235973.0
2025-06-18 11:03:53.225258,1379.4,197771.0,235298.0
2025-06-18 11:03:53.445150,1379.4,197771.0,235298.0
2025-06-18 11:03:54.159074,1379.5,197771.0,235298.0
2025-06-18 11:03:54.230442,1379.5,197691.0,235364.0
2025-06-18 11:03:54.472098,1379.5,197691.0,235364.0
2025-06-18 11:03:55.226496,1379.5,197722.0,235690.0
2025-06-18 11:03:55.734121,1379.5,197722.0,235690.0
2025-06-18 11:03:56.226468,1379.5,197143.0,236132.0
2025-06-18 11:03:56.587508,1379.5,197143.0,236132.0
2025-06-18 11:04:00.408358,1379.5,197143.0,236132.0
2025-06-18 11:04:00.455783,1379.5,197058.0,236058.0
2025-06-18 11:04:00.504656,1379.5,197058.0,236058.0
2025-06-18 11:04:00.509030,1379.5,197142.0,235799.0
2025-06-18 11:04:00.545982,1379.5,197142.0,235799.0
2025-06-18 11:04:00.546666,1379.5,197684.0,235521.0
2025-06-18 11:04:00.550415,1379.5,197133.0,235573.0
2025-06-18 11:04:00.580902,1379.5,197133.0,235573.0
2025-06-18 11:04:01.154511,1379.5,197133.0,235573.0
2025-06-18 11:04:01.631360,1379.5,197676.0,235446.0
2025-06-18 11:04:01.928471,1379.5,197676.0,235446.0
2025-06-18 11:04:02.531750,1379.5,198402.0,235446.0
2025-06-18 11:04:03.195362,1379.6,198402.0,235446.0
2025-06-18 11:04:03.632749,1379.6,198360.0,235314.0
2025-06-18 11:04:04.156891,1379.6,198360.0,235314.0
2025-06-18 11:04:04.632269,1379.5,198358.0,235343.0
2025-06-18 11:04:05.154792,1379.5,198358.0,235343.0
2025-06-18 11:04:05.633354,1379.5,197429.0,235227.0
2025-06-18 11:04:06.633327,1379.5,197909.0,235256.0
2025-06-18 11:04:07.155198,1379.6,197909.0,235256.0
2025-06-18 11:04:07.635797,1379.5,197460.0,235311.0
2025-06-18 11:04:08.163188,1379.7,197460.0,235311.0
2025-06-18 11:04:08.735813,1379.7,197195.0,235114.0
2025-06-18 11:04:09.835058,1379.6,197702.0,235110.0
2025-06-18 11:04:10.155772,1379.6,197702.0,235110.0
2025-06-18 11:04:10.837647,1379.5,197706.0,235501.0
2025-06-18 11:04:11.153471,1379.5,197706.0,235501.0
2025-06-18 11:04:11.938556,1379.5,197851.0,235449.0
2025-06-18 11:04:13.037534,1379.5,198332.0,235481.0
2025-06-18 11:04:14.154480,1377.7,198332.0,235481.0
2025-06-18 11:04:14.655484,1377.5,180083.0,242816.0
2025-06-18 11:04:15.151441,1377.5,180083.0,242816.0
2025-06-18 11:04:15.645638,1377.8,185966.0,241370.0
2025-06-18 11:04:16.159801,1377.8,185966.0,241370.0
2025-06-18 11:04:16.647878,1377.8,186819.0,241484.0
2025-06-18 11:04:17.844122,1377.4,186736.0,242424.0
2025-06-18 11:04:18.152992,1377.4,186736.0,242424.0
2025-06-18 11:04:19.045117,1378.0,187647.0,241114.0
2025-06-18 11:04:19.186108,1378.0,187647.0,241114.0
2025-06-18 11:04:20.152030,1377.8,187647.0,241114.0
2025-06-18 11:04:20.195314,1377.8,187539.0,242092.0
2025-06-18 11:04:21.352771,1377.8,188376.0,242636.0
2025-06-18 11:04:22.149458,1377.9,188376.0,242636.0
2025-06-18 11:04:22.355790,1377.9,187361.0,242593.0
2025-06-18 11:04:23.152708,1377.6,187361.0,242593.0
2025-06-18 11:04:23.464556,1377.6,188085.0,242715.0
2025-06-18 11:04:24.555447,1377.6,189019.0,242901.0
2025-06-18 11:04:25.659898,1377.6,189241.0,242733.0
2025-06-18 11:04:26.757445,1377.9,189197.0,242780.0
2025-06-18 11:04:27.155902,1377.9,189197.0,242780.0
2025-06-18 11:04:27.857710,1377.9,189396.0,242820.0
2025-06-18 11:04:28.758598,1377.9,189427.0,242844.0
2025-06-18 11:04:29.760010,1377.9,189361.0,242949.0
2025-06-18 11:04:30.151378,1377.9,189361.0,242949.0
2025-06-18 11:04:30.762949,1377.9,189353.0,242949.0
2025-06-18 11:04:31.862118,1377.9,189353.0,242959.0
2025-06-18 11:04:32.153108,1377.9,189353.0,242959.0
2025-06-18 11:04:32.865841,1377.9,189356.0,242954.0
2025-06-18 11:04:33.974572,1377.9,189373.0,242964.0
2025-06-18 11:04:34.167211,1377.8,189373.0,242964.0
2025-06-18 11:04:35.064973,1377.9,188912.0,242832.0
2025-06-18 11:04:35.161540,1377.9,188912.0,242832.0
2025-06-18 11:04:36.067559,1377.8,188826.0,242911.0
2025-06-18 11:04:36.157994,1377.8,188826.0,242911.0
2025-06-18 11:04:37.157222,1377.8,188826.0,242911.0
2025-06-18 11:04:37.179120,1377.8,188752.0,242916.0
2025-06-18 11:04:38.151287,1377.3,188752.0,242916.0
2025-06-18 11:04:38.664413,1377.3,187458.0,242961.0
2025-06-18 11:04:39.764816,1377.8,186933.0,242556.0
2025-06-18 11:04:40.154014,1377.8,186933.0,242556.0
2025-06-18 11:04:40.768404,1377.8,187010.0,242404.0
2025-06-18 11:04:41.148903,1377.8,187010.0,242404.0
2025-06-18 11:04:41.866702,1377.3,187223.0,242155.0
2025-06-18 11:04:42.157057,1377.3,187223.0,242155.0
2025-06-18 11:04:43.066946,1377.3,188023.0,242084.0
2025-06-18 11:04:44.067324,1377.3,188018.0,242149.0
2025-06-18 11:04:45.206764,1377.3,187544.0,242069.0
2025-06-18 11:04:46.269754,1377.3,187724.0,242069.0
2025-06-18 11:04:47.158415,1377.8,187724.0,242069.0
2025-06-18 11:04:47.278909,1377.8,188165.0,242403.0
2025-06-18 11:04:48.159290,1377.8,188165.0,242403.0
2025-06-18 11:04:48.178723,1377.8,188450.0,240681.0
2025-06-18 11:04:49.157534,1378.0,188450.0,240681.0
2025-06-18 11:04:49.174900,1378.0,189890.0,241156.0
2025-06-18 11:04:50.158008,1377.6,189890.0,241156.0
2025-06-18 11:04:50.272296,1377.6,189476.0,242915.0
2025-06-18 11:04:51.155215,1378.0,189476.0,242915.0
2025-06-18 11:04:51.271800,1378.0,191142.0,238825.0
2025-06-18 11:04:52.374303,1378.0,191751.0,239252.0
2025-06-18 11:04:53.148598,1378.4,191751.0,239252.0
2025-06-18 11:04:54.002953,1378.4,193036.0,239501.0
2025-06-18 11:04:54.168595,1378.4,193036.0,239501.0
2025-06-18 11:04:54.983714,1378.4,193122.0,239512.0
2025-06-18 11:04:55.988016,1378.4,192791.0,239614.0
2025-06-18 11:04:56.148488,1378.4,192791.0,239614.0
2025-06-18 11:04:57.078152,1378.4,192950.0,239820.0
2025-06-18 11:04:57.208421,1378.6,192950.0,239820.0
2025-06-18 11:04:58.173858,1378.3,192950.0,239820.0
2025-06-18 11:04:58.185166,1378.3,193519.0,239812.0
2025-06-18 11:04:59.156316,1378.6,193519.0,239812.0
2025-06-18 11:04:59.281918,1378.6,192310.0,239139.0
2025-06-18 11:05:00.379404,1378.6,193158.0,239285.0
2025-06-18 11:05:01.169105,1378.6,193158.0,239285.0
2025-06-18 11:05:01.490382,1378.6,193386.0,238767.0
2025-06-18 11:05:05.121155,1378.6,193122.0,238860.0
2025-06-18 11:05:05.123505,1378.6,193122.0,238860.0
2025-06-18 11:05:05.172237,1378.6,193433.0,239020.0
2025-06-18 11:05:05.176246,1378.6,192464.0,238934.0
2025-06-18 11:05:05.777854,1378.6,192488.0,238962.0
2025-06-18 11:05:07.393958,1378.6,192488.0,238969.0
2025-06-18 11:05:08.154617,1378.3,192488.0,238969.0
2025-06-18 11:05:08.280721,1378.3,192382.0,239093.0
2025-06-18 11:05:09.381005,1378.3,191838.0,239939.0
2025-06-18 11:05:10.510360,1378.3,190878.0,240871.0
2025-06-18 11:05:11.579900,1378.3,191090.0,240917.0
2025-06-18 11:05:12.199105,1378.3,191090.0,240917.0
2025-06-18 11:05:12.579822,1378.3,190914.0,241296.0
2025-06-18 11:05:13.151664,1378.0,190914.0,241296.0
2025-06-18 11:05:13.583997,1378.0,189601.0,241789.0
2025-06-18 11:05:14.580937,1378.0,189449.0,241068.0
2025-06-18 11:05:15.585229,1378.0,190460.0,241339.0
2025-06-18 11:05:16.686598,1378.5,190460.0,241339.0
2025-06-18 11:05:16.722906,1378.5,190433.0,241343.0
2025-06-18 11:05:17.682559,1378.5,190655.0,241278.0
2025-06-18 11:05:18.162955,1378.5,190655.0,241278.0
2025-06-18 11:05:18.669130,1378.4,191393.0,241119.0
2025-06-18 11:05:19.180153,1378.4,191393.0,241119.0
2025-06-18 11:05:19.686374,1378.4,191208.0,241144.0
2025-06-18 11:05:20.789593,1378.4,191088.0,241026.0
2025-06-18 11:05:21.889525,1378.4,191027.0,241026.0
2025-06-18 11:05:22.890210,1378.3,190984.0,240980.0
2025-06-18 11:05:23.161048,1378.3,190984.0,240980.0
2025-06-18 11:05:23.898403,1378.3,191303.0,239857.0
2025-06-18 11:05:24.890205,1378.3,191365.0,240849.0
2025-06-18 11:05:25.893066,1378.3,191320.0,240655.0
2025-06-18 11:05:26.996162,1378.3,190899.0,240896.0
2025-06-18 11:05:27.156451,1378.4,190899.0,240896.0
2025-06-18 11:05:28.001724,1378.4,191454.0,240828.0
2025-06-18 11:05:29.093532,1378.4,191427.0,240790.0
2025-06-18 11:05:30.154691,1378.2,191427.0,240790.0
2025-06-18 11:05:30.194442,1378.2,187775.0,242606.0
2025-06-18 11:05:31.156349,1377.6,187775.0,242606.0
2025-06-18 11:05:31.196018,1377.6,188558.0,243053.0
2025-06-18 11:05:32.298533,1377.6,187317.0,242999.0
2025-06-18 11:05:33.209375,1377.6,191073.0,242359.0
2025-06-18 11:05:35.172726,1377.6,191023.0,241792.0
2025-06-18 11:05:35.176413,1377.6,191023.0,241792.0
2025-06-18 11:05:35.513262,1377.8,191055.0,241378.0
2025-06-18 11:05:36.162578,1377.8,191055.0,241378.0
2025-06-18 11:05:36.598136,1377.8,191875.0,240924.0
2025-06-18 11:05:37.700367,1377.8,191178.0,241023.0
2025-06-18 11:05:38.157934,1377.6,191178.0,241023.0
2025-06-18 11:05:38.599192,1377.6,190810.0,241071.0
2025-06-18 11:05:39.799966,1377.6,191137.0,240851.0
2025-06-18 11:05:40.800094,1377.8,191106.0,241228.0
2025-06-18 11:05:41.157056,1377.8,191106.0,241228.0
2025-06-18 11:05:41.798761,1377.8,191335.0,241029.0
2025-06-18 11:05:42.155390,1377.8,191335.0,241029.0
2025-06-18 11:05:42.803159,1377.8,191390.0,241184.0
2025-06-18 11:05:43.799911,1377.8,191363.0,241232.0
2025-06-18 11:05:44.904068,1377.6,191520.0,241024.0
2025-06-18 11:05:45.161425,1377.6,191520.0,241024.0
2025-06-18 11:05:45.904559,1377.6,191163.0,240978.0
2025-06-18 11:05:46.904586,1377.6,190816.0,241153.0
2025-06-18 11:05:47.184331,1377.6,190816.0,241153.0
2025-06-18 11:05:47.905809,1378.0,191679.0,241217.0
2025-06-18 11:05:48.160266,1378.0,191679.0,241217.0
2025-06-18 11:05:48.903222,1377.8,191114.0,241787.0
2025-06-18 11:05:49.157366,1377.8,191114.0,241787.0
2025-06-18 11:05:49.905481,1377.8,191624.0,241338.0
2025-06-18 11:05:50.156854,1377.8,191624.0,241338.0
2025-06-18 11:05:51.011159,1377.8,191650.0,241374.0
2025-06-18 11:05:52.113914,1377.8,192217.0,240395.0
2025-06-18 11:05:52.173424,1377.8,192217.0,240395.0
2025-06-18 11:05:53.208183,1377.8,192569.0,241139.0
2025-06-18 11:05:54.163649,1378.0,192569.0,241139.0
2025-06-18 11:05:54.387868,1378.0,192672.0,241114.0
2025-06-18 11:05:55.209286,1378.0,192641.0,241155.0
2025-06-18 11:05:56.166086,1378.0,192641.0,241155.0
2025-06-18 11:05:56.220335,1378.0,192504.0,241191.0
2025-06-18 11:05:57.163307,1378.0,192504.0,241191.0
2025-06-18 11:05:57.218637,1378.0,192568.0,240924.0
2025-06-18 11:05:58.213859,1378.0,192598.0,239924.0
2025-06-18 11:05:59.157622,1378.0,192598.0,239924.0
2025-06-18 11:05:59.213338,1378.0,193044.0,239775.0
2025-06-18 11:06:00.214255,1378.0,192904.0,239780.0
2025-06-18 11:06:03.161586,1377.8,192904.0,239780.0
2025-06-18 11:06:04.016513,1377.8,191516.0,239661.0
2025-06-18 11:06:05.162275,1377.8,191516.0,239661.0
2025-06-18 11:06:08.919861,1378.0,191875.0,240011.0
2025-06-18 11:06:09.166150,1378.0,191875.0,240011.0
2025-06-18 11:06:11.204485,1378.0,191875.0,240011.0
2025-06-18 11:06:13.172265,1378.1,191875.0,240011.0
2025-06-18 11:06:13.922395,1378.6,193371.0,237554.0
2025-06-18 11:06:15.167502,1378.6,193371.0,237554.0
2025-06-18 11:06:17.166190,1378.6,193371.0,237554.0
2025-06-18 11:06:19.024231,1378.6,192666.0,237858.0
2025-06-18 11:06:19.161011,1378.6,192666.0,237858.0
2025-06-18 11:06:23.168485,1378.0,192666.0,237858.0
2025-06-18 11:06:23.926462,1378.0,190390.0,239736.0
2025-06-18 11:06:25.160899,1377.9,190390.0,239736.0
2025-06-18 11:06:27.164374,1378.4,190390.0,239736.0
2025-06-18 11:06:28.728251,1378.4,192233.0,238158.0
2025-06-18 11:06:33.433872,1378.4,192734.0,238230.0
2025-06-18 11:06:35.166487,1378.2,192734.0,238230.0
2025-06-18 11:06:37.164798,1378.2,192734.0,238230.0
2025-06-18 11:06:38.336002,1378.4,192067.0,238460.0
2025-06-18 11:06:39.168488,1378.4,192067.0,238460.0
2025-06-18 11:06:43.163161,1378.4,192067.0,238460.0
2025-06-18 11:06:43.441693,1378.4,192522.0,238449.0
2025-06-18 11:06:46.759420,1378.4,192522.0,238449.0
2025-06-18 11:06:47.626267,1378.4,192522.0,238449.0
2025-06-18 11:06:48.341023,1378.6,191698.0,239340.0
2025-06-18 11:06:48.560153,1378.6,191698.0,239340.0
2025-06-18 11:06:49.164398,1378.6,191698.0,239340.0
2025-06-18 11:06:49.802589,1378.6,191698.0,239340.0
2025-06-18 11:06:50.315077,1378.6,191698.0,239340.0
2025-06-18 11:06:51.060107,1378.6,191698.0,239340.0
2025-06-18 11:06:51.158749,1378.0,191698.0,239340.0
2025-06-18 11:06:52.043057,1378.0,191698.0,239340.0
2025-06-18 11:06:53.163736,1378.4,191698.0,239340.0
2025-06-18 11:06:53.248756,1378.4,192146.0,239109.0
2025-06-18 11:06:53.519539,1378.4,192146.0,239109.0
2025-06-18 11:06:54.756246,1378.4,192146.0,239109.0
2025-06-18 11:06:56.269091,1378.4,192146.0,239109.0
2025-06-18 11:06:57.111269,1378.4,192146.0,239109.0
2025-06-18 11:06:58.341463,1378.4,191057.0,240553.0
2025-06-18 11:06:58.540274,1378.4,191057.0,240553.0
2025-06-18 11:06:59.160884,1378.4,191057.0,240553.0
2025-06-18 11:06:59.690375,1378.4,191057.0,240553.0
2025-06-18 11:07:00.834836,1378.4,191057.0,240553.0
2025-06-18 11:07:02.291197,1378.4,191057.0,240553.0
2025-06-18 11:07:03.057311,1377.5,190505.0,240292.0
2025-06-18 11:07:03.162584,1377.5,190505.0,240292.0
2025-06-18 11:07:05.170161,1378.3,190505.0,240292.0
2025-06-18 11:07:07.161131,1378.0,190505.0,240292.0
2025-06-18 11:07:10.481176,1378.0,191268.0,240738.0
2025-06-18 11:07:10.577186,1378.0,191268.0,240738.0
2025-06-18 11:07:13.172372,1378.0,191268.0,240738.0
2025-06-18 11:07:13.860857,1378.0,192407.0,240101.0
2025-06-18 11:07:19.170422,1378.0,191803.0,240634.0
2025-06-18 11:07:24.262438,1377.4,190267.0,240306.0
2025-06-18 11:07:25.166457,1377.4,190267.0,240306.0
2025-06-18 11:07:27.173419,1377.4,190267.0,240306.0
2025-06-18 11:07:29.178742,1377.2,190267.0,240306.0
2025-06-18 11:07:29.182124,1377.2,190419.0,241568.0
2025-06-18 11:07:31.173060,1377.7,190419.0,241568.0
2025-06-18 11:07:33.172322,1377.1,190419.0,241568.0
2025-06-18 11:07:34.066528,1377.1,188751.0,242077.0
2025-06-18 11:07:35.163992,1377.7,188751.0,242077.0
2025-06-18 11:07:37.170714,1377.6,188751.0,242077.0
2025-06-18 11:07:38.980441,1377.7,189311.0,241976.0
2025-06-18 11:07:39.208517,1377.7,189311.0,241976.0
2025-06-18 11:07:41.171975,1377.8,189311.0,241976.0
2025-06-18 11:07:43.172205,1377.4,189311.0,241976.0
2025-06-18 11:07:44.799351,1377.8,189263.0,242902.0
2025-06-18 11:07:45.173076,1377.8,189263.0,242902.0
2025-06-18 11:07:47.178620,1377.8,189263.0,242902.0
2025-06-18 11:07:49.172098,1377.8,189263.0,242902.0
2025-06-18 11:07:49.578697,1377.8,188924.0,243679.0
2025-06-18 11:07:52.179937,1377.4,188924.0,243679.0
2025-06-18 11:07:55.124482,1377.4,189006.0,243481.0
2025-06-18 11:07:58.188311,1377.8,189006.0,243481.0
2025-06-18 11:07:59.709767,1377.8,188819.0,243329.0
2025-06-18 11:08:00.437381,1377.8,188819.0,243329.0
2025-06-18 11:08:04.882829,1377.6,188883.0,243174.0
2025-06-18 11:08:06.175833,1377.6,188883.0,243174.0
2025-06-18 11:08:08.181980,1377.1,188883.0,243174.0
2025-06-18 11:08:10.284772,1377.1,189336.0,245230.0
2025-06-18 11:08:14.194479,1377.4,189336.0,245230.0
2025-06-18 11:08:15.891421,1377.4,190401.0,243055.0
2025-06-18 11:08:20.495123,1377.4,190401.0,243055.0
2025-06-18 11:08:20.566673,1377.8,190401.0,243055.0
2025-06-18 11:08:20.793671,1377.8,189377.0,242586.0
2025-06-18 11:08:22.173649,1377.8,189377.0,242586.0
2025-06-18 11:08:25.170999,1377.7,189377.0,242586.0
2025-06-18 11:08:26.298928,1377.7,189761.0,242261.0
2025-06-18 11:08:30.174755,1377.8,189761.0,242261.0
2025-06-18 11:08:31.906582,1377.7,189531.0,242505.0
2025-06-18 11:08:32.175699,1377.7,189531.0,242505.0
2025-06-18 11:08:36.172909,1377.8,189531.0,242505.0
2025-06-18 11:08:37.210590,1377.7,190056.0,242596.0
2025-06-18 11:08:38.175545,1377.7,190056.0,242596.0
2025-06-18 11:08:40.185911,1377.7,190056.0,242596.0
2025-06-18 11:08:42.410127,1377.7,189231.0,242688.0
2025-06-18 11:08:44.183960,1377.8,189231.0,242688.0
2025-06-18 11:08:46.202531,1377.5,189231.0,242688.0
2025-06-18 11:08:47.610363,1377.5,189447.0,242307.0
2025-06-18 11:08:48.172822,1377.5,189447.0,242307.0
2025-06-18 11:08:50.171209,1377.5,189447.0,242307.0
2025-06-18 11:08:52.814320,1377.5,189042.0,241622.0
2025-06-18 11:08:54.176509,1377.1,189042.0,241622.0
2025-06-18 11:08:58.119955,1377.1,189474.0,242622.0
2025-06-18 11:08:58.173087,1377.5,189474.0,242622.0
2025-06-18 11:09:00.172500,1377.5,189474.0,242622.0
2025-06-18 11:09:01.813939,1377.5,189475.0,242669.0
2025-06-18 11:09:02.208670,1377.5,189475.0,242669.0
2025-06-18 11:09:02.815498,1377.5,189291.0,242581.0
2025-06-18 11:09:04.172343,1377.3,189291.0,242581.0
2025-06-18 11:09:04.617096,1377.3,189497.0,242271.0
2025-06-18 11:09:05.718633,1377.3,189507.0,242147.0
2025-06-18 11:09:06.169718,1377.3,189507.0,242147.0
2025-06-18 11:09:07.166785,1377.1,189507.0,242147.0
2025-06-18 11:09:07.218216,1377.1,189203.0,242148.0
2025-06-18 11:09:08.167798,1377.3,189203.0,242148.0
2025-06-18 11:09:08.521770,1377.3,189127.0,241746.0
2025-06-18 11:09:09.166069,1377.3,189127.0,241746.0
2025-06-18 11:09:09.741408,1377.3,189842.0,241330.0
2025-06-18 11:09:10.170993,1377.3,189842.0,241330.0
2025-06-18 11:09:10.420234,1377.3,189858.0,241859.0
2025-06-18 11:09:11.167808,1377.7,189858.0,241859.0
2025-06-18 11:09:11.526087,1377.5,189797.0,238874.0
2025-06-18 11:09:12.165859,1377.5,189797.0,238874.0
2025-06-18 11:09:14.260370,1377.4,190487.0,239562.0
2025-06-18 11:09:14.305016,1377.5,190487.0,239562.0
2025-06-18 11:09:14.310439,1377.5,190508.0,239559.0
2025-06-18 11:09:14.344357,1377.4,190508.0,239559.0
2025-06-18 11:09:14.622962,1377.5,188817.0,242227.0
2025-06-18 11:09:15.172768,1377.5,188817.0,242227.0
2025-06-18 11:09:15.731097,1377.5,189045.0,242228.0
2025-06-18 11:09:16.165894,1377.4,189045.0,242228.0
2025-06-18 11:09:16.825198,1377.4,188671.0,243534.0
2025-06-18 11:09:18.825720,1377.4,188204.0,243696.0
2025-06-18 11:09:18.878291,1377.4,188375.0,243775.0
2025-06-18 11:09:19.165635,1377.5,188375.0,243775.0
2025-06-18 11:09:19.724927,1377.5,188724.0,242703.0
2025-06-18 11:09:20.196418,1377.4,188724.0,242703.0
2025-06-18 11:09:20.824278,1377.4,189145.0,242728.0
2025-06-18 11:09:21.171173,1377.3,189145.0,242728.0
2025-06-18 11:09:21.825974,1377.3,189106.0,242713.0
2025-06-18 11:09:22.826838,1377.3,189122.0,242773.0
2025-06-18 11:09:23.727618,1377.3,187585.0,243221.0
2025-06-18 11:09:24.172264,1377.3,187585.0,243221.0
2025-06-18 11:09:24.726667,1377.3,188253.0,243369.0
2025-06-18 11:09:25.175958,1377.3,188253.0,243369.0
2025-06-18 11:09:25.727358,1377.3,188109.0,243369.0
2025-06-18 11:09:26.827878,1377.3,188125.0,243352.0
2025-06-18 11:09:27.165703,1377.4,188125.0,243352.0
2025-06-18 11:09:27.928349,1377.4,187707.0,243307.0
2025-06-18 11:09:28.173916,1377.4,187707.0,243307.0
2025-06-18 11:09:29.036351,1377.4,187707.0,243307.0
2025-06-18 11:09:30.030165,1377.4,188189.0,242928.0
2025-06-18 11:09:31.133393,1377.4,188229.0,243027.0
2025-06-18 11:09:32.177990,1377.3,188229.0,243027.0
2025-06-18 11:09:32.732372,1377.4,187875.0,243161.0
2025-06-18 11:09:33.174068,1377.4,187875.0,243161.0
2025-06-18 11:09:33.734394,1377.3,188342.0,242953.0
2025-06-18 11:09:34.173513,1377.3,188342.0,242953.0
2025-06-18 11:09:34.834379,1377.2,188035.0,243137.0
2025-06-18 11:09:35.168238,1377.2,188035.0,243137.0
2025-06-18 11:09:35.937956,1377.2,188400.0,243229.0
2025-06-18 11:09:36.170715,1377.2,188400.0,243229.0
2025-06-18 11:09:37.038075,1377.3,188456.0,243093.0
2025-06-18 11:09:37.173774,1377.3,188456.0,243093.0
2025-06-18 11:09:38.144870,1377.2,188634.0,242601.0
2025-06-18 11:09:38.181514,1377.2,188634.0,242601.0
2025-06-18 11:09:39.900628,1377.2,188684.0,242709.0
2025-06-18 11:09:40.142237,1377.6,188664.0,242780.0
2025-06-18 11:09:40.169221,1377.6,188664.0,242780.0
2025-06-18 11:09:41.235788,1377.6,188881.0,242916.0
2025-06-18 11:09:42.175721,1377.5,188881.0,242916.0
2025-06-18 11:09:42.237347,1377.5,188841.0,242922.0
2025-06-18 11:09:43.149740,1377.5,188493.0,243004.0
2025-06-18 11:09:44.187691,1377.5,188493.0,243004.0
2025-06-18 11:09:44.342034,1377.5,188476.0,242842.0
2025-06-18 11:09:45.173512,1377.1,188476.0,242842.0
2025-06-18 11:09:45.340196,1377.1,188720.0,242719.0
2025-06-18 11:09:46.340586,1377.1,190191.0,242557.0
2025-06-18 11:09:47.143170,1377.1,190191.0,242557.0
2025-06-18 11:09:47.221729,1377.3,190191.0,242557.0
2025-06-18 11:09:47.339990,1377.3,190214.0,242541.0
2025-06-18 11:09:48.170498,1377.2,190214.0,242541.0
2025-06-18 11:09:48.228572,1377.2,190214.0,242541.0
2025-06-18 11:09:48.341282,1377.2,190332.0,242468.0
2025-06-18 11:09:49.137141,1377.2,190332.0,242468.0
2025-06-18 11:09:49.173362,1377.2,190332.0,242468.0
2025-06-18 11:09:49.442305,1377.2,190239.0,242555.0
2025-06-18 11:09:50.061831,1377.2,190239.0,242555.0
2025-06-18 11:09:50.543852,1377.3,190079.0,243078.0
2025-06-18 11:09:50.868065,1377.3,190079.0,243078.0
2025-06-18 11:09:51.169621,1377.3,190079.0,243078.0
2025-06-18 11:09:51.673719,1377.3,190079.0,243078.0
2025-06-18 11:09:51.944442,1377.2,190049.0,243013.0
2025-06-18 11:09:52.175044,1377.2,190049.0,243013.0
2025-06-18 11:09:52.636776,1377.2,190049.0,243013.0
2025-06-18 11:09:52.943227,1377.2,190038.0,243009.0
2025-06-18 11:09:53.228859,1377.2,190038.0,243009.0
2025-06-18 11:09:54.044949,1377.2,190043.0,243008.0
2025-06-18 11:09:54.097287,1377.2,190043.0,243008.0
2025-06-18 11:09:55.046287,1377.2,190058.0,242804.0
2025-06-18 11:09:55.342603,1377.2,190058.0,242804.0
2025-06-18 11:09:56.048305,1377.5,190023.0,242719.0
2025-06-18 11:09:56.171339,1377.5,190023.0,242719.0
2025-06-18 11:09:56.595259,1377.5,190023.0,242719.0
2025-06-18 11:09:57.152506,1377.5,189788.0,242989.0
2025-06-18 11:09:57.177924,1377.5,189788.0,242989.0
2025-06-18 11:09:57.565806,1377.5,189788.0,242989.0
2025-06-18 11:09:58.176921,1377.3,189788.0,242989.0
2025-06-18 11:09:58.242589,1377.3,190041.0,242668.0
2025-06-18 11:09:58.982678,1377.3,190041.0,242668.0
2025-06-18 11:09:59.177252,1377.2,190041.0,242668.0
2025-06-18 11:09:59.343756,1377.2,190120.0,242978.0
2025-06-18 11:10:00.126719,1377.2,190120.0,242978.0
2025-06-18 11:10:00.444172,1377.2,190103.0,242933.0
2025-06-18 11:10:01.254759,1377.2,190103.0,242933.0
2025-06-18 11:10:01.345716,1377.2,190237.0,242933.0
2025-06-18 11:10:02.721467,1377.2,190237.0,242933.0
2025-06-18 11:10:04.171883,1377.3,190237.0,242933.0
2025-06-18 11:10:06.177037,1377.2,190237.0,242933.0
2025-06-18 11:10:06.453033,1377.2,190140.0,242736.0
2025-06-18 11:10:09.456508,1377.3,190140.0,242736.0
2025-06-18 11:10:11.959770,1377.3,190526.0,241391.0
2025-06-18 11:10:12.175963,1377.3,190526.0,241391.0
2025-06-18 11:10:14.182665,1377.5,190526.0,241391.0
2025-06-18 11:10:16.177159,1377.5,190526.0,241391.0
2025-06-18 11:10:17.355885,1377.5,192203.0,241150.0
2025-06-18 11:10:18.178754,1377.5,192203.0,241150.0
2025-06-18 11:10:20.175248,1377.4,192203.0,241150.0
2025-06-18 11:10:22.358936,1377.4,191861.0,240595.0
2025-06-18 11:10:24.185640,1377.8,191861.0,240595.0
2025-06-18 11:10:27.185406,1377.8,191861.0,240595.0
2025-06-18 11:10:27.861355,1377.8,191630.0,241754.0
2025-06-18 11:10:30.176352,1377.8,191630.0,241754.0
2025-06-18 11:10:33.176162,1377.8,191630.0,241754.0
2025-06-18 11:10:33.364610,1377.8,191629.0,241744.0
2025-06-18 11:10:36.174245,1377.5,191629.0,241744.0
2025-06-18 11:10:38.970070,1377.5,191120.0,240746.0
2025-06-18 11:10:44.174636,1377.5,191120.0,240746.0
2025-06-18 11:10:44.472309,1377.5,191571.0,240934.0
2025-06-18 11:10:48.208091,1377.5,191571.0,240934.0
2025-06-18 11:10:49.578051,1377.5,190932.0,243860.0
2025-06-18 11:10:50.179794,1377.5,190932.0,243860.0
2025-06-18 11:10:52.180514,1377.5,190932.0,243860.0
2025-06-18 11:10:54.184766,1377.5,190932.0,243860.0
2025-06-18 11:10:54.681573,1377.5,190573.0,243044.0
2025-06-18 11:10:56.175008,1377.5,190573.0,243044.0
2025-06-18 11:10:58.177218,1377.6,190573.0,243044.0
2025-06-18 11:10:59.987147,1377.6,191444.0,243188.0
2025-06-18 11:11:00.174656,1377.5,191444.0,243188.0
2025-06-18 11:11:02.203511,1377.5,191444.0,243188.0
2025-06-18 11:11:04.173499,1377.6,191444.0,243188.0
2025-06-18 11:11:05.289466,1377.6,191540.0,243303.0
2025-06-18 11:11:06.180681,1377.5,191540.0,243303.0
2025-06-18 11:11:08.186374,1377.5,191540.0,243303.0
2025-06-18 11:11:10.175902,1377.5,191540.0,243303.0
2025-06-18 11:11:10.795052,1377.6,192030.0,243402.0
2025-06-18 11:11:12.181642,1377.5,192030.0,243402.0
2025-06-18 11:11:14.194311,1377.5,192030.0,243402.0
2025-06-18 11:11:16.174502,1377.6,192030.0,243402.0
2025-06-18 11:11:16.196011,1377.6,191884.0,243101.0
2025-06-18 11:11:18.188567,1377.6,191884.0,243101.0
2025-06-18 11:11:21.297929,1377.6,192558.0,243084.0
2025-06-18 11:11:22.184637,1377.6,192558.0,243084.0
2025-06-18 11:11:24.179329,1377.5,192558.0,243084.0
2025-06-18 11:11:26.180276,1377.5,192558.0,243084.0
2025-06-18 11:11:26.402153,1377.5,192416.0,242895.0
2025-06-18 11:11:28.191257,1377.6,192416.0,242895.0
2025-06-18 11:11:30.177871,1377.5,192416.0,242895.0
2025-06-18 11:11:31.603591,1377.5,193047.0,242254.0
2025-06-18 11:11:32.184714,1377.5,193047.0,242254.0
2025-06-18 11:11:36.179933,1377.5,193047.0,242254.0
2025-06-18 11:11:36.408334,1377.5,193353.0,241895.0
2025-06-18 11:11:38.186727,1378.0,193353.0,241895.0
2025-06-18 11:11:40.177239,1377.5,193353.0,241895.0
2025-06-18 11:11:41.521552,1377.5,191983.0,242660.0
2025-06-18 11:11:42.188384,1377.5,191983.0,242660.0
2025-06-18 11:11:46.178730,1377.6,191983.0,242660.0
2025-06-18 11:11:46.613399,1377.9,192455.0,243756.0
2025-06-18 11:11:48.194904,1377.9,192455.0,243756.0
2025-06-18 11:11:50.192846,1377.9,192455.0,243756.0
2025-06-18 11:11:51.618998,1377.9,192415.0,242874.0
2025-06-18 11:11:52.219275,1377.5,192415.0,242874.0
2025-06-18 11:11:56.188230,1377.9,192415.0,242874.0
2025-06-18 11:11:56.825770,1377.9,192598.0,242462.0
2025-06-18 11:11:58.409701,1377.9,192598.0,242462.0
2025-06-18 11:12:00.180070,1377.5,192598.0,242462.0
2025-06-18 11:12:02.292108,1377.9,192838.0,242167.0
2025-06-18 11:12:02.332071,1377.5,192838.0,242167.0
2025-06-18 11:12:02.926768,1377.5,192832.0,242228.0
2025-06-18 11:12:04.027913,1377.5,192257.0,242346.0
2025-06-18 11:12:04.929961,1377.5,192257.0,242297.0
2025-06-18 11:12:06.037681,1377.5,192258.0,242298.0
2025-06-18 11:12:07.128953,1377.5,192258.0,242193.0
2025-06-18 11:12:08.179140,1377.5,192258.0,242193.0
2025-06-18 11:12:08.235531,1377.5,192657.0,242188.0
2025-06-18 11:12:10.115673,1377.9,192657.0,242188.0
2025-06-18 11:12:10.119777,1377.9,192787.0,242269.0
2025-06-18 11:12:10.179584,1377.5,192787.0,242269.0
2025-06-18 11:12:10.238031,1377.5,192443.0,242299.0
2025-06-18 11:12:11.233512,1377.5,192724.0,242758.0
2025-06-18 11:12:12.334677,1377.5,192742.0,242725.0
2025-06-18 11:12:13.335323,1377.5,192723.0,242710.0
2025-06-18 11:12:14.335214,1377.5,192749.0,242814.0
2025-06-18 11:12:15.178309,1377.5,192749.0,242814.0
2025-06-18 11:12:15.334827,1377.5,191667.0,244254.0
2025-06-18 11:12:16.177301,1377.5,191667.0,244254.0
2025-06-18 11:12:16.338621,1377.5,191572.0,243938.0
2025-06-18 11:12:17.179008,1377.5,191572.0,243938.0
2025-06-18 11:12:17.435162,1377.5,191560.0,244360.0
2025-06-18 11:12:18.545217,1377.3,189802.0,244810.0
2025-06-18 11:12:19.177602,1377.5,189802.0,244810.0
2025-06-18 11:12:19.640505,1377.5,190594.0,244532.0
2025-06-18 11:12:20.176386,1377.5,190594.0,244532.0
2025-06-18 11:12:20.737881,1377.5,190755.0,244596.0
2025-06-18 11:12:21.740725,1377.6,190990.0,244998.0
2025-06-18 11:12:22.178441,1377.6,190990.0,244998.0
2025-06-18 11:12:22.843963,1377.5,191211.0,244516.0
2025-06-18 11:12:23.178941,1377.5,191211.0,244516.0
2025-06-18 11:12:23.941012,1377.6,190951.0,244688.0
2025-06-18 11:12:24.179879,1377.6,190951.0,244688.0
2025-06-18 11:12:25.177386,1377.3,190951.0,244688.0
2025-06-18 11:12:25.577832,1377.3,190906.0,244683.0
2025-06-18 11:12:26.554480,1377.3,190846.0,244827.0
2025-06-18 11:12:27.180560,1377.5,190846.0,244827.0
2025-06-18 11:12:27.648225,1377.5,190710.0,244684.0
2025-06-18 11:12:28.747231,1377.5,190710.0,244696.0
2025-06-18 11:12:29.848841,1377.3,190707.0,244716.0
2025-06-18 11:12:30.186363,1377.3,190707.0,244716.0
2025-06-18 11:12:30.949718,1377.3,190707.0,244750.0
2025-06-18 11:12:31.952362,1377.5,188719.0,244473.0
2025-06-18 11:12:32.206110,1377.6,188719.0,244473.0
2025-06-18 11:12:33.050704,1377.6,188506.0,244489.0
2025-06-18 11:12:33.180132,1377.5,188506.0,244489.0
2025-06-18 11:12:34.158047,1377.5,189063.0,244508.0
2025-06-18 11:12:34.182230,1377.5,189063.0,244508.0
2025-06-18 11:12:35.200523,1377.5,189063.0,244508.0
2025-06-18 11:12:35.250860,1377.5,189114.0,244646.0
2025-06-18 11:12:36.200837,1377.7,189114.0,244646.0
2025-06-18 11:12:36.257996,1377.7,188092.0,244352.0
2025-06-18 11:12:37.254055,1377.7,189323.0,245262.0
2025-06-18 11:12:38.354847,1377.7,189437.0,245232.0
2025-06-18 11:12:39.179937,1377.3,189437.0,245232.0
2025-06-18 11:12:39.456201,1377.3,189458.0,244694.0
2025-06-18 11:12:40.454742,1377.3,189473.0,244542.0
2025-06-18 11:12:41.558842,1377.3,189470.0,244551.0
2025-06-18 11:12:42.581238,1377.3,189474.0,245195.0
2025-06-18 11:12:43.182487,1377.5,189474.0,245195.0
2025-06-18 11:12:43.660653,1377.5,188958.0,245227.0
2025-06-18 11:12:44.179827,1377.5,188958.0,245227.0
2025-06-18 11:12:44.758544,1377.3,189371.0,245199.0
2025-06-18 11:12:45.180502,1377.3,189371.0,245199.0
2025-06-18 11:12:45.761176,1377.3,189351.0,245276.0
2025-06-18 11:12:46.179309,1377.5,189351.0,245276.0
2025-06-18 11:12:46.861193,1377.5,189371.0,245031.0
2025-06-18 11:12:47.570096,1377.5,189371.0,245031.0
2025-06-18 11:12:47.964105,1377.5,189366.0,245031.0
2025-06-18 11:12:48.633232,1377.5,189366.0,245031.0
2025-06-18 11:12:48.965367,1377.5,189929.0,244767.0
2025-06-18 11:12:49.546375,1377.5,189929.0,244767.0
2025-06-18 11:12:50.063734,1377.5,189950.0,244767.0
2025-06-18 11:12:50.455751,1377.5,189950.0,244767.0
2025-06-18 11:12:51.166768,1377.5,189768.0,244690.0
2025-06-18 11:12:51.314939,1377.5,189768.0,244690.0
2025-06-18 11:12:52.079522,1377.5,189768.0,244690.0
2025-06-18 11:12:52.163794,1377.3,190385.0,244692.0
2025-06-18 11:12:52.178266,1377.3,190385.0,244692.0
2025-06-18 11:12:53.103447,1377.3,190385.0,244692.0
2025-06-18 11:12:53.264761,1377.3,190021.0,244691.0
2025-06-18 11:12:53.639818,1377.3,190021.0,244691.0
2025-06-18 11:12:54.054272,1377.3,190021.0,244691.0
2025-06-18 11:12:54.180556,1377.4,190021.0,244691.0
2025-06-18 11:12:54.364743,1377.4,191200.0,244115.0
2025-06-18 11:12:54.525082,1377.4,191200.0,244115.0
2025-06-18 11:12:55.178559,1377.3,191200.0,244115.0
2025-06-18 11:12:55.466101,1377.3,191250.0,244631.0
2025-06-18 11:12:55.798789,1377.3,191250.0,244631.0
2025-06-18 11:12:56.568519,1377.3,191110.0,244888.0
2025-06-18 11:12:57.013962,1377.3,191110.0,244888.0
2025-06-18 11:12:57.184959,1377.3,191110.0,244888.0
2025-06-18 11:12:57.569423,1377.3,191128.0,244802.0
2025-06-18 11:12:57.883720,1377.3,191128.0,244802.0
2025-06-18 11:12:58.185740,1377.4,191128.0,244802.0
2025-06-18 11:12:58.668320,1377.4,191813.0,244809.0
2025-06-18 11:12:59.297455,1377.4,191813.0,244809.0
2025-06-18 11:12:59.771383,1377.4,192058.0,244760.0
2025-06-18 11:13:00.187255,1377.4,192058.0,244760.0
2025-06-18 11:13:00.404341,1377.4,192058.0,244760.0
2025-06-18 11:13:01.579130,1377.4,192058.0,244760.0
2025-06-18 11:13:02.182560,1377.5,192058.0,244760.0
2025-06-18 11:13:03.039419,1377.5,192058.0,244760.0
2025-06-18 11:13:03.374393,1377.4,191548.0,244897.0
2025-06-18 11:13:04.185386,1377.4,191548.0,244897.0
2025-06-18 11:13:06.184088,1377.5,191548.0,244897.0
2025-06-18 11:13:08.183009,1377.5,191548.0,244897.0
2025-06-18 11:13:08.278802,1377.5,191392.0,244566.0
2025-06-18 11:13:12.188331,1377.5,191392.0,244566.0
2025-06-18 11:13:13.079195,1377.5,191480.0,245010.0
2025-06-18 11:13:14.185023,1377.4,191480.0,245010.0
2025-06-18 11:13:16.187905,1377.5,191480.0,245010.0
2025-06-18 11:13:17.985553,1377.4,190478.0,245417.0
2025-06-18 11:13:18.190682,1377.4,190478.0,245417.0
2025-06-18 11:13:20.187152,1377.5,190478.0,245417.0
2025-06-18 11:13:22.187156,1377.4,190478.0,245417.0
2025-06-18 11:13:22.786323,1377.4,190303.0,245380.0
2025-06-18 11:13:24.188720,1377.4,190303.0,245380.0
2025-06-18 11:13:27.790200,1377.4,190281.0,245176.0
2025-06-18 11:13:30.189770,1377.4,190281.0,245176.0
2025-06-18 11:13:32.184957,1377.4,190281.0,245176.0
2025-06-18 11:13:32.795247,1377.4,190402.0,245141.0
2025-06-18 11:13:34.190146,1377.4,190402.0,245141.0
2025-06-18 11:13:36.187448,1377.4,190402.0,245141.0
2025-06-18 11:13:37.794629,1377.5,191073.0,245099.0
2025-06-18 11:13:38.186093,1377.5,191073.0,245099.0
2025-06-18 11:13:40.191191,1377.5,191073.0,245099.0
2025-06-18 11:13:42.189056,1377.5,191073.0,245099.0
2025-06-18 11:13:42.999072,1377.5,190775.0,245201.0
2025-06-18 11:13:44.192527,1377.6,190775.0,245201.0
2025-06-18 11:13:48.099161,1377.5,190675.0,245309.0
2025-06-18 11:13:48.187767,1377.5,190675.0,245309.0
2025-06-18 11:13:50.195556,1377.6,190675.0,245309.0
2025-06-18 11:13:52.189384,1377.5,190675.0,245309.0
2025-06-18 11:13:52.700802,1377.5,191585.0,245001.0
2025-06-18 11:13:54.191090,1377.5,191585.0,245001.0
2025-06-18 11:13:56.189774,1377.6,191585.0,245001.0
2025-06-18 11:13:58.188689,1377.5,191585.0,245001.0
2025-06-18 11:13:58.203760,1377.5,191809.0,244792.0
2025-06-18 11:14:00.188469,1377.5,191809.0,244792.0
2025-06-18 11:14:02.189355,1377.5,191809.0,244792.0
2025-06-18 11:14:03.210026,1378.2,192789.0,243108.0
2025-06-18 11:14:04.193455,1377.6,192789.0,243108.0
2025-06-18 11:14:06.189729,1378.2,192789.0,243108.0
2025-06-18 11:14:08.191548,1377.7,192789.0,243108.0
2025-06-18 11:14:08.215745,1377.7,194716.0,243196.0
2025-06-18 11:14:10.190530,1377.9,194716.0,243196.0
2025-06-18 11:14:12.189216,1377.6,194716.0,243196.0
2025-06-18 11:14:13.230128,1377.6,193003.0,243807.0
2025-06-18 11:14:14.192073,1377.6,193003.0,243807.0
2025-06-18 11:14:16.194910,1378.1,193003.0,243807.0
2025-06-18 11:14:18.318364,1378.1,194031.0,243253.0
2025-06-18 11:14:20.189646,1377.9,194031.0,243253.0
2025-06-18 11:14:22.238184,1377.6,194031.0,243253.0
2025-06-18 11:14:22.922649,1377.7,194393.0,242714.0
2025-06-18 11:14:24.196420,1377.7,194393.0,242714.0
2025-06-18 11:14:28.191347,1377.7,194393.0,242714.0
2025-06-18 11:14:28.223241,1377.7,194234.0,242668.0
2025-06-18 11:14:30.191645,1377.9,194234.0,242668.0
2025-06-18 11:14:33.560422,1377.9,194667.0,242544.0
2025-06-18 11:14:36.192895,1377.6,194667.0,242544.0
2025-06-18 11:14:38.190953,1378.0,194667.0,242544.0
2025-06-18 11:14:38.631554,1378.4,195761.0,241174.0
2025-06-18 11:14:40.189945,1378.0,195761.0,241174.0
2025-06-18 11:14:42.189548,1378.4,195761.0,241174.0
2025-06-18 11:14:43.638979,1378.4,195245.0,241522.0
2025-06-18 11:14:44.189902,1378.0,195245.0,241522.0
2025-06-18 11:14:46.194246,1378.2,195245.0,241522.0
2025-06-18 11:14:48.196312,1378.4,195245.0,241522.0
2025-06-18 11:14:49.240107,1378.4,195387.0,242123.0
2025-06-18 11:14:50.191558,1378.0,195387.0,242123.0
2025-06-18 11:14:54.190998,1378.0,195387.0,242123.0
2025-06-18 11:14:54.745662,1378.0,195070.0,242261.0
2025-06-18 11:15:00.191459,1378.4,195070.0,242261.0
2025-06-18 11:15:00.247367,1378.4,195252.0,241919.0
2025-06-18 11:15:02.197303,1378.0,195252.0,241919.0
2025-06-18 11:15:04.193255,1378.0,195252.0,241919.0
2025-06-18 11:15:05.352034,1377.9,195936.0,242285.0
2025-06-18 11:15:06.956114,1378.2,195936.0,242285.0
2025-06-18 11:15:08.192300,1377.7,195936.0,242285.0
2025-06-18 11:15:10.512968,1377.7,195936.0,242285.0
2025-06-18 11:15:10.660275,1378.2,195164.0,241762.0
2025-06-18 11:15:12.194786,1378.4,195164.0,241762.0
2025-06-18 11:15:14.205786,1377.8,195164.0,241762.0
2025-06-18 11:15:15.659512,1377.8,194090.0,241587.0
2025-06-18 11:15:16.197229,1378.4,194090.0,241587.0
2025-06-18 11:15:18.197673,1378.0,194090.0,241587.0
2025-06-18 11:15:20.198318,1378.1,194090.0,241587.0
2025-06-18 11:15:20.671366,1378.1,195628.0,241895.0
2025-06-18 11:15:22.195826,1378.0,195628.0,241895.0
2025-06-18 11:15:24.194457,1377.9,195628.0,241895.0
2025-06-18 11:15:25.565076,1378.4,195035.0,241943.0
2025-06-18 11:15:26.196715,1377.9,195035.0,241943.0
2025-06-18 11:15:28.203467,1378.4,195035.0,241943.0
2025-06-18 11:15:30.194033,1378.0,195035.0,241943.0
2025-06-18 11:15:31.267938,1378.0,195832.0,241639.0
2025-06-18 11:15:32.195901,1377.9,195832.0,241639.0
2025-06-18 11:15:36.193914,1377.9,195832.0,241639.0
2025-06-18 11:15:36.930512,1377.9,195940.0,241700.0
2025-06-18 11:15:38.211408,1377.9,195940.0,241700.0
2025-06-18 11:15:40.196462,1377.8,195940.0,241700.0
2025-06-18 11:15:41.978957,1377.8,196339.0,241125.0
2025-06-18 11:15:42.197882,1377.7,196339.0,241125.0
2025-06-18 11:15:44.202399,1377.8,196339.0,241125.0
2025-06-18 11:15:46.213933,1378.0,196339.0,241125.0
2025-06-18 11:15:47.082368,1378.0,195550.0,240281.0
2025-06-18 11:15:48.077070,1378.0,195550.0,240281.0
2025-06-18 11:15:48.199029,1378.0,195550.0,240281.0
2025-06-18 11:15:49.098568,1378.0,195550.0,240281.0
2025-06-18 11:15:50.199811,1378.0,195550.0,240281.0
2025-06-18 11:15:50.939998,1378.0,195550.0,240281.0
2025-06-18 11:15:51.782251,1378.0,195550.0,240281.0
2025-06-18 11:15:52.197182,1378.0,195550.0,240281.0
2025-06-18 11:15:52.567166,1378.0,195550.0,240281.0
2025-06-18 11:15:52.686477,1378.0,195111.0,241048.0
2025-06-18 11:15:53.574251,1378.0,195111.0,241048.0
2025-06-18 11:15:54.136782,1378.0,195111.0,241048.0
2025-06-18 11:15:54.198582,1378.0,195111.0,241048.0
2025-06-18 11:15:54.539765,1378.0,195111.0,241048.0
2025-06-18 11:15:55.038888,1378.0,195111.0,241048.0
2025-06-18 11:15:56.199704,1378.0,195111.0,241048.0
2025-06-18 11:15:56.299697,1378.0,195111.0,241048.0
2025-06-18 11:15:57.589959,1378.0,195111.0,241048.0
2025-06-18 11:15:57.787631,1378.0,194697.0,240670.0
2025-06-18 11:15:58.415897,1378.0,194697.0,240670.0
2025-06-18 11:16:00.129377,1378.0,194697.0,240670.0
2025-06-18 11:16:00.195050,1378.5,194697.0,240670.0
2025-06-18 11:16:01.280039,1378.5,194697.0,240670.0
2025-06-18 11:16:02.401810,1378.5,194697.0,240670.0
2025-06-18 11:16:03.187769,1378.5,194707.0,241258.0
2025-06-18 11:16:03.889928,1378.5,194707.0,241258.0
2025-06-18 11:16:06.198179,1378.2,194707.0,241258.0
2025-06-18 11:16:08.728592,1378.4,194707.0,241258.0
2025-06-18 11:16:08.766759,1378.4,194160.0,241445.0
2025-06-18 11:16:10.443780,1377.8,194160.0,241445.0
2025-06-18 11:16:12.203490,1377.8,194160.0,241445.0
2025-06-18 11:16:13.894437,1377.8,195070.0,242276.0
2025-06-18 11:16:16.210929,1378.3,195070.0,242276.0
2025-06-18 11:16:18.204888,1377.8,195070.0,242276.0
2025-06-18 11:16:19.209403,1377.8,194883.0,242460.0
2025-06-18 11:16:20.205096,1377.7,194883.0,242460.0
2025-06-18 11:16:22.209516,1377.7,194883.0,242460.0
2025-06-18 11:16:24.201669,1377.7,194883.0,242460.0
2025-06-18 11:16:24.301072,1377.7,194368.0,242551.0
2025-06-18 11:16:26.202263,1377.9,194368.0,242551.0
2025-06-18 11:16:28.205959,1377.8,194368.0,242551.0
2025-06-18 11:16:29.212634,1377.8,195101.0,242384.0
2025-06-18 11:16:30.230019,1378.3,195101.0,242384.0
2025-06-18 11:16:32.205048,1377.5,195101.0,242384.0
2025-06-18 11:16:34.204913,1377.8,195101.0,242384.0
2025-06-18 11:16:36.334273,1377.8,195101.0,242384.0
2025-06-18 11:16:38.236828,1377.5,195101.0,242384.0
2025-06-18 11:16:40.328119,1378.2,194444.0,242261.0
2025-06-18 11:16:40.329636,1377.9,194444.0,242261.0
2025-06-18 11:16:44.202746,1377.5,194444.0,242261.0
2025-06-18 11:16:44.818772,1377.5,194376.0,242183.0
2025-06-18 11:16:46.206373,1378.2,194376.0,242183.0
2025-06-18 11:16:48.218626,1377.7,194376.0,242183.0
2025-06-18 11:16:49.918263,1377.8,195093.0,242463.0
2025-06-18 11:16:50.206937,1377.8,195093.0,242463.0
2025-06-18 11:16:52.216725,1377.9,195093.0,242463.0
2025-06-18 11:16:55.022100,1377.9,194760.0,241318.0
2025-06-18 11:16:56.207304,1378.2,194760.0,241318.0
2025-06-18 11:16:58.208598,1378.2,194760.0,241318.0
2025-06-18 11:17:00.453623,1378.2,194229.0,242205.0
2025-06-18 11:17:02.210740,1377.7,194229.0,242205.0
2025-06-18 11:17:04.212131,1378.0,194229.0,242205.0
2025-06-18 11:17:05.330066,1378.2,193976.0,242325.0
2025-06-18 11:17:06.211361,1377.7,193976.0,242325.0
2025-06-18 11:17:08.206737,1377.7,193976.0,242325.0
2025-06-18 11:17:10.211638,1378.2,193976.0,242325.0
2025-06-18 11:17:10.430291,1378.2,193786.0,243123.0
2025-06-18 11:17:12.211242,1377.7,193786.0,243123.0
2025-06-18 11:17:15.632239,1377.7,194289.0,243351.0
2025-06-18 11:17:20.638556,1377.7,195333.0,242117.0
2025-06-18 11:17:22.209411,1377.9,195333.0,242117.0
2025-06-18 11:17:24.208191,1377.7,195333.0,242117.0
2025-06-18 11:17:25.942007,1377.7,195145.0,241988.0
2025-06-18 11:17:26.210706,1377.7,195145.0,241988.0
2025-06-18 11:17:30.949277,1377.9,195352.0,242153.0
2025-06-18 11:17:32.211012,1378.0,195352.0,242153.0
2025-06-18 11:17:34.209799,1377.7,195352.0,242153.0
2025-06-18 11:17:35.849553,1377.7,195703.0,242300.0
2025-06-18 11:17:36.210439,1377.7,195703.0,242300.0
2025-06-18 11:17:38.209369,1377.8,195703.0,242300.0
2025-06-18 11:17:40.212149,1377.9,195703.0,242300.0
2025-06-18 11:17:41.158328,1377.9,195962.0,242739.0
2025-06-18 11:17:44.210397,1377.9,195962.0,242739.0
2025-06-18 11:17:46.066039,1377.9,196375.0,242555.0
2025-06-18 11:17:46.212670,1377.8,196375.0,242555.0
2025-06-18 11:17:48.210279,1377.8,196375.0,242555.0
2025-06-18 11:17:50.215503,1377.9,196375.0,242555.0
2025-06-18 11:17:50.858575,1377.9,196280.0,242944.0
2025-06-18 11:17:52.208323,1377.8,196280.0,242944.0
2025-06-18 11:17:54.213960,1378.0,196280.0,242944.0
2025-06-18 11:17:55.565340,1377.9,195956.0,243573.0
2025-06-18 11:17:56.209274,1377.8,195956.0,243573.0
2025-06-18 11:17:58.208167,1377.8,195956.0,243573.0
2025-06-18 11:17:59.963757,1377.8,195363.0,244071.0
2025-06-18 11:18:00.238049,1377.8,195363.0,244071.0
2025-06-18 11:18:02.244629,1377.8,195363.0,244071.0
2025-06-18 11:18:04.208871,1378.0,195363.0,244071.0
2025-06-18 11:18:04.866447,1378.0,194848.0,244590.0
2025-06-18 11:18:06.215781,1377.8,194848.0,244590.0
2025-06-18 11:18:08.234169,1377.8,194848.0,244590.0
2025-06-18 11:18:10.441782,1377.7,192995.0,245725.0
2025-06-18 11:18:10.490583,1377.2,192995.0,245725.0
2025-06-18 11:18:12.213239,1377.3,192995.0,245725.0
2025-06-18 11:18:15.166742,1377.4,183486.0,248158.0
2025-06-18 11:18:16.209649,1377.0,183486.0,248158.0
2025-06-18 11:18:20.877179,1377.0,191316.0,247217.0
2025-06-18 11:18:21.265256,1377.0,191316.0,247217.0
2025-06-18 11:18:23.207580,1377.0,191316.0,247217.0
2025-06-18 11:18:25.211808,1377.0,191316.0,247217.0
2025-06-18 11:18:26.381042,1377.0,189897.0,249117.0
2025-06-18 11:18:27.209213,1377.1,189897.0,249117.0
2025-06-18 11:18:29.226677,1377.1,189897.0,249117.0
2025-06-18 11:18:31.209584,1377.0,189897.0,249117.0
2025-06-18 11:18:31.384531,1377.0,190603.0,248038.0
2025-06-18 11:18:36.595504,1377.0,190383.0,248245.0
2025-06-18 11:18:37.216888,1377.0,190383.0,248245.0
2025-06-18 11:18:39.207165,1377.0,190383.0,248245.0
2025-06-18 11:18:41.211945,1377.1,190383.0,248245.0
2025-06-18 11:18:41.591028,1377.1,190529.0,246986.0
2025-06-18 11:18:43.214085,1376.7,190529.0,246986.0
2025-06-18 11:18:46.387699,1376.7,190640.0,246676.0
2025-06-18 11:18:47.229531,1377.0,190640.0,246676.0
2025-06-18 11:18:48.475677,1377.0,190640.0,246676.0
2025-06-18 11:18:49.213723,1377.2,190640.0,246676.0
2025-06-18 11:18:49.594323,1377.2,190640.0,246676.0
2025-06-18 11:18:50.481390,1377.2,190640.0,246676.0
2025-06-18 11:18:50.994097,1377.2,192676.0,244273.0
2025-06-18 11:18:51.407805,1377.2,192676.0,244273.0
2025-06-18 11:18:52.259447,1377.2,192676.0,244273.0
2025-06-18 11:18:53.041881,1377.2,192676.0,244273.0
2025-06-18 11:18:53.208371,1377.2,192676.0,244273.0
2025-06-18 11:18:54.057435,1377.2,192676.0,244273.0
2025-06-18 11:18:55.037893,1377.2,192676.0,244273.0
2025-06-18 11:18:55.209460,1377.3,192676.0,244273.0
2025-06-18 11:18:55.520311,1377.3,192676.0,244273.0
2025-06-18 11:18:55.793034,1377.3,193949.0,244291.0
2025-06-18 11:18:55.892479,1377.3,193949.0,244291.0
2025-06-18 11:18:56.793811,1377.3,193949.0,244291.0
2025-06-18 11:18:57.212376,1377.5,193949.0,244291.0
2025-06-18 11:18:58.036302,1377.5,193949.0,244291.0
2025-06-18 11:19:00.286313,1377.5,193949.0,244291.0
2025-06-18 11:19:00.495931,1377.5,194154.0,243891.0
2025-06-18 11:19:01.580885,1377.5,194154.0,243891.0
2025-06-18 11:19:02.717735,1377.5,194154.0,243891.0
2025-06-18 11:19:03.214894,1377.5,194154.0,243891.0
2025-06-18 11:19:04.194117,1377.5,194154.0,243891.0
2025-06-18 11:19:05.216563,1377.7,194154.0,243891.0
2025-06-18 11:19:05.698306,1377.6,195628.0,243535.0
2025-06-18 11:19:07.216687,1377.5,195628.0,243535.0
2025-06-18 11:19:09.214724,1377.7,195628.0,243535.0
2025-06-18 11:19:11.109439,1377.7,196163.0,243854.0
2025-06-18 11:19:11.212654,1377.5,196163.0,243854.0
2025-06-18 11:19:13.220790,1377.8,196163.0,243854.0
2025-06-18 11:19:15.212213,1378.0,196163.0,243854.0
2025-06-18 11:19:16.210148,1378.0,194208.0,243371.0
2025-06-18 11:19:17.218288,1377.6,194208.0,243371.0
2025-06-18 11:19:19.213528,1377.5,194208.0,243371.0
2025-06-18 11:19:21.408283,1377.5,194607.0,244701.0
2025-06-18 11:19:23.216119,1377.5,194607.0,244701.0
2025-06-18 11:19:26.516476,1377.5,195052.0,245356.0
2025-06-18 11:19:27.216798,1377.4,195052.0,245356.0
2025-06-18 11:19:29.216097,1377.5,195052.0,245356.0
2025-06-18 11:19:31.516075,1377.5,194999.0,245906.0
2025-06-18 11:19:33.215080,1377.4,194999.0,245906.0
2025-06-18 11:19:35.220198,1377.4,194999.0,245906.0
2025-06-18 11:19:36.416993,1377.4,194244.0,247000.0
2025-06-18 11:19:37.218518,1377.4,194244.0,247000.0
2025-06-18 11:19:39.225983,1377.3,194244.0,247000.0
2025-06-18 11:19:41.215345,1377.3,194244.0,247000.0
2025-06-18 11:19:41.320431,1377.3,193976.0,247424.0
2025-06-18 11:19:45.215545,1377.4,193976.0,247424.0
2025-06-18 11:19:46.227688,1377.3,194665.0,247254.0
2025-06-18 11:19:47.217599,1377.8,194665.0,247254.0
2025-06-18 11:19:49.269521,1377.4,194665.0,247254.0
2025-06-18 11:19:51.256688,1377.3,194665.0,247254.0
2025-06-18 11:19:51.427659,1377.3,195104.0,246118.0
2025-06-18 11:19:53.224131,1377.5,195104.0,246118.0
2025-06-18 11:19:55.223224,1377.5,195104.0,246118.0
2025-06-18 11:19:57.052350,1377.5,195130.0,246685.0
2025-06-18 11:20:00.483470,1377.3,195130.0,246685.0
2025-06-18 11:20:01.221708,1377.5,195130.0,246685.0
2025-06-18 11:20:01.936068,1377.5,192489.0,247845.0
2025-06-18 11:20:05.223876,1377.3,192489.0,247845.0
2025-06-18 11:20:06.942845,1377.3,192491.0,248082.0
2025-06-18 11:20:07.214585,1377.2,192491.0,248082.0
2025-06-18 11:20:08.215651,1377.2,192491.0,248082.0
2025-06-18 11:20:09.217163,1377.1,192491.0,248082.0
2025-06-18 11:20:11.446337,1377.1,192366.0,247943.0
2025-06-18 11:20:12.214271,1377.1,192366.0,247943.0
2025-06-18 11:20:16.157351,1377.1,192315.0,247798.0
2025-06-18 11:20:17.215719,1377.1,192315.0,247798.0
2025-06-18 11:20:19.243551,1377.2,192315.0,247798.0
2025-06-18 11:20:20.216134,1377.2,192315.0,247798.0
2025-06-18 11:20:20.854621,1377.2,191973.0,247950.0
2025-06-18 11:20:23.248600,1377.1,191973.0,247950.0
2025-06-18 11:20:26.162802,1377.1,192156.0,247802.0
2025-06-18 11:20:31.167574,1377.1,192409.0,247532.0
2025-06-18 11:20:31.217650,1377.1,192409.0,247532.0
2025-06-18 11:20:32.219490,1377.2,192409.0,247532.0
2025-06-18 11:20:34.218392,1377.1,192409.0,247532.0
2025-06-18 11:20:36.066279,1377.1,191676.0,247627.0
2025-06-18 11:20:38.216033,1377.0,191676.0,247627.0
2025-06-18 11:20:40.866370,1377.1,191909.0,248033.0
2025-06-18 11:20:41.215678,1377.1,191909.0,248033.0
2025-06-18 11:20:43.235971,1377.1,191909.0,248033.0
2025-06-18 11:20:45.769967,1377.1,191147.0,248584.0
2025-06-18 11:20:46.213663,1377.0,191147.0,248584.0
2025-06-18 11:20:48.213623,1376.7,191147.0,248584.0
2025-06-18 11:20:49.215656,1377.1,191147.0,248584.0
2025-06-18 11:20:50.221181,1377.1,191147.0,248584.0
2025-06-18 11:20:50.771909,1377.1,191414.0,249630.0
2025-06-18 11:20:51.227191,1377.0,191414.0,249630.0
2025-06-18 11:20:55.878020,1377.0,191321.0,249635.0
2025-06-18 11:20:57.221377,1377.0,191321.0,249635.0
2025-06-18 11:20:58.219747,1376.7,191321.0,249635.0
2025-06-18 11:20:59.219046,1377.0,191321.0,249635.0
2025-06-18 11:21:00.777288,1377.0,191218.0,249863.0
2025-06-18 11:21:01.212640,1377.0,191218.0,249863.0
2025-06-18 11:21:05.382550,1377.0,191521.0,249958.0
2025-06-18 11:21:06.222989,1376.7,191521.0,249958.0
2025-06-18 11:21:08.216572,1376.7,191521.0,249958.0
2025-06-18 11:21:10.216260,1377.1,191521.0,249958.0
2025-06-18 11:21:10.396006,1377.1,190167.0,249323.0
2025-06-18 11:21:11.219004,1377.1,190167.0,249323.0
2025-06-18 11:21:12.216550,1376.7,190167.0,249323.0
2025-06-18 11:21:14.213799,1376.6,190167.0,249323.0
2025-06-18 11:21:15.091860,1376.5,190740.0,248840.0
2025-06-18 11:21:15.234244,1376.5,190740.0,248840.0
2025-06-18 11:21:19.691787,1376.5,191244.0,248801.0
2025-06-18 11:21:21.226159,1377.0,191244.0,248801.0
2025-06-18 11:21:22.219003,1377.0,191244.0,248801.0
2025-06-18 11:21:24.234710,1377.0,191244.0,248801.0
2025-06-18 11:21:24.792574,1376.9,192805.0,246812.0
2025-06-18 11:21:25.223883,1376.9,192805.0,246812.0
2025-06-18 11:21:27.227641,1377.0,192805.0,246812.0
2025-06-18 11:21:29.892933,1377.0,192648.0,249522.0
2025-06-18 11:21:30.218629,1377.0,192648.0,249522.0
2025-06-18 11:21:32.216478,1377.0,192648.0,249522.0
2025-06-18 11:21:34.994699,1377.0,193313.0,250187.0
2025-06-18 11:21:36.216918,1376.7,193313.0,250187.0
2025-06-18 11:21:37.220300,1376.7,193313.0,250187.0
2025-06-18 11:21:38.226834,1377.0,193313.0,250187.0
2025-06-18 11:21:39.245710,1377.0,193313.0,250187.0
2025-06-18 11:21:39.623713,1377.0,192069.0,250800.0
2025-06-18 11:21:43.219195,1377.0,192069.0,250800.0
2025-06-18 11:21:44.115365,1377.0,193070.0,252383.0
2025-06-18 11:21:46.229201,1376.7,193070.0,252383.0
2025-06-18 11:21:48.802626,1376.7,193285.0,252333.0
2025-06-18 11:21:49.054477,1376.7,193285.0,252333.0
2025-06-18 11:21:50.219301,1376.7,193285.0,252333.0
2025-06-18 11:21:51.088577,1376.7,193285.0,252333.0
2025-06-18 11:21:52.595136,1377.0,193285.0,252333.0
2025-06-18 11:21:52.853518,1377.0,193285.0,252333.0
2025-06-18 11:21:53.252833,1376.6,193285.0,252333.0
2025-06-18 11:21:53.659529,1376.6,193285.0,252333.0
2025-06-18 11:21:53.809884,1376.6,194304.0,250857.0
2025-06-18 11:21:54.669241,1376.6,194304.0,250857.0
2025-06-18 11:21:55.225013,1376.6,194304.0,250857.0
2025-06-18 11:21:55.227317,1377.0,194304.0,250857.0
2025-06-18 11:21:55.647918,1377.0,194304.0,250857.0
2025-06-18 11:21:56.126059,1377.0,194304.0,250857.0
2025-06-18 11:21:56.217563,1377.0,194304.0,250857.0
2025-06-18 11:21:56.485865,1377.0,194304.0,250857.0
2025-06-18 11:21:57.367374,1377.0,194304.0,250857.0
2025-06-18 11:21:58.704018,1377.0,194304.0,250857.0
2025-06-18 11:21:59.255814,1377.0,194572.0,251694.0
2025-06-18 11:21:59.522843,1377.0,194572.0,251694.0
2025-06-18 11:22:00.225612,1376.8,194572.0,251694.0
2025-06-18 11:22:00.887915,1376.8,194572.0,251694.0
2025-06-18 11:22:01.214703,1376.8,194572.0,251694.0
2025-06-18 11:22:01.627371,1376.5,193868.0,250135.0
2025-06-18 11:22:02.025924,1376.5,193868.0,250135.0
2025-06-18 11:22:02.218551,1376.5,193868.0,250135.0
2025-06-18 11:22:02.717290,1376.5,194088.0,250148.0
2025-06-18 11:22:03.402818,1376.5,194088.0,250148.0
2025-06-18 11:22:05.125657,1376.5,194485.0,250408.0
2025-06-18 11:22:05.194690,1376.5,194960.0,250606.0
2025-06-18 11:22:05.227424,1376.5,194960.0,250606.0
2025-06-18 11:22:05.815525,1376.5,194932.0,250522.0
2025-06-18 11:22:06.917625,1376.6,194619.0,250636.0
2025-06-18 11:22:07.218986,1376.6,194619.0,250636.0
2025-06-18 11:22:08.016784,1376.6,194422.0,250599.0
2025-06-18 11:22:09.018264,1376.7,194475.0,250438.0
2025-06-18 11:22:09.215919,1376.7,194475.0,250438.0
2025-06-18 11:22:10.017519,1376.7,193884.0,250499.0
2025-06-18 11:22:11.020705,1376.7,193987.0,250530.0
2025-06-18 11:22:12.017575,1376.7,193145.0,250280.0
2025-06-18 11:22:13.132198,1376.7,193255.0,250468.0
2025-06-18 11:22:13.220910,1376.7,193255.0,250468.0
2025-06-18 11:22:14.133583,1376.7,192662.0,249833.0
2025-06-18 11:22:15.218845,1376.6,192662.0,249833.0
2025-06-18 11:22:15.260505,1376.6,192965.0,250396.0
2025-06-18 11:22:16.322257,1376.6,192932.0,250660.0
2025-06-18 11:22:17.325087,1376.6,192758.0,250666.0
2025-06-18 11:22:18.326760,1376.6,192579.0,251198.0
2025-06-18 11:22:19.362648,1376.6,193445.0,251093.0
2025-06-18 11:22:20.328149,1376.6,193889.0,251180.0
2025-06-18 11:22:22.246714,1376.6,193889.0,251180.0
2025-06-18 11:22:22.329661,1376.6,193044.0,251247.0
2025-06-18 11:22:23.219728,1376.6,193044.0,251247.0
2025-06-18 11:22:23.256187,1376.6,192472.0,251169.0
2025-06-18 11:22:24.219579,1376.6,192472.0,251169.0
2025-06-18 11:22:24.261101,1376.6,192892.0,251173.0
2025-06-18 11:22:25.227597,1376.9,192892.0,251173.0
2025-06-18 11:22:25.235168,1376.9,192952.0,251147.0
2025-06-18 11:22:26.427987,1376.9,193725.0,251086.0
2025-06-18 11:22:27.431345,1376.9,193438.0,251024.0
2025-06-18 11:22:28.243236,1376.9,193438.0,251024.0
2025-06-18 11:22:28.531683,1376.7,193279.0,251165.0
2025-06-18 11:22:29.218221,1376.7,193279.0,251165.0
2025-06-18 11:22:29.532690,1376.7,192998.0,251334.0
2025-06-18 11:22:30.643680,1376.7,192989.0,251514.0
2025-06-18 11:22:31.218077,1376.9,192989.0,251514.0
2025-06-18 11:22:31.731464,1376.9,193155.0,250904.0
2025-06-18 11:22:33.224566,1376.9,193155.0,250904.0
2025-06-18 11:22:33.330632,1376.9,193221.0,251027.0
2025-06-18 11:22:34.243483,1376.6,193221.0,251027.0
2025-06-18 11:22:34.430711,1376.6,194622.0,249805.0
2025-06-18 11:22:35.432355,1376.6,194650.0,249898.0
2025-06-18 11:22:36.432340,1376.6,193316.0,251033.0
2025-06-18 11:22:37.432536,1376.6,193188.0,251059.0
2025-06-18 11:22:38.252440,1376.6,193188.0,251059.0
2025-06-18 11:22:38.337156,1376.6,192754.0,250883.0
2025-06-18 11:22:39.224512,1376.9,192754.0,250883.0
2025-06-18 11:22:39.338529,1376.9,192918.0,250386.0
2025-06-18 11:22:40.220688,1376.6,192918.0,250386.0
2025-06-18 11:22:40.392097,1376.6,192853.0,250931.0
2025-06-18 11:22:41.436190,1376.6,192946.0,250953.0
2025-06-18 11:22:42.340220,1376.6,192941.0,250815.0
2025-06-18 11:22:43.437711,1376.6,192067.0,250589.0
2025-06-18 11:22:45.185933,1376.6,192508.0,250523.0
2025-06-18 11:22:45.438972,1376.6,192525.0,250358.0
2025-06-18 11:22:46.440127,1376.6,192552.0,250752.0
2025-06-18 11:22:47.442051,1376.6,192667.0,250752.0
2025-06-18 11:22:48.226799,1376.9,192667.0,250752.0
2025-06-18 11:22:48.443986,1376.9,193096.0,250344.0
2025-06-18 11:22:49.443459,1376.9,193173.0,250724.0
2025-06-18 11:22:50.345896,1376.9,193383.0,250765.0
2025-06-18 11:22:51.217544,1376.8,193383.0,250765.0
2025-06-18 11:22:51.349258,1376.8,193400.0,250767.0
2025-06-18 11:22:52.253665,1376.9,193400.0,250767.0
2025-06-18 11:22:52.350784,1376.9,193380.0,250557.0
2025-06-18 11:22:53.447607,1376.9,193874.0,250573.0
2025-06-18 11:22:54.548643,1376.9,193807.0,250540.0
2025-06-18 11:22:55.553504,1376.9,193807.0,250185.0
2025-06-18 11:22:56.555661,1376.9,193877.0,250185.0
2025-06-18 11:22:57.706841,1376.8,193858.0,250169.0
2025-06-18 11:22:58.223160,1376.6,193858.0,250169.0
2025-06-18 11:22:58.694635,1376.6,193611.0,250254.0
2025-06-18 11:22:59.751545,1376.6,194630.0,250123.0
2025-06-18 11:23:00.753225,1376.6,194681.0,250091.0
2025-06-18 11:23:02.235991,1376.7,194681.0,250091.0
2025-06-18 11:23:03.854325,1376.7,193788.0,250347.0
2025-06-18 11:23:04.224693,1376.7,193788.0,250347.0
2025-06-18 11:23:07.225031,1376.6,193788.0,250347.0
2025-06-18 11:23:08.857811,1376.6,193757.0,250000.0
2025-06-18 11:23:11.222806,1376.6,193757.0,250000.0
2025-06-18 11:23:12.570746,1376.6,193757.0,250000.0
2025-06-18 11:23:13.235071,1376.7,193757.0,250000.0
2025-06-18 11:23:13.694153,1376.7,192550.0,250423.0
2025-06-18 11:23:15.229476,1376.6,192550.0,250423.0
2025-06-18 11:23:18.864330,1376.6,192519.0,251221.0
2025-06-18 11:23:23.230482,1376.5,192519.0,251221.0
2025-06-18 11:23:24.366707,1376.5,192483.0,251832.0
2025-06-18 11:23:27.229049,1376.5,192483.0,251832.0
2025-06-18 11:23:29.872392,1376.5,192624.0,251328.0
2025-06-18 11:23:31.248544,1376.5,192624.0,251328.0
2025-06-18 11:23:35.078018,1376.5,192679.0,251512.0
2025-06-18 11:23:35.229177,1376.5,192679.0,251512.0
2025-06-18 11:23:37.234173,1376.6,192679.0,251512.0
2025-06-18 11:23:39.230144,1376.6,192679.0,251512.0
2025-06-18 11:23:39.980528,1376.6,193328.0,250118.0
2025-06-18 11:23:41.243245,1376.9,193328.0,250118.0
2025-06-18 11:23:44.978836,1376.9,191863.0,250922.0
2025-06-18 11:23:45.232274,1376.9,191863.0,250922.0
2025-06-18 11:23:47.232776,1376.6,191863.0,250922.0
2025-06-18 11:23:49.348827,1376.5,191863.0,250922.0
2025-06-18 11:23:49.784253,1376.5,193695.0,250642.0
2025-06-18 11:23:53.233270,1376.4,193695.0,250642.0
2025-06-18 11:23:54.489412,1376.9,192759.0,251048.0
2025-06-18 11:23:55.235974,1376.9,192759.0,251048.0
2025-06-18 11:23:57.234238,1376.4,192759.0,251048.0
2025-06-18 11:23:59.487918,1376.4,193784.0,250709.0
2025-06-18 11:24:03.234620,1376.5,193784.0,250709.0
2025-06-18 11:24:04.493204,1376.4,193841.0,250048.0
2025-06-18 11:24:05.236839,1376.3,193841.0,250048.0
2025-06-18 11:24:07.240783,1376.5,193841.0,250048.0
2025-06-18 11:24:09.395101,1376.5,193519.0,250636.0
2025-06-18 11:24:11.243792,1376.5,193519.0,250636.0
2025-06-18 11:24:13.233588,1376.5,193519.0,250636.0
2025-06-18 11:24:14.303022,1376.5,194394.0,250545.0
2025-06-18 11:24:15.237800,1376.5,194394.0,250545.0
2025-06-18 11:24:17.358639,1376.5,194394.0,250545.0
2025-06-18 11:24:19.230783,1376.5,194394.0,250545.0
2025-06-18 11:24:19.301599,1376.5,193987.0,250700.0
2025-06-18 11:24:23.236163,1376.3,193987.0,250700.0
2025-06-18 11:24:24.303587,1376.2,188860.0,252323.0
2025-06-18 11:24:25.233388,1376.2,188860.0,252323.0
2025-06-18 11:24:27.232826,1376.2,188860.0,252323.0
2025-06-18 11:24:29.245797,1376.3,188860.0,252323.0
2025-06-18 11:24:29.604982,1376.2,190298.0,252050.0
2025-06-18 11:24:31.238371,1376.1,190298.0,252050.0
2025-06-18 11:24:33.277115,1376.1,190298.0,252050.0
2025-06-18 11:24:34.506867,1376.2,189632.0,252199.0
2025-06-18 11:24:35.240826,1376.2,189632.0,252199.0
2025-06-18 11:24:37.260894,1376.3,189632.0,252199.0
2025-06-18 11:24:39.237830,1376.2,189632.0,252199.0
2025-06-18 11:24:39.307118,1376.2,190394.0,251947.0
2025-06-18 11:24:41.232588,1376.3,190394.0,251947.0
2025-06-18 11:24:43.234938,1376.3,190394.0,251947.0
2025-06-18 11:24:44.109610,1376.3,190422.0,251202.0
2025-06-18 11:24:45.228768,1376.3,190422.0,251202.0
2025-06-18 11:24:47.240161,1376.2,190422.0,251202.0
2025-06-18 11:24:49.454052,1376.2,190701.0,251559.0
2025-06-18 11:24:49.532864,1376.2,190701.0,251559.0
2025-06-18 11:24:50.575027,1376.2,190701.0,251559.0
2025-06-18 11:24:51.250904,1376.0,190701.0,251559.0
2025-06-18 11:24:51.485779,1376.0,190701.0,251559.0
2025-06-18 11:24:52.412588,1376.0,190701.0,251559.0
2025-06-18 11:24:53.233676,1376.0,190701.0,251559.0
2025-06-18 11:24:53.277774,1376.0,190701.0,251559.0
2025-06-18 11:24:54.049876,1376.0,190701.0,251559.0
2025-06-18 11:24:54.320001,1376.0,189202.0,251854.0
2025-06-18 11:24:55.071455,1376.0,189202.0,251854.0
2025-06-18 11:24:55.311346,1376.0,189202.0,251854.0
2025-06-18 11:24:55.642234,1376.0,189202.0,251854.0
2025-06-18 11:24:56.057497,1376.0,189202.0,251854.0
2025-06-18 11:24:57.230605,1376.0,189202.0,251854.0
2025-06-18 11:24:57.790161,1376.0,189202.0,251854.0
2025-06-18 11:24:59.036907,1376.0,189202.0,251854.0
2025-06-18 11:24:59.120808,1376.0,188956.0,251738.0
2025-06-18 11:24:59.232635,1376.0,188956.0,251738.0
2025-06-18 11:24:59.916201,1376.0,188956.0,251738.0
2025-06-18 11:25:01.291950,1376.0,188956.0,251738.0
2025-06-18 11:25:02.421494,1376.0,188956.0,251738.0
2025-06-18 11:25:03.232531,1376.1,188956.0,251738.0
2025-06-18 11:25:03.560212,1376.1,188956.0,251738.0
2025-06-18 11:25:03.951154,1376.1,189288.0,252831.0
2025-06-18 11:25:05.025239,1376.1,189288.0,252831.0
2025-06-18 11:25:05.242266,1376.0,189288.0,252831.0
2025-06-18 11:25:07.233354,1376.1,189288.0,252831.0
2025-06-18 11:25:09.228954,1376.0,189288.0,252831.0
2025-06-18 11:25:09.432933,1376.0,188112.0,253252.0
2025-06-18 11:25:11.264929,1376.0,188112.0,253252.0
2025-06-18 11:25:13.256556,1376.0,188112.0,253252.0
2025-06-18 11:25:14.834779,1376.0,187800.0,254055.0
2025-06-18 11:25:15.229521,1376.0,187800.0,254055.0
2025-06-18 11:25:17.227578,1375.9,187800.0,254055.0
2025-06-18 11:25:20.336974,1375.9,188314.0,253575.0
2025-06-18 11:25:23.365961,1375.8,188314.0,253575.0
2025-06-18 11:25:25.231627,1375.9,188314.0,253575.0
2025-06-18 11:25:25.440851,1375.9,187398.0,252761.0
2025-06-18 11:25:27.229325,1375.8,187398.0,252761.0
2025-06-18 11:25:29.232748,1375.9,187398.0,252761.0
2025-06-18 11:25:30.441527,1375.7,187784.0,253543.0
2025-06-18 11:25:31.233577,1375.7,187784.0,253543.0
2025-06-18 11:25:33.230759,1375.7,187784.0,253543.0
2025-06-18 11:25:35.242614,1375.6,187784.0,253543.0
2025-06-18 11:25:35.342820,1375.6,188095.0,253479.0
2025-06-18 11:25:37.230412,1375.8,188095.0,253479.0
2025-06-18 11:25:39.908753,1375.8,188095.0,253479.0
2025-06-18 11:25:40.247815,1375.8,188396.0,253387.0
2025-06-18 11:25:41.226659,1375.7,188396.0,253387.0
2025-06-18 11:25:43.230540,1375.7,188396.0,253387.0
2025-06-18 11:25:44.747878,1375.7,188168.0,253226.0
2025-06-18 11:25:45.231365,1375.7,188168.0,253226.0
2025-06-18 11:25:47.233261,1375.8,188168.0,253226.0
2025-06-18 11:25:49.227340,1375.7,188168.0,253226.0
2025-06-18 11:25:50.054748,1375.7,188592.0,252852.0
2025-06-18 11:25:51.234570,1375.7,188592.0,252852.0
2025-06-18 11:25:53.234642,1375.6,188592.0,252852.0
2025-06-18 11:25:55.235295,1375.7,188592.0,252852.0
2025-06-18 11:25:55.261467,1375.7,189124.0,252146.0
2025-06-18 11:25:57.244369,1375.7,189124.0,252146.0
2025-06-18 11:25:59.227849,1375.6,189124.0,252146.0
2025-06-18 11:26:00.667613,1375.7,188333.0,252463.0
2025-06-18 11:26:01.231057,1375.7,188333.0,252463.0
2025-06-18 11:26:03.252471,1375.7,188333.0,252463.0
2025-06-18 11:26:05.246360,1375.8,188333.0,252463.0
2025-06-18 11:26:05.758637,1375.8,188209.0,252762.0
2025-06-18 11:26:07.235620,1375.6,188209.0,252762.0
2025-06-18 11:26:09.254900,1375.6,188209.0,252762.0
2025-06-18 11:26:10.676909,1375.6,188338.0,252891.0
2025-06-18 11:26:11.400764,1375.6,188338.0,252891.0
2025-06-18 11:26:13.232597,1375.6,188338.0,252891.0
2025-06-18 11:26:15.249318,1375.7,188338.0,252891.0
2025-06-18 11:26:15.566108,1375.7,188390.0,253003.0
2025-06-18 11:26:17.231040,1375.7,188390.0,253003.0
2025-06-18 11:26:19.250378,1375.7,188390.0,253003.0
2025-06-18 11:26:20.468681,1375.6,189533.0,252715.0
2025-06-18 11:26:21.291468,1375.6,189533.0,252715.0
2025-06-18 11:26:23.269867,1375.6,189533.0,252715.0
2025-06-18 11:26:25.275473,1375.3,189533.0,252715.0
2025-06-18 11:26:25.281587,1375.3,184025.0,253753.0
2025-06-18 11:26:27.237690,1375.3,184025.0,253753.0
2025-06-18 11:26:29.259070,1375.5,184025.0,253753.0
2025-06-18 11:26:30.270802,1375.5,185381.0,253567.0
2025-06-18 11:26:31.236148,1375.5,185381.0,253567.0
2025-06-18 11:26:35.191894,1375.5,185518.0,253810.0
2025-06-18 11:26:35.230522,1375.4,185518.0,253810.0
2025-06-18 11:26:37.254453,1375.2,185518.0,253810.0
2025-06-18 11:26:39.244130,1375.2,185518.0,253810.0
2025-06-18 11:26:40.076763,1375.2,186971.0,253823.0
2025-06-18 11:26:41.245503,1375.2,186971.0,253823.0
2025-06-18 11:26:43.254379,1375.5,186971.0,253823.0
2025-06-18 11:26:45.478682,1375.5,187206.0,254088.0
2025-06-18 11:26:47.238455,1375.3,187206.0,254088.0
2025-06-18 11:26:49.239579,1375.1,187206.0,254088.0
2025-06-18 11:26:50.384906,1375.1,187206.0,253488.0
2025-06-18 11:26:51.236257,1375.2,187206.0,253488.0
2025-06-18 11:26:53.239630,1375.2,187206.0,253488.0
2025-06-18 11:26:55.238479,1375.2,187206.0,253488.0
2025-06-18 11:26:55.388884,1375.2,185764.0,254172.0
2025-06-18 11:26:57.235192,1375.1,185764.0,254172.0
2025-06-18 11:26:59.247408,1375.2,185764.0,254172.0
2025-06-18 11:27:00.592703,1375.0,183012.0,254591.0
2025-06-18 11:27:01.239791,1374.5,183012.0,254591.0
2025-06-18 11:27:03.238043,1374.4,183012.0,254591.0
2025-06-18 11:27:05.247801,1375.1,183012.0,254591.0
2025-06-18 11:27:05.597187,1375.0,180919.0,252702.0
2025-06-18 11:27:07.261438,1375.0,180919.0,252702.0
2025-06-18 11:27:09.246991,1375.0,180919.0,252702.0
2025-06-18 11:27:10.500680,1375.0,182149.0,252504.0
2025-06-18 11:27:11.254361,1375.0,182149.0,252504.0
2025-06-18 11:27:13.241029,1375.1,182149.0,252504.0
2025-06-18 11:27:15.258681,1375.0,182149.0,252504.0
2025-06-18 11:27:15.501094,1375.0,181538.0,252554.0
2025-06-18 11:27:17.253116,1375.1,181538.0,252554.0
2025-06-18 11:27:20.520187,1375.1,182905.0,252467.0
2025-06-18 11:27:21.239304,1375.1,182905.0,252467.0
2025-06-18 11:27:23.288139,1375.0,182905.0,252467.0
2025-06-18 11:27:25.258331,1375.0,184823.0,252566.0
2025-06-18 11:27:27.292013,1375.0,184823.0,252566.0
2025-06-18 11:27:29.287362,1375.0,184823.0,252566.0
2025-06-18 11:27:30.111081,1375.0,185183.0,251731.0
2025-06-18 11:27:31.284371,1375.1,185183.0,251731.0
2025-06-18 11:27:33.256930,1375.2,185183.0,251731.0
2025-06-18 11:27:35.258335,1375.1,185183.0,251731.0
2025-06-18 11:27:35.413529,1375.2,185747.0,252148.0
2025-06-18 11:27:37.245946,1375.2,185747.0,252148.0
2025-06-18 11:27:39.239765,1375.2,185747.0,252148.0
2025-06-18 11:27:40.516120,1375.6,184326.0,247274.0
2025-06-18 11:27:41.249294,1375.6,184326.0,247274.0
2025-06-18 11:27:43.245617,1375.3,184326.0,247274.0
2025-06-18 11:27:45.239539,1375.2,184326.0,247274.0
2025-06-18 11:27:46.225899,1375.6,186024.0,248691.0
2025-06-18 11:27:47.241407,1375.7,186024.0,248691.0
2025-06-18 11:27:49.241841,1375.6,186024.0,248691.0
2025-06-18 11:27:49.949136,1375.6,186024.0,248691.0
2025-06-18 11:27:51.007265,1375.6,186024.0,248691.0
2025-06-18 11:27:51.237762,1375.6,186024.0,248691.0
2025-06-18 11:27:51.929696,1375.6,186024.0,248691.0
2025-06-18 11:27:52.321278,1375.6,186515.0,249035.0
2025-06-18 11:27:52.849252,1375.6,186515.0,249035.0
2025-06-18 11:27:53.767441,1375.6,186515.0,249035.0
2025-06-18 11:27:54.494458,1375.6,186515.0,249035.0
2025-06-18 11:27:55.245512,1375.6,186515.0,249035.0
2025-06-18 11:27:55.509282,1375.6,186515.0,249035.0
2025-06-18 11:27:56.070075,1375.6,186515.0,249035.0
2025-06-18 11:27:57.243417,1375.5,186515.0,249035.0
2025-06-18 11:27:57.344701,1375.5,186515.0,249035.0
2025-06-18 11:27:57.623719,1375.5,185589.0,248808.0
2025-06-18 11:27:58.260546,1375.5,185589.0,248808.0
2025-06-18 11:27:59.461322,1375.5,185589.0,248808.0
2025-06-18 11:28:00.327312,1375.5,185589.0,248808.0
2025-06-18 11:28:01.234167,1375.6,185589.0,248808.0
2025-06-18 11:28:01.729865,1375.6,185589.0,248808.0
2025-06-18 11:28:01.739714,1375.6,186225.0,249833.0
2025-06-18 11:28:02.827926,1375.6,185309.0,249845.0
2025-06-18 11:28:02.861012,1375.6,185309.0,249845.0
2025-06-18 11:28:03.234971,1375.6,185309.0,249845.0
2025-06-18 11:28:03.977399,1375.6,185309.0,249845.0
2025-06-18 11:28:04.326265,1375.6,185274.0,249861.0
2025-06-18 11:28:05.336278,1375.6,185699.0,249871.0
2025-06-18 11:28:05.611625,1375.6,185699.0,249871.0
2025-06-18 11:28:06.237165,1375.5,185699.0,249871.0
2025-06-18 11:28:06.329069,1375.5,185650.0,249862.0
2025-06-18 11:28:07.237669,1375.6,185650.0,249862.0
2025-06-18 11:28:07.338472,1375.5,186672.0,249740.0
2025-06-18 11:28:10.442149,1375.6,186672.0,249740.0
2025-06-18 11:28:10.446506,1375.6,186197.0,249721.0
2025-06-18 11:28:10.492619,1375.6,185816.0,249722.0
2025-06-18 11:28:10.531227,1375.6,185782.0,249638.0
2025-06-18 11:28:11.239097,1375.6,185782.0,249638.0
2025-06-18 11:28:11.432159,1375.6,185773.0,249758.0
2025-06-18 11:28:12.237126,1375.6,185773.0,249758.0
2025-06-18 11:28:12.633351,1375.6,186156.0,249611.0
2025-06-18 11:28:13.635111,1375.6,187811.0,248216.0
2025-06-18 11:28:14.245561,1375.6,187811.0,248216.0
2025-06-18 11:28:14.636804,1375.6,187961.0,248818.0
2025-06-18 11:28:15.633633,1375.6,187465.0,248740.0
2025-06-18 11:28:16.536679,1375.6,187566.0,248134.0
2025-06-18 11:28:17.639501,1375.6,187579.0,247703.0
2025-06-18 11:28:18.237987,1375.6,187579.0,247703.0
2025-06-18 11:28:18.741221,1375.6,186529.0,247421.0
2025-06-18 11:28:19.741226,1375.6,186762.0,248343.0
2025-06-18 11:28:20.741655,1375.6,187728.0,248309.0
2025-06-18 11:28:21.641650,1375.6,187852.0,248339.0
2025-06-18 11:28:22.741528,1375.6,187931.0,248506.0
2025-06-18 11:28:23.642455,1375.6,187605.0,248457.0
2025-06-18 11:28:24.738800,1375.6,188967.0,248516.0
2025-06-18 11:28:25.740642,1375.6,187319.0,249190.0
2025-06-18 11:28:26.255806,1375.6,187319.0,249190.0
2025-06-18 11:28:26.841993,1375.6,187444.0,249272.0
2025-06-18 11:28:27.842664,1375.6,188355.0,249370.0
2025-06-18 11:28:28.237351,1375.6,188355.0,249370.0
2025-06-18 11:28:28.942365,1375.6,188561.0,249258.0
2025-06-18 11:28:29.241918,1375.6,188561.0,249258.0
2025-06-18 11:28:29.941791,1375.6,188267.0,249454.0
2025-06-18 11:28:30.240958,1375.6,188267.0,249454.0
2025-06-18 11:28:30.941975,1375.6,189775.0,249333.0
2025-06-18 11:28:31.241204,1375.6,189775.0,249333.0
2025-06-18 11:28:32.241583,1375.8,189775.0,249333.0
2025-06-18 11:28:32.444395,1375.5,188999.0,249906.0
2025-06-18 11:28:33.237791,1375.5,188999.0,249906.0
2025-06-18 11:28:33.546990,1375.5,189387.0,250074.0
2025-06-18 11:28:34.652916,1375.5,189164.0,249947.0
2025-06-18 11:28:35.239050,1375.5,189164.0,249947.0
2025-06-18 11:28:35.653036,1375.5,188798.0,249912.0
2025-06-18 11:28:36.244053,1375.5,188798.0,249912.0
2025-06-18 11:28:36.651164,1375.6,188986.0,249888.0
2025-06-18 11:28:37.241478,1375.6,188986.0,249888.0
2025-06-18 11:28:37.658963,1375.5,188980.0,249865.0
2025-06-18 11:28:38.244723,1375.5,188980.0,249865.0
2025-06-18 11:28:38.656393,1375.5,189015.0,249734.0
2025-06-18 11:28:39.654937,1375.5,188842.0,249492.0
2025-06-18 11:28:40.656831,1375.5,189053.0,249512.0
2025-06-18 11:28:41.242466,1375.5,189053.0,249512.0
2025-06-18 11:28:41.553183,1375.5,188700.0,249719.0
2025-06-18 11:28:42.553804,1375.5,188762.0,249701.0
2025-06-18 11:28:43.555555,1375.5,188821.0,249777.0
2025-06-18 11:28:44.554674,1375.5,189104.0,249480.0
2025-06-18 11:28:45.559709,1375.5,189105.0,249470.0
2025-06-18 11:28:46.240895,1375.5,189105.0,249470.0
2025-06-18 11:28:46.556783,1375.5,189505.0,249552.0
2025-06-18 11:28:47.338399,1375.6,189505.0,249552.0
2025-06-18 11:28:47.458814,1375.6,189395.0,249734.0
2025-06-18 11:28:48.459457,1375.6,189411.0,249721.0
2025-06-18 11:28:49.457838,1375.6,189419.0,249751.0
2025-06-18 11:28:50.462495,1375.6,189169.0,249782.0
2025-06-18 11:28:51.464347,1375.6,190876.0,249663.0
2025-06-18 11:28:52.463763,1375.6,190838.0,249755.0
2025-06-18 11:28:53.239118,1375.6,190838.0,249755.0
2025-06-18 11:28:53.363596,1375.6,191151.0,249241.0
2025-06-18 11:28:54.363572,1375.6,190002.0,249560.0
2025-06-18 11:28:55.462863,1375.6,190054.0,249221.0
2025-06-18 11:28:56.242521,1375.6,190054.0,249221.0
2025-06-18 11:28:56.579534,1375.6,190132.0,249218.0
2025-06-18 11:28:57.252476,1375.6,190132.0,249218.0
2025-06-18 11:28:57.565038,1375.6,190070.0,249159.0
2025-06-18 11:28:58.566828,1375.6,190480.0,249177.0
2025-06-18 11:28:59.680327,1375.6,190638.0,248691.0
2025-06-18 11:29:00.403175,1375.6,190638.0,248691.0
2025-06-18 11:29:00.767453,1375.6,191057.0,249674.0
2025-06-18 11:29:01.968065,1375.6,191023.0,249755.0
2025-06-18 11:29:03.068570,1375.9,190671.0,249732.0
2025-06-18 11:29:03.246313,1376.0,190671.0,249732.0
2025-06-18 11:29:04.204884,1376.0,189790.0,249235.0
2025-06-18 11:29:05.272696,1375.9,189790.0,249235.0
2025-06-18 11:29:05.281696,1375.9,190675.0,249194.0
2025-06-18 11:29:06.266136,1375.9,190680.0,249164.0
2025-06-18 11:29:07.367689,1375.9,191612.0,249120.0
2025-06-18 11:29:08.247710,1375.9,191612.0,249120.0
2025-06-18 11:29:08.472162,1376.0,190774.0,249081.0
2025-06-18 11:29:09.265856,1376.0,190774.0,249081.0
2025-06-18 11:29:09.568314,1376.0,190882.0,249530.0
2025-06-18 11:29:10.568606,1376.0,190237.0,249637.0
2025-06-18 11:29:11.571646,1376.0,190453.0,249680.0
2025-06-18 11:29:12.568463,1376.0,190840.0,249468.0
2025-06-18 11:29:13.244183,1376.0,190840.0,249468.0
2025-06-18 11:29:13.693735,1376.0,190793.0,249832.0
2025-06-18 11:29:14.247775,1376.0,190793.0,249832.0
2025-06-18 11:29:14.695385,1376.0,190793.0,249953.0
2025-06-18 11:29:15.776587,1375.7,190928.0,249526.0
2025-06-18 11:29:16.241346,1375.7,190928.0,249526.0
2025-06-18 11:29:16.875191,1375.7,190908.0,249511.0
2025-06-18 11:29:17.975004,1375.7,190894.0,248458.0
2025-06-18 11:29:19.574056,1375.7,191294.0,248190.0
2025-06-18 11:29:20.244437,1375.9,191294.0,248190.0
2025-06-18 11:29:20.574339,1375.7,190482.0,248308.0
2025-06-18 11:29:21.247649,1375.7,190482.0,248308.0
2025-06-18 11:29:21.485949,1375.7,190212.0,248289.0
2025-06-18 11:29:22.576367,1376.0,189888.0,248428.0
2025-06-18 11:29:23.243490,1376.0,189888.0,248428.0
2025-06-18 11:29:23.712690,1376.0,189794.0,248175.0
2025-06-18 11:29:24.692733,1376.0,189842.0,248126.0
2025-06-18 11:29:25.263990,1375.7,189842.0,248126.0
2025-06-18 11:29:25.724841,1376.0,189838.0,248125.0
2025-06-18 11:29:26.242384,1376.0,189838.0,248125.0
2025-06-18 11:29:26.693204,1376.0,189816.0,248025.0
2025-06-18 11:29:27.243887,1376.0,189816.0,248025.0
2025-06-18 11:29:27.713809,1376.0,189989.0,247993.0
2025-06-18 11:29:28.797246,1376.0,189766.0,248405.0
2025-06-18 11:29:29.705328,1376.0,190216.0,248157.0
2025-06-18 11:29:30.242761,1376.0,190216.0,248157.0
2025-06-18 11:29:30.694128,1376.0,190231.0,248163.0
2025-06-18 11:29:31.714923,1376.0,190284.0,248163.0
2025-06-18 11:29:32.708039,1376.0,190284.0,248105.0
2025-06-18 11:29:33.702493,1376.0,190133.0,248523.0
2025-06-18 11:29:34.697902,1376.0,189545.0,249103.0
2025-06-18 11:29:36.288670,1376.0,189627.0,249103.0
2025-06-18 11:29:37.242358,1375.7,189627.0,249103.0
2025-06-18 11:29:37.287793,1375.7,189742.0,248672.0
2025-06-18 11:29:38.243244,1375.9,189742.0,248672.0
2025-06-18 11:29:38.387563,1375.9,189949.0,248327.0
2025-06-18 11:29:39.487866,1376.0,189947.0,249821.0
2025-06-18 11:29:40.245639,1376.0,189947.0,249821.0
2025-06-18 11:29:40.587323,1376.0,190156.0,250203.0
2025-06-18 11:29:41.701468,1376.0,190094.0,250155.0
2025-06-18 11:29:42.720183,1376.0,190096.0,250208.0
2025-06-18 11:29:43.795412,1376.0,190034.0,250209.0
2025-06-18 11:29:44.244241,1376.0,190034.0,250209.0
2025-06-18 11:29:44.719174,1376.0,189921.0,250025.0
2025-06-18 11:29:45.806741,1375.6,189662.0,250040.0
2025-06-18 11:29:46.243518,1376.0,189662.0,250040.0
2025-06-18 11:29:46.893958,1376.0,189551.0,250038.0
2025-06-18 11:29:47.899348,1376.0,189824.0,249920.0
2025-06-18 11:29:48.255478,1376.0,189824.0,249920.0
2025-06-18 11:29:49.093039,1375.6,190214.0,250006.0
2025-06-18 11:29:49.241418,1375.6,190214.0,250006.0
2025-06-18 11:29:50.104999,1375.8,190224.0,250010.0
2025-06-18 11:29:50.248053,1375.8,190224.0,250010.0
2025-06-18 11:29:51.243691,1376.0,190224.0,250010.0
2025-06-18 11:29:51.295452,1376.0,190078.0,250150.0
2025-06-18 11:29:52.298430,1376.0,189821.0,250222.0
2025-06-18 11:29:53.295606,1375.6,190160.0,250732.0
2025-06-18 11:29:54.243688,1375.6,190160.0,250732.0
2025-06-18 11:29:54.302061,1375.6,190490.0,250798.0
2025-06-18 11:29:55.259210,1375.9,190490.0,250798.0
2025-06-18 11:29:55.413754,1375.9,188895.0,251248.0
2025-06-18 11:29:56.243301,1375.6,188895.0,251248.0
2025-06-18 11:29:56.502461,1375.6,188619.0,251161.0
2025-06-18 11:29:57.256473,1375.9,188619.0,251161.0
2025-06-18 11:29:57.505503,1375.9,188658.0,251117.0
2025-06-18 11:29:58.503846,1375.9,188747.0,251012.0
2025-06-18 11:29:59.605226,1375.9,188851.0,251012.0
2025-06-18 11:30:00.709805,1375.9,189240.0,251022.0
2025-06-18 11:30:03.253633,1375.5,189240.0,251022.0
2025-06-18 11:30:03.409315,1375.5,189367.0,250794.0
2025-06-18 11:30:06.248314,1375.1,189367.0,250794.0
2025-06-18 11:30:08.814602,1375.1,185662.0,254870.0
2025-06-18 11:30:09.253056,1374.8,185662.0,254870.0
2025-06-18 11:30:12.258258,1375.2,185662.0,254870.0
2025-06-18 11:30:14.318515,1375.2,183950.0,254341.0
2025-06-18 11:30:15.253185,1375.0,183950.0,254341.0
2025-06-18 11:30:18.248113,1374.8,183950.0,254341.0
2025-06-18 11:30:19.724821,1374.8,184252.0,254535.0
2025-06-18 11:30:21.258904,1374.8,184252.0,254535.0
2025-06-18 11:30:24.248324,1375.0,184252.0,254535.0
2025-06-18 11:30:25.321287,1375.0,184876.0,254356.0
2025-06-18 11:30:29.250773,1375.0,184876.0,254356.0
2025-06-18 11:30:30.728179,1375.0,185427.0,254036.0
2025-06-18 11:30:31.247874,1374.8,185427.0,254036.0
2025-06-18 11:30:33.249410,1375.0,185427.0,254036.0
2025-06-18 11:30:35.266054,1374.8,185427.0,254036.0
2025-06-18 11:30:35.856828,1374.8,184836.0,254336.0
2025-06-18 11:30:37.312524,1374.9,184836.0,254336.0
2025-06-18 11:30:39.261652,1375.0,184836.0,254336.0
2025-06-18 11:30:40.939130,1375.0,185482.0,254218.0
2025-06-18 11:30:41.256527,1375.0,185482.0,254218.0
2025-06-18 11:30:43.252514,1374.8,185482.0,254218.0
2025-06-18 11:30:45.272422,1374.8,185482.0,254218.0
2025-06-18 11:30:46.434297,1374.9,185617.0,254626.0
2025-06-18 11:30:47.284270,1374.9,185617.0,254626.0
2025-06-18 11:30:49.251753,1375.0,185617.0,254626.0
2025-06-18 11:30:50.344451,1375.0,185617.0,254626.0
2025-06-18 11:30:51.267665,1375.0,185617.0,254626.0
2025-06-18 11:30:51.434789,1375.0,185617.0,254626.0
2025-06-18 11:30:51.640322,1375.0,185684.0,254306.0
2025-06-18 11:30:52.357157,1375.0,185684.0,254306.0
2025-06-18 11:30:53.257129,1375.0,185684.0,254306.0
2025-06-18 11:30:53.297942,1375.0,185684.0,254306.0
2025-06-18 11:30:54.168241,1375.0,185684.0,254306.0
2025-06-18 11:30:55.258760,1375.0,185684.0,254306.0
2025-06-18 11:30:55.984187,1375.0,185684.0,254306.0
2025-06-18 11:30:56.557239,1375.0,185684.0,254306.0
2025-06-18 11:30:56.744436,1375.0,185873.0,254377.0
2025-06-18 11:30:56.950066,1375.0,185873.0,254377.0
2025-06-18 11:30:57.456672,1375.0,185873.0,254377.0
2025-06-18 11:30:58.716071,1375.0,185873.0,254377.0
2025-06-18 11:30:59.293717,1375.0,185873.0,254377.0
2025-06-18 11:30:59.963154,1375.0,185873.0,254377.0
2025-06-18 11:31:00.833474,1375.0,185873.0,254377.0
2025-06-18 11:31:01.545703,1375.0,186618.0,254556.0
2025-06-18 11:31:02.256997,1375.0,186618.0,254556.0
2025-06-18 11:31:03.264575,1374.8,186618.0,254556.0
2025-06-18 11:31:03.363204,1374.8,186618.0,254556.0
2025-06-18 11:31:04.496699,1374.8,186618.0,254556.0
2025-06-18 11:31:05.264760,1374.9,186618.0,254556.0
2025-06-18 11:31:05.973172,1374.9,186618.0,254556.0
2025-06-18 11:31:06.448948,1374.8,186610.0,255037.0
2025-06-18 11:31:07.272796,1374.8,186610.0,255037.0
2025-06-18 11:31:11.555133,1374.8,187281.0,254623.0
2025-06-18 11:31:13.265081,1374.5,187281.0,254623.0
2025-06-18 11:31:16.760461,1374.5,187117.0,254182.0
2025-06-18 11:31:17.265596,1374.6,187117.0,254182.0
2025-06-18 11:31:21.261188,1374.5,187117.0,254182.0
2025-06-18 11:31:21.967638,1374.5,186445.0,254431.0
2025-06-18 11:31:23.265907,1374.8,186445.0,254431.0
2025-06-18 11:31:27.257235,1374.4,186445.0,254431.0
2025-06-18 11:31:27.566840,1374.4,186316.0,254072.0
2025-06-18 11:31:31.263332,1374.4,186316.0,254072.0
2025-06-18 11:31:32.971548,1374.4,186619.0,254770.0
2025-06-18 11:31:33.257374,1374.4,186619.0,254770.0
2025-06-18 11:31:35.265468,1374.1,186619.0,254770.0
2025-06-18 11:31:38.075352,1374.1,187588.0,254746.0
2025-06-18 11:31:39.311104,1374.1,187588.0,254746.0
2025-06-18 11:31:41.261555,1374.2,187588.0,254746.0
2025-06-18 11:31:43.189550,1374.2,187772.0,254598.0
2025-06-18 11:31:47.299564,1374.4,187772.0,254598.0
2025-06-18 11:31:48.383701,1374.1,187521.0,254784.0
2025-06-18 11:31:49.277324,1374.4,187521.0,254784.0
2025-06-18 11:31:53.292342,1374.4,187514.0,255079.0
2025-06-18 11:31:55.260537,1374.1,187514.0,255079.0
2025-06-18 11:31:57.414377,1374.1,187514.0,255079.0
2025-06-18 11:31:58.392729,1374.1,185381.0,255938.0
2025-06-18 11:32:01.283341,1374.4,185381.0,255938.0
2025-06-18 11:32:03.099232,1374.4,185628.0,255717.0
2025-06-18 11:32:08.281984,1374.0,185628.0,255717.0
2025-06-18 11:32:08.603802,1374.1,180720.0,256579.0
2025-06-18 11:32:13.261294,1374.1,180720.0,256579.0
2025-06-18 11:32:14.809622,1374.0,181841.0,256551.0
2025-06-18 11:32:17.271670,1374.1,181841.0,256551.0
2025-06-18 11:32:20.248127,1374.0,182233.0,256176.0
2025-06-18 11:32:20.277373,1374.0,182233.0,256176.0
2025-06-18 11:32:23.256904,1374.0,182233.0,256176.0
2025-06-18 11:32:26.022361,1373.9,180030.0,256910.0
2025-06-18 11:32:26.263564,1373.9,180030.0,256910.0
2025-06-18 11:32:29.262410,1373.3,180030.0,256910.0
2025-06-18 11:32:31.735478,1373.9,182381.0,256341.0
2025-06-18 11:32:32.259718,1373.4,182381.0,256341.0
2025-06-18 11:32:35.262114,1373.7,182381.0,256341.0
2025-06-18 11:32:37.629389,1373.7,184267.0,255884.0
2025-06-18 11:32:38.262413,1374.0,184267.0,255884.0
2025-06-18 11:32:41.266450,1374.0,184267.0,255884.0
2025-06-18 11:32:43.328680,1373.7,183759.0,254452.0
2025-06-18 11:32:44.313194,1373.7,183759.0,254452.0
2025-06-18 11:32:47.270997,1373.7,183759.0,254452.0
2025-06-18 11:32:48.733171,1373.9,185512.0,254259.0
2025-06-18 11:32:50.259487,1373.9,185512.0,254259.0
2025-06-18 11:32:53.260843,1373.9,185512.0,254259.0
2025-06-18 11:32:53.839310,1373.9,184807.0,253889.0
2025-06-18 11:32:56.274203,1373.7,184807.0,253889.0
2025-06-18 11:32:59.824239,1374.1,185037.0,253058.0
2025-06-18 11:32:59.830676,1374.1,185037.0,253058.0
2025-06-18 11:33:02.262069,1374.4,185037.0,253058.0
2025-06-18 11:33:04.540687,1373.7,185380.0,253204.0
2025-06-18 11:33:05.278378,1374.0,185380.0,253204.0
2025-06-18 11:33:08.259757,1373.7,185380.0,253204.0
2025-06-18 11:33:10.148064,1374.3,184169.0,252821.0
2025-06-18 11:33:11.262770,1374.3,184169.0,252821.0
2025-06-18 11:33:14.261269,1373.6,184169.0,252821.0
2025-06-18 11:33:15.347807,1374.1,185953.0,252517.0
2025-06-18 11:33:17.272189,1373.8,185953.0,252517.0
2025-06-18 11:33:20.267098,1374.1,185953.0,252517.0
2025-06-18 11:33:20.653940,1374.1,185639.0,252202.0
2025-06-18 11:33:23.274960,1374.1,185639.0,252202.0
2025-06-18 11:33:25.751110,1373.6,187653.0,252413.0
2025-06-18 11:33:26.274551,1374.1,187653.0,252413.0
2025-06-18 11:33:31.553816,1374.1,187717.0,252931.0
2025-06-18 11:33:35.273692,1373.2,187717.0,252931.0
2025-06-18 11:33:37.353778,1373.2,186135.0,254801.0
2025-06-18 11:33:38.267455,1373.6,186135.0,254801.0
2025-06-18 11:33:41.269956,1373.9,186135.0,254801.0
2025-06-18 11:33:43.360999,1373.9,185473.0,254462.0
2025-06-18 11:33:44.276398,1373.1,185473.0,254462.0
2025-06-18 11:33:47.282551,1373.8,185473.0,254462.0
2025-06-18 11:33:49.174064,1373.8,185523.0,255985.0
2025-06-18 11:33:50.296189,1373.3,185523.0,255985.0
2025-06-18 11:33:51.119535,1373.3,185523.0,255985.0
2025-06-18 11:33:52.236743,1373.3,185523.0,255985.0
2025-06-18 11:33:53.190798,1373.3,185523.0,255985.0
2025-06-18 11:33:53.266773,1373.3,185523.0,255985.0
2025-06-18 11:33:54.108075,1373.3,185523.0,255985.0
2025-06-18 11:33:54.969694,1373.3,185245.0,256192.0
2025-06-18 11:33:54.984021,1373.3,185245.0,256192.0
2025-06-18 11:33:55.794917,1373.3,185245.0,256192.0
2025-06-18 11:33:56.275161,1373.2,185245.0,256192.0
2025-06-18 11:33:56.899476,1373.2,185245.0,256192.0
2025-06-18 11:33:57.470998,1373.2,185245.0,256192.0
2025-06-18 11:33:58.372250,1373.2,185245.0,256192.0
2025-06-18 11:33:59.275187,1373.3,185245.0,256192.0
2025-06-18 11:33:59.742069,1373.3,185245.0,256192.0
2025-06-18 11:34:00.889753,1373.3,185245.0,256192.0
2025-06-18 11:34:00.912314,1373.3,186972.0,254992.0
2025-06-18 11:34:01.270620,1373.3,186972.0,254992.0
2025-06-18 11:34:01.757028,1373.3,186972.0,254992.0
2025-06-18 11:34:01.787419,1373.3,187079.0,254676.0
2025-06-18 11:34:02.272281,1373.3,187079.0,254676.0
2025-06-18 11:34:02.878840,1373.3,186795.0,255192.0
2025-06-18 11:34:03.141829,1373.3,186795.0,255192.0
2025-06-18 11:34:04.285471,1373.3,186795.0,255192.0
2025-06-18 11:34:04.287698,1373.3,186795.0,255192.0
2025-06-18 11:34:04.475614,1373.3,188231.0,255634.0
2025-06-18 11:34:05.545184,1373.3,188231.0,255634.0
2025-06-18 11:34:05.575010,1373.3,187833.0,256262.0
2025-06-18 11:34:06.296467,1373.3,187833.0,256262.0
2025-06-18 11:34:06.575677,1373.3,186813.0,256176.0
2025-06-18 11:34:06.881620,1373.3,186813.0,256176.0
2025-06-18 11:34:07.269352,1373.3,186813.0,256176.0
2025-06-18 11:34:07.578489,1373.4,187334.0,256159.0
2025-06-18 11:34:08.270573,1373.4,187334.0,256159.0
2025-06-18 11:34:08.580061,1373.4,187205.0,256223.0
2025-06-18 11:34:09.268358,1373.3,187205.0,256223.0
2025-06-18 11:34:09.681220,1373.3,187338.0,256223.0
2025-06-18 11:34:10.279164,1373.5,187338.0,256223.0
2025-06-18 11:34:10.786550,1373.5,187654.0,256050.0
2025-06-18 11:34:11.276702,1373.6,187654.0,256050.0
2025-06-18 11:34:11.880714,1373.6,187907.0,255655.0
2025-06-18 11:34:12.278854,1373.6,187907.0,255655.0
2025-06-18 11:34:12.982513,1373.5,188457.0,255421.0
2025-06-18 11:34:13.270098,1373.5,188457.0,255421.0
2025-06-18 11:34:14.082001,1373.6,187263.0,255731.0
2025-06-18 11:34:14.278794,1373.6,187263.0,255731.0
2025-06-18 11:34:15.183736,1373.6,187372.0,255699.0
2025-06-18 11:34:15.278071,1373.6,187372.0,255699.0
2025-06-18 11:34:16.271196,1373.6,187372.0,255699.0
2025-06-18 11:34:16.289028,1373.6,186680.0,255600.0
2025-06-18 11:34:17.685444,1373.6,186696.0,255221.0
2025-06-18 11:34:18.280397,1373.6,186696.0,255221.0
2025-06-18 11:34:18.786931,1373.6,187246.0,255365.0
2025-06-18 11:34:19.271329,1373.6,187246.0,255365.0
2025-06-18 11:34:19.887709,1373.5,187511.0,255333.0
2025-06-18 11:34:20.296841,1373.3,187511.0,255333.0
2025-06-18 11:34:20.985809,1373.3,186887.0,254781.0
2025-06-18 11:34:21.987598,1373.6,186649.0,254735.0
2025-06-18 11:34:22.282813,1373.6,186649.0,254735.0
2025-06-18 11:34:23.088229,1373.3,187383.0,255149.0
2025-06-18 11:34:23.308638,1373.3,187383.0,255149.0
2025-06-18 11:34:24.199857,1373.3,187412.0,255165.0
2025-06-18 11:34:25.197034,1373.3,187041.0,255078.0
2025-06-18 11:34:26.271189,1373.5,187041.0,255078.0
2025-06-18 11:34:26.294098,1373.5,187417.0,255014.0
2025-06-18 11:34:27.196589,1373.5,187017.0,255339.0
2025-06-18 11:34:28.202797,1373.5,187060.0,255339.0
2025-06-18 11:34:29.306286,1373.5,186882.0,255314.0
2025-06-18 11:34:30.396846,1373.5,186873.0,255319.0
2025-06-18 11:34:31.273634,1373.5,186873.0,255319.0
2025-06-18 11:34:31.495354,1373.5,187263.0,255352.0
2025-06-18 11:34:32.276048,1373.5,187263.0,255352.0
2025-06-18 11:34:32.397438,1373.5,187254.0,255319.0
2025-06-18 11:34:33.494921,1373.5,186762.0,255200.0
2025-06-18 11:34:34.396880,1373.5,186762.0,255200.0
2025-06-18 11:34:35.498219,1373.5,186182.0,255200.0
2025-06-18 11:34:36.597989,1373.5,186204.0,255150.0
2025-06-18 11:34:37.432369,1373.3,186204.0,255150.0
2025-06-18 11:34:37.701167,1373.3,186039.0,255181.0
2025-06-18 11:34:38.703288,1373.3,186147.0,254565.0
2025-06-18 11:34:39.800636,1373.3,186147.0,255299.0
2025-06-18 11:34:40.905527,1373.3,186436.0,255450.0
2025-06-18 11:34:41.277936,1373.3,186436.0,255450.0
2025-06-18 11:34:42.000280,1373.3,186497.0,255446.0
2025-06-18 11:34:43.003323,1373.3,185896.0,255623.0
2025-06-18 11:34:44.106579,1373.3,185925.0,255624.0
2025-06-18 11:34:44.273463,1373.3,185925.0,255624.0
2025-06-18 11:34:45.247766,1373.6,187333.0,254457.0
2025-06-18 11:34:45.280235,1373.6,187333.0,254457.0
2025-06-18 11:34:46.288663,1373.6,187333.0,254457.0
2025-06-18 11:34:46.339595,1373.6,186481.0,254396.0
2025-06-18 11:34:47.407698,1373.6,186961.0,254461.0
2025-06-18 11:34:48.271569,1373.6,186961.0,254461.0
2025-06-18 11:34:48.408487,1373.6,186936.0,254468.0
2025-06-18 11:34:49.408106,1373.7,187406.0,253332.0
2025-06-18 11:34:50.270021,1373.7,187406.0,253332.0
2025-06-18 11:34:50.605901,1373.7,187563.0,253849.0
2025-06-18 11:34:51.270847,1373.7,187563.0,253849.0
2025-06-18 11:34:51.714496,1373.7,187529.0,254010.0
2025-06-18 11:34:52.808454,1373.7,187660.0,254088.0
2025-06-18 11:34:53.743616,1373.7,187430.0,254070.0
2025-06-18 11:34:54.911362,1373.7,187525.0,254165.0
2025-06-18 11:34:55.271843,1373.7,187525.0,254165.0
2025-06-18 11:34:55.817687,1373.7,187537.0,253338.0
2025-06-18 11:34:56.911227,1373.7,188019.0,253384.0
2025-06-18 11:35:00.441559,1373.7,188238.0,253965.0
2025-06-18 11:35:00.486242,1373.7,188109.0,253955.0
2025-06-18 11:35:00.496605,1373.7,188159.0,253484.0
2025-06-18 11:35:00.519751,1373.7,188159.0,253484.0
2025-06-18 11:35:02.274474,1373.7,188159.0,253484.0
2025-06-18 11:35:04.286088,1373.7,188159.0,253484.0
2025-06-18 11:35:04.614309,1373.7,188206.0,253597.0
2025-06-18 11:35:06.303666,1373.5,188206.0,253597.0
2025-06-18 11:35:10.288633,1373.7,188206.0,253597.0
2025-06-18 11:35:10.317755,1373.7,188285.0,253508.0
2025-06-18 11:35:12.497871,1373.7,188285.0,253508.0
2025-06-18 11:35:14.321120,1373.9,188285.0,253508.0
2025-06-18 11:35:16.022853,1373.9,187369.0,253281.0
2025-06-18 11:35:16.318671,1373.9,187369.0,253281.0
2025-06-18 11:35:18.298554,1373.5,187369.0,253281.0
2025-06-18 11:35:20.509126,1373.5,187369.0,253281.0
2025-06-18 11:35:21.748594,1373.7,186699.0,254993.0
2025-06-18 11:35:22.318241,1373.7,186699.0,254993.0
2025-06-18 11:35:24.329610,1373.7,186699.0,254993.0
2025-06-18 11:35:27.526064,1373.7,187666.0,255225.0
2025-06-18 11:35:30.307526,1373.7,187666.0,255225.0
2025-06-18 11:35:32.302541,1373.7,187666.0,255225.0
2025-06-18 11:35:33.331503,1373.7,187449.0,254932.0
2025-06-18 11:35:38.278519,1373.7,187449.0,254932.0
2025-06-18 11:35:39.133537,1373.7,189419.0,253326.0
2025-06-18 11:35:41.312982,1373.7,189419.0,253326.0
2025-06-18 11:35:45.246185,1373.7,187417.0,253822.0
2025-06-18 11:35:47.275934,1373.7,187417.0,253822.0
2025-06-18 11:35:50.275982,1373.7,187417.0,253822.0
2025-06-18 11:35:51.042415,1373.3,188860.0,253958.0
2025-06-18 11:35:53.275369,1373.3,188860.0,253958.0
2025-06-18 11:35:56.278515,1373.5,188860.0,253958.0
2025-06-18 11:35:56.544321,1373.6,185503.0,255380.0
2025-06-18 11:35:59.276313,1373.5,185503.0,255380.0
2025-06-18 11:36:02.357736,1373.5,186167.0,255222.0
2025-06-18 11:36:03.277479,1373.5,186167.0,255222.0
2025-06-18 11:36:09.602325,1373.5,186249.0,255452.0
2025-06-18 11:36:09.627721,1372.9,186249.0,255452.0
2025-06-18 11:36:11.276490,1372.9,186249.0,255452.0
2025-06-18 11:36:13.277058,1373.6,186249.0,255452.0
2025-06-18 11:36:13.957374,1373.6,185044.0,253938.0
2025-06-18 11:36:17.276802,1373.7,185044.0,253938.0
2025-06-18 11:36:19.283722,1373.1,185044.0,253938.0
2025-06-18 11:36:19.662763,1373.2,186017.0,253930.0
2025-06-18 11:36:21.280851,1373.1,186017.0,253930.0
2025-06-18 11:36:25.188090,1373.1,189081.0,253511.0
2025-06-18 11:36:27.289357,1373.5,189081.0,253511.0
2025-06-18 11:36:30.669826,1374.0,187690.0,251674.0
2025-06-18 11:36:31.283915,1373.5,187690.0,251674.0
2025-06-18 11:36:35.291516,1374.1,187690.0,251674.0
2025-06-18 11:36:36.068166,1374.1,188028.0,251352.0
2025-06-18 11:36:37.278848,1374.1,188028.0,251352.0
2025-06-18 11:36:39.277652,1374.1,188028.0,251352.0
2025-06-18 11:36:41.273918,1373.6,188620.0,251892.0
2025-06-18 11:36:41.284499,1373.6,188620.0,251892.0
2025-06-18 11:36:45.312646,1374.1,188620.0,251892.0
2025-06-18 11:36:46.568994,1374.1,188302.0,251925.0
2025-06-18 11:36:47.280649,1374.1,188302.0,251925.0
2025-06-18 11:36:51.326214,1373.6,188302.0,251925.0
2025-06-18 11:36:51.359297,1373.6,188302.0,251925.0
2025-06-18 11:36:51.871857,1373.9,190549.0,251996.0
2025-06-18 11:36:52.464620,1373.9,190549.0,251996.0
2025-06-18 11:36:53.279339,1373.7,190549.0,251996.0
2025-06-18 11:36:53.405378,1373.7,190549.0,251996.0
2025-06-18 11:36:54.358773,1373.7,190549.0,251996.0
2025-06-18 11:36:55.246095,1373.7,190549.0,251996.0
2025-06-18 11:36:55.278689,1374.1,190549.0,251996.0
2025-06-18 11:36:56.044148,1374.1,190549.0,251996.0
2025-06-18 11:36:57.102028,1374.1,190549.0,251996.0
2025-06-18 11:36:57.281516,1373.9,190549.0,251996.0
2025-06-18 11:36:57.284901,1373.9,192441.0,251408.0
2025-06-18 11:36:57.684882,1373.9,192441.0,251408.0
2025-06-18 11:36:58.085016,1373.9,192441.0,251408.0
2025-06-18 11:36:59.278728,1373.8,192441.0,251408.0
2025-06-18 11:36:59.823114,1373.8,192441.0,251408.0
2025-06-18 11:37:01.083901,1373.8,192441.0,251408.0
2025-06-18 11:37:01.283582,1373.9,192441.0,251408.0
2025-06-18 11:37:01.953630,1373.9,192441.0,251408.0
2025-06-18 11:37:02.684002,1373.9,192122.0,251903.0
2025-06-18 11:37:03.366958,1373.9,192122.0,251903.0
2025-06-18 11:37:04.501439,1373.9,192122.0,251903.0
2025-06-18 11:37:05.701373,1373.9,192122.0,251903.0
2025-06-18 11:37:07.102135,1373.9,192122.0,251903.0
2025-06-18 11:37:07.282074,1373.9,192122.0,251903.0
2025-06-18 11:37:07.884436,1373.9,192248.0,252013.0
2025-06-18 11:37:09.281431,1373.9,192248.0,252013.0
2025-06-18 11:37:11.310857,1373.9,192248.0,252013.0
2025-06-18 11:37:12.984038,1373.9,192090.0,252054.0
2025-06-18 11:37:13.286561,1373.9,192090.0,252054.0
