timestamp,ltp,bid_qty,ask_qty
2025-06-18 11:01:36.656839,1504.0,116156.0,164119.0
2025-06-18 11:01:37.144487,1504.0,116156.0,164119.0
2025-06-18 11:01:37.444048,1504.0,116183.0,164094.0
2025-06-18 11:01:39.135157,1503.8,116183.0,164094.0
2025-06-18 11:01:42.452721,1503.8,116044.0,164067.0
2025-06-18 11:01:47.144058,1504.0,116044.0,164067.0
2025-06-18 11:01:47.549846,1504.0,115976.0,164114.0
2025-06-18 11:01:51.146934,1503.8,115976.0,164114.0
2025-06-18 11:01:53.139129,1503.7,115976.0,164114.0
2025-06-18 11:01:53.249751,1503.7,115754.0,164234.0
2025-06-18 11:01:55.148139,1504.0,115754.0,164234.0
2025-06-18 11:01:57.147088,1504.0,115754.0,164234.0
2025-06-18 11:01:58.654545,1504.0,115923.0,164157.0
2025-06-18 11:02:05.162724,1504.0,116117.0,164244.0
2025-06-18 11:02:09.172200,1504.0,116043.0,164200.0
2025-06-18 11:02:13.146300,1503.9,116043.0,164200.0
2025-06-18 11:02:15.122053,1504.0,117076.0,163571.0
2025-06-18 11:02:15.167688,1504.1,117076.0,163571.0
2025-06-18 11:02:17.143052,1504.0,117076.0,163571.0
2025-06-18 11:02:19.137434,1504.0,117076.0,163571.0
2025-06-18 11:02:19.769943,1503.9,116341.0,163923.0
2025-06-18 11:02:21.138423,1504.1,116341.0,163923.0
2025-06-18 11:02:23.144111,1503.9,116341.0,163923.0
2025-06-18 11:02:24.982834,1503.9,116330.0,163838.0
2025-06-18 11:02:25.141012,1504.1,116330.0,163838.0
2025-06-18 11:02:27.146117,1503.9,116330.0,163838.0
2025-06-18 11:02:29.147082,1504.1,116330.0,163838.0
2025-06-18 11:02:29.987458,1504.1,116577.0,163735.0
2025-06-18 11:02:31.140713,1504.1,116577.0,163735.0
2025-06-18 11:02:33.146075,1503.9,116577.0,163735.0
2025-06-18 11:02:35.152105,1503.9,116577.0,163735.0
2025-06-18 11:02:35.379900,1503.9,116328.0,163613.0
2025-06-18 11:02:37.147512,1504.1,116328.0,163613.0
2025-06-18 11:02:40.683984,1504.1,116460.0,163720.0
2025-06-18 11:02:41.140985,1504.1,116460.0,163720.0
2025-06-18 11:02:45.886650,1504.1,115596.0,163752.0
2025-06-18 11:02:47.153273,1504.4,115596.0,163752.0
2025-06-18 11:02:49.148895,1505.0,115596.0,163752.0
2025-06-18 11:02:51.233490,1505.0,116474.0,160651.0
2025-06-18 11:02:53.149228,1504.1,116474.0,160651.0
2025-06-18 11:02:56.497861,1504.1,115344.0,165227.0
2025-06-18 11:02:57.152394,1504.8,115344.0,165227.0
2025-06-18 11:02:59.149204,1504.8,115344.0,165227.0
2025-06-18 11:03:01.598327,1504.8,115607.0,164877.0
2025-06-18 11:03:03.145747,1504.8,115607.0,164877.0
2025-06-18 11:03:07.004399,1504.8,115678.0,164618.0
2025-06-18 11:03:09.151407,1504.2,115678.0,164618.0
2025-06-18 11:03:11.150798,1504.1,115678.0,164618.0
2025-06-18 11:03:12.301501,1504.1,115375.0,164233.0
2025-06-18 11:03:13.146835,1504.7,115375.0,164233.0
2025-06-18 11:03:15.143828,1504.7,115375.0,164233.0
2025-06-18 11:03:17.412645,1504.7,114579.0,163886.0
2025-06-18 11:03:19.150824,1504.6,114579.0,163886.0
2025-06-18 11:03:21.208076,1504.7,114579.0,163886.0
2025-06-18 11:03:22.705814,1504.7,114960.0,163960.0
2025-06-18 11:03:23.153406,1504.7,114960.0,163960.0
2025-06-18 11:03:25.148164,1504.7,114960.0,163960.0
2025-06-18 11:03:27.910116,1504.7,115695.0,163401.0
2025-06-18 11:03:29.151464,1504.7,115695.0,163401.0
2025-06-18 11:03:33.315007,1504.2,115325.0,164078.0
2025-06-18 11:03:35.151581,1504.7,115325.0,164078.0
2025-06-18 11:03:37.154267,1504.1,115325.0,164078.0
2025-06-18 11:03:38.918004,1504.1,115970.0,163686.0
2025-06-18 11:03:39.150666,1504.7,115970.0,163686.0
2025-06-18 11:03:44.020014,1504.7,116358.0,163612.0
2025-06-18 11:03:46.058319,1504.7,116358.0,163612.0
2025-06-18 11:03:47.121894,1504.7,116358.0,163612.0
2025-06-18 11:03:48.723224,1504.7,116231.0,163657.0
2025-06-18 11:03:48.903449,1504.7,116231.0,163657.0
2025-06-18 11:03:49.162593,1504.2,116231.0,163657.0
2025-06-18 11:03:49.771108,1504.2,116231.0,163657.0
2025-06-18 11:03:50.559030,1504.2,116231.0,163657.0
2025-06-18 11:03:51.169820,1504.7,116231.0,163657.0
2025-06-18 11:03:51.593472,1504.7,116231.0,163657.0
2025-06-18 11:03:52.229861,1504.7,116231.0,163657.0
2025-06-18 11:03:53.075679,1504.7,116231.0,163657.0
2025-06-18 11:03:53.201714,1504.3,116231.0,163657.0
2025-06-18 11:03:53.445565,1504.3,116231.0,163657.0
2025-06-18 11:03:53.527112,1504.3,116518.0,163559.0
2025-06-18 11:03:54.472787,1504.3,116518.0,163559.0
2025-06-18 11:03:55.169322,1504.7,116518.0,163559.0
2025-06-18 11:03:55.730448,1504.7,116518.0,163559.0
2025-06-18 11:03:56.588341,1504.7,116518.0,163559.0
2025-06-18 11:04:00.450666,1504.8,116518.0,163559.0
2025-06-18 11:04:00.501648,1504.8,116518.0,163559.0
2025-06-18 11:04:00.510018,1504.7,115808.0,163309.0
2025-06-18 11:04:00.513055,1504.8,115808.0,163309.0
2025-06-18 11:04:00.541421,1504.8,115808.0,163309.0
2025-06-18 11:04:00.582809,1504.8,115808.0,163309.0
2025-06-18 11:04:01.926194,1504.8,115808.0,163309.0
2025-06-18 11:04:03.833739,1504.8,116060.0,163664.0
2025-06-18 11:04:05.196562,1504.8,116060.0,163664.0
2025-06-18 11:04:07.179472,1504.8,116060.0,163664.0
2025-06-18 11:04:08.936657,1504.2,115935.0,163719.0
2025-06-18 11:04:09.156749,1504.8,115935.0,163719.0
2025-06-18 11:04:11.159980,1504.8,115935.0,163719.0
2025-06-18 11:04:13.940389,1504.3,115792.0,164359.0
2025-06-18 11:04:15.158067,1504.7,115792.0,164359.0
2025-06-18 11:04:17.158207,1504.6,115792.0,164359.0
2025-06-18 11:04:19.188323,1504.3,115792.0,164359.0
2025-06-18 11:04:19.460382,1504.3,115930.0,164387.0
2025-06-18 11:04:21.185161,1504.7,115930.0,164387.0
2025-06-18 11:04:23.159525,1504.7,115930.0,164387.0
2025-06-18 11:04:24.557451,1504.7,116003.0,164339.0
2025-06-18 11:04:29.761779,1504.7,115921.0,164434.0
2025-06-18 11:04:33.162206,1504.4,115921.0,164434.0
2025-06-18 11:04:34.763393,1504.3,115729.0,164447.0
2025-06-18 11:04:35.165926,1504.6,115729.0,164447.0
2025-06-18 11:04:37.167752,1504.6,115729.0,164447.0
2025-06-18 11:04:39.666243,1504.6,115447.0,164384.0
2025-06-18 11:04:41.152712,1504.6,115447.0,164384.0
2025-06-18 11:04:44.757197,1504.6,115853.0,164331.0
2025-06-18 11:04:49.573663,1504.3,116059.0,164809.0
2025-06-18 11:04:51.159041,1504.3,116059.0,164809.0
2025-06-18 11:04:53.156032,1504.2,116059.0,164809.0
2025-06-18 11:04:54.375108,1504.2,116800.0,164719.0
2025-06-18 11:04:55.162497,1504.2,116800.0,164719.0
2025-06-18 11:04:57.210727,1504.3,116800.0,164719.0
2025-06-18 11:04:59.081097,1504.3,116682.0,164603.0
2025-06-18 11:04:59.162389,1504.3,116682.0,164603.0
2025-06-18 11:05:01.171078,1504.3,116682.0,164603.0
2025-06-18 11:05:05.168984,1504.3,116682.0,164603.0
2025-06-18 11:05:05.172765,1504.3,117212.0,164256.0
2025-06-18 11:05:05.207008,1504.3,117212.0,164256.0
2025-06-18 11:05:07.388859,1504.3,117212.0,164256.0
2025-06-18 11:05:08.579145,1504.3,117459.0,164331.0
2025-06-18 11:05:09.189417,1504.3,117459.0,164331.0
2025-06-18 11:05:11.160440,1504.3,117459.0,164331.0
2025-06-18 11:05:13.882772,1504.2,117276.0,164536.0
2025-06-18 11:05:15.161939,1504.3,117276.0,164536.0
2025-06-18 11:05:17.167653,1504.3,117276.0,164536.0
2025-06-18 11:05:19.496644,1504.3,117109.0,164693.0
2025-06-18 11:05:21.185614,1504.3,117109.0,164693.0
2025-06-18 11:05:24.390137,1504.2,116762.0,164820.0
2025-06-18 11:05:25.155721,1504.3,116762.0,164820.0
2025-06-18 11:05:29.164724,1504.3,116762.0,164820.0
2025-06-18 11:05:29.195005,1504.3,117192.0,164885.0
2025-06-18 11:05:31.163756,1504.3,117192.0,164885.0
2025-06-18 11:05:33.204559,1504.2,117192.0,164885.0
2025-06-18 11:05:35.172479,1504.2,116645.0,165113.0
2025-06-18 11:05:35.211942,1504.3,116645.0,165113.0
2025-06-18 11:05:37.169934,1504.2,116645.0,165113.0
2025-06-18 11:05:39.277515,1504.3,116645.0,165113.0
2025-06-18 11:05:39.800745,1504.3,117054.0,165171.0
2025-06-18 11:05:41.166517,1504.3,117054.0,165171.0
2025-06-18 11:05:44.802340,1504.3,116904.0,165130.0
2025-06-18 11:05:47.187826,1504.2,116904.0,165130.0
2025-06-18 11:05:49.169210,1504.3,116904.0,165130.0
2025-06-18 11:05:49.906238,1504.3,116952.0,165396.0
2025-06-18 11:05:51.169460,1504.3,116952.0,165396.0
2025-06-18 11:05:53.160878,1504.2,116952.0,165396.0
2025-06-18 11:05:55.013873,1504.2,116155.0,165649.0
2025-06-18 11:05:55.165092,1504.3,116155.0,165649.0
2025-06-18 11:06:00.015444,1504.3,116018.0,165503.0
2025-06-18 11:06:01.166638,1504.3,116018.0,165503.0
2025-06-18 11:06:03.162231,1504.3,116018.0,165503.0
2025-06-18 11:06:04.717136,1504.3,116419.0,165543.0
2025-06-18 11:06:07.168076,1504.3,116419.0,165543.0
2025-06-18 11:06:09.166913,1504.3,116419.0,165543.0
2025-06-18 11:06:09.526911,1504.3,116419.0,165282.0
2025-06-18 11:06:11.206067,1504.3,116419.0,165282.0
2025-06-18 11:06:13.189669,1504.3,116419.0,165282.0
2025-06-18 11:06:14.527351,1504.2,116159.0,165332.0
2025-06-18 11:06:15.167937,1504.3,116159.0,165332.0
2025-06-18 11:06:17.167046,1504.2,116159.0,165332.0
2025-06-18 11:06:19.162288,1504.3,116159.0,165332.0
2025-06-18 11:06:19.623780,1504.3,116392.0,165019.0
2025-06-18 11:06:21.160504,1504.3,116392.0,165019.0
2025-06-18 11:06:23.169337,1504.3,116392.0,165019.0
2025-06-18 11:06:24.627382,1504.3,116404.0,165615.0
2025-06-18 11:06:27.165085,1504.3,116404.0,165615.0
2025-06-18 11:06:29.163086,1504.3,116404.0,165615.0
2025-06-18 11:06:29.328678,1504.3,116419.0,165707.0
2025-06-18 11:06:31.169186,1504.3,116419.0,165707.0
2025-06-18 11:06:33.168517,1504.2,116419.0,165707.0
2025-06-18 11:06:34.040509,1504.2,116390.0,165805.0
2025-06-18 11:06:35.188862,1504.2,116390.0,165805.0
2025-06-18 11:06:37.166847,1504.3,116390.0,165805.0
2025-06-18 11:06:38.940583,1504.3,116391.0,165621.0
2025-06-18 11:06:39.169252,1504.3,116391.0,165621.0
2025-06-18 11:06:43.168659,1504.3,116391.0,165621.0
2025-06-18 11:06:44.040250,1504.3,116421.0,165521.0
2025-06-18 11:06:45.164054,1504.2,116421.0,165521.0
2025-06-18 11:06:46.762926,1504.2,116421.0,165521.0
2025-06-18 11:06:47.168927,1504.2,116421.0,165521.0
2025-06-18 11:06:47.621886,1504.2,116421.0,165521.0
2025-06-18 11:06:48.560547,1504.2,116421.0,165521.0
2025-06-18 11:06:48.986056,1504.1,116329.0,165537.0
2025-06-18 11:06:49.759744,1504.2,116329.0,165537.0
2025-06-18 11:06:49.798557,1504.2,116329.0,165537.0
2025-06-18 11:06:50.288368,1504.2,116329.0,165537.0
2025-06-18 11:06:51.060434,1504.2,116329.0,165537.0
2025-06-18 11:06:52.043461,1504.2,116329.0,165537.0
2025-06-18 11:06:53.164877,1504.2,116329.0,165537.0
2025-06-18 11:06:53.519886,1504.2,116329.0,165537.0
2025-06-18 11:06:53.946927,1504.3,116024.0,165363.0
2025-06-18 11:06:54.762084,1504.3,116024.0,165363.0
2025-06-18 11:06:55.164534,1504.3,116024.0,165363.0
2025-06-18 11:06:56.271841,1504.3,116024.0,165363.0
2025-06-18 11:06:57.108267,1504.3,116024.0,165363.0
2025-06-18 11:06:57.161590,1504.3,116024.0,165363.0
2025-06-18 11:06:58.543923,1504.3,116024.0,165363.0
2025-06-18 11:06:58.847124,1504.3,116291.0,165628.0
2025-06-18 11:06:59.162352,1504.3,116291.0,165628.0
2025-06-18 11:06:59.667103,1504.3,116291.0,165628.0
2025-06-18 11:07:00.835237,1504.3,116291.0,165628.0
2025-06-18 11:07:02.293971,1504.3,116291.0,165628.0
2025-06-18 11:07:03.163766,1504.3,116291.0,165628.0
2025-06-18 11:07:05.038128,1504.3,116280.0,165474.0
2025-06-18 11:07:05.171110,1504.2,116280.0,165474.0
2025-06-18 11:07:07.161786,1503.7,116280.0,165474.0
2025-06-18 11:07:10.526765,1504.3,115364.0,165712.0
2025-06-18 11:07:10.578444,1504.3,115364.0,165712.0
2025-06-18 11:07:13.176397,1504.3,115364.0,165712.0
2025-06-18 11:07:14.562266,1504.3,115704.0,165506.0
2025-06-18 11:07:19.167730,1503.9,115704.0,165506.0
2025-06-18 11:07:19.867394,1503.9,116010.0,165746.0
2025-06-18 11:07:22.232228,1504.3,116010.0,165746.0
2025-06-18 11:07:24.861224,1504.3,116583.0,165650.0
2025-06-18 11:07:27.175023,1504.3,116583.0,165650.0
2025-06-18 11:07:29.776672,1504.3,116396.0,165702.0
2025-06-18 11:07:33.173340,1503.9,116396.0,165702.0
2025-06-18 11:07:34.765969,1503.9,116256.0,165799.0
2025-06-18 11:07:35.164240,1504.3,116256.0,165799.0
2025-06-18 11:07:37.172393,1504.3,116256.0,165799.0
2025-06-18 11:07:39.209330,1504.3,116256.0,165799.0
2025-06-18 11:07:39.683087,1504.3,115672.0,165993.0
2025-06-18 11:07:41.173117,1504.3,115672.0,165993.0
2025-06-18 11:07:43.173509,1504.4,115672.0,165993.0
2025-06-18 11:07:45.173841,1504.3,115672.0,165993.0
2025-06-18 11:07:45.184288,1504.3,115731.0,165736.0
2025-06-18 11:07:47.179057,1504.3,115731.0,165736.0
2025-06-18 11:07:49.173270,1504.3,115731.0,165736.0
2025-06-18 11:07:50.276637,1504.3,115862.0,165652.0
2025-06-18 11:07:52.181151,1505.1,115862.0,165652.0
2025-06-18 11:07:55.167435,1504.7,115862.0,165652.0
2025-06-18 11:07:55.273438,1504.7,115747.0,163476.0
2025-06-18 11:07:58.189639,1504.9,115747.0,163476.0
2025-06-18 11:08:00.477169,1504.9,115825.0,163976.0
2025-06-18 11:08:02.197872,1504.9,115825.0,163976.0
2025-06-18 11:08:04.185118,1504.7,115825.0,163976.0
2025-06-18 11:08:05.582788,1504.7,115600.0,164112.0
2025-06-18 11:08:06.177031,1504.9,115600.0,164112.0
2025-06-18 11:08:08.183106,1504.9,115600.0,164112.0
2025-06-18 11:08:11.028182,1504.9,115356.0,163728.0
2025-06-18 11:08:12.255125,1504.9,115356.0,163728.0
2025-06-18 11:08:14.196519,1504.9,115356.0,163728.0
2025-06-18 11:08:16.591116,1504.9,115425.0,163901.0
2025-06-18 11:08:20.495703,1504.8,115425.0,163901.0
2025-06-18 11:08:20.567387,1504.7,115425.0,163901.0
2025-06-18 11:08:21.393406,1504.7,115601.0,164546.0
2025-06-18 11:08:22.175050,1504.7,115601.0,164546.0
2025-06-18 11:08:25.171615,1504.7,115601.0,164546.0
2025-06-18 11:08:27.014378,1504.7,115804.0,164622.0
2025-06-18 11:08:28.174599,1504.7,115804.0,164622.0
2025-06-18 11:08:30.175131,1504.7,115804.0,164622.0
2025-06-18 11:08:32.176678,1504.3,115804.0,164622.0
2025-06-18 11:08:32.604238,1504.3,115868.0,164532.0
2025-06-18 11:08:34.174286,1504.3,115868.0,164532.0
2025-06-18 11:08:36.174644,1504.7,115868.0,164532.0
2025-06-18 11:08:37.909265,1504.3,116034.0,164677.0
2025-06-18 11:08:38.176411,1504.7,116034.0,164677.0
2025-06-18 11:08:40.190723,1504.7,116034.0,164677.0
2025-06-18 11:08:43.062185,1504.7,115831.0,164748.0
2025-06-18 11:08:48.310775,1504.7,116052.0,164966.0
2025-06-18 11:08:50.171671,1504.7,116052.0,164966.0
2025-06-18 11:08:52.176655,1504.8,116052.0,164966.0
2025-06-18 11:08:53.518751,1504.8,115847.0,163784.0
2025-06-18 11:08:54.177455,1504.8,115847.0,163784.0
2025-06-18 11:08:56.181152,1504.8,115847.0,163784.0
2025-06-18 11:08:58.716459,1504.8,116214.0,163606.0
2025-06-18 11:09:00.173036,1504.8,116214.0,163606.0
2025-06-18 11:09:03.525170,1504.8,115964.0,163755.0
2025-06-18 11:09:08.622883,1504.8,116224.0,163184.0
2025-06-18 11:09:14.346847,1504.7,116224.0,163184.0
2025-06-18 11:09:14.349272,1504.7,116621.0,163134.0
2025-06-18 11:09:16.170143,1504.8,116621.0,163134.0
2025-06-18 11:09:18.871343,1504.7,116621.0,163134.0
2025-06-18 11:09:19.926082,1504.7,116593.0,162938.0
2025-06-18 11:09:20.197632,1504.8,116593.0,162938.0
2025-06-18 11:09:25.227566,1504.8,116502.0,162967.0
2025-06-18 11:09:30.536502,1504.8,116689.0,163017.0
2025-06-18 11:09:32.180453,1504.8,116689.0,163017.0
2025-06-18 11:09:34.176974,1504.8,116689.0,163017.0
2025-06-18 11:09:35.940921,1504.8,116400.0,163119.0
2025-06-18 11:09:36.174137,1504.8,116400.0,163119.0
2025-06-18 11:09:40.172437,1504.8,116400.0,163119.0
2025-06-18 11:09:41.144254,1504.8,117234.0,162890.0
2025-06-18 11:09:42.180630,1504.8,117234.0,162890.0
2025-06-18 11:09:44.191829,1504.9,117234.0,162890.0
2025-06-18 11:09:46.442453,1504.8,117795.0,162458.0
2025-06-18 11:09:47.185889,1504.8,117795.0,162458.0
2025-06-18 11:09:48.175718,1504.8,117795.0,162458.0
2025-06-18 11:09:48.229135,1504.8,117795.0,162458.0
2025-06-18 11:09:49.137817,1504.8,117795.0,162458.0
2025-06-18 11:09:50.027660,1504.8,117795.0,162458.0
2025-06-18 11:09:50.172218,1504.7,117795.0,162458.0
2025-06-18 11:09:50.868407,1504.7,117795.0,162458.0
2025-06-18 11:09:51.643192,1504.7,117795.0,162458.0
2025-06-18 11:09:51.744395,1504.8,117728.0,162618.0
2025-06-18 11:09:52.176411,1505.0,117728.0,162618.0
2025-06-18 11:09:52.673625,1505.0,117728.0,162618.0
2025-06-18 11:09:53.211606,1505.0,117728.0,162618.0
2025-06-18 11:09:54.124493,1505.0,117728.0,162618.0
2025-06-18 11:09:55.343596,1505.0,117728.0,162618.0
2025-06-18 11:09:56.174910,1505.0,117728.0,162618.0
2025-06-18 11:09:56.596661,1505.0,117728.0,162618.0
2025-06-18 11:09:57.154222,1505.0,118410.0,162441.0
2025-06-18 11:09:57.566464,1505.0,118410.0,162441.0
2025-06-18 11:09:58.179296,1505.0,118410.0,162441.0
2025-06-18 11:09:58.975960,1505.0,118410.0,162441.0
2025-06-18 11:10:00.122846,1505.0,118410.0,162441.0
2025-06-18 11:10:01.252024,1505.0,118410.0,162441.0
2025-06-18 11:10:02.151963,1505.0,118151.0,162175.0
2025-06-18 11:10:02.176472,1505.0,118151.0,162175.0
2025-06-18 11:10:02.725437,1505.0,118151.0,162175.0
2025-06-18 11:10:04.172813,1505.0,118151.0,162175.0
2025-06-18 11:10:06.179209,1505.0,118151.0,162175.0
2025-06-18 11:10:07.159446,1505.0,118331.0,161544.0
2025-06-18 11:10:09.457147,1505.0,118331.0,161544.0
2025-06-18 11:10:10.188247,1505.0,118331.0,161544.0
2025-06-18 11:10:12.670948,1505.0,118158.0,161617.0
2025-06-18 11:10:14.183350,1504.9,118158.0,161617.0
2025-06-18 11:10:16.178464,1505.0,118158.0,161617.0
2025-06-18 11:10:18.057017,1504.9,117688.0,161442.0
2025-06-18 11:10:18.179338,1505.0,117688.0,161442.0
2025-06-18 11:10:20.176010,1504.9,117688.0,161442.0
2025-06-18 11:10:22.178417,1504.8,117688.0,161442.0
2025-06-18 11:10:23.061351,1505.0,118364.0,160833.0
2025-06-18 11:10:24.186265,1505.0,118364.0,160833.0
2025-06-18 11:10:27.185904,1505.2,118364.0,160833.0
2025-06-18 11:10:28.687084,1505.0,118543.0,159786.0
2025-06-18 11:10:30.177206,1505.2,118543.0,159786.0
2025-06-18 11:10:33.177896,1505.0,118543.0,159786.0
2025-06-18 11:10:34.068318,1505.0,118533.0,160669.0
2025-06-18 11:10:36.175024,1505.0,118533.0,160669.0
2025-06-18 11:10:38.179029,1505.0,118533.0,160669.0
2025-06-18 11:10:39.677848,1505.0,118644.0,160438.0
2025-06-18 11:10:40.176755,1505.0,118644.0,160438.0
2025-06-18 11:10:42.181258,1505.1,118644.0,160438.0
2025-06-18 11:10:45.179096,1505.1,118902.0,160758.0
2025-06-18 11:10:46.173717,1505.1,118902.0,160758.0
2025-06-18 11:10:48.208528,1505.0,118902.0,160758.0
2025-06-18 11:10:50.180676,1504.9,118902.0,160758.0
2025-06-18 11:10:50.273462,1504.9,117603.0,161567.0
2025-06-18 11:10:54.186668,1504.8,117603.0,161567.0
2025-06-18 11:10:55.379362,1504.8,117520.0,162176.0
2025-06-18 11:10:56.176081,1505.0,117520.0,162176.0
2025-06-18 11:10:58.177738,1505.0,117520.0,162176.0
2025-06-18 11:11:00.785419,1505.0,117505.0,162429.0
2025-06-18 11:11:06.126763,1505.0,117325.0,162476.0
2025-06-18 11:11:11.502419,1504.8,116216.0,163851.0
2025-06-18 11:11:12.182221,1504.6,116216.0,163851.0
2025-06-18 11:11:14.195288,1504.7,116216.0,163851.0
2025-06-18 11:11:16.898570,1504.7,117397.0,163498.0
2025-06-18 11:11:18.192747,1504.6,117397.0,163498.0
2025-06-18 11:11:20.181931,1504.4,117397.0,163498.0
2025-06-18 11:11:22.010432,1504.4,116217.0,164846.0
2025-06-18 11:11:22.186303,1504.4,116217.0,164846.0
2025-06-18 11:11:24.179879,1504.3,116217.0,164846.0
2025-06-18 11:11:27.102296,1504.3,116388.0,164669.0
2025-06-18 11:11:28.199161,1504.4,116388.0,164669.0
2025-06-18 11:11:30.179389,1504.3,116388.0,164669.0
2025-06-18 11:11:32.305056,1504.3,115970.0,164657.0
2025-06-18 11:11:34.180475,1504.1,115970.0,164657.0
2025-06-18 11:11:36.181674,1504.4,115970.0,164657.0
2025-06-18 11:11:37.107993,1504.4,116103.0,164671.0
2025-06-18 11:11:38.187749,1504.4,116103.0,164671.0
2025-06-18 11:11:40.177801,1504.8,116103.0,164671.0
2025-06-18 11:11:42.217488,1504.8,115804.0,163997.0
2025-06-18 11:11:44.203721,1504.7,115804.0,163997.0
2025-06-18 11:11:46.179666,1504.4,115804.0,163997.0
2025-06-18 11:11:47.312613,1504.4,116012.0,164216.0
2025-06-18 11:11:48.195520,1504.4,116012.0,164216.0
2025-06-18 11:11:50.194561,1504.4,116012.0,164216.0
2025-06-18 11:11:52.319336,1504.4,116016.0,164582.0
2025-06-18 11:11:54.198006,1504.1,116016.0,164582.0
2025-06-18 11:11:56.189643,1504.4,116016.0,164582.0
2025-06-18 11:11:57.424928,1504.4,116064.0,164604.0
2025-06-18 11:11:58.420083,1504.4,116064.0,164604.0
2025-06-18 11:12:00.181515,1504.4,116064.0,164604.0
2025-06-18 11:12:02.334293,1504.4,116064.0,164604.0
2025-06-18 11:12:02.338646,1504.4,115921.0,164480.0
2025-06-18 11:12:04.183512,1504.4,115921.0,164480.0
2025-06-18 11:12:06.181173,1504.4,115921.0,164480.0
2025-06-18 11:12:06.928168,1504.4,115943.0,164488.0
2025-06-18 11:12:08.182802,1504.5,115943.0,164488.0
2025-06-18 11:12:10.189894,1504.5,115943.0,164488.0
2025-06-18 11:12:12.037505,1504.5,117179.0,163879.0
2025-06-18 11:12:12.198380,1504.4,117179.0,163879.0
2025-06-18 11:12:14.182304,1504.4,117179.0,163879.0
2025-06-18 11:12:16.181886,1504.5,117179.0,163879.0
2025-06-18 11:12:17.237817,1504.5,116480.0,164368.0
2025-06-18 11:12:20.178724,1504.5,116480.0,164368.0
2025-06-18 11:12:22.180743,1504.6,116480.0,164368.0
2025-06-18 11:12:22.546547,1504.6,116209.0,164225.0
2025-06-18 11:12:24.185951,1504.6,116209.0,164225.0
2025-06-18 11:12:26.183451,1504.3,116209.0,164225.0
2025-06-18 11:12:27.346510,1504.3,115982.0,163314.0
2025-06-18 11:12:28.181010,1504.6,115982.0,163314.0
2025-06-18 11:12:30.190629,1504.6,115982.0,163314.0
2025-06-18 11:12:32.553837,1504.6,116189.0,163412.0
2025-06-18 11:12:37.858391,1504.6,116122.0,163369.0
2025-06-18 11:12:42.962764,1504.6,115971.0,163206.0
2025-06-18 11:12:46.181790,1504.6,115971.0,163206.0
2025-06-18 11:12:47.565915,1504.6,115971.0,163206.0
2025-06-18 11:12:47.862606,1504.6,115885.0,163530.0
2025-06-18 11:12:48.184194,1504.6,115885.0,163530.0
2025-06-18 11:12:48.633631,1504.6,115885.0,163530.0
2025-06-18 11:12:49.540199,1504.6,115885.0,163530.0
2025-06-18 11:12:50.187290,1504.6,115885.0,163530.0
2025-06-18 11:12:50.454044,1504.6,115885.0,163530.0
2025-06-18 11:12:51.343656,1504.6,115885.0,163530.0
2025-06-18 11:12:52.081217,1504.6,115885.0,163530.0
2025-06-18 11:12:53.110100,1504.6,115885.0,163530.0
2025-06-18 11:12:53.365524,1504.3,116383.0,163470.0
2025-06-18 11:12:53.638432,1504.3,116383.0,163470.0
2025-06-18 11:12:54.050889,1504.3,116383.0,163470.0
2025-06-18 11:12:54.185739,1504.6,116383.0,163470.0
2025-06-18 11:12:54.529379,1504.6,116383.0,163470.0
2025-06-18 11:12:55.801905,1504.6,116383.0,163470.0
2025-06-18 11:12:56.184463,1504.6,116383.0,163470.0
2025-06-18 11:12:57.055351,1504.6,116383.0,163470.0
2025-06-18 11:12:57.886907,1504.6,116383.0,163470.0
2025-06-18 11:12:58.971237,1504.6,116077.0,163507.0
2025-06-18 11:12:59.291211,1504.6,116077.0,163507.0
2025-06-18 11:13:00.401985,1504.6,116077.0,163507.0
2025-06-18 11:13:01.579758,1504.6,116077.0,163507.0
2025-06-18 11:13:03.039905,1504.6,116077.0,163507.0
2025-06-18 11:13:03.974125,1504.3,115972.0,163676.0
2025-06-18 11:13:04.188095,1504.3,115972.0,163676.0
2025-06-18 11:13:06.185600,1504.1,115972.0,163676.0
2025-06-18 11:13:08.184337,1504.6,115972.0,163676.0
2025-06-18 11:13:08.979584,1504.6,115904.0,163522.0
2025-06-18 11:13:13.778587,1504.1,115711.0,163803.0
2025-06-18 11:13:14.187016,1504.6,115711.0,163803.0
2025-06-18 11:13:16.188991,1504.6,115711.0,163803.0
2025-06-18 11:13:18.586806,1504.6,115751.0,163627.0
2025-06-18 11:13:20.188287,1504.6,115751.0,163627.0
2025-06-18 11:13:22.190488,1504.6,115751.0,163627.0
2025-06-18 11:13:23.484083,1504.6,115812.0,163564.0
2025-06-18 11:13:24.189464,1504.6,115812.0,163564.0
2025-06-18 11:13:28.487495,1504.6,115867.0,163904.0
2025-06-18 11:13:33.392364,1504.2,115831.0,164110.0
2025-06-18 11:13:34.191140,1504.6,115831.0,164110.0
2025-06-18 11:13:36.189231,1504.6,115831.0,164110.0
2025-06-18 11:13:38.493344,1504.6,115816.0,164790.0
2025-06-18 11:13:42.189717,1504.6,115816.0,164790.0
2025-06-18 11:13:43.698197,1504.6,115785.0,164954.0
2025-06-18 11:13:44.193836,1504.6,115785.0,164954.0
2025-06-18 11:13:48.188956,1504.5,115785.0,164954.0
2025-06-18 11:13:48.697347,1504.2,115440.0,164933.0
2025-06-18 11:13:50.198866,1504.2,115440.0,164933.0
2025-06-18 11:13:52.191435,1504.6,115440.0,164933.0
2025-06-18 11:13:53.398568,1504.2,115486.0,164904.0
2025-06-18 11:13:54.192080,1504.5,115486.0,164904.0
2025-06-18 11:13:58.189243,1504.5,115486.0,164904.0
2025-06-18 11:13:58.904440,1504.6,116009.0,164468.0
2025-06-18 11:14:00.191391,1504.6,116009.0,164468.0
2025-06-18 11:14:02.189761,1504.6,116009.0,164468.0
2025-06-18 11:14:03.809885,1504.6,117787.0,163655.0
2025-06-18 11:14:04.194126,1504.6,117787.0,163655.0
2025-06-18 11:14:08.192693,1504.5,117787.0,163655.0
2025-06-18 11:14:08.912619,1504.5,117905.0,163506.0
2025-06-18 11:14:10.191272,1504.6,117905.0,163506.0
2025-06-18 11:14:12.189567,1504.6,117905.0,163506.0
2025-06-18 11:14:13.913220,1504.5,118019.0,164068.0
2025-06-18 11:14:14.193036,1504.6,118019.0,164068.0
2025-06-18 11:14:16.195140,1504.6,118019.0,164068.0
2025-06-18 11:14:18.916400,1504.6,118098.0,164048.0
2025-06-18 11:14:20.190536,1504.6,118098.0,164048.0
2025-06-18 11:14:22.238851,1504.9,118098.0,164048.0
2025-06-18 11:14:23.553907,1504.9,119723.0,161503.0
2025-06-18 11:14:24.197939,1505.0,119723.0,161503.0
2025-06-18 11:14:26.191267,1505.0,119723.0,161503.0
2025-06-18 11:14:28.921782,1505.0,119568.0,162355.0
2025-06-18 11:14:30.192251,1505.0,119568.0,162355.0
2025-06-18 11:14:32.194164,1505.0,119568.0,162355.0
2025-06-18 11:14:34.236880,1505.0,119594.0,162434.0
2025-06-18 11:14:36.194019,1505.0,119594.0,162434.0
2025-06-18 11:14:39.331266,1505.0,119346.0,162512.0
2025-06-18 11:14:40.191488,1505.0,119346.0,162512.0
2025-06-18 11:14:42.190240,1505.0,119346.0,162512.0
2025-06-18 11:14:44.190548,1505.0,119346.0,162512.0
2025-06-18 11:14:44.334788,1505.0,119574.0,162132.0
2025-06-18 11:14:46.194850,1505.0,119574.0,162132.0
2025-06-18 11:14:48.196557,1505.0,119574.0,162132.0
2025-06-18 11:14:49.940902,1505.0,118783.0,162836.0
2025-06-18 11:14:50.192505,1505.0,118783.0,162836.0
2025-06-18 11:14:52.214391,1504.9,118783.0,162836.0
2025-06-18 11:14:54.191632,1504.9,118783.0,162836.0
2025-06-18 11:14:55.552842,1504.9,118930.0,163089.0
2025-06-18 11:14:56.194652,1505.0,118930.0,163089.0
2025-06-18 11:14:58.212040,1505.0,118930.0,163089.0
2025-06-18 11:15:00.947208,1505.0,119252.0,163158.0
2025-06-18 11:15:02.197754,1505.0,119252.0,163158.0
2025-06-18 11:15:06.917882,1505.0,119171.0,163237.0
2025-06-18 11:15:11.355770,1504.9,119325.0,163433.0
2025-06-18 11:15:12.196419,1505.0,119325.0,163433.0
2025-06-18 11:15:14.206775,1505.0,119325.0,163433.0
2025-06-18 11:15:16.363559,1504.9,119283.0,163378.0
2025-06-18 11:15:18.198489,1505.0,119283.0,163378.0
2025-06-18 11:15:20.198774,1505.0,119283.0,163378.0
2025-06-18 11:15:21.261637,1505.0,119546.0,163146.0
2025-06-18 11:15:22.196699,1504.9,119546.0,163146.0
2025-06-18 11:15:24.198062,1505.0,119546.0,163146.0
2025-06-18 11:15:26.198220,1505.0,119546.0,163146.0
2025-06-18 11:15:26.268768,1505.0,120010.0,162317.0
2025-06-18 11:15:28.204547,1504.9,120010.0,162317.0
2025-06-18 11:15:30.196442,1505.1,120010.0,162317.0
2025-06-18 11:15:31.970607,1505.0,119613.0,162808.0
2025-06-18 11:15:32.197509,1505.1,119613.0,162808.0
2025-06-18 11:15:36.195706,1505.1,119613.0,162808.0
2025-06-18 11:15:37.376492,1505.1,119936.0,162605.0
2025-06-18 11:15:38.211883,1505.1,119936.0,162605.0
2025-06-18 11:15:42.579636,1505.1,119921.0,162808.0
2025-06-18 11:15:46.215262,1505.0,119921.0,162808.0
2025-06-18 11:15:47.881292,1505.0,119739.0,162588.0
2025-06-18 11:15:48.073931,1505.0,119739.0,162588.0
2025-06-18 11:15:48.199924,1505.1,119739.0,162588.0
2025-06-18 11:15:49.098964,1505.1,119739.0,162588.0
2025-06-18 11:15:50.200605,1505.1,119739.0,162588.0
2025-06-18 11:15:50.942482,1505.1,119739.0,162588.0
2025-06-18 11:15:51.782658,1505.1,119739.0,162588.0
2025-06-18 11:15:52.573241,1505.1,119739.0,162588.0
2025-06-18 11:15:53.384828,1505.0,119697.0,162924.0
2025-06-18 11:15:53.580148,1505.0,119697.0,162924.0
2025-06-18 11:15:54.138468,1505.0,119697.0,162924.0
2025-06-18 11:15:54.199430,1505.1,119697.0,162924.0
2025-06-18 11:15:54.537454,1505.1,119697.0,162924.0
2025-06-18 11:15:55.039388,1505.1,119697.0,162924.0
2025-06-18 11:15:56.201546,1505.1,119697.0,162924.0
2025-06-18 11:15:56.296686,1505.1,119697.0,162924.0
2025-06-18 11:15:57.588008,1505.1,119697.0,162924.0
2025-06-18 11:15:58.413570,1505.1,119697.0,162924.0
2025-06-18 11:15:58.487307,1505.1,119733.0,162889.0
2025-06-18 11:16:00.115975,1505.1,119733.0,162889.0
2025-06-18 11:16:01.280553,1505.1,119733.0,162889.0
2025-06-18 11:16:02.201802,1505.1,119733.0,162889.0
2025-06-18 11:16:02.402371,1505.1,119733.0,162889.0
2025-06-18 11:16:03.886583,1505.1,119733.0,162889.0
2025-06-18 11:16:03.987615,1505.0,119504.0,163134.0
2025-06-18 11:16:04.198086,1505.1,119504.0,163134.0
2025-06-18 11:16:06.199384,1505.1,119504.0,163134.0
2025-06-18 11:16:09.192822,1505.1,119615.0,162943.0
2025-06-18 11:16:12.204070,1504.9,119615.0,162943.0
2025-06-18 11:16:14.199754,1504.2,119615.0,162943.0
2025-06-18 11:16:14.695091,1504.1,117223.0,164780.0
2025-06-18 11:16:16.212226,1504.8,117223.0,164780.0
2025-06-18 11:16:18.206429,1504.7,117223.0,164780.0
2025-06-18 11:16:19.898969,1504.2,117650.0,165541.0
2025-06-18 11:16:20.206525,1504.2,117650.0,165541.0
2025-06-18 11:16:22.210425,1504.2,117650.0,165541.0
2025-06-18 11:16:24.206955,1504.6,117650.0,165541.0
2025-06-18 11:16:25.002400,1504.6,117414.0,164656.0
2025-06-18 11:16:26.203408,1504.2,117414.0,164656.0
2025-06-18 11:16:28.206442,1504.6,117414.0,164656.0
2025-06-18 11:16:29.909571,1504.6,117601.0,164752.0
2025-06-18 11:16:30.230260,1504.6,117601.0,164752.0
2025-06-18 11:16:32.205712,1504.6,117601.0,164752.0
2025-06-18 11:16:34.216099,1504.2,117601.0,164752.0
2025-06-18 11:16:35.117162,1504.2,117557.0,164801.0
2025-06-18 11:16:36.334671,1504.6,117557.0,164801.0
2025-06-18 11:16:38.237340,1504.2,117557.0,164801.0
2025-06-18 11:16:40.329803,1504.2,117557.0,164801.0
2025-06-18 11:16:40.514560,1504.2,117007.0,165127.0
2025-06-18 11:16:42.211573,1504.6,117007.0,165127.0
2025-06-18 11:16:44.203185,1504.6,117007.0,165127.0
2025-06-18 11:16:45.517608,1504.6,117502.0,165053.0
2025-06-18 11:16:46.207510,1504.6,117502.0,165053.0
2025-06-18 11:16:48.219355,1504.5,117502.0,165053.0
2025-06-18 11:16:50.207655,1504.5,117502.0,165053.0
2025-06-18 11:16:50.618501,1504.5,116797.0,165509.0
2025-06-18 11:16:52.217374,1504.5,116797.0,165509.0
2025-06-18 11:16:54.205906,1504.1,116797.0,165509.0
2025-06-18 11:16:55.722529,1504.1,116384.0,165866.0
2025-06-18 11:16:56.208029,1504.5,116384.0,165866.0
2025-06-18 11:16:58.209256,1504.5,116384.0,165866.0
2025-06-18 11:17:01.026303,1504.5,116534.0,166023.0
2025-06-18 11:17:06.027173,1504.5,116564.0,165823.0
2025-06-18 11:17:08.207256,1504.5,116564.0,165823.0
2025-06-18 11:17:11.135506,1504.1,116334.0,165744.0
2025-06-18 11:17:12.211885,1504.5,116334.0,165744.0
2025-06-18 11:17:14.210181,1504.1,116334.0,165744.0
2025-06-18 11:17:16.208091,1504.0,116334.0,165744.0
2025-06-18 11:17:16.232258,1504.0,115718.0,166818.0
2025-06-18 11:17:18.246629,1504.2,115718.0,166818.0
2025-06-18 11:17:20.212463,1503.6,115718.0,166818.0
2025-06-18 11:17:21.435388,1503.6,116458.0,166430.0
2025-06-18 11:17:22.211156,1504.2,116458.0,166430.0
2025-06-18 11:17:26.643616,1504.2,116307.0,166224.0
2025-06-18 11:17:28.209750,1504.2,116307.0,166224.0
2025-06-18 11:17:30.210813,1504.2,116307.0,166224.0
2025-06-18 11:17:31.650933,1504.2,116903.0,166214.0
2025-06-18 11:17:32.211646,1504.2,116903.0,166214.0
2025-06-18 11:17:34.210609,1504.0,116903.0,166214.0
2025-06-18 11:17:36.211555,1504.2,116903.0,166214.0
2025-06-18 11:17:36.652846,1504.2,117149.0,166122.0
2025-06-18 11:17:38.210491,1504.2,117149.0,166122.0
2025-06-18 11:17:40.212625,1504.2,117149.0,166122.0
2025-06-18 11:17:41.851551,1504.2,117179.0,166064.0
2025-06-18 11:17:42.212006,1504.2,117179.0,166064.0
2025-06-18 11:17:44.210823,1504.2,117179.0,166064.0
2025-06-18 11:17:46.685086,1504.2,117139.0,166034.0
2025-06-18 11:17:48.211721,1504.0,117139.0,166034.0
2025-06-18 11:17:50.215777,1504.0,117139.0,166034.0
2025-06-18 11:17:51.456259,1504.0,117005.0,166054.0
2025-06-18 11:17:52.210353,1504.2,117005.0,166054.0
2025-06-18 11:17:54.215254,1504.1,117005.0,166054.0
2025-06-18 11:17:56.162758,1504.1,117179.0,166046.0
2025-06-18 11:17:56.210063,1504.2,117179.0,166046.0
2025-06-18 11:18:00.663877,1504.1,117108.0,165939.0
2025-06-18 11:18:02.245490,1504.2,117108.0,165939.0
2025-06-18 11:18:04.210150,1504.2,117108.0,165939.0
2025-06-18 11:18:05.467456,1504.2,117248.0,166249.0
2025-06-18 11:18:06.216622,1504.1,117248.0,166249.0
2025-06-18 11:18:10.486213,1504.1,117072.0,166335.0
2025-06-18 11:18:12.214024,1504.1,117072.0,166335.0
2025-06-18 11:18:15.873389,1503.5,111676.0,166860.0
2025-06-18 11:18:16.210775,1504.0,111676.0,166860.0
2025-06-18 11:18:19.213671,1503.9,111676.0,166860.0
2025-06-18 11:18:21.265865,1503.5,111676.0,166860.0
2025-06-18 11:18:21.696082,1503.5,115411.0,167300.0
2025-06-18 11:18:23.208868,1503.9,115411.0,167300.0
2025-06-18 11:18:25.213044,1503.5,115411.0,167300.0
2025-06-18 11:18:27.092237,1503.5,115297.0,167338.0
2025-06-18 11:18:27.209993,1503.9,115297.0,167338.0
2025-06-18 11:18:31.211130,1503.6,115297.0,167338.0
2025-06-18 11:18:32.096642,1503.6,115590.0,167389.0
2025-06-18 11:18:33.240833,1503.6,115590.0,167389.0
2025-06-18 11:18:37.186909,1503.6,116087.0,167144.0
2025-06-18 11:18:37.217909,1503.6,116087.0,167144.0
2025-06-18 11:18:39.208642,1503.6,116087.0,167144.0
2025-06-18 11:18:42.288350,1503.6,116036.0,166744.0
2025-06-18 11:18:43.215290,1503.9,116036.0,166744.0
2025-06-18 11:18:46.988345,1503.7,115629.0,167363.0
2025-06-18 11:18:47.232173,1503.8,115629.0,167363.0
2025-06-18 11:18:48.477024,1503.8,115629.0,167363.0
2025-06-18 11:18:49.214967,1503.7,115629.0,167363.0
2025-06-18 11:18:49.597584,1503.7,115629.0,167363.0
2025-06-18 11:18:50.476564,1503.7,115629.0,167363.0
2025-06-18 11:18:51.209876,1503.7,115629.0,167363.0
2025-06-18 11:18:51.411146,1503.7,115629.0,167363.0
2025-06-18 11:18:51.598273,1503.7,115554.0,167201.0
2025-06-18 11:18:52.262499,1503.7,115554.0,167201.0
2025-06-18 11:18:53.043885,1503.7,115554.0,167201.0
2025-06-18 11:18:53.212802,1503.8,115554.0,167201.0
2025-06-18 11:18:54.049707,1503.8,115554.0,167201.0
2025-06-18 11:18:55.038934,1503.8,115554.0,167201.0
2025-06-18 11:18:55.210727,1503.6,115554.0,167201.0
2025-06-18 11:18:55.522782,1503.6,115554.0,167201.0
2025-06-18 11:18:56.394991,1503.6,115436.0,167231.0
2025-06-18 11:18:56.786889,1503.6,115436.0,167231.0
2025-06-18 11:18:57.213450,1503.9,115436.0,167231.0
2025-06-18 11:18:58.036702,1503.9,115436.0,167231.0
2025-06-18 11:19:00.285339,1503.9,115436.0,167231.0
2025-06-18 11:19:01.202755,1503.9,117243.0,166822.0
2025-06-18 11:19:01.573379,1503.9,117243.0,166822.0
2025-06-18 11:19:02.718106,1503.9,117243.0,166822.0
2025-06-18 11:19:04.192062,1503.9,117243.0,166822.0
2025-06-18 11:19:05.217023,1503.9,117243.0,166822.0
2025-06-18 11:19:06.498632,1503.9,117597.0,166963.0
2025-06-18 11:19:07.218211,1503.9,117597.0,166963.0
2025-06-18 11:19:11.806550,1503.9,116923.0,167026.0
2025-06-18 11:19:13.222440,1503.6,116923.0,167026.0
2025-06-18 11:19:16.907759,1503.6,117029.0,166891.0
2025-06-18 11:19:17.219281,1503.8,117029.0,166891.0
2025-06-18 11:19:21.214771,1503.7,117029.0,166891.0
2025-06-18 11:19:22.112453,1503.7,117571.0,166946.0
2025-06-18 11:19:23.216994,1503.8,117571.0,166946.0
2025-06-18 11:19:27.223800,1503.8,117123.0,167079.0
2025-06-18 11:19:29.216894,1503.8,117123.0,167079.0
2025-06-18 11:19:32.315545,1503.8,116914.0,167126.0
2025-06-18 11:19:33.216533,1503.7,116914.0,167126.0
2025-06-18 11:19:35.221841,1503.7,116914.0,167126.0
2025-06-18 11:19:37.124574,1503.7,116940.0,167059.0
2025-06-18 11:19:37.219384,1503.8,116940.0,167059.0
2025-06-18 11:19:41.216217,1503.7,116940.0,167059.0
2025-06-18 11:19:42.022314,1503.7,117257.0,166695.0
2025-06-18 11:19:43.258673,1503.8,117257.0,166695.0
2025-06-18 11:19:46.922134,1503.7,116731.0,166801.0
2025-06-18 11:19:47.223191,1503.8,116731.0,166801.0
2025-06-18 11:19:49.270817,1503.8,116731.0,166801.0
2025-06-18 11:19:52.239357,1503.6,116920.0,166751.0
2025-06-18 11:19:53.227818,1503.7,116920.0,166751.0
2025-06-18 11:19:57.531913,1503.7,116890.0,166796.0
2025-06-18 11:20:00.484168,1503.8,116890.0,166796.0
2025-06-18 11:20:02.637591,1503.8,117046.0,166482.0
2025-06-18 11:20:07.548829,1503.8,117204.0,166560.0
2025-06-18 11:20:12.044123,1503.8,117232.0,166501.0
2025-06-18 11:20:12.216511,1503.8,117232.0,166501.0
2025-06-18 11:20:13.219806,1503.7,117232.0,166501.0
2025-06-18 11:20:16.749163,1503.7,116789.0,166797.0
2025-06-18 11:20:17.217921,1503.7,116789.0,166797.0
2025-06-18 11:20:21.554000,1503.7,116883.0,166819.0
2025-06-18 11:20:22.215670,1503.7,116883.0,166819.0
2025-06-18 11:20:26.857341,1503.7,116636.0,166978.0
2025-06-18 11:20:28.213970,1503.5,116636.0,166978.0
2025-06-18 11:20:30.222292,1503.5,116636.0,166978.0
2025-06-18 11:20:31.761061,1503.5,116775.0,166950.0
2025-06-18 11:20:32.220520,1503.7,116775.0,166950.0
2025-06-18 11:20:33.215086,1503.7,116775.0,166950.0
2025-06-18 11:20:34.219964,1503.5,116775.0,166950.0
2025-06-18 11:20:36.666108,1503.5,116712.0,166998.0
2025-06-18 11:20:37.217130,1503.7,116712.0,166998.0
2025-06-18 11:20:38.217208,1503.7,116712.0,166998.0
2025-06-18 11:20:39.214331,1503.7,116712.0,166998.0
2025-06-18 11:20:40.224864,1503.7,116712.0,166998.0
2025-06-18 11:20:41.566935,1503.7,116648.0,166968.0
2025-06-18 11:20:42.218943,1503.7,116648.0,166968.0
2025-06-18 11:20:43.236825,1503.7,116648.0,166968.0
2025-06-18 11:20:45.219036,1503.5,116648.0,166968.0
2025-06-18 11:20:46.370754,1503.5,116437.0,166938.0
2025-06-18 11:20:47.294333,1503.6,116437.0,166938.0
2025-06-18 11:20:50.222006,1503.5,116437.0,166938.0
2025-06-18 11:20:51.475780,1503.6,116615.0,166787.0
2025-06-18 11:20:52.211963,1503.6,116615.0,166787.0
2025-06-18 11:20:53.220673,1503.9,116615.0,166787.0
2025-06-18 11:20:56.576769,1503.9,117663.0,166250.0
2025-06-18 11:20:57.222820,1503.9,117663.0,166250.0
2025-06-18 11:20:58.221806,1503.9,117663.0,166250.0
2025-06-18 11:21:01.275426,1503.9,117119.0,166532.0
2025-06-18 11:21:02.214982,1504.0,117119.0,166532.0
2025-06-18 11:21:06.089476,1504.0,117236.0,166377.0
2025-06-18 11:21:06.224484,1504.0,117236.0,166377.0
2025-06-18 11:21:07.215350,1504.0,117236.0,166377.0
2025-06-18 11:21:08.217404,1504.0,117236.0,166377.0
2025-06-18 11:21:11.084891,1504.0,117213.0,166332.0
2025-06-18 11:21:11.219331,1504.0,117213.0,166332.0
2025-06-18 11:21:12.217671,1504.0,117213.0,166332.0
2025-06-18 11:21:13.251067,1503.9,117213.0,166332.0
2025-06-18 11:21:15.689488,1503.9,117048.0,166333.0
2025-06-18 11:21:16.219125,1504.0,117048.0,166333.0
2025-06-18 11:21:17.261067,1503.9,117048.0,166333.0
2025-06-18 11:21:20.390998,1503.9,117089.0,166564.0
2025-06-18 11:21:21.227708,1504.0,117089.0,166564.0
2025-06-18 11:21:23.217391,1504.0,117089.0,166564.0
2025-06-18 11:21:25.492263,1504.0,116942.0,166705.0
2025-06-18 11:21:26.219835,1504.0,116942.0,166705.0
2025-06-18 11:21:30.597737,1504.0,116795.0,166736.0
2025-06-18 11:21:31.218936,1504.0,116795.0,166736.0
2025-06-18 11:21:33.219194,1503.8,116795.0,166736.0
2025-06-18 11:21:35.697043,1503.8,117116.0,166817.0
2025-06-18 11:21:36.218252,1504.0,117116.0,166817.0
2025-06-18 11:21:37.221148,1503.8,117116.0,166817.0
2025-06-18 11:21:40.199724,1504.0,117115.0,166728.0
2025-06-18 11:21:40.218734,1504.0,117115.0,166728.0
2025-06-18 11:21:41.219254,1504.0,117115.0,166728.0
2025-06-18 11:21:44.220946,1504.0,117115.0,166728.0
2025-06-18 11:21:44.803496,1504.0,117313.0,166743.0
2025-06-18 11:21:48.223073,1503.9,117313.0,166743.0
2025-06-18 11:21:49.088450,1503.9,117313.0,166743.0
2025-06-18 11:21:49.225755,1503.8,117313.0,166743.0
2025-06-18 11:21:49.503890,1503.8,116876.0,166900.0
2025-06-18 11:21:50.222748,1503.8,116876.0,166900.0
2025-06-18 11:21:50.227903,1503.8,116876.0,166900.0
2025-06-18 11:21:51.060360,1503.8,116876.0,166900.0
2025-06-18 11:21:51.252427,1504.0,116876.0,166900.0
2025-06-18 11:21:52.588144,1504.0,116876.0,166900.0
2025-06-18 11:21:52.595478,1503.9,116876.0,166900.0
2025-06-18 11:21:52.857196,1503.9,116876.0,166900.0
2025-06-18 11:21:53.253209,1503.8,116876.0,166900.0
2025-06-18 11:21:53.666094,1503.8,116876.0,166900.0
2025-06-18 11:21:54.509635,1503.8,117188.0,167082.0
2025-06-18 11:21:54.672506,1503.8,117188.0,167082.0
2025-06-18 11:21:55.217274,1503.8,117188.0,167082.0
2025-06-18 11:21:55.241847,1503.9,117188.0,167082.0
2025-06-18 11:21:55.649674,1503.9,117188.0,167082.0
2025-06-18 11:21:56.135314,1503.9,117188.0,167082.0
2025-06-18 11:21:56.218247,1503.9,117188.0,167082.0
2025-06-18 11:21:56.492319,1503.9,117188.0,167082.0
2025-06-18 11:21:57.367815,1503.9,117188.0,167082.0
2025-06-18 11:21:58.707215,1503.9,117188.0,167082.0
2025-06-18 11:21:59.515769,1503.9,117188.0,167082.0
2025-06-18 11:21:59.913201,1503.9,117240.0,166898.0
2025-06-18 11:22:00.226311,1503.9,117240.0,166898.0
2025-06-18 11:22:00.914849,1503.9,117240.0,166898.0
2025-06-18 11:22:01.217642,1503.9,117240.0,166898.0
2025-06-18 11:22:02.020289,1503.9,117240.0,166898.0
2025-06-18 11:22:03.399775,1503.9,117240.0,166898.0
2025-06-18 11:22:05.193396,1503.9,117178.0,167035.0
2025-06-18 11:22:05.227732,1503.9,117178.0,167035.0
2025-06-18 11:22:09.633413,1503.9,117203.0,166998.0
2025-06-18 11:22:13.223402,1503.8,117203.0,166998.0
2025-06-18 11:22:14.219901,1503.9,117203.0,166998.0
2025-06-18 11:22:14.723133,1503.9,117158.0,166959.0
2025-06-18 11:22:15.223518,1503.9,117158.0,166959.0
2025-06-18 11:22:16.230820,1503.9,117158.0,166959.0
2025-06-18 11:22:17.222311,1503.8,117158.0,166959.0
2025-06-18 11:22:19.358563,1503.9,117158.0,166959.0
2025-06-18 11:22:19.729004,1503.9,117219.0,166932.0
2025-06-18 11:22:20.226173,1503.9,117219.0,166932.0
2025-06-18 11:22:21.222059,1503.9,117219.0,166932.0
2025-06-18 11:22:24.642766,1503.9,117138.0,166879.0
2025-06-18 11:22:25.229550,1503.9,117138.0,166879.0
2025-06-18 11:22:27.268463,1503.8,117138.0,166879.0
2025-06-18 11:22:29.535451,1503.8,117159.0,166765.0
2025-06-18 11:22:30.223137,1503.9,117159.0,166765.0
2025-06-18 11:22:31.222356,1503.8,117159.0,166765.0
2025-06-18 11:22:33.227514,1503.8,117159.0,166765.0
2025-06-18 11:22:34.247082,1503.9,117159.0,166765.0
2025-06-18 11:22:34.434251,1503.9,117180.0,167055.0
2025-06-18 11:22:35.219997,1503.9,117180.0,167055.0
2025-06-18 11:22:36.225685,1503.9,117180.0,167055.0
2025-06-18 11:22:39.439132,1503.9,117042.0,166826.0
2025-06-18 11:22:40.351847,1503.8,117042.0,166826.0
2025-06-18 11:22:41.225535,1503.9,117042.0,166826.0
2025-06-18 11:22:45.187025,1503.9,117593.0,166856.0
2025-06-18 11:22:46.231447,1503.8,117593.0,166856.0
2025-06-18 11:22:49.220759,1503.9,117593.0,166856.0
2025-06-18 11:22:50.043086,1503.9,117187.0,165278.0
2025-06-18 11:22:50.228086,1503.9,117187.0,165278.0
2025-06-18 11:22:51.225404,1503.9,117187.0,165278.0
2025-06-18 11:22:53.226406,1503.8,117187.0,165278.0
2025-06-18 11:22:54.852324,1503.8,117824.0,165758.0
2025-06-18 11:22:55.226415,1503.9,117824.0,165758.0
2025-06-18 11:22:56.230534,1503.9,117824.0,165758.0
2025-06-18 11:22:59.698064,1503.9,117736.0,165666.0
2025-06-18 11:23:04.454511,1503.9,116652.0,165952.0
2025-06-18 11:23:06.227797,1503.8,116652.0,165952.0
2025-06-18 11:23:09.455722,1503.8,116270.0,166420.0
2025-06-18 11:23:10.227379,1503.9,116270.0,166420.0
2025-06-18 11:23:13.236501,1503.8,116270.0,166420.0
2025-06-18 11:23:14.257650,1503.8,116339.0,166608.0
2025-06-18 11:23:15.231066,1503.9,116339.0,166608.0
2025-06-18 11:23:17.234158,1503.8,116339.0,166608.0
2025-06-18 11:23:19.674035,1503.8,115390.0,167489.0
2025-06-18 11:23:20.229790,1503.8,115390.0,167489.0
2025-06-18 11:23:23.237826,1503.7,115390.0,167489.0
2025-06-18 11:23:25.191760,1503.7,114317.0,168621.0
2025-06-18 11:23:25.233661,1503.7,114317.0,168621.0
2025-06-18 11:23:27.231095,1503.7,114317.0,168621.0
2025-06-18 11:23:30.471240,1503.7,114721.0,168777.0
2025-06-18 11:23:31.250301,1503.7,114721.0,168777.0
2025-06-18 11:23:33.232803,1503.5,114721.0,168777.0
2025-06-18 11:23:35.778697,1503.5,115390.0,168807.0
2025-06-18 11:23:37.235649,1503.7,115390.0,168807.0
2025-06-18 11:23:40.690673,1503.7,115230.0,168154.0
2025-06-18 11:23:41.244865,1503.5,115230.0,168154.0
2025-06-18 11:23:43.235492,1503.3,115230.0,168154.0
2025-06-18 11:23:45.687163,1503.3,115464.0,168242.0
2025-06-18 11:23:50.482734,1503.3,114990.0,168485.0
2025-06-18 11:23:51.240288,1503.3,114990.0,168485.0
2025-06-18 11:23:53.235368,1503.0,114990.0,168485.0
2025-06-18 11:23:55.198825,1503.0,115731.0,168032.0
2025-06-18 11:23:55.237559,1503.1,115731.0,168032.0
2025-06-18 11:23:57.243116,1503.0,115731.0,168032.0
2025-06-18 11:23:59.237890,1503.9,115731.0,168032.0
2025-06-18 11:24:00.286920,1503.3,115371.0,167707.0
2025-06-18 11:24:01.233021,1503.6,115371.0,167707.0
2025-06-18 11:24:03.235554,1503.3,115371.0,167707.0
2025-06-18 11:24:05.201072,1503.5,115467.0,168213.0
2025-06-18 11:24:05.238903,1503.5,115467.0,168213.0
2025-06-18 11:24:10.001679,1503.5,116160.0,168329.0
2025-06-18 11:24:13.234504,1503.3,116160.0,168329.0
2025-06-18 11:24:15.002893,1503.3,116264.0,168409.0
2025-06-18 11:24:15.239014,1503.5,116264.0,168409.0
2025-06-18 11:24:17.359417,1503.3,116264.0,168409.0
2025-06-18 11:24:19.273108,1503.3,116264.0,168409.0
2025-06-18 11:24:19.971129,1503.3,116330.0,168408.0
2025-06-18 11:24:21.236888,1503.5,116330.0,168408.0
2025-06-18 11:24:23.236889,1502.5,116330.0,168408.0
2025-06-18 11:24:25.000706,1502.7,113566.0,168737.0
2025-06-18 11:24:25.234322,1502.9,113566.0,168737.0
2025-06-18 11:24:27.234523,1502.7,113566.0,168737.0
2025-06-18 11:24:29.246864,1502.7,113566.0,168737.0
2025-06-18 11:24:30.305190,1502.9,113792.0,169159.0
2025-06-18 11:24:31.261770,1502.9,113792.0,169159.0
2025-06-18 11:24:33.278512,1502.7,113792.0,169159.0
2025-06-18 11:24:35.107245,1502.7,113920.0,169227.0
2025-06-18 11:24:35.241589,1502.9,113920.0,169227.0
2025-06-18 11:24:39.239959,1502.9,113920.0,169227.0
2025-06-18 11:24:40.008222,1502.9,114134.0,168948.0
2025-06-18 11:24:41.233697,1502.7,114134.0,168948.0
2025-06-18 11:24:44.710763,1502.7,113625.0,168866.0
2025-06-18 11:24:45.230402,1502.9,113625.0,168866.0
2025-06-18 11:24:49.449958,1502.7,113625.0,168866.0
2025-06-18 11:24:49.519271,1502.7,113625.0,168866.0
2025-06-18 11:24:50.115368,1502.9,114039.0,168925.0
2025-06-18 11:24:50.604970,1502.9,114039.0,168925.0
2025-06-18 11:24:51.251657,1502.9,114039.0,168925.0
2025-06-18 11:24:51.486348,1502.9,114039.0,168925.0
2025-06-18 11:24:52.448367,1502.9,114039.0,168925.0
2025-06-18 11:24:53.234469,1502.7,114039.0,168925.0
2025-06-18 11:24:53.274947,1502.7,114039.0,168925.0
2025-06-18 11:24:54.059715,1502.7,114039.0,168925.0
2025-06-18 11:24:54.920762,1502.7,114237.0,168736.0
2025-06-18 11:24:55.072398,1502.7,114237.0,168736.0
2025-06-18 11:24:55.311798,1502.9,114237.0,168736.0
2025-06-18 11:24:55.653352,1502.9,114237.0,168736.0
2025-06-18 11:24:56.057827,1502.9,114237.0,168736.0
2025-06-18 11:24:57.792541,1502.9,114237.0,168736.0
2025-06-18 11:24:59.040870,1502.9,114237.0,168736.0
2025-06-18 11:24:59.722378,1502.9,113750.0,168533.0
2025-06-18 11:24:59.909883,1502.9,113750.0,168533.0
2025-06-18 11:25:01.231735,1502.9,113750.0,168533.0
2025-06-18 11:25:01.287226,1502.9,113750.0,168533.0
2025-06-18 11:25:02.424302,1502.9,113750.0,168533.0
2025-06-18 11:25:03.233741,1502.9,113750.0,168533.0
2025-06-18 11:25:03.551726,1502.9,113750.0,168533.0
2025-06-18 11:25:04.631878,1502.9,113905.0,168588.0
2025-06-18 11:25:05.020451,1502.9,113905.0,168588.0
2025-06-18 11:25:05.243934,1502.9,113905.0,168588.0
2025-06-18 11:25:10.145826,1502.9,113742.0,169456.0
2025-06-18 11:25:13.257813,1502.7,113742.0,169456.0
2025-06-18 11:25:15.230344,1502.9,113742.0,169456.0
2025-06-18 11:25:15.532922,1502.9,113579.0,169323.0
2025-06-18 11:25:17.229097,1502.8,113579.0,169323.0
2025-06-18 11:25:19.230802,1502.7,113579.0,169323.0
2025-06-18 11:25:20.938600,1502.9,113556.0,169288.0
2025-06-18 11:25:21.231116,1502.9,113556.0,169288.0
2025-06-18 11:25:25.233535,1502.9,113556.0,169288.0
2025-06-18 11:25:26.147713,1502.9,113443.0,169454.0
2025-06-18 11:25:27.230982,1502.9,113443.0,169454.0
2025-06-18 11:25:29.233826,1502.7,113443.0,169454.0
2025-06-18 11:25:31.041850,1502.7,113256.0,169367.0
2025-06-18 11:25:35.245861,1502.9,113256.0,169367.0
2025-06-18 11:25:35.947122,1502.9,114385.0,169027.0
2025-06-18 11:25:37.231228,1502.9,114385.0,169027.0
2025-06-18 11:25:40.846909,1502.9,114616.0,169240.0
2025-06-18 11:25:41.228181,1502.9,114616.0,169240.0
2025-06-18 11:25:45.548592,1502.9,115033.0,169389.0
2025-06-18 11:25:47.235414,1502.9,115033.0,169389.0
2025-06-18 11:25:50.749660,1502.9,114856.0,169631.0
2025-06-18 11:25:51.235652,1502.9,114856.0,169631.0
2025-06-18 11:25:53.236076,1502.7,114856.0,169631.0
2025-06-18 11:25:55.241322,1502.9,114856.0,169631.0
2025-06-18 11:25:55.953079,1502.7,114666.0,169591.0
2025-06-18 11:25:57.245449,1502.9,114666.0,169591.0
2025-06-18 11:26:01.235223,1502.9,114666.0,169591.0
2025-06-18 11:26:01.272277,1502.9,114741.0,169541.0
2025-06-18 11:26:03.253488,1502.9,114741.0,169541.0
2025-06-18 11:26:05.247058,1502.7,114741.0,169541.0
2025-06-18 11:26:06.556725,1502.9,114733.0,169622.0
2025-06-18 11:26:07.237149,1502.9,114733.0,169622.0
2025-06-18 11:26:11.437490,1502.9,114728.0,169487.0
2025-06-18 11:26:13.235809,1502.7,114728.0,169487.0
2025-06-18 11:26:15.251055,1502.9,114728.0,169487.0
2025-06-18 11:26:16.271452,1502.9,114824.0,169711.0
2025-06-18 11:26:19.250862,1502.7,114824.0,169711.0
2025-06-18 11:26:21.287942,1502.7,114039.0,169976.0
2025-06-18 11:26:21.292343,1502.8,114039.0,169976.0
2025-06-18 11:26:23.270670,1502.7,114039.0,169976.0
2025-06-18 11:26:25.276349,1502.8,114039.0,169976.0
2025-06-18 11:26:25.970571,1502.8,114083.0,169773.0
2025-06-18 11:26:27.238518,1502.8,114083.0,169773.0
2025-06-18 11:26:29.260266,1502.8,114083.0,169773.0
2025-06-18 11:26:30.876026,1502.8,114261.0,169529.0
2025-06-18 11:26:31.237147,1502.8,114261.0,169529.0
2025-06-18 11:26:33.247938,1502.7,114261.0,169529.0
2025-06-18 11:26:35.231750,1502.7,114261.0,169529.0
2025-06-18 11:26:35.874275,1502.7,114179.0,169555.0
2025-06-18 11:26:37.254986,1502.8,114179.0,169555.0
2025-06-18 11:26:39.245315,1502.8,114179.0,169555.0
2025-06-18 11:26:40.780264,1502.8,114138.0,169356.0
2025-06-18 11:26:41.246033,1502.8,114138.0,169356.0
2025-06-18 11:26:45.232274,1502.8,114138.0,169356.0
2025-06-18 11:26:46.200307,1502.8,114305.0,169444.0
2025-06-18 11:26:47.241103,1502.7,114305.0,169444.0
2025-06-18 11:26:49.240527,1502.8,114305.0,169444.0
2025-06-18 11:26:50.983191,1502.8,114160.0,169230.0
2025-06-18 11:26:51.237080,1502.8,114160.0,169230.0
2025-06-18 11:26:53.241258,1502.7,114160.0,169230.0
2025-06-18 11:26:55.239266,1502.8,114160.0,169230.0
2025-06-18 11:26:55.989229,1502.7,114271.0,169482.0
2025-06-18 11:26:57.236166,1502.8,114271.0,169482.0
2025-06-18 11:26:59.248769,1502.7,114271.0,169482.0
2025-06-18 11:27:01.205477,1502.3,113513.0,169520.0
2025-06-18 11:27:01.241303,1502.8,113513.0,169520.0
2025-06-18 11:27:03.238595,1502.3,113513.0,169520.0
2025-06-18 11:27:05.248586,1502.8,113513.0,169520.0
2025-06-18 11:27:06.248053,1502.8,114335.0,169603.0
2025-06-18 11:27:07.262146,1502.8,114335.0,169603.0
2025-06-18 11:27:09.250236,1502.3,114335.0,169603.0
2025-06-18 11:27:11.213195,1502.3,114030.0,169407.0
2025-06-18 11:27:11.255323,1502.8,114030.0,169407.0
2025-06-18 11:27:13.241861,1502.3,114030.0,169407.0
2025-06-18 11:27:15.259829,1502.8,114030.0,169407.0
2025-06-18 11:27:16.214822,1502.8,114550.0,169714.0
2025-06-18 11:27:17.254433,1502.7,114550.0,169714.0
2025-06-18 11:27:20.473920,1502.3,114550.0,169714.0
2025-06-18 11:27:21.007325,1502.2,113948.0,169699.0
2025-06-18 11:27:21.240835,1502.7,113948.0,169699.0
2025-06-18 11:27:23.288811,1502.2,113948.0,169699.0
2025-06-18 11:27:25.288373,1502.7,113948.0,169699.0
2025-06-18 11:27:25.908128,1502.7,114176.0,169784.0
2025-06-18 11:27:27.292892,1502.7,114176.0,169784.0
2025-06-18 11:27:29.294095,1502.7,114176.0,169784.0
2025-06-18 11:27:30.816566,1502.7,113946.0,169841.0
2025-06-18 11:27:31.285256,1502.3,113946.0,169841.0
2025-06-18 11:27:33.258008,1502.3,113946.0,169841.0
2025-06-18 11:27:35.261111,1502.7,113946.0,169841.0
2025-06-18 11:27:36.219962,1502.7,113838.0,169912.0
2025-06-18 11:27:37.246566,1502.3,113838.0,169912.0
2025-06-18 11:27:41.231227,1502.6,113868.0,169882.0
2025-06-18 11:27:41.251224,1502.6,113868.0,169882.0
2025-06-18 11:27:45.240814,1502.6,113868.0,169882.0
2025-06-18 11:27:47.021110,1502.6,114115.0,169899.0
2025-06-18 11:27:47.242424,1502.5,114115.0,169899.0
2025-06-18 11:27:49.950023,1502.5,114115.0,169899.0
2025-06-18 11:27:51.004881,1502.5,114115.0,169899.0
2025-06-18 11:27:51.237991,1502.3,114115.0,169899.0
2025-06-18 11:27:51.919295,1502.3,114115.0,169899.0
2025-06-18 11:27:52.855711,1502.3,114115.0,169899.0
2025-06-18 11:27:53.022013,1502.2,113937.0,169753.0
2025-06-18 11:27:53.243337,1502.1,113937.0,169753.0
2025-06-18 11:27:53.764971,1502.1,113937.0,169753.0
2025-06-18 11:27:54.496384,1502.1,113937.0,169753.0
2025-06-18 11:27:55.515663,1502.1,113937.0,169753.0
2025-06-18 11:27:56.071564,1502.1,113937.0,169753.0
2025-06-18 11:27:57.244327,1502.3,113937.0,169753.0
2025-06-18 11:27:57.345402,1502.3,113937.0,169753.0
2025-06-18 11:27:58.261111,1502.3,113937.0,169753.0
2025-06-18 11:27:58.264834,1502.3,113848.0,169507.0
2025-06-18 11:27:59.240838,1502.3,113848.0,169507.0
2025-06-18 11:27:59.463640,1502.3,113848.0,169507.0
2025-06-18 11:28:00.323836,1502.3,113848.0,169507.0
2025-06-18 11:28:01.235542,1502.4,113848.0,169507.0
2025-06-18 11:28:01.725724,1502.4,113848.0,169507.0
2025-06-18 11:28:02.857678,1502.4,113848.0,169507.0
2025-06-18 11:28:02.928795,1502.4,113047.0,169615.0
2025-06-18 11:28:03.237355,1502.4,113047.0,169615.0
2025-06-18 11:28:03.972328,1502.4,113047.0,169615.0
2025-06-18 11:28:05.237646,1502.4,113047.0,169615.0
2025-06-18 11:28:05.607659,1502.4,113047.0,169615.0
2025-06-18 11:28:07.239456,1502.4,113047.0,169615.0
2025-06-18 11:28:07.748270,1502.4,112893.0,169525.0
2025-06-18 11:28:10.487861,1502.4,112893.0,169525.0
2025-06-18 11:28:11.242904,1502.4,112893.0,169525.0
2025-06-18 11:28:12.432574,1502.4,112543.0,169741.0
2025-06-18 11:28:13.246632,1502.1,112543.0,169741.0
2025-06-18 11:28:17.245398,1502.4,112543.0,169741.0
2025-06-18 11:28:17.339156,1502.4,112848.0,169764.0
2025-06-18 11:28:19.243321,1502.3,112848.0,169764.0
2025-06-18 11:28:21.240067,1502.1,112848.0,169764.0
2025-06-18 11:28:22.744366,1502.0,112372.0,169875.0
2025-06-18 11:28:23.246142,1502.1,112372.0,169875.0
2025-06-18 11:28:25.247286,1502.4,112372.0,169875.0
2025-06-18 11:28:27.244960,1502.4,112372.0,169875.0
2025-06-18 11:28:28.042773,1502.4,112859.0,169380.0
2025-06-18 11:28:29.247275,1502.4,112859.0,169380.0
2025-06-18 11:28:31.243437,1502.4,112859.0,169380.0
2025-06-18 11:28:33.049403,1502.4,112366.0,169480.0
2025-06-18 11:28:33.244796,1502.4,112366.0,169480.0
2025-06-18 11:28:35.241723,1502.4,112366.0,169480.0
2025-06-18 11:28:37.245620,1502.4,112366.0,169480.0
2025-06-18 11:28:37.947238,1502.4,112424.0,169873.0
2025-06-18 11:28:39.246299,1502.4,112424.0,169873.0
2025-06-18 11:28:42.954059,1502.4,112393.0,170151.0
2025-06-18 11:28:43.241103,1502.4,112393.0,170151.0
2025-06-18 11:28:47.341461,1502.3,112393.0,170151.0
2025-06-18 11:28:47.958269,1502.3,112419.0,170397.0
2025-06-18 11:28:49.242641,1502.0,112419.0,170397.0
2025-06-18 11:28:51.248727,1502.3,112419.0,170397.0
2025-06-18 11:28:53.068367,1502.3,112547.0,170586.0
2025-06-18 11:28:53.245189,1502.0,112547.0,170586.0
2025-06-18 11:28:55.247637,1502.3,112547.0,170586.0
2025-06-18 11:28:57.264260,1502.3,112547.0,170586.0
2025-06-18 11:28:57.765330,1502.3,112348.0,170685.0
2025-06-18 11:28:59.244130,1502.3,112348.0,170685.0
2025-06-18 11:29:01.246455,1502.3,112348.0,170685.0
2025-06-18 11:29:02.364680,1502.3,112488.0,170684.0
2025-06-18 11:29:07.179776,1502.0,112478.0,170551.0
2025-06-18 11:29:07.246103,1502.3,112478.0,170551.0
2025-06-18 11:29:09.273249,1502.0,112478.0,170551.0
2025-06-18 11:29:11.268125,1502.3,112478.0,170551.0
2025-06-18 11:29:12.367955,1502.3,112600.0,170678.0
2025-06-18 11:29:13.249589,1502.0,112600.0,170678.0
2025-06-18 11:29:17.250785,1502.1,112600.0,170678.0
2025-06-18 11:29:17.780191,1502.1,112275.0,170783.0
2025-06-18 11:29:19.254601,1502.2,112275.0,170783.0
2025-06-18 11:29:21.252459,1502.2,112275.0,170783.0
2025-06-18 11:29:22.978313,1502.0,111949.0,171000.0
2025-06-18 11:29:23.247548,1502.2,111949.0,171000.0
2025-06-18 11:29:27.248062,1502.0,111949.0,171000.0
2025-06-18 11:29:28.761317,1502.0,112154.0,171083.0
2025-06-18 11:29:29.245322,1502.1,112154.0,171083.0
2025-06-18 11:29:31.243513,1502.1,112154.0,171083.0
2025-06-18 11:29:33.254807,1501.8,112154.0,171083.0
2025-06-18 11:29:33.590685,1501.8,112396.0,171167.0
2025-06-18 11:29:35.252938,1502.1,112396.0,171167.0
2025-06-18 11:29:38.989673,1502.1,112482.0,171108.0
2025-06-18 11:29:44.094441,1502.1,112396.0,171261.0
2025-06-18 11:29:45.251254,1502.1,112396.0,171261.0
2025-06-18 11:29:47.248008,1502.1,112396.0,171261.0
2025-06-18 11:29:48.897837,1502.1,111903.0,171293.0
2025-06-18 11:29:49.245466,1502.0,111903.0,171293.0
2025-06-18 11:29:51.247283,1502.1,111903.0,171293.0
2025-06-18 11:29:53.246850,1502.1,111903.0,171293.0
2025-06-18 11:29:53.709074,1502.1,111871.0,171160.0
2025-06-18 11:29:55.263279,1502.1,111871.0,171160.0
2025-06-18 11:29:59.007042,1502.0,110557.0,172208.0
2025-06-18 11:29:59.247808,1502.0,110557.0,172208.0
2025-06-18 11:30:01.245399,1501.7,110557.0,172208.0
2025-06-18 11:30:03.254736,1501.8,110557.0,172208.0
2025-06-18 11:30:04.108603,1501.8,110424.0,171803.0
2025-06-18 11:30:06.249489,1501.8,110424.0,171803.0
2025-06-18 11:30:09.253945,1501.0,110424.0,171803.0
2025-06-18 11:30:09.512563,1501.0,107674.0,174822.0
2025-06-18 11:30:12.259255,1501.1,107674.0,174822.0
2025-06-18 11:30:15.113889,1501.4,108860.0,174023.0
2025-06-18 11:30:15.254931,1501.1,108860.0,174023.0
2025-06-18 11:30:18.249382,1501.0,108860.0,174023.0
2025-06-18 11:30:20.419790,1501.1,108651.0,173705.0
2025-06-18 11:30:21.260318,1501.1,108651.0,173705.0
2025-06-18 11:30:26.118641,1501.1,108952.0,173921.0
2025-06-18 11:30:27.250806,1501.0,108952.0,173921.0
2025-06-18 11:30:29.251512,1501.1,108952.0,173921.0
2025-06-18 11:30:31.249467,1501.1,108952.0,173921.0
2025-06-18 11:30:31.433886,1501.1,108967.0,173951.0
2025-06-18 11:30:33.250043,1501.2,108967.0,173951.0
2025-06-18 11:30:35.266600,1501.2,108967.0,173951.0
2025-06-18 11:30:37.302537,1501.0,107775.0,174741.0
2025-06-18 11:30:37.313407,1501.0,107775.0,174741.0
2025-06-18 11:30:39.269542,1500.5,107775.0,174741.0
2025-06-18 11:30:41.258087,1501.0,107775.0,174741.0
2025-06-18 11:30:41.739967,1501.0,108682.0,174783.0
2025-06-18 11:30:43.273635,1501.0,108682.0,174783.0
2025-06-18 11:30:45.273057,1501.0,108682.0,174783.0
2025-06-18 11:30:47.245581,1501.0,109203.0,174538.0
2025-06-18 11:30:49.253439,1500.4,109203.0,174538.0
2025-06-18 11:30:50.345225,1500.4,109203.0,174538.0
2025-06-18 11:30:51.271344,1500.6,109203.0,174538.0
2025-06-18 11:30:51.427113,1500.6,109203.0,174538.0
2025-06-18 11:30:52.337651,1500.6,109428.0,174415.0
2025-06-18 11:30:52.374866,1500.6,109428.0,174415.0
2025-06-18 11:30:53.258295,1500.6,109428.0,174415.0
2025-06-18 11:30:53.299428,1500.6,109428.0,174415.0
2025-06-18 11:30:54.170480,1500.6,109428.0,174415.0
2025-06-18 11:30:55.260003,1501.0,109428.0,174415.0
2025-06-18 11:30:55.984711,1501.0,109428.0,174415.0
2025-06-18 11:30:56.554721,1501.0,109428.0,174415.0
2025-06-18 11:30:57.343083,1501.0,109171.0,174742.0
2025-06-18 11:30:57.459029,1501.0,109171.0,174742.0
2025-06-18 11:30:58.758770,1501.0,109171.0,174742.0
2025-06-18 11:30:59.294707,1501.0,109171.0,174742.0
2025-06-18 11:30:59.965132,1501.0,109171.0,174742.0
2025-06-18 11:31:00.834703,1501.0,109171.0,174742.0
2025-06-18 11:31:01.260614,1501.0,109171.0,174742.0
2025-06-18 11:31:02.257325,1501.0,109171.0,174742.0
2025-06-18 11:31:02.291787,1500.0,107009.0,175517.0
2025-06-18 11:31:03.267247,1500.7,107009.0,175517.0
2025-06-18 11:31:03.356512,1500.7,107009.0,175517.0
2025-06-18 11:31:04.496896,1500.7,107009.0,175517.0
2025-06-18 11:31:05.265919,1500.9,107009.0,175517.0
2025-06-18 11:31:05.979793,1500.9,107009.0,175517.0
2025-06-18 11:31:07.160145,1500.2,107178.0,174878.0
2025-06-18 11:31:07.278299,1500.7,107178.0,174878.0
2025-06-18 11:31:09.254616,1500.3,107178.0,174878.0
2025-06-18 11:31:11.266572,1500.1,107178.0,174878.0
2025-06-18 11:31:12.355908,1500.1,107892.0,174875.0
2025-06-18 11:31:13.265825,1500.2,107892.0,174875.0
2025-06-18 11:31:15.259490,1500.6,107892.0,174875.0
2025-06-18 11:31:17.458521,1500.6,107178.0,174853.0
2025-06-18 11:31:19.346601,1500.5,107178.0,174853.0
2025-06-18 11:31:21.263371,1500.1,107178.0,174853.0
2025-06-18 11:31:22.765322,1500.5,107538.0,174811.0
2025-06-18 11:31:23.271040,1500.3,107538.0,174811.0
2025-06-18 11:31:25.267162,1500.3,107538.0,174811.0
2025-06-18 11:31:27.257887,1500.4,107538.0,174811.0
2025-06-18 11:31:28.366274,1500.4,106715.0,175833.0
2025-06-18 11:31:29.487017,1500.5,106715.0,175833.0
2025-06-18 11:31:31.264631,1500.4,106715.0,175833.0
2025-06-18 11:31:33.258356,1500.0,106715.0,175833.0
2025-06-18 11:31:33.774837,1500.0,106854.0,176024.0
2025-06-18 11:31:35.266405,1500.0,106854.0,176024.0
2025-06-18 11:31:37.259646,1500.4,106854.0,176024.0
2025-06-18 11:31:38.788733,1500.1,107498.0,175294.0
2025-06-18 11:31:39.312615,1500.4,107498.0,175294.0
2025-06-18 11:31:41.264154,1500.1,107498.0,175294.0
2025-06-18 11:31:43.273126,1500.1,107498.0,175294.0
2025-06-18 11:31:43.882859,1500.1,107445.0,175431.0
2025-06-18 11:31:45.270213,1500.4,107445.0,175431.0
2025-06-18 11:31:47.302175,1500.4,107445.0,175431.0
2025-06-18 11:31:48.984682,1500.1,107581.0,175553.0
2025-06-18 11:31:49.283989,1500.1,107581.0,175553.0
2025-06-18 11:31:51.274528,1500.1,107581.0,175553.0
2025-06-18 11:31:53.263784,1500.4,107581.0,175553.0
2025-06-18 11:31:53.990069,1500.5,107804.0,175496.0
2025-06-18 11:31:55.262271,1500.5,107804.0,175496.0
2025-06-18 11:31:57.415179,1500.4,107804.0,175496.0
2025-06-18 11:31:59.094149,1500.4,106576.0,176379.0
2025-06-18 11:31:59.264278,1500.4,106576.0,176379.0
2025-06-18 11:32:01.282078,1500.3,106576.0,176379.0
2025-06-18 11:32:01.896746,1500.0,106394.0,176495.0
2025-06-18 11:32:02.264307,1500.1,106394.0,176495.0
2025-06-18 11:32:02.906454,1500.2,106598.0,176573.0
2025-06-18 11:32:03.261901,1500.2,106598.0,176573.0
2025-06-18 11:32:03.797331,1500.0,106440.0,176588.0
2025-06-18 11:32:04.281102,1500.2,106440.0,176588.0
2025-06-18 11:32:04.722265,1500.2,106428.0,176566.0
2025-06-18 11:32:05.254949,1499.9,106428.0,176566.0
2025-06-18 11:32:05.711971,1500.2,106272.0,176871.0
2025-06-18 11:32:06.253975,1499.7,106272.0,176871.0
2025-06-18 11:32:06.710644,1500.1,104552.0,177227.0
2025-06-18 11:32:07.300052,1500.1,104552.0,177227.0
2025-06-18 11:32:07.601319,1500.1,106234.0,177011.0
2025-06-18 11:32:08.279673,1500.1,106234.0,177011.0
2025-06-18 11:32:08.711052,1499.6,102973.0,178005.0
2025-06-18 11:32:09.275235,1499.4,102973.0,178005.0
2025-06-18 11:32:09.711726,1499.4,103931.0,178105.0
2025-06-18 11:32:10.257767,1499.6,103931.0,178105.0
2025-06-18 11:32:10.802225,1499.6,102005.0,178422.0
2025-06-18 11:32:11.257719,1499.7,102005.0,178422.0
2025-06-18 11:32:11.907915,1499.7,105177.0,178320.0
2025-06-18 11:32:12.263495,1499.4,105177.0,178320.0
2025-06-18 11:32:12.905420,1499.8,105294.0,178306.0
2025-06-18 11:32:13.257933,1499.8,105294.0,178306.0
2025-06-18 11:32:13.907628,1499.4,105295.0,178060.0
2025-06-18 11:32:14.257837,1499.4,105295.0,178060.0
2025-06-18 11:32:14.907389,1499.4,105684.0,178023.0
2025-06-18 11:32:15.266713,1499.8,105684.0,178023.0
2025-06-18 11:32:16.008331,1499.4,105273.0,178026.0
2025-06-18 11:32:16.265350,1499.4,105273.0,178026.0
2025-06-18 11:32:17.106640,1499.4,105284.0,177903.0
2025-06-18 11:32:17.262656,1499.4,105284.0,177903.0
2025-06-18 11:32:18.111119,1499.4,105774.0,177858.0
2025-06-18 11:32:19.228751,1499.4,105704.0,177699.0
2025-06-18 11:32:19.280871,1499.1,105704.0,177699.0
2025-06-18 11:32:20.275972,1499.4,105704.0,177699.0
2025-06-18 11:32:20.311582,1499.4,105679.0,177342.0
2025-06-18 11:32:21.259409,1499.6,105679.0,177342.0
2025-06-18 11:32:21.314201,1499.6,105391.0,177967.0
2025-06-18 11:32:22.255997,1499.6,105391.0,177967.0
2025-06-18 11:32:22.313548,1499.6,105366.0,177493.0
2025-06-18 11:32:23.256303,1499.5,105366.0,177493.0
2025-06-18 11:32:23.315873,1499.5,105195.0,177904.0
2025-06-18 11:32:24.317974,1499.5,105197.0,177884.0
2025-06-18 11:32:25.258601,1499.5,105197.0,177884.0
2025-06-18 11:32:25.317316,1499.5,105091.0,177880.0
2025-06-18 11:32:26.262251,1499.0,105091.0,177880.0
2025-06-18 11:32:26.418510,1499.0,103851.0,178172.0
2025-06-18 11:32:27.264014,1499.5,103851.0,178172.0
2025-06-18 11:32:27.517664,1499.5,103870.0,178275.0
2025-06-18 11:32:28.260657,1499.0,103870.0,178275.0
2025-06-18 11:32:28.620234,1499.5,104051.0,178359.0
2025-06-18 11:32:29.261656,1499.5,104051.0,178359.0
2025-06-18 11:32:29.730077,1499.5,104090.0,178217.0
2025-06-18 11:32:30.258517,1499.5,104090.0,178217.0
2025-06-18 11:32:30.822805,1499.0,103964.0,178340.0
2025-06-18 11:32:31.256266,1499.5,103964.0,178340.0
2025-06-18 11:32:31.734629,1499.0,104089.0,178190.0
2025-06-18 11:32:32.258322,1499.5,104089.0,178190.0
2025-06-18 11:32:32.828282,1499.5,104131.0,178202.0
2025-06-18 11:32:33.930352,1499.0,104114.0,178375.0
2025-06-18 11:32:34.256604,1499.5,104114.0,178375.0
2025-06-18 11:32:34.927920,1499.5,104005.0,178351.0
2025-06-18 11:32:35.937012,1499.5,103839.0,178351.0
2025-06-18 11:32:36.927335,1499.5,103846.0,178344.0
2025-06-18 11:32:37.926925,1499.5,104144.0,178163.0
2025-06-18 11:32:39.029442,1499.5,103836.0,178192.0
2025-06-18 11:32:40.029203,1499.5,104121.0,178306.0
2025-06-18 11:32:41.028416,1499.5,104162.0,178308.0
2025-06-18 11:32:42.146310,1499.5,104007.0,178223.0
2025-06-18 11:32:43.251229,1499.5,104428.0,178687.0
2025-06-18 11:32:44.336571,1499.5,104352.0,178758.0
2025-06-18 11:32:45.261251,1499.5,104352.0,178758.0
2025-06-18 11:32:45.430558,1499.5,104352.0,178756.0
2025-06-18 11:32:46.606358,1499.5,104120.0,178976.0
2025-06-18 11:32:47.633100,1499.5,103983.0,179070.0
2025-06-18 11:32:48.632461,1499.5,104038.0,179070.0
2025-06-18 11:32:49.272664,1499.0,104038.0,179070.0
2025-06-18 11:32:49.744846,1499.0,104112.0,179013.0
2025-06-18 11:32:50.258291,1499.0,104112.0,179013.0
2025-06-18 11:32:50.834200,1499.0,104010.0,179060.0
2025-06-18 11:32:51.259625,1499.4,104010.0,179060.0
2025-06-18 11:32:51.975759,1499.4,104010.0,179140.0
2025-06-18 11:32:53.034439,1499.4,104010.0,179140.0
2025-06-18 11:32:53.259570,1499.4,104010.0,179140.0
2025-06-18 11:32:53.945682,1499.4,103931.0,179144.0
2025-06-18 11:32:55.055745,1499.4,104050.0,179154.0
2025-06-18 11:32:56.248084,1499.4,104153.0,179202.0
2025-06-18 11:32:57.271439,1499.0,104153.0,179202.0
2025-06-18 11:32:57.336077,1499.0,104106.0,179129.0
2025-06-18 11:32:58.341957,1499.4,104377.0,178964.0
2025-06-18 11:32:59.829376,1498.9,104377.0,178964.0
2025-06-18 11:32:59.858361,1499.4,104203.0,179108.0
2025-06-18 11:33:00.265219,1499.4,104203.0,179108.0
2025-06-18 11:33:00.548526,1499.4,104095.0,179081.0
2025-06-18 11:33:05.250932,1499.4,104004.0,178696.0
2025-06-18 11:33:08.260951,1499.4,104004.0,178696.0
2025-06-18 11:33:10.841946,1499.4,104172.0,178576.0
2025-06-18 11:33:11.263869,1499.4,104172.0,178576.0
2025-06-18 11:33:14.261916,1499.4,104172.0,178576.0
2025-06-18 11:33:16.151771,1499.4,104186.0,178628.0
2025-06-18 11:33:17.276353,1498.9,104186.0,178628.0
2025-06-18 11:33:20.268219,1499.4,104186.0,178628.0
2025-06-18 11:33:21.257101,1499.4,104087.0,178865.0
2025-06-18 11:33:23.276193,1499.3,104087.0,178865.0
2025-06-18 11:33:26.311175,1499.4,104087.0,178865.0
2025-06-18 11:33:26.552560,1499.4,104024.0,178345.0
2025-06-18 11:33:29.268253,1498.9,104024.0,178345.0
2025-06-18 11:33:32.278630,1498.9,104024.0,178345.0
2025-06-18 11:33:32.353205,1498.9,101731.0,179977.0
2025-06-18 11:33:35.279635,1498.9,101731.0,179977.0
2025-06-18 11:33:38.159396,1498.9,102436.0,179803.0
2025-06-18 11:33:38.270857,1498.9,102436.0,179803.0
2025-06-18 11:33:41.273722,1498.7,102436.0,179803.0
2025-06-18 11:33:44.167437,1498.7,101934.0,180781.0
2025-06-18 11:33:44.277067,1498.7,101934.0,180781.0
2025-06-18 11:33:47.283571,1498.3,101934.0,180781.0
2025-06-18 11:33:49.965788,1498.3,102152.0,181138.0
2025-06-18 11:33:50.301494,1498.4,102152.0,181138.0
2025-06-18 11:33:51.122252,1498.4,102152.0,181138.0
2025-06-18 11:33:52.237437,1498.4,102152.0,181138.0
2025-06-18 11:33:53.152786,1498.4,102152.0,181138.0
2025-06-18 11:33:53.267825,1498.1,102152.0,181138.0
2025-06-18 11:33:54.110028,1498.1,102152.0,181138.0
2025-06-18 11:33:55.674124,1498.1,103086.0,181039.0
2025-06-18 11:33:55.795078,1498.1,103086.0,181039.0
2025-06-18 11:33:56.276774,1498.4,103086.0,181039.0
2025-06-18 11:33:56.901476,1498.4,103086.0,181039.0
2025-06-18 11:33:57.471623,1498.4,103086.0,181039.0
2025-06-18 11:33:58.368523,1498.4,103086.0,181039.0
2025-06-18 11:33:59.280233,1498.2,103086.0,181039.0
2025-06-18 11:33:59.742506,1498.2,103086.0,181039.0
2025-06-18 11:34:00.888833,1498.2,103086.0,181039.0
2025-06-18 11:34:01.574156,1498.4,103990.0,180375.0
2025-06-18 11:34:01.761520,1498.4,103990.0,180375.0
2025-06-18 11:34:02.273950,1498.2,103990.0,180375.0
2025-06-18 11:34:03.143188,1498.2,103990.0,180375.0
2025-06-18 11:34:04.277441,1498.2,103990.0,180375.0
2025-06-18 11:34:05.511867,1498.2,103990.0,180375.0
2025-06-18 11:34:05.546347,1498.2,103990.0,180375.0
2025-06-18 11:34:06.890268,1498.2,103990.0,180375.0
2025-06-18 11:34:07.284618,1498.2,103391.0,180449.0
2025-06-18 11:34:08.271379,1498.2,103391.0,180449.0
2025-06-18 11:34:11.280029,1498.2,103391.0,180449.0
2025-06-18 11:34:12.785723,1498.2,103668.0,180545.0
2025-06-18 11:34:14.305067,1498.2,103668.0,180545.0
2025-06-18 11:34:17.283676,1498.3,103668.0,180545.0
2025-06-18 11:34:18.085707,1498.3,103639.0,180796.0
2025-06-18 11:34:20.297209,1498.2,103639.0,180796.0
2025-06-18 11:34:23.189209,1498.3,104154.0,180762.0
2025-06-18 11:34:23.309641,1498.3,104154.0,180762.0
2025-06-18 11:34:26.271840,1498.4,104154.0,180762.0
2025-06-18 11:34:28.700124,1498.5,104704.0,179945.0
2025-06-18 11:34:29.280805,1498.3,104704.0,179945.0
2025-06-18 11:34:33.999522,1498.6,105220.0,179964.0
2025-06-18 11:34:34.272335,1498.6,105220.0,179964.0
2025-06-18 11:34:38.271660,1498.6,105220.0,179964.0
2025-06-18 11:34:38.898969,1498.6,105503.0,179801.0
2025-06-18 11:34:40.276531,1498.5,105503.0,179801.0
2025-06-18 11:34:43.735133,1498.6,105030.0,179818.0
2025-06-18 11:34:44.275328,1498.5,105030.0,179818.0
2025-06-18 11:34:46.290262,1498.5,105030.0,179818.0
2025-06-18 11:34:48.272675,1498.5,105030.0,179818.0
2025-06-18 11:34:49.009516,1498.5,104189.0,180276.0
2025-06-18 11:34:50.272936,1498.6,104189.0,180276.0
2025-06-18 11:34:54.286795,1498.6,104189.0,180276.0
2025-06-18 11:34:54.410205,1498.6,104347.0,180092.0
2025-06-18 11:34:56.284521,1498.5,104347.0,180092.0
2025-06-18 11:35:00.495855,1498.5,104243.0,180642.0
2025-06-18 11:35:00.520462,1498.6,104243.0,180642.0
2025-06-18 11:35:05.314714,1498.6,104341.0,180328.0
2025-06-18 11:35:06.304205,1498.6,104341.0,180328.0
2025-06-18 11:35:10.291242,1498.6,104341.0,180328.0
2025-06-18 11:35:11.119203,1498.6,104616.0,180686.0
2025-06-18 11:35:14.321817,1498.5,104616.0,180686.0
2025-06-18 11:35:16.324658,1498.5,104616.0,180686.0
2025-06-18 11:35:16.823080,1498.5,103842.0,181274.0
2025-06-18 11:35:18.299663,1498.1,103842.0,181274.0
2025-06-18 11:35:20.509897,1498.1,103842.0,181274.0
2025-06-18 11:35:22.318875,1498.1,103842.0,181274.0
2025-06-18 11:35:22.425123,1498.1,104310.0,181867.0
2025-06-18 11:35:24.330785,1498.1,104310.0,181867.0
2025-06-18 11:35:28.333042,1498.4,104310.0,181867.0
2025-06-18 11:35:28.339319,1498.4,104006.0,182074.0
2025-06-18 11:35:30.308626,1498.4,104006.0,182074.0
2025-06-18 11:35:32.303142,1498.1,104006.0,182074.0
2025-06-18 11:35:34.135336,1498.3,103710.0,181997.0
2025-06-18 11:35:35.297527,1498.3,103710.0,181997.0
2025-06-18 11:35:38.280039,1498.3,103710.0,181997.0
2025-06-18 11:35:39.937639,1498.4,104229.0,181858.0
2025-06-18 11:35:41.313432,1498.4,104229.0,181858.0
2025-06-18 11:35:44.286465,1498.4,104229.0,181858.0
2025-06-18 11:35:46.038447,1498.4,103920.0,181676.0
2025-06-18 11:35:47.276609,1498.2,103920.0,181676.0
2025-06-18 11:35:50.276637,1498.3,103920.0,181676.0
2025-06-18 11:35:51.752524,1498.2,104152.0,181533.0
2025-06-18 11:35:53.276048,1498.2,104152.0,181533.0
2025-06-18 11:35:56.278911,1498.3,104152.0,181533.0
2025-06-18 11:35:57.354842,1498.3,103593.0,181817.0
2025-06-18 11:35:59.277255,1498.2,103593.0,181817.0
2025-06-18 11:36:01.282797,1498.3,103593.0,181817.0
2025-06-18 11:36:03.158018,1498.3,104119.0,182034.0
2025-06-18 11:36:03.278535,1498.3,104119.0,182034.0
2025-06-18 11:36:07.277698,1498.3,104119.0,182034.0
2025-06-18 11:36:09.624766,1498.2,104125.0,182107.0
2025-06-18 11:36:09.628042,1498.4,104125.0,182107.0
2025-06-18 11:36:11.276820,1498.2,104125.0,182107.0
2025-06-18 11:36:13.278072,1499.2,104125.0,182107.0
2025-06-18 11:36:14.765773,1499.2,107465.0,177695.0
2025-06-18 11:36:15.276534,1498.8,107465.0,177695.0
2025-06-18 11:36:17.277523,1498.4,107465.0,177695.0
2025-06-18 11:36:19.286635,1499.1,107465.0,177695.0
2025-06-18 11:36:20.360682,1498.4,105083.0,180216.0
2025-06-18 11:36:21.282553,1499.1,105083.0,180216.0
2025-06-18 11:36:23.278810,1499.1,105083.0,180216.0
2025-06-18 11:36:25.282718,1499.4,105083.0,180216.0
2025-06-18 11:36:25.958916,1499.4,105773.0,177541.0
2025-06-18 11:36:27.290647,1499.5,105773.0,177541.0
2025-06-18 11:36:31.286492,1499.4,105773.0,177541.0
2025-06-18 11:36:31.462546,1499.4,105526.0,178079.0
2025-06-18 11:36:33.285251,1499.4,105526.0,178079.0
2025-06-18 11:36:35.293415,1499.1,105526.0,178079.0
2025-06-18 11:36:36.763173,1499.1,105560.0,178802.0
2025-06-18 11:36:37.280802,1499.4,105560.0,178802.0
2025-06-18 11:36:41.284865,1499.4,105560.0,178802.0
2025-06-18 11:36:41.967589,1499.4,105841.0,178740.0
2025-06-18 11:36:43.285819,1499.1,105841.0,178740.0
2025-06-18 11:36:47.274912,1499.4,105394.0,178997.0
2025-06-18 11:36:47.282398,1499.4,105394.0,178997.0
2025-06-18 11:36:51.326714,1499.1,105394.0,178997.0
2025-06-18 11:36:51.347772,1499.1,105394.0,178997.0
2025-06-18 11:36:52.465109,1499.1,105394.0,178997.0
2025-06-18 11:36:52.670351,1499.1,105335.0,179716.0
2025-06-18 11:36:53.281212,1498.7,105335.0,179716.0
2025-06-18 11:36:53.400579,1498.7,105335.0,179716.0
2025-06-18 11:36:54.352876,1498.7,105335.0,179716.0
2025-06-18 11:36:55.246647,1498.7,105335.0,179716.0
2025-06-18 11:36:55.280025,1499.1,105335.0,179716.0
2025-06-18 11:36:56.045600,1499.1,105335.0,179716.0
2025-06-18 11:36:57.102341,1499.1,105335.0,179716.0
2025-06-18 11:36:57.285188,1499.1,105335.0,179716.0
2025-06-18 11:36:57.682577,1499.1,105335.0,179716.0
2025-06-18 11:36:57.974307,1499.1,105429.0,179715.0
2025-06-18 11:36:58.085331,1499.1,105429.0,179715.0
2025-06-18 11:36:59.280493,1499.1,105429.0,179715.0
2025-06-18 11:36:59.825891,1499.1,105429.0,179715.0
2025-06-18 11:37:01.086014,1499.1,105429.0,179715.0
2025-06-18 11:37:02.184056,1499.1,105510.0,179710.0
2025-06-18 11:37:02.276806,1499.1,105510.0,179710.0
2025-06-18 11:37:03.308851,1499.1,105531.0,179742.0
2025-06-18 11:37:03.359242,1499.1,105531.0,179742.0
2025-06-18 11:37:04.306972,1499.1,105465.0,179570.0
2025-06-18 11:37:04.495283,1499.1,105465.0,179570.0
2025-06-18 11:37:05.291811,1499.1,105596.0,179417.0
2025-06-18 11:37:05.701801,1499.1,105596.0,179417.0
2025-06-18 11:37:06.287818,1499.1,105624.0,179452.0
2025-06-18 11:37:07.105302,1499.1,105624.0,179452.0
2025-06-18 11:37:07.186066,1499.1,105758.0,179467.0
2025-06-18 11:37:08.183600,1499.1,105748.0,179466.0
2025-06-18 11:37:09.181235,1499.1,105748.0,179410.0
2025-06-18 11:37:11.683181,1499.2,105722.0,179100.0
2025-06-18 11:37:12.281345,1499.0,105722.0,179100.0
2025-06-18 11:37:12.783471,1499.0,106020.0,179379.0
2025-06-18 11:37:13.282381,1499.2,106020.0,179379.0
2025-06-18 11:37:13.787323,1499.2,106118.0,179348.0
2025-06-18 11:37:14.785054,1499.2,105948.0,179230.0
2025-06-18 11:37:15.784168,1499.2,105948.0,179191.0
2025-06-18 11:37:16.885552,1499.1,106066.0,179268.0
2025-06-18 11:37:17.281820,1499.1,106066.0,179268.0
2025-06-18 11:37:17.888882,1499.1,106055.0,179401.0
2025-06-18 11:37:18.990209,1499.1,105943.0,179458.0
2025-06-18 11:37:20.088591,1499.1,106006.0,179405.0
2025-06-18 11:37:20.282657,1499.1,106006.0,179405.0
2025-06-18 11:37:21.189899,1499.1,106018.0,179347.0
2025-06-18 11:37:21.279553,1499.1,106018.0,179347.0
2025-06-18 11:37:22.297136,1499.1,105872.0,179447.0
2025-06-18 11:37:23.191542,1499.1,105980.0,179322.0
2025-06-18 11:37:23.319513,1499.1,105980.0,179322.0
2025-06-18 11:37:24.286599,1499.0,105980.0,179322.0
2025-06-18 11:37:24.298273,1499.0,105998.0,179216.0
2025-06-18 11:37:25.282059,1499.1,105998.0,179216.0
2025-06-18 11:37:25.390296,1499.1,105990.0,179158.0
2025-06-18 11:37:26.491033,1499.1,105603.0,179501.0
2025-06-18 11:37:27.503193,1499.1,105455.0,179512.0
2025-06-18 11:37:28.490697,1499.1,105669.0,179479.0
2025-06-18 11:37:29.528075,1499.1,105527.0,179497.0
2025-06-18 11:37:30.493819,1499.1,105692.0,179248.0
2025-06-18 11:37:31.280871,1499.1,105692.0,179248.0
2025-06-18 11:37:31.494328,1499.1,105845.0,179291.0
2025-06-18 11:37:32.394791,1499.1,105845.0,179176.0
2025-06-18 11:37:33.284018,1499.0,105845.0,179176.0
2025-06-18 11:37:33.495320,1499.0,105794.0,179175.0
2025-06-18 11:37:34.288697,1499.1,105794.0,179175.0
2025-06-18 11:37:34.495465,1499.1,105701.0,179173.0
2025-06-18 11:37:35.284857,1499.2,105701.0,179173.0
2025-06-18 11:37:35.499187,1499.2,105825.0,178692.0
2025-06-18 11:37:37.486817,1499.2,105825.0,178692.0
2025-06-18 11:37:37.495012,1499.2,105827.0,178564.0
2025-06-18 11:37:37.500696,1499.1,105827.0,178564.0
2025-06-18 11:37:37.533171,1499.1,106033.0,178648.0
2025-06-18 11:37:38.400836,1499.1,106033.0,178679.0
2025-06-18 11:37:39.402787,1499.0,105942.0,178682.0
2025-06-18 11:37:40.286139,1499.1,105942.0,178682.0
2025-06-18 11:37:40.404642,1499.1,105926.0,178616.0
2025-06-18 11:37:41.403970,1499.1,105926.0,178682.0
2025-06-18 11:37:42.504963,1499.1,105767.0,178689.0
2025-06-18 11:37:43.605467,1499.1,105949.0,178691.0
2025-06-18 11:37:45.136490,1499.1,105949.0,178691.0
2025-06-18 11:37:45.185434,1499.1,105789.0,178721.0
2025-06-18 11:37:45.709116,1499.1,105816.0,178722.0
2025-06-18 11:37:46.279663,1499.0,105816.0,178722.0
2025-06-18 11:37:47.283658,1499.1,105816.0,178722.0
2025-06-18 11:37:47.316137,1499.1,105611.0,178817.0
2025-06-18 11:37:48.284146,1499.1,105611.0,178817.0
2025-06-18 11:37:48.309699,1499.1,105476.0,178717.0
2025-06-18 11:37:49.315468,1499.1,105515.0,178637.0
2025-06-18 11:37:50.409647,1499.1,105579.0,178638.0
2025-06-18 11:37:51.509301,1499.1,105590.0,178602.0
2025-06-18 11:37:52.282725,1499.1,105590.0,178602.0
2025-06-18 11:37:52.610870,1498.6,105522.0,178925.0
2025-06-18 11:37:53.285020,1498.7,105522.0,178925.0
2025-06-18 11:37:53.710675,1498.7,106265.0,178811.0
2025-06-18 11:37:54.285416,1499.1,106265.0,178811.0
2025-06-18 11:37:54.612570,1499.1,105668.0,178872.0
2025-06-18 11:37:55.717184,1499.1,104875.0,178972.0
2025-06-18 11:37:56.813456,1499.1,104961.0,178836.0
2025-06-18 11:37:57.915776,1499.1,105491.0,178869.0
2025-06-18 11:37:59.012923,1499.1,105619.0,178401.0
2025-06-18 11:38:00.015378,1499.1,105708.0,178382.0
2025-06-18 11:38:01.112712,1499.1,105729.0,178706.0
2025-06-18 11:38:03.287264,1499.1,105729.0,178706.0
2025-06-18 11:38:06.290229,1499.1,105729.0,178706.0
2025-06-18 11:38:06.724731,1499.1,105953.0,178730.0
2025-06-18 11:38:08.293214,1499.1,105953.0,178730.0
2025-06-18 11:38:10.289401,1499.1,105953.0,178730.0
2025-06-18 11:38:12.284694,1499.1,105953.0,178730.0
2025-06-18 11:38:12.318233,1499.1,105969.0,178715.0
2025-06-18 11:38:14.287744,1498.8,105969.0,178715.0
2025-06-18 11:38:17.827357,1499.0,105969.0,178789.0
2025-06-18 11:38:18.292587,1499.0,105969.0,178789.0
2025-06-18 11:38:20.286754,1498.8,105969.0,178789.0
2025-06-18 11:38:23.127019,1499.0,105631.0,178720.0
2025-06-18 11:38:24.309332,1499.0,105631.0,178720.0
2025-06-18 11:38:28.240749,1499.0,105348.0,178642.0
2025-06-18 11:38:28.291353,1499.0,105348.0,178642.0
2025-06-18 11:38:32.290924,1498.8,105348.0,178642.0
2025-06-18 11:38:33.633711,1499.0,105921.0,178690.0
2025-06-18 11:38:34.288368,1499.0,105921.0,178690.0
2025-06-18 11:38:36.288799,1498.4,105921.0,178690.0
2025-06-18 11:38:38.941305,1499.0,105135.0,178882.0
2025-06-18 11:38:40.335505,1499.0,105135.0,178882.0
2025-06-18 11:38:44.142898,1499.0,107002.0,177313.0
2025-06-18 11:38:44.290655,1499.1,107002.0,177313.0
2025-06-18 11:38:48.294652,1499.0,107002.0,177313.0
2025-06-18 11:38:49.274164,1499.0,106122.0,177682.0
2025-06-18 11:38:50.287608,1498.9,106122.0,177682.0
2025-06-18 11:38:54.257716,1499.0,106112.0,177883.0
2025-06-18 11:38:54.294750,1499.0,106112.0,177883.0
2025-06-18 11:38:59.255225,1499.0,105972.0,177752.0
2025-06-18 11:39:02.299899,1499.0,105972.0,177752.0
2025-06-18 11:39:04.055241,1499.0,106028.0,177680.0
2025-06-18 11:39:04.541535,1499.1,106028.0,177680.0
2025-06-18 11:39:06.440298,1499.1,106028.0,177680.0
2025-06-18 11:39:08.291226,1499.1,106028.0,177680.0
2025-06-18 11:39:09.673468,1499.2,107234.0,176197.0
2025-06-18 11:39:10.295497,1499.2,107234.0,176197.0
2025-06-18 11:39:15.278186,1499.3,107641.0,176268.0
2025-06-18 11:39:16.295896,1499.2,107641.0,176268.0
2025-06-18 11:39:20.294497,1499.2,107641.0,176268.0
2025-06-18 11:39:20.870951,1499.2,107099.0,176357.0
2025-06-18 11:39:22.300135,1499.1,107099.0,176357.0
2025-06-18 11:39:24.302017,1499.3,107099.0,176357.0
2025-06-18 11:39:26.772335,1499.2,106950.0,176434.0
2025-06-18 11:39:26.778661,1499.3,106950.0,176434.0
2025-06-18 11:39:30.293935,1499.0,106950.0,176434.0
2025-06-18 11:39:31.276708,1499.3,106800.0,176834.0
2025-06-18 11:39:32.290764,1499.3,106800.0,176834.0
2025-06-18 11:39:34.298728,1499.0,106800.0,176834.0
2025-06-18 11:39:36.293663,1499.3,106800.0,176834.0
2025-06-18 11:39:36.580063,1499.3,106773.0,176687.0
2025-06-18 11:39:38.291612,1499.3,106773.0,176687.0
2025-06-18 11:39:40.292408,1499.3,106773.0,176687.0
2025-06-18 11:39:41.880474,1499.4,108190.0,175723.0
2025-06-18 11:39:42.291105,1499.6,108190.0,175723.0
2025-06-18 11:39:44.302842,1499.3,108190.0,175723.0
2025-06-18 11:39:46.884778,1499.3,107362.0,175580.0
2025-06-18 11:39:48.292767,1499.7,107362.0,175580.0
2025-06-18 11:39:51.771025,1499.7,107362.0,175580.0
2025-06-18 11:39:52.485829,1499.7,107692.0,175674.0
2025-06-18 11:39:53.303333,1499.7,107692.0,175674.0
2025-06-18 11:39:54.231158,1499.7,107692.0,175674.0
2025-06-18 11:39:54.296560,1499.8,107692.0,175674.0
2025-06-18 11:39:55.191533,1499.8,107692.0,175674.0
2025-06-18 11:39:56.055512,1499.8,107692.0,175674.0
2025-06-18 11:39:56.295279,1499.7,107692.0,175674.0
2025-06-18 11:39:56.872946,1499.7,107692.0,175674.0
2025-06-18 11:39:57.893647,1499.8,108794.0,174737.0
2025-06-18 11:39:57.942748,1499.8,108794.0,174737.0
2025-06-18 11:39:58.294788,1499.8,108794.0,174737.0
2025-06-18 11:39:58.511074,1499.8,108794.0,174737.0
2025-06-18 11:39:59.411157,1499.8,108794.0,174737.0
2025-06-18 11:40:00.294287,1499.7,108794.0,174737.0
2025-06-18 11:40:00.680278,1499.7,108794.0,174737.0
2025-06-18 11:40:01.302757,1499.7,108794.0,174737.0
2025-06-18 11:40:01.795647,1499.7,108833.0,174844.0
2025-06-18 11:40:01.940624,1499.7,108833.0,174844.0
2025-06-18 11:40:02.296147,1499.7,108833.0,174844.0
2025-06-18 11:40:02.802671,1499.7,108833.0,174844.0
2025-06-18 11:40:02.895082,1499.7,108770.0,175055.0
2025-06-18 11:40:03.895976,1499.7,108770.0,175071.0
2025-06-18 11:40:04.205435,1499.7,108770.0,175071.0
2025-06-18 11:40:04.995813,1499.7,108770.0,175020.0
2025-06-18 11:40:05.347893,1499.7,108770.0,175020.0
2025-06-18 11:40:06.484415,1499.7,108770.0,175020.0
2025-06-18 11:40:07.991843,1499.7,108770.0,175020.0
2025-06-18 11:40:07.997359,1499.7,108796.0,175005.0
2025-06-18 11:40:08.999042,1499.7,108796.0,175005.0
2025-06-18 11:40:09.999044,1499.7,108803.0,175022.0
2025-06-18 11:40:11.099326,1499.7,108803.0,174956.0
2025-06-18 11:40:12.098953,1499.7,108803.0,174982.0
2025-06-18 11:40:13.197682,1499.6,108411.0,174948.0
2025-06-18 11:40:13.295965,1499.7,108411.0,174948.0
2025-06-18 11:40:14.100507,1499.7,108378.0,175183.0
2025-06-18 11:40:14.296211,1499.7,108378.0,175183.0
2025-06-18 11:40:15.101730,1499.7,108380.0,175180.0
2025-06-18 11:40:16.100603,1499.7,108487.0,175158.0
2025-06-18 11:40:17.199853,1499.6,108424.0,174983.0
2025-06-18 11:40:17.297340,1499.6,108424.0,174983.0
2025-06-18 11:40:18.103075,1499.6,108454.0,175023.0
2025-06-18 11:40:19.201905,1499.6,108360.0,174911.0
2025-06-18 11:40:20.201752,1499.6,108519.0,174687.0
2025-06-18 11:40:20.298871,1499.6,108519.0,174687.0
2025-06-18 11:40:21.303728,1499.6,108493.0,174889.0
2025-06-18 11:40:22.333807,1499.6,108493.0,174874.0
2025-06-18 11:40:23.403230,1499.6,108482.0,174879.0
2025-06-18 11:40:24.504079,1499.6,108572.0,174992.0
2025-06-18 11:40:25.606235,1499.8,109475.0,173368.0
2025-06-18 11:40:26.302283,1499.9,109475.0,173368.0
2025-06-18 11:40:26.610000,1499.9,109682.0,173862.0
2025-06-18 11:40:27.295068,1499.9,109682.0,173862.0
2025-06-18 11:40:27.608030,1499.9,109675.0,174304.0
2025-06-18 11:40:28.296800,1500.0,109675.0,174304.0
2025-06-18 11:40:28.609743,1500.0,109645.0,173686.0
2025-06-18 11:40:29.295650,1500.0,109645.0,173686.0
2025-06-18 11:40:29.612613,1500.6,110713.0,172275.0
2025-06-18 11:40:30.300054,1500.1,110713.0,172275.0
2025-06-18 11:40:30.612570,1500.5,109838.0,173548.0
2025-06-18 11:40:31.297742,1500.5,109838.0,173548.0
2025-06-18 11:40:31.611444,1500.4,109797.0,174445.0
2025-06-18 11:40:32.302782,1500.4,109797.0,174445.0
2025-06-18 11:40:32.613171,1500.4,109323.0,174577.0
2025-06-18 11:40:33.295681,1500.0,109323.0,174577.0
2025-06-18 11:40:33.519309,1500.0,109842.0,174873.0
2025-06-18 11:40:34.296735,1500.4,109842.0,174873.0
2025-06-18 11:40:34.712838,1500.4,109782.0,174714.0
2025-06-18 11:40:35.297509,1500.4,109782.0,174714.0
2025-06-18 11:40:35.814756,1500.4,110212.0,174708.0
2025-06-18 11:40:37.415489,1500.4,110856.0,174492.0
2025-06-18 11:40:38.296273,1500.4,110856.0,174492.0
2025-06-18 11:40:38.331802,1500.4,111597.0,174388.0
2025-06-18 11:40:39.298833,1500.4,111597.0,174388.0
2025-06-18 11:40:39.322959,1500.4,111592.0,174515.0
2025-06-18 11:40:40.335936,1500.4,111551.0,174495.0
2025-06-18 11:40:41.417683,1500.4,111170.0,174313.0
2025-06-18 11:40:42.419840,1500.4,111085.0,174412.0
2025-06-18 11:40:43.420867,1500.4,111105.0,174399.0
2025-06-18 11:40:44.420312,1500.4,111128.0,174470.0
2025-06-18 11:40:45.419102,1500.4,111167.0,174592.0
2025-06-18 11:40:46.421254,1500.4,111113.0,174442.0
2025-06-18 11:40:47.422554,1500.4,111151.0,174542.0
2025-06-18 11:40:48.523848,1500.4,111152.0,174549.0
2025-06-18 11:40:49.298836,1500.1,111152.0,174549.0
2025-06-18 11:40:49.523900,1500.1,111075.0,174551.0
2025-06-18 11:40:50.322254,1500.3,111075.0,174551.0
2025-06-18 11:40:50.623620,1500.3,111178.0,174510.0
2025-06-18 11:40:51.302314,1500.3,111178.0,174510.0
2025-06-18 11:40:51.724835,1500.3,111111.0,175158.0
2025-06-18 11:40:52.825457,1500.3,111293.0,175163.0
2025-06-18 11:40:53.298191,1500.1,111293.0,175163.0
2025-06-18 11:40:53.925855,1500.3,111570.0,175290.0
2025-06-18 11:40:54.300985,1500.3,111570.0,175290.0
2025-06-18 11:40:54.825870,1500.3,111545.0,175339.0
2025-06-18 11:40:55.728793,1500.3,111338.0,175097.0
2025-06-18 11:40:56.728579,1500.3,111676.0,175147.0
2025-06-18 11:40:57.733409,1500.3,112370.0,175135.0
2025-06-18 11:40:58.298036,1500.3,112370.0,175135.0
2025-06-18 11:40:58.831218,1500.3,112941.0,174717.0
2025-06-18 11:40:59.829891,1500.3,111737.0,174869.0
2025-06-18 11:41:00.297820,1500.3,111737.0,174869.0
2025-06-18 11:41:00.737093,1500.3,112104.0,174745.0
2025-06-18 11:41:01.304775,1500.3,112104.0,174745.0
2025-06-18 11:41:01.740679,1500.3,112583.0,174797.0
2025-06-18 11:41:02.297176,1500.6,112583.0,174797.0
2025-06-18 11:41:02.832598,1500.6,114243.0,172517.0
2025-06-18 11:41:03.301373,1500.6,114243.0,172517.0
2025-06-18 11:41:03.833873,1500.6,114735.0,172151.0
2025-06-18 11:41:04.301171,1500.7,114735.0,172151.0
2025-06-18 11:41:04.737022,1500.7,114469.0,172091.0
2025-06-18 11:41:06.304809,1500.7,114469.0,172091.0
2025-06-18 11:41:06.335203,1500.7,112879.0,172562.0
2025-06-18 11:41:07.303041,1500.7,112879.0,172562.0
2025-06-18 11:41:07.435948,1500.7,113029.0,172510.0
2025-06-18 11:41:08.302636,1500.7,113029.0,172510.0
2025-06-18 11:41:08.537585,1500.7,113005.0,172562.0
2025-06-18 11:41:09.300025,1500.7,113005.0,172562.0
2025-06-18 11:41:09.637308,1500.7,113580.0,172354.0
2025-06-18 11:41:10.304370,1501.0,113580.0,172354.0
2025-06-18 11:41:11.244516,1501.0,115015.0,170479.0
2025-06-18 11:41:11.308517,1501.7,115015.0,170479.0
2025-06-18 11:41:12.244945,1500.9,114031.0,171936.0
2025-06-18 11:41:12.296959,1501.6,114031.0,171936.0
2025-06-18 11:41:13.248659,1501.6,114144.0,171900.0
2025-06-18 11:41:13.301297,1501.5,114144.0,171900.0
2025-06-18 11:41:14.245972,1501.0,114451.0,171929.0
2025-06-18 11:41:14.296772,1501.5,114451.0,171929.0
2025-06-18 11:41:15.245635,1501.5,114644.0,171850.0
2025-06-18 11:41:16.348041,1501.5,114668.0,171706.0
2025-06-18 11:41:17.300841,1501.4,114668.0,171706.0
2025-06-18 11:41:17.439591,1501.4,114722.0,171619.0
2025-06-18 11:41:18.540501,1501.4,114593.0,171745.0
2025-06-18 11:41:19.541921,1501.1,114634.0,171769.0
2025-06-18 11:41:20.301560,1501.4,114634.0,171769.0
2025-06-18 11:41:20.642403,1501.4,114590.0,171638.0
2025-06-18 11:41:21.304645,1501.4,114590.0,171638.0
2025-06-18 11:41:21.646500,1501.4,114591.0,171626.0
2025-06-18 11:41:22.753314,1501.4,114438.0,171859.0
2025-06-18 11:41:23.846886,1501.4,114420.0,171941.0
2025-06-18 11:41:24.302095,1501.4,114420.0,171941.0
2025-06-18 11:41:24.848521,1501.4,114405.0,171848.0
2025-06-18 11:41:25.320901,1501.4,114405.0,171848.0
2025-06-18 11:41:25.860252,1501.4,114368.0,172071.0
2025-06-18 11:41:27.058723,1501.4,114199.0,172495.0
2025-06-18 11:41:28.149660,1501.4,114236.0,172728.0
2025-06-18 11:41:28.299246,1501.1,114236.0,172728.0
2025-06-18 11:41:29.301402,1501.1,114236.0,172728.0
2025-06-18 11:41:29.951030,1501.1,113337.0,173161.0
2025-06-18 11:41:30.299613,1501.1,113337.0,173161.0
2025-06-18 11:41:30.854877,1500.3,112743.0,173390.0
2025-06-18 11:41:31.305874,1501.2,112743.0,173390.0
2025-06-18 11:41:31.853083,1501.2,114367.0,172536.0
2025-06-18 11:41:32.300010,1501.2,114367.0,172536.0
2025-06-18 11:41:32.853750,1501.2,114108.0,172417.0
2025-06-18 11:41:33.305136,1500.7,114108.0,172417.0
2025-06-18 11:41:33.952613,1500.7,113770.0,172714.0
2025-06-18 11:41:34.303191,1501.1,113770.0,172714.0
2025-06-18 11:41:34.951779,1501.1,113775.0,172732.0
2025-06-18 11:41:35.952717,1501.1,113660.0,172664.0
2025-06-18 11:41:36.853661,1501.1,113479.0,172646.0
2025-06-18 11:41:37.313170,1501.1,113479.0,172646.0
2025-06-18 11:41:37.855413,1501.1,113644.0,172969.0
2025-06-18 11:41:38.297917,1501.1,113644.0,172969.0
2025-06-18 11:41:38.856184,1501.1,113501.0,172929.0
2025-06-18 11:41:39.956883,1501.1,113990.0,172648.0
2025-06-18 11:41:40.958260,1501.1,113893.0,172649.0
2025-06-18 11:41:42.070491,1501.1,113906.0,172624.0
2025-06-18 11:41:43.166933,1501.1,113984.0,172615.0
2025-06-18 11:41:44.293397,1501.1,113754.0,172722.0
2025-06-18 11:41:45.162773,1501.1,113790.0,172740.0
2025-06-18 11:41:46.662583,1501.1,113735.0,172680.0
2025-06-18 11:41:47.662528,1501.1,113739.0,172589.0
2025-06-18 11:41:48.663871,1501.1,114078.0,171751.0
2025-06-18 11:41:49.300393,1500.7,114078.0,171751.0
2025-06-18 11:41:49.772232,1501.0,113755.0,172168.0
2025-06-18 11:41:50.303256,1501.0,113755.0,172168.0
2025-06-18 11:41:50.865981,1501.1,114306.0,172104.0
2025-06-18 11:41:51.304490,1501.1,114306.0,172104.0
2025-06-18 11:41:51.865051,1501.1,114433.0,171752.0
2025-06-18 11:41:52.775771,1501.0,113836.0,171636.0
2025-06-18 11:41:53.306793,1501.0,113836.0,171636.0
2025-06-18 11:41:53.773449,1501.0,114690.0,170868.0
2025-06-18 11:41:54.306811,1501.1,114690.0,170868.0
2025-06-18 11:41:54.867213,1501.1,114125.0,170967.0
2025-06-18 11:41:55.968756,1501.1,114130.0,170995.0
2025-06-18 11:41:57.069431,1501.1,114614.0,171021.0
2025-06-18 11:41:57.301813,1501.1,114614.0,171021.0
2025-06-18 11:41:58.069714,1501.1,114536.0,171047.0
2025-06-18 11:41:59.073131,1501.1,114427.0,171043.0
2025-06-18 11:42:00.076334,1501.1,114287.0,170946.0
2025-06-18 11:42:01.574338,1501.1,114272.0,171087.0
2025-06-18 11:42:02.573721,1501.1,114272.0,171056.0
2025-06-18 11:42:03.678902,1501.1,114175.0,171054.0
2025-06-18 11:42:04.677679,1501.1,114175.0,171039.0
2025-06-18 11:42:05.675991,1501.1,114172.0,170985.0
2025-06-18 11:42:06.678824,1501.1,114142.0,170985.0
2025-06-18 11:42:07.700136,1501.1,114456.0,170980.0
2025-06-18 11:42:08.303225,1501.1,114456.0,170980.0
2025-06-18 11:42:08.678091,1501.1,114581.0,170966.0
2025-06-18 11:42:09.309093,1501.2,114581.0,170966.0
2025-06-18 11:42:10.415361,1501.2,114781.0,170554.0
2025-06-18 11:42:10.456800,1501.2,114781.0,170554.0
2025-06-18 11:42:10.878032,1501.2,114657.0,170720.0
2025-06-18 11:42:11.336442,1501.2,114657.0,170720.0
2025-06-18 11:42:11.979681,1501.2,114694.0,170723.0
2025-06-18 11:42:13.086307,1501.2,114559.0,170510.0
2025-06-18 11:42:14.194958,1501.1,114416.0,170772.0
2025-06-18 11:42:14.304705,1501.2,114416.0,170772.0
2025-06-18 11:42:15.295926,1501.2,114420.0,170754.0
2025-06-18 11:42:16.287747,1501.2,114516.0,170774.0
2025-06-18 11:42:17.311011,1501.1,114516.0,170774.0
2025-06-18 11:42:17.384473,1501.2,114644.0,170916.0
2025-06-18 11:42:18.301377,1501.2,114644.0,170916.0
2025-06-18 11:42:18.386490,1501.2,114554.0,170786.0
2025-06-18 11:42:19.306182,1501.2,114554.0,170786.0
2025-06-18 11:42:20.485301,1501.2,114554.0,170805.0
2025-06-18 11:42:21.585767,1501.2,114554.0,170800.0
2025-06-18 11:42:22.687128,1501.2,114586.0,170818.0
2025-06-18 11:42:23.794520,1501.2,114716.0,170740.0
2025-06-18 11:42:24.886758,1501.2,114542.0,170756.0
2025-06-18 11:42:25.313998,1501.2,114542.0,170756.0
2025-06-18 11:42:25.889683,1501.2,114503.0,170773.0
2025-06-18 11:42:26.991321,1501.2,114478.0,170816.0
2025-06-18 11:42:27.991561,1501.2,114469.0,170799.0
2025-06-18 11:42:28.992516,1501.2,114469.0,170780.0
2025-06-18 11:42:29.992678,1501.2,114405.0,170820.0
2025-06-18 11:42:31.314165,1501.2,114405.0,170820.0
2025-06-18 11:42:31.494962,1501.2,114411.0,170727.0
2025-06-18 11:42:32.311167,1501.3,114411.0,170727.0
2025-06-18 11:42:32.496769,1501.3,114795.0,170775.0
2025-06-18 11:42:33.354268,1501.4,114795.0,170775.0
2025-06-18 11:42:33.498788,1501.4,114879.0,170314.0
2025-06-18 11:42:34.308136,1501.4,114879.0,170314.0
2025-06-18 11:42:34.600387,1501.4,115129.0,170360.0
2025-06-18 11:42:35.305205,1501.4,115129.0,170360.0
2025-06-18 11:42:35.699882,1501.4,115267.0,170383.0
2025-06-18 11:42:36.791414,1501.4,115267.0,170383.0
2025-06-18 11:42:36.832630,1501.4,115280.0,170347.0
2025-06-18 11:42:37.703264,1501.4,115117.0,170453.0
2025-06-18 11:42:38.804886,1501.4,114556.0,170547.0
2025-06-18 11:42:39.802336,1501.4,114865.0,170400.0
2025-06-18 11:42:40.807295,1501.4,114603.0,170525.0
2025-06-18 11:42:41.313002,1501.4,114603.0,170525.0
2025-06-18 11:42:41.904567,1501.4,114704.0,170524.0
2025-06-18 11:42:42.313407,1501.4,114704.0,170524.0
2025-06-18 11:42:43.005948,1501.4,114694.0,170546.0
2025-06-18 11:42:43.312008,1501.4,114694.0,170546.0
2025-06-18 11:42:43.908599,1501.4,112976.0,170490.0
2025-06-18 11:42:44.907086,1501.4,114603.0,170507.0
2025-06-18 11:42:45.904811,1501.4,114575.0,170627.0
2025-06-18 11:42:46.314824,1501.3,114575.0,170627.0
2025-06-18 11:42:46.908307,1501.4,114621.0,170709.0
2025-06-18 11:42:47.304321,1501.4,114621.0,170709.0
2025-06-18 11:42:48.012817,1501.4,114594.0,170727.0
2025-06-18 11:42:48.311573,1501.4,114594.0,170727.0
2025-06-18 11:42:49.008187,1501.4,114796.0,170724.0
2025-06-18 11:42:50.010181,1501.4,114979.0,170875.0
2025-06-18 11:42:51.109551,1501.4,114951.0,170848.0
2025-06-18 11:42:52.213212,1501.4,114576.0,170846.0
2025-06-18 11:42:52.262461,1501.4,114576.0,170846.0
2025-06-18 11:42:52.490595,1501.4,114576.0,170846.0
2025-06-18 11:42:53.305543,1501.3,114576.0,170846.0
2025-06-18 11:42:53.318889,1501.3,114434.0,170862.0
2025-06-18 11:42:53.358222,1501.3,114434.0,170862.0
2025-06-18 11:42:54.314946,1501.4,114434.0,170862.0
2025-06-18 11:42:54.565177,1501.4,114414.0,170780.0
2025-06-18 11:42:54.599497,1501.4,114414.0,170780.0
2025-06-18 11:42:55.323469,1501.4,114410.0,170840.0
2025-06-18 11:42:55.502863,1501.4,114410.0,170840.0
2025-06-18 11:42:56.321983,1501.4,114410.0,170840.0
2025-06-18 11:42:56.399135,1501.4,114410.0,170840.0
2025-06-18 11:42:56.424896,1501.4,114552.0,170864.0
2025-06-18 11:42:57.229339,1501.4,114552.0,170864.0
2025-06-18 11:42:57.313822,1501.4,114552.0,170864.0
2025-06-18 11:42:57.511692,1501.4,114552.0,170881.0
2025-06-18 11:42:58.302224,1501.4,114552.0,170881.0
2025-06-18 11:42:58.313403,1501.4,114552.0,170881.0
2025-06-18 11:42:58.613053,1501.4,114552.0,170880.0
2025-06-18 11:42:58.879892,1501.4,114552.0,170880.0
2025-06-18 11:42:59.298894,1501.4,114552.0,170880.0
2025-06-18 11:42:59.711671,1501.4,114552.0,170880.0
2025-06-18 11:42:59.771538,1501.4,114552.0,170880.0
2025-06-18 11:43:00.160940,1501.4,114552.0,170880.0
2025-06-18 11:43:00.712131,1501.4,114140.0,170730.0
2025-06-18 11:43:01.047009,1501.4,114140.0,170730.0
2025-06-18 11:43:02.327325,1501.4,114140.0,170730.0
2025-06-18 11:43:03.175646,1501.4,114140.0,170730.0
2025-06-18 11:43:04.581595,1501.4,114140.0,170730.0
2025-06-18 11:43:05.737910,1501.4,114140.0,170730.0
2025-06-18 11:43:06.018015,1501.4,113910.0,170941.0
2025-06-18 11:43:06.876703,1501.4,113910.0,170941.0
2025-06-18 11:43:08.447097,1501.4,113910.0,170941.0
2025-06-18 11:43:11.328673,1501.4,113916.0,171018.0
2025-06-18 11:43:12.336928,1501.4,113916.0,171018.0
2025-06-18 11:43:14.325472,1501.3,113916.0,171018.0
2025-06-18 11:43:16.324647,1501.4,113916.0,171018.0
2025-06-18 11:43:17.023284,1501.2,111504.0,173186.0
2025-06-18 11:43:18.361960,1501.2,111504.0,173186.0
2025-06-18 11:43:20.314642,1500.4,111504.0,173186.0
2025-06-18 11:43:22.316043,1500.3,111504.0,173186.0
2025-06-18 11:43:22.350085,1500.3,111634.0,173134.0
2025-06-18 11:43:24.318969,1501.1,111634.0,173134.0
2025-06-18 11:43:26.344789,1500.2,111634.0,173134.0
2025-06-18 11:43:27.340859,1501.1,111724.0,173407.0
2025-06-18 11:43:28.367848,1501.0,111724.0,173407.0
2025-06-18 11:43:33.117928,1501.0,111724.0,173407.0
2025-06-18 11:43:33.124089,1501.0,111771.0,173184.0
2025-06-18 11:43:34.323968,1501.0,111771.0,173184.0
2025-06-18 11:43:36.328281,1501.0,111771.0,173184.0
2025-06-18 11:43:37.936773,1501.0,111692.0,173163.0
2025-06-18 11:43:38.327915,1501.0,111692.0,173163.0
2025-06-18 11:43:43.243512,1501.0,111260.0,172695.0
2025-06-18 11:43:49.962105,1501.0,111062.0,172843.0
2025-06-18 11:43:50.315892,1500.4,111062.0,172843.0
