timestamp,ltp,bid_qty,ask_qty
2025-06-18 11:01:36.690801,6571.0,28787.0,38891.0
2025-06-18 11:01:38.132820,6571.0,28787.0,38891.0
2025-06-18 11:01:39.844940,6571.0,28781.0,38890.0
2025-06-18 11:01:44.851539,6571.0,28659.0,38919.0
2025-06-18 11:01:50.136845,6571.0,28659.0,38919.0
2025-06-18 11:01:50.347923,6571.0,28836.0,38681.0
2025-06-18 11:01:54.204537,6571.0,28836.0,38681.0
2025-06-18 11:01:55.963774,6571.0,28636.0,38779.0
2025-06-18 11:02:00.140413,6570.0,28636.0,38779.0
2025-06-18 11:02:01.352730,6570.0,28743.0,38769.0
2025-06-18 11:02:02.140426,6569.0,28743.0,38769.0
2025-06-18 11:02:06.144197,6568.5,28743.0,38769.0
2025-06-18 11:02:06.359223,6568.5,28826.0,38644.0
2025-06-18 11:02:08.142674,6572.0,28826.0,38644.0
2025-06-18 11:02:11.666834,6572.5,29598.0,38306.0
2025-06-18 11:02:12.144171,6572.0,29598.0,38306.0
2025-06-18 11:02:16.188297,6573.0,29598.0,38306.0
2025-06-18 11:02:17.178555,6575.5,29598.0,38182.0
2025-06-18 11:02:18.140629,6575.5,29598.0,38182.0
2025-06-18 11:02:22.270122,6575.5,29683.0,38138.0
2025-06-18 11:02:24.167878,6575.0,29683.0,38138.0
2025-06-18 11:02:27.374969,6575.0,29604.0,38220.0
2025-06-18 11:02:32.487058,6575.0,29580.0,38253.0
2025-06-18 11:02:38.082615,6575.0,29644.0,38068.0
2025-06-18 11:02:38.147085,6575.0,29644.0,38068.0
2025-06-18 11:02:40.144968,6575.5,29644.0,38068.0
2025-06-18 11:02:43.286146,6575.5,29553.0,38003.0
2025-06-18 11:02:48.146700,6575.5,29553.0,38003.0
2025-06-18 11:02:48.489253,6575.5,29618.0,37976.0
2025-06-18 11:02:52.148625,6575.0,29618.0,37976.0
2025-06-18 11:02:53.792446,6575.5,29614.0,37977.0
2025-06-18 11:02:54.151231,6575.5,29614.0,37977.0
2025-06-18 11:02:56.148082,6575.0,29614.0,37977.0
2025-06-18 11:02:59.001966,6575.0,29620.0,37981.0
2025-06-18 11:03:04.201082,6575.0,29642.0,37985.0
2025-06-18 11:03:08.155870,6575.5,29642.0,37985.0
2025-06-18 11:03:09.600875,6575.5,29647.0,37997.0
2025-06-18 11:03:14.803902,6575.5,29654.0,37997.0
2025-06-18 11:03:18.150017,6575.5,29654.0,37997.0
2025-06-18 11:03:20.007801,6575.5,29703.0,37933.0
2025-06-18 11:03:22.172797,6575.0,29703.0,37933.0
2025-06-18 11:03:24.154935,6575.5,29703.0,37933.0
2025-06-18 11:03:25.206308,6575.5,29666.0,37995.0
2025-06-18 11:03:30.148463,6575.0,29666.0,37995.0
2025-06-18 11:03:30.413423,6575.0,27225.0,38181.0
2025-06-18 11:03:32.152864,6575.0,27225.0,38181.0
2025-06-18 11:03:36.016543,6575.0,29459.0,38281.0
2025-06-18 11:03:40.147683,6574.5,29459.0,38281.0
2025-06-18 11:03:41.319222,6574.0,29155.0,38533.0
2025-06-18 11:03:42.159535,6574.0,29155.0,38533.0
2025-06-18 11:03:46.028014,6574.0,29155.0,38533.0
2025-06-18 11:03:46.170826,6570.5,29155.0,38533.0
2025-06-18 11:03:46.320214,6570.5,29124.0,38452.0
2025-06-18 11:03:47.076357,6570.5,29124.0,38452.0
2025-06-18 11:03:48.902629,6570.5,29124.0,38452.0
2025-06-18 11:03:49.745331,6570.5,29124.0,38452.0
2025-06-18 11:03:50.564198,6570.5,29124.0,38452.0
2025-06-18 11:03:51.026512,6570.5,29247.0,38473.0
2025-06-18 11:03:51.590106,6570.5,29247.0,38473.0
2025-06-18 11:03:52.203052,6570.5,29247.0,38473.0
2025-06-18 11:03:53.075100,6570.5,29247.0,38473.0
2025-06-18 11:03:54.453779,6570.5,29247.0,38473.0
2025-06-18 11:03:55.727113,6570.5,29247.0,38473.0
2025-06-18 11:03:55.926666,6570.5,29227.0,38471.0
2025-06-18 11:03:56.587827,6570.5,29227.0,38471.0
2025-06-18 11:04:00.507461,6570.5,29227.0,38471.0
2025-06-18 11:04:00.541128,6570.5,29227.0,38471.0
2025-06-18 11:04:00.552305,6570.5,29227.0,38471.0
2025-06-18 11:04:01.132973,6570.5,29326.0,38264.0
2025-06-18 11:04:01.923295,6570.5,29326.0,38264.0
2025-06-18 11:04:06.432803,6570.5,28766.0,38297.0
2025-06-18 11:04:08.177121,6574.0,28766.0,38297.0
2025-06-18 11:04:10.239346,6569.5,28766.0,38297.0
2025-06-18 11:04:11.438869,6569.5,29069.0,38341.0
2025-06-18 11:04:14.158685,6570.5,29069.0,38341.0
2025-06-18 11:04:16.541784,6570.5,29188.0,38509.0
2025-06-18 11:04:21.974284,6573.5,28793.0,38389.0
2025-06-18 11:04:22.165198,6573.5,28793.0,38389.0
2025-06-18 11:04:24.163048,6573.0,28793.0,38389.0
2025-06-18 11:04:27.168624,6573.0,29143.0,38266.0
2025-06-18 11:04:32.263976,6573.0,29372.0,38318.0
2025-06-18 11:04:37.067480,6573.0,29383.0,38320.0
2025-06-18 11:04:38.153727,6573.5,29383.0,38320.0
2025-06-18 11:04:41.974576,6573.5,29390.0,38339.0
2025-06-18 11:04:46.159196,6573.0,29390.0,38339.0
2025-06-18 11:04:47.071960,6573.0,29313.0,38418.0
2025-06-18 11:04:50.168897,6573.5,29313.0,38418.0
2025-06-18 11:04:51.873884,6573.5,29291.0,38419.0
2025-06-18 11:04:54.191683,6573.5,29291.0,38419.0
2025-06-18 11:04:56.680291,6573.5,29313.0,38456.0
2025-06-18 11:05:01.284382,6573.5,29280.0,38456.0
2025-06-18 11:05:05.175347,6573.0,29280.0,38456.0
2025-06-18 11:05:06.080082,6571.0,29389.0,38457.0
2025-06-18 11:05:06.163151,6571.0,29389.0,38457.0
2025-06-18 11:05:08.163042,6573.5,29389.0,38457.0
2025-06-18 11:05:10.158915,6571.0,29389.0,38457.0
2025-06-18 11:05:11.080168,6571.0,29259.0,38347.0
2025-06-18 11:05:12.202569,6573.0,29259.0,38347.0
2025-06-18 11:05:16.724610,6573.0,29298.0,38386.0
2025-06-18 11:05:21.890016,6573.0,29349.0,38412.0
2025-06-18 11:05:24.207009,6573.5,29349.0,38412.0
2025-06-18 11:05:26.790680,6573.5,29430.0,38365.0
2025-06-18 11:05:31.599558,6573.5,29408.0,38319.0
2025-06-18 11:05:37.097479,6573.5,29419.0,38259.0
2025-06-18 11:05:37.180823,6573.5,29419.0,38259.0
2025-06-18 11:05:40.192770,6573.5,29419.0,38259.0
2025-06-18 11:05:42.399379,6573.5,29434.0,38252.0
2025-06-18 11:05:47.302455,6573.5,29425.0,38261.0
2025-06-18 11:05:52.407942,6573.5,29461.0,38268.0
2025-06-18 11:05:54.383531,6573.5,29461.0,38268.0
2025-06-18 11:05:56.176853,6574.0,29461.0,38268.0
2025-06-18 11:05:57.516021,6574.0,29399.0,38124.0
2025-06-18 11:06:02.214843,6574.0,29370.0,38164.0
2025-06-18 11:06:05.165164,6572.5,29370.0,38164.0
2025-06-18 11:06:07.022807,6573.0,29209.0,38503.0
2025-06-18 11:06:08.172135,6573.0,29209.0,38503.0
2025-06-18 11:06:12.019041,6573.0,29188.0,38510.0
2025-06-18 11:06:12.171926,6573.0,29188.0,38510.0
2025-06-18 11:06:17.122082,6573.0,29197.0,38497.0
2025-06-18 11:06:22.124856,6571.0,29169.0,38431.0
2025-06-18 11:06:22.164387,6571.0,29169.0,38431.0
2025-06-18 11:06:24.169444,6571.0,29169.0,38431.0
2025-06-18 11:06:27.028149,6571.0,29082.0,38665.0
2025-06-18 11:06:28.166574,6571.0,29082.0,38665.0
2025-06-18 11:06:31.733603,6571.0,29090.0,38659.0
2025-06-18 11:06:36.438437,6571.0,29043.0,38655.0
2025-06-18 11:06:38.160299,6571.0,29043.0,38655.0
2025-06-18 11:06:41.439094,6571.0,29029.0,38620.0
2025-06-18 11:06:46.718269,6571.0,29030.0,38653.0
2025-06-18 11:06:46.765049,6571.0,29030.0,38653.0
2025-06-18 11:06:47.618678,6571.0,29030.0,38653.0
2025-06-18 11:06:48.553223,6571.0,29030.0,38653.0
2025-06-18 11:06:49.767678,6571.0,29030.0,38653.0
2025-06-18 11:06:50.287328,6571.0,29030.0,38653.0
2025-06-18 11:06:51.081766,6571.0,29030.0,38653.0
2025-06-18 11:06:51.552716,6571.0,29030.0,38639.0
2025-06-18 11:06:52.040685,6571.0,29030.0,38639.0
2025-06-18 11:06:53.506615,6571.0,29030.0,38639.0
2025-06-18 11:06:54.212746,6571.0,29030.0,38639.0
2025-06-18 11:06:54.756692,6571.0,29030.0,38639.0
2025-06-18 11:06:56.203100,6571.0,29030.0,38639.0
2025-06-18 11:06:56.263850,6571.0,29030.0,38639.0
2025-06-18 11:06:56.449478,6571.0,29032.0,38633.0
2025-06-18 11:06:57.111691,6571.0,29032.0,38633.0
2025-06-18 11:06:58.543291,6571.0,29032.0,38633.0
2025-06-18 11:06:59.693427,6571.0,29032.0,38633.0
2025-06-18 11:07:00.828100,6571.0,29032.0,38633.0
2025-06-18 11:07:01.247164,6571.0,29044.0,38687.0
2025-06-18 11:07:02.284868,6571.0,29044.0,38687.0
2025-06-18 11:07:06.055601,6570.5,29045.0,38725.0
2025-06-18 11:07:06.166196,6570.5,29045.0,38725.0
2025-06-18 11:07:10.532765,6570.5,29045.0,38725.0
2025-06-18 11:07:11.659481,6570.5,29003.0,38824.0
2025-06-18 11:07:14.166727,6571.0,29003.0,38824.0
2025-06-18 11:07:17.259751,6571.0,28961.0,38810.0
2025-06-18 11:07:22.462231,6571.0,28962.0,38811.0
2025-06-18 11:07:23.172998,6571.0,28962.0,38811.0
2025-06-18 11:07:26.257279,6569.0,28962.0,38811.0
2025-06-18 11:07:27.363460,6569.0,28965.0,38707.0
2025-06-18 11:07:30.199658,6572.5,28965.0,38707.0
2025-06-18 11:07:32.264744,6572.5,28493.0,38706.0
2025-06-18 11:07:36.168103,6570.5,28493.0,38706.0
2025-06-18 11:07:37.176785,6570.5,29006.0,38710.0
2025-06-18 11:07:38.170203,6572.5,29006.0,38710.0
2025-06-18 11:07:42.373447,6572.5,29014.0,38735.0
2025-06-18 11:07:44.794676,6569.0,29014.0,38735.0
2025-06-18 11:07:46.178298,6568.5,29014.0,38735.0
2025-06-18 11:07:47.674803,6569.5,28990.0,38751.0
2025-06-18 11:07:48.171172,6569.5,28990.0,38751.0
2025-06-18 11:07:52.685815,6569.5,29024.0,38682.0
2025-06-18 11:07:56.185895,6569.5,29024.0,38682.0
2025-06-18 11:07:57.781708,6569.5,29026.0,38668.0
2025-06-18 11:08:02.783653,6569.5,29054.0,38659.0
2025-06-18 11:08:08.194852,6572.5,28968.0,38732.0
2025-06-18 11:08:09.243296,6572.5,28968.0,38732.0
2025-06-18 11:08:13.689716,6572.5,28972.0,38704.0
2025-06-18 11:08:20.527276,6571.5,29093.0,38336.0
2025-06-18 11:08:20.532083,6571.5,29093.0,38336.0
2025-06-18 11:08:23.186138,6573.0,29093.0,38336.0
2025-06-18 11:08:24.097534,6573.0,29411.0,37882.0
2025-06-18 11:08:26.173991,6572.5,29411.0,37882.0
2025-06-18 11:08:29.704316,6572.5,28750.0,38018.0
2025-06-18 11:08:33.179127,6575.0,28750.0,38018.0
2025-06-18 11:08:35.108633,6575.0,29276.0,38137.0
2025-06-18 11:08:39.171982,6574.5,29276.0,38137.0
2025-06-18 11:08:40.407006,6574.5,29269.0,38114.0
2025-06-18 11:08:45.177678,6575.0,29269.0,38114.0
2025-06-18 11:08:45.610644,6575.0,29374.0,38121.0
2025-06-18 11:08:50.911257,6575.0,29372.0,38123.0
2025-06-18 11:08:53.179195,6575.0,29372.0,38123.0
2025-06-18 11:08:55.169525,6575.5,29372.0,38123.0
2025-06-18 11:08:56.114069,6575.5,29380.0,38052.0
2025-06-18 11:09:01.024585,6575.5,29382.0,38055.0
2025-06-18 11:09:03.194566,6575.5,29382.0,38055.0
2025-06-18 11:09:05.180076,6575.0,29382.0,38055.0
2025-06-18 11:09:05.921368,6573.0,29382.0,38081.0
2025-06-18 11:09:07.174905,6573.0,29382.0,38081.0
2025-06-18 11:09:11.220268,6573.0,29455.0,38035.0
2025-06-18 11:09:17.128036,6573.0,29375.0,37997.0
2025-06-18 11:09:22.527635,6573.0,29367.0,38054.0
2025-06-18 11:09:23.174658,6575.0,29367.0,38054.0
2025-06-18 11:09:27.929338,6575.0,29323.0,38009.0
2025-06-18 11:09:29.179114,6575.0,29323.0,38009.0
2025-06-18 11:09:33.181808,6575.5,29323.0,38009.0
2025-06-18 11:09:33.234629,6575.5,29356.0,37999.0
2025-06-18 11:09:37.178812,6575.5,29356.0,37999.0
2025-06-18 11:09:38.436317,6575.5,29653.0,38004.0
2025-06-18 11:09:39.898680,6575.5,29653.0,38004.0
2025-06-18 11:09:41.169799,6575.0,29653.0,38004.0
2025-06-18 11:09:43.840868,6575.0,29724.0,38004.0
2025-06-18 11:09:47.144053,6575.0,29724.0,38004.0
2025-06-18 11:09:48.226958,6575.0,29724.0,38004.0
2025-06-18 11:09:48.942482,6575.0,29749.0,37972.0
2025-06-18 11:09:49.104695,6575.0,29749.0,37972.0
2025-06-18 11:09:50.060123,6575.0,29749.0,37972.0
2025-06-18 11:09:51.637852,6575.0,29749.0,37972.0
2025-06-18 11:09:52.637191,6575.0,29749.0,37972.0
2025-06-18 11:09:53.180428,6575.5,29749.0,37972.0
2025-06-18 11:09:53.223141,6575.5,29749.0,37972.0
2025-06-18 11:09:54.095395,6575.5,29749.0,37972.0
2025-06-18 11:09:54.543200,6575.0,29764.0,38001.0
2025-06-18 11:09:55.182479,6575.0,29764.0,38001.0
2025-06-18 11:09:55.341942,6575.0,29764.0,38001.0
2025-06-18 11:09:56.593332,6575.0,29764.0,38001.0
2025-06-18 11:09:57.593353,6575.0,29764.0,38001.0
2025-06-18 11:09:58.986265,6575.0,29764.0,38001.0
2025-06-18 11:09:59.544449,6575.0,29714.0,37989.0
2025-06-18 11:10:00.122016,6575.0,29714.0,37989.0
2025-06-18 11:10:01.171908,6575.0,29714.0,37989.0
2025-06-18 11:10:01.251402,6575.0,29714.0,37989.0
2025-06-18 11:10:02.719124,6575.0,29714.0,37989.0
2025-06-18 11:10:04.658244,6575.0,29709.0,37999.0
2025-06-18 11:10:09.514984,6575.5,29709.0,37999.0
2025-06-18 11:10:09.851576,6575.5,30230.0,37628.0
2025-06-18 11:10:11.206070,6575.5,30230.0,37628.0
2025-06-18 11:10:13.183086,6578.0,30230.0,37628.0
2025-06-18 11:10:15.354103,6578.0,30283.0,36737.0
2025-06-18 11:10:17.187293,6578.0,30283.0,36737.0
2025-06-18 11:10:19.177786,6581.0,30283.0,36737.0
2025-06-18 11:10:20.457314,6581.0,30719.0,37071.0
2025-06-18 11:10:21.191083,6582.5,30719.0,37071.0
2025-06-18 11:10:23.179454,6582.5,30719.0,37071.0
2025-06-18 11:10:25.759747,6582.5,30807.0,37002.0
2025-06-18 11:10:28.189432,6582.5,30807.0,37002.0
2025-06-18 11:10:31.219015,6582.5,30807.0,37002.0
2025-06-18 11:10:31.361338,6582.5,30871.0,36690.0
2025-06-18 11:10:34.190723,6582.5,30871.0,36690.0
2025-06-18 11:10:36.967419,6582.5,30746.0,36872.0
2025-06-18 11:10:39.176368,6582.5,30746.0,36872.0
2025-06-18 11:10:42.468598,6582.5,30747.0,36829.0
2025-06-18 11:10:45.177514,6583.5,30747.0,36829.0
2025-06-18 11:10:47.574850,6581.5,29218.0,36905.0
2025-06-18 11:10:49.177177,6581.5,29218.0,36905.0
2025-06-18 11:10:52.677500,6583.5,30676.0,36880.0
2025-06-18 11:10:53.183884,6583.5,30676.0,36880.0
2025-06-18 11:10:57.172263,6583.5,30676.0,36880.0
2025-06-18 11:10:57.985969,6583.5,29171.0,36901.0
2025-06-18 11:10:59.174635,6583.5,29171.0,36901.0
2025-06-18 11:11:01.175506,6583.5,29171.0,36901.0
2025-06-18 11:11:01.790792,6583.5,30700.0,36856.0
2025-06-18 11:11:02.889830,6583.5,30500.0,36869.0
2025-06-18 11:11:03.886054,6583.5,30700.0,36883.0
2025-06-18 11:11:04.789803,6583.5,30696.0,36883.0
2025-06-18 11:11:05.790279,6583.5,30571.0,36914.0
2025-06-18 11:11:06.790168,6583.5,30646.0,36932.0
2025-06-18 11:11:07.894513,6583.0,30646.0,36928.0
2025-06-18 11:11:08.182074,6583.5,30646.0,36928.0
2025-06-18 11:11:08.893087,6583.5,30693.0,36918.0
2025-06-18 11:11:10.001364,6583.5,30182.0,36918.0
2025-06-18 11:11:11.003454,6583.5,30682.0,36918.0
2025-06-18 11:11:12.007782,6579.5,30061.0,37645.0
2025-06-18 11:11:12.177732,6579.5,30061.0,37645.0
2025-06-18 11:11:13.106411,6579.5,30087.0,37657.0
2025-06-18 11:11:14.202564,6579.5,30083.0,37642.0
2025-06-18 11:11:15.194541,6579.5,30101.0,37641.0
2025-06-18 11:11:16.194356,6579.5,30081.0,37749.0
2025-06-18 11:11:17.295073,6579.5,30102.0,37770.0
2025-06-18 11:11:18.400436,6580.5,30142.0,37631.0
2025-06-18 11:11:19.179727,6580.5,30142.0,37631.0
2025-06-18 11:11:19.395558,6580.5,30142.0,37733.0
2025-06-18 11:11:20.395044,6580.5,30139.0,37733.0
2025-06-18 11:11:21.295088,6580.5,30149.0,37733.0
2025-06-18 11:11:22.397116,6580.5,30135.0,37755.0
2025-06-18 11:11:23.173848,6580.5,30135.0,37755.0
2025-06-18 11:11:23.298026,6580.5,30176.0,37750.0
2025-06-18 11:11:24.298148,6579.5,30149.0,37745.0
2025-06-18 11:11:25.184665,6579.5,30149.0,37745.0
2025-06-18 11:11:25.397943,6579.5,30170.0,37755.0
2025-06-18 11:11:26.397918,6579.5,30169.0,37685.0
2025-06-18 11:11:27.180036,6580.5,30169.0,37685.0
2025-06-18 11:11:27.406880,6580.5,30216.0,37611.0
2025-06-18 11:11:28.401484,6580.5,30153.0,37611.0
2025-06-18 11:11:29.402562,6580.5,30142.0,37603.0
2025-06-18 11:11:30.402468,6580.5,30042.0,37593.0
2025-06-18 11:11:31.403056,6580.5,29678.0,37598.0
2025-06-18 11:11:32.514410,6580.5,29676.0,37598.0
2025-06-18 11:11:33.175771,6579.5,29676.0,37598.0
2025-06-18 11:11:33.604638,6579.5,30214.0,37299.0
2025-06-18 11:11:34.706407,6579.5,30221.0,37401.0
2025-06-18 11:11:35.710708,6579.5,30328.0,37384.0
2025-06-18 11:11:36.177305,6579.5,30328.0,37384.0
2025-06-18 11:11:36.708130,6579.5,30212.0,37449.0
2025-06-18 11:11:37.192055,6579.5,30212.0,37449.0
2025-06-18 11:11:37.810017,6581.0,30212.0,37415.0
2025-06-18 11:11:38.184574,6581.0,30212.0,37415.0
2025-06-18 11:11:38.910761,6581.0,30196.0,37424.0
2025-06-18 11:11:40.024254,6581.0,30191.0,37362.0
2025-06-18 11:11:40.909941,6581.0,30158.0,37356.0
2025-06-18 11:11:42.019920,6581.0,29651.0,37391.0
2025-06-18 11:11:42.179819,6581.0,29651.0,37391.0
2025-06-18 11:11:43.019865,6581.0,29658.0,37394.0
2025-06-18 11:11:44.037148,6581.0,29661.0,37403.0
2025-06-18 11:11:45.091841,6581.0,29675.0,37418.0
2025-06-18 11:11:46.034131,6581.0,29569.0,37418.0
2025-06-18 11:11:47.032690,6581.0,29665.0,37438.0
2025-06-18 11:11:48.022639,6581.0,29674.0,37456.0
2025-06-18 11:11:49.037229,6581.0,29974.0,37426.0
2025-06-18 11:11:50.026981,6581.0,29985.0,37435.0
2025-06-18 11:11:50.917901,6581.0,30000.0,37436.0
2025-06-18 11:11:52.023509,6581.0,30000.0,37436.0
2025-06-18 11:11:53.122104,6581.0,29957.0,37430.0
2025-06-18 11:11:53.196300,6581.0,29957.0,37430.0
2025-06-18 11:11:54.224279,6581.0,29957.0,37430.0
2025-06-18 11:11:55.320210,6581.0,29959.0,37410.0
2025-06-18 11:11:56.227962,6581.0,29959.0,37410.0
2025-06-18 11:11:57.323605,6581.0,29959.0,37410.0
2025-06-18 11:11:58.446192,6581.0,29927.0,37407.0
2025-06-18 11:11:59.538984,6581.0,29901.0,37410.0
2025-06-18 11:12:02.329906,6581.0,29495.0,37200.0
2025-06-18 11:12:03.038877,6581.0,29870.0,37435.0
2025-06-18 11:12:04.128348,6581.0,29875.0,37435.0
2025-06-18 11:12:05.537280,6581.0,29846.0,37473.0
2025-06-18 11:12:06.625866,6581.0,29870.0,37435.0
2025-06-18 11:12:07.727716,6581.0,29872.0,37430.0
2025-06-18 11:12:08.181346,6581.0,29872.0,37430.0
2025-06-18 11:12:08.727343,6581.0,29851.0,37413.0
2025-06-18 11:12:10.167503,6581.0,29838.0,37410.0
2025-06-18 11:12:11.331838,6581.0,29842.0,37338.0
2025-06-18 11:12:12.186055,6581.0,29842.0,37338.0
2025-06-18 11:12:12.435737,6581.0,29845.0,37433.0
2025-06-18 11:12:13.434893,6581.0,29745.0,37429.0
2025-06-18 11:12:14.434890,6581.0,29758.0,37393.0
2025-06-18 11:12:15.336454,6581.0,29732.0,37401.0
2025-06-18 11:12:16.435552,6581.0,29707.0,37404.0
2025-06-18 11:12:17.543352,6581.0,29711.0,37389.0
2025-06-18 11:12:18.211929,6581.0,29711.0,37389.0
2025-06-18 11:12:18.640126,6581.0,29702.0,37385.0
2025-06-18 11:12:19.739995,6581.0,29706.0,37385.0
2025-06-18 11:12:20.838141,6581.0,29728.0,37382.0
2025-06-18 11:12:21.841640,6581.0,29708.0,37401.0
2025-06-18 11:12:22.945567,6581.0,29716.0,37398.0
2025-06-18 11:12:23.180085,6581.0,29716.0,37398.0
2025-06-18 11:12:24.041264,6581.0,29708.0,37388.0
2025-06-18 11:12:25.047700,6581.0,29693.0,37374.0
2025-06-18 11:12:26.049791,6581.0,29719.0,37375.0
2025-06-18 11:12:27.250842,6581.0,29720.0,37375.0
2025-06-18 11:12:28.347930,6581.0,29723.0,37358.0
2025-06-18 11:12:29.449136,6581.0,29667.0,37362.0
2025-06-18 11:12:30.548322,6581.0,29676.0,37363.0
2025-06-18 11:12:31.556565,6581.0,29710.0,37363.0
2025-06-18 11:12:32.656189,6581.0,29669.0,37410.0
2025-06-18 11:12:33.751264,6581.0,29665.0,37413.0
2025-06-18 11:12:34.851968,6581.0,29708.0,37424.0
2025-06-18 11:12:35.953147,6581.0,29727.0,37420.0
2025-06-18 11:12:36.852785,6581.0,29731.0,37423.0
2025-06-18 11:12:37.956027,6581.0,29745.0,37430.0
2025-06-18 11:12:38.184271,6581.0,29745.0,37430.0
2025-06-18 11:12:38.956803,6581.0,29774.0,37422.0
2025-06-18 11:12:40.056405,6581.0,29762.0,37438.0
2025-06-18 11:12:41.172288,6581.0,29762.0,37439.0
2025-06-18 11:12:42.669545,6581.0,29767.0,37442.0
2025-06-18 11:12:43.758793,6581.0,29763.0,37445.0
2025-06-18 11:12:44.180709,6577.5,29763.0,37445.0
2025-06-18 11:12:44.762314,6577.5,28975.0,38190.0
2025-06-18 11:12:45.182276,6577.5,28975.0,38190.0
2025-06-18 11:12:45.859757,6577.5,29013.0,38195.0
2025-06-18 11:12:46.962357,6577.5,29033.0,38165.0
2025-06-18 11:12:47.570576,6577.5,29033.0,38165.0
2025-06-18 11:12:48.060802,6577.5,29207.0,37981.0
2025-06-18 11:12:48.636177,6577.5,29207.0,37981.0
2025-06-18 11:12:49.061629,6577.5,29281.0,37973.0
2025-06-18 11:12:49.539024,6577.5,29281.0,37973.0
2025-06-18 11:12:50.166105,6577.5,29253.0,37922.0
2025-06-18 11:12:50.453718,6577.5,29253.0,37922.0
2025-06-18 11:12:51.263941,6577.5,29393.0,37731.0
2025-06-18 11:12:51.317672,6577.5,29393.0,37731.0
2025-06-18 11:12:52.100730,6577.5,29393.0,37731.0
2025-06-18 11:12:52.263169,6577.5,29409.0,37780.0
2025-06-18 11:12:53.114868,6577.5,29409.0,37780.0
2025-06-18 11:12:53.181463,6579.5,29409.0,37780.0
2025-06-18 11:12:53.363390,6579.5,29447.0,37701.0
2025-06-18 11:12:53.636428,6579.5,29447.0,37701.0
2025-06-18 11:12:54.047293,6579.5,29447.0,37701.0
2025-06-18 11:12:55.067147,6579.5,29261.0,37700.0
2025-06-18 11:12:55.800404,6579.5,29261.0,37700.0
2025-06-18 11:12:56.167446,6579.5,29247.0,37763.0
2025-06-18 11:12:57.011970,6579.5,29247.0,37763.0
2025-06-18 11:12:57.269073,6579.5,29172.0,37891.0
2025-06-18 11:12:57.888210,6579.5,29172.0,37891.0
2025-06-18 11:12:58.188354,6578.5,29172.0,37891.0
2025-06-18 11:12:58.270039,6578.5,29759.0,37238.0
2025-06-18 11:12:59.192044,6579.0,29759.0,37238.0
2025-06-18 11:12:59.288713,6579.0,29759.0,37238.0
2025-06-18 11:12:59.369607,6579.0,29611.0,37334.0
2025-06-18 11:13:00.370802,6579.0,29598.0,37353.0
2025-06-18 11:13:00.400496,6579.0,29598.0,37353.0
2025-06-18 11:13:01.574432,6579.0,29598.0,37353.0
2025-06-18 11:13:01.873908,6579.0,29708.0,37328.0
2025-06-18 11:13:02.872302,6579.0,29703.0,37334.0
2025-06-18 11:13:03.035800,6579.0,29703.0,37334.0
2025-06-18 11:13:03.972315,6579.0,29695.0,37334.0
2025-06-18 11:13:04.975260,6579.0,29696.0,37319.0
2025-06-18 11:13:05.979463,6579.0,29824.0,37068.0
2025-06-18 11:13:07.076481,6579.0,29799.0,37216.0
2025-06-18 11:13:08.078188,6581.0,29832.0,37076.0
2025-06-18 11:13:08.182140,6581.0,29832.0,37076.0
2025-06-18 11:13:09.077705,6581.0,29856.0,37176.0
2025-06-18 11:13:10.080193,6581.0,29857.0,37176.0
2025-06-18 11:13:11.079579,6581.0,29875.0,37177.0
2025-06-18 11:13:12.080712,6581.0,29902.0,37196.0
2025-06-18 11:13:13.078886,6581.0,29890.0,37197.0
2025-06-18 11:13:14.178815,6581.0,29884.0,37197.0
2025-06-18 11:13:15.279217,6581.0,29852.0,37204.0
2025-06-18 11:13:16.880197,6581.0,29867.0,37245.0
2025-06-18 11:13:17.781519,6581.0,29820.0,37244.0
2025-06-18 11:13:18.189849,6581.0,29820.0,37244.0
2025-06-18 11:13:18.883036,6581.0,29918.0,37224.0
2025-06-18 11:13:19.883577,6581.0,29915.0,37231.0
2025-06-18 11:13:20.882544,6581.0,29916.0,37242.0
2025-06-18 11:13:21.986747,6581.0,29908.0,37241.0
2025-06-18 11:13:22.887194,6581.0,29908.0,37236.0
2025-06-18 11:13:23.185038,6581.0,29908.0,37236.0
2025-06-18 11:13:23.886899,6581.0,29898.0,37269.0
2025-06-18 11:13:24.885631,6581.0,29570.0,37258.0
2025-06-18 11:13:25.886537,6581.0,29876.0,37262.0
2025-06-18 11:13:26.884845,6581.0,29952.0,37207.0
2025-06-18 11:13:27.886915,6581.0,29942.0,37232.0
2025-06-18 11:13:28.887765,6581.0,29957.0,37216.0
2025-06-18 11:13:29.895871,6581.0,29977.0,37217.0
2025-06-18 11:13:30.997264,6581.0,29976.0,37232.0
2025-06-18 11:13:31.991995,6581.0,29926.0,37233.0
2025-06-18 11:13:32.184598,6581.0,29926.0,37233.0
2025-06-18 11:13:32.993034,6581.0,29908.0,37297.0
2025-06-18 11:13:34.095231,6581.0,29879.0,37270.0
2025-06-18 11:13:35.199899,6581.0,29896.0,37270.0
2025-06-18 11:13:36.196011,6581.0,29886.0,37255.0
2025-06-18 11:13:37.188087,6578.0,29886.0,37255.0
2025-06-18 11:13:37.198706,6578.0,29698.0,37379.0
2025-06-18 11:13:38.196718,6578.0,29720.0,37275.0
2025-06-18 11:13:39.195781,6578.0,29736.0,37241.0
2025-06-18 11:13:40.291503,6578.0,29741.0,37241.0
2025-06-18 11:13:41.396526,6578.0,29741.0,37242.0
2025-06-18 11:13:42.395194,6578.0,29720.0,37251.0
2025-06-18 11:13:43.402762,6578.0,29721.0,37276.0
2025-06-18 11:13:44.398336,6578.0,29710.0,37276.0
2025-06-18 11:13:45.398237,6578.0,29695.0,37265.0
2025-06-18 11:13:46.397625,6578.0,29691.0,37281.0
2025-06-18 11:13:47.396879,6578.0,29691.0,37281.0
2025-06-18 11:13:48.187123,6581.0,29691.0,37281.0
2025-06-18 11:13:48.395936,6581.0,29715.0,37264.0
2025-06-18 11:13:49.497230,6581.0,29733.0,37253.0
2025-06-18 11:13:50.597933,6578.5,29744.0,37244.0
2025-06-18 11:13:51.185546,6578.5,29744.0,37244.0
2025-06-18 11:13:51.697600,6578.5,29692.0,37244.0
2025-06-18 11:13:52.600131,6578.5,29709.0,37207.0
2025-06-18 11:13:53.189656,6581.0,29709.0,37207.0
2025-06-18 11:13:53.602133,6581.0,29784.0,37206.0
2025-06-18 11:13:54.602235,6581.0,29904.0,37173.0
2025-06-18 11:13:55.188090,6581.0,29904.0,37173.0
2025-06-18 11:13:55.603285,6581.0,29983.0,37168.0
2025-06-18 11:13:56.703249,6581.0,29979.0,37270.0
2025-06-18 11:13:57.604774,6581.0,29949.0,37270.0
2025-06-18 11:13:58.605321,6581.0,29952.0,37270.0
2025-06-18 11:13:59.604953,6581.0,29963.0,37270.0
2025-06-18 11:14:00.705733,6581.0,29964.0,37270.0
2025-06-18 11:14:03.190298,6579.0,29964.0,37270.0
2025-06-18 11:14:06.212921,6579.0,30055.0,37145.0
2025-06-18 11:14:11.313024,6579.0,30087.0,37125.0
2025-06-18 11:14:16.413274,6579.0,30030.0,37118.0
2025-06-18 11:14:21.120629,6585.0,30846.0,36396.0
2025-06-18 11:14:21.190326,6585.0,30846.0,36396.0
2025-06-18 11:14:23.191003,6587.0,30846.0,36396.0
2025-06-18 11:14:26.226134,6587.0,31143.0,36286.0
2025-06-18 11:14:27.204154,6589.5,31143.0,36286.0
2025-06-18 11:14:31.191421,6587.0,31143.0,36286.0
2025-06-18 11:14:31.545086,6587.0,31199.0,36232.0
2025-06-18 11:14:33.191148,6586.5,31199.0,36232.0
2025-06-18 11:14:36.729590,6586.5,31199.0,36188.0
2025-06-18 11:14:39.190430,6589.5,31199.0,36188.0
2025-06-18 11:14:41.731943,6589.5,31202.0,36300.0
2025-06-18 11:14:45.189213,6589.0,31202.0,36300.0
2025-06-18 11:14:47.149513,6589.0,31161.0,36235.0
2025-06-18 11:14:51.194790,6589.5,31161.0,36235.0
2025-06-18 11:14:52.645098,6589.5,31278.0,36233.0
2025-06-18 11:14:53.214024,6589.5,31278.0,36233.0
2025-06-18 11:14:58.154431,6589.5,31192.0,36275.0
2025-06-18 11:14:59.190872,6589.5,31192.0,36275.0
2025-06-18 11:15:03.451347,6589.5,31250.0,36268.0
2025-06-18 11:15:07.192356,6589.5,31250.0,36268.0
2025-06-18 11:15:10.433305,6589.5,31258.0,36304.0
2025-06-18 11:15:10.475669,6589.5,31258.0,36304.0
2025-06-18 11:15:13.758176,6589.5,31249.0,36262.0
2025-06-18 11:15:18.761035,6589.5,31253.0,36269.0
2025-06-18 11:15:23.197582,6589.5,31253.0,36269.0
2025-06-18 11:15:23.674044,6589.5,31311.0,36164.0
2025-06-18 11:15:29.071811,6589.5,31157.0,36233.0
2025-06-18 11:15:29.205545,6589.5,31157.0,36233.0
2025-06-18 11:15:31.198390,6589.5,31157.0,36233.0
2025-06-18 11:15:34.683000,6589.5,31215.0,36190.0
2025-06-18 11:15:37.226193,6587.0,31215.0,36190.0
2025-06-18 11:15:38.213988,6589.5,31215.0,36190.0
2025-06-18 11:15:40.078626,6587.0,31244.0,36239.0
2025-06-18 11:15:40.231469,6587.0,31244.0,36239.0
2025-06-18 11:15:44.979884,6587.0,31295.0,36071.0
2025-06-18 11:15:48.072875,6587.0,31295.0,36071.0
2025-06-18 11:15:49.095101,6587.0,31295.0,36071.0
2025-06-18 11:15:50.582207,6587.0,31252.0,36174.0
2025-06-18 11:15:50.938383,6587.0,31252.0,36174.0
2025-06-18 11:15:51.787961,6587.0,31252.0,36174.0
2025-06-18 11:15:52.568550,6587.0,31252.0,36174.0
2025-06-18 11:15:53.195185,6590.5,31252.0,36174.0
2025-06-18 11:15:53.575213,6590.5,31252.0,36174.0
2025-06-18 11:15:54.131181,6590.5,31252.0,36174.0
2025-06-18 11:15:55.034275,6590.5,31252.0,36174.0
2025-06-18 11:15:55.196676,6590.5,31252.0,36174.0
2025-06-18 11:15:55.402966,6590.5,31252.0,36174.0
2025-06-18 11:15:55.884950,6590.5,31140.0,36127.0
2025-06-18 11:15:56.295155,6590.5,31140.0,36127.0
2025-06-18 11:15:57.587197,6590.5,31140.0,36127.0
2025-06-18 11:15:58.428986,6590.5,31140.0,36127.0
2025-06-18 11:16:00.113914,6590.5,31140.0,36127.0
2025-06-18 11:16:01.086829,6590.5,31517.0,36107.0
2025-06-18 11:16:01.251048,6590.5,31517.0,36107.0
2025-06-18 11:16:02.398792,6590.5,31517.0,36107.0
2025-06-18 11:16:03.882941,6590.5,31517.0,36107.0
2025-06-18 11:16:05.203818,6590.5,31517.0,36107.0
2025-06-18 11:16:06.491394,6590.5,31741.0,36075.0
2025-06-18 11:16:07.202491,6590.5,31741.0,36075.0
2025-06-18 11:16:09.198975,6588.0,31741.0,36075.0
2025-06-18 11:16:11.199739,6585.0,31741.0,36075.0
2025-06-18 11:16:11.802649,6587.5,30216.0,36419.0
2025-06-18 11:16:13.204817,6587.5,30216.0,36419.0
2025-06-18 11:16:17.206838,6582.5,30216.0,36419.0
2025-06-18 11:16:17.298803,6582.5,30298.0,36561.0
2025-06-18 11:16:22.400146,6582.5,30247.0,36709.0
2025-06-18 11:16:25.200203,6585.0,30247.0,36709.0
2025-06-18 11:16:27.403801,6585.0,30114.0,36798.0
2025-06-18 11:16:29.207263,6584.0,30114.0,36798.0
2025-06-18 11:16:31.203087,6583.5,30114.0,36798.0
2025-06-18 11:16:32.409035,6583.5,29738.0,36949.0
2025-06-18 11:16:37.713042,6583.5,29724.0,36991.0
2025-06-18 11:16:41.211996,6582.5,29724.0,36991.0
2025-06-18 11:16:42.915801,6582.5,29732.0,36994.0
2025-06-18 11:16:48.021744,6582.5,29734.0,37032.0
2025-06-18 11:16:53.120835,6582.5,29737.0,36984.0
2025-06-18 11:16:53.210567,6582.5,29737.0,36984.0
2025-06-18 11:16:55.210248,6582.5,29737.0,36984.0
2025-06-18 11:16:57.210461,6582.5,29737.0,36984.0
2025-06-18 11:16:58.324874,6582.5,29531.0,37022.0
2025-06-18 11:17:01.527079,6582.5,29774.0,37077.0
2025-06-18 11:17:02.666898,6582.5,29774.0,37077.0
2025-06-18 11:17:03.726898,6582.5,29805.0,37085.0
2025-06-18 11:17:05.225561,6582.5,29832.0,37080.0
2025-06-18 11:17:06.225175,6582.5,29844.0,37066.0
2025-06-18 11:17:07.234618,6582.5,29861.0,37079.0
2025-06-18 11:17:08.205078,6582.0,29861.0,37079.0
2025-06-18 11:17:08.327286,6582.0,29835.0,37080.0
2025-06-18 11:17:09.330060,6582.0,29858.0,37075.0
2025-06-18 11:17:10.240759,6582.0,29845.0,37075.0
2025-06-18 11:17:11.207922,6582.5,29845.0,37075.0
2025-06-18 11:17:11.229893,6582.5,29832.0,37066.0
2025-06-18 11:17:12.330815,6582.5,29822.0,37122.0
2025-06-18 11:17:13.332206,6582.5,29825.0,37121.0
2025-06-18 11:17:14.432711,6582.5,29846.0,37111.0
2025-06-18 11:17:15.433302,6582.5,29859.0,37111.0
2025-06-18 11:17:16.534373,6582.5,29859.0,37133.0
2025-06-18 11:17:17.636381,6582.5,29881.0,37124.0
2025-06-18 11:17:18.736271,6582.5,29881.0,37128.0
2025-06-18 11:17:19.836979,6582.5,29864.0,37116.0
2025-06-18 11:17:20.838944,6582.5,29881.0,37090.0
2025-06-18 11:17:21.838996,6582.5,29885.0,37090.0
2025-06-18 11:17:22.938320,6582.5,29880.0,37085.0
2025-06-18 11:17:23.205641,6582.5,29880.0,37085.0
2025-06-18 11:17:23.939176,6582.5,29870.0,37103.0
2025-06-18 11:17:24.947810,6582.5,29886.0,37116.0
2025-06-18 11:17:25.939209,6582.5,29922.0,37116.0
2025-06-18 11:17:26.942767,6582.5,29916.0,37118.0
2025-06-18 11:17:27.841726,6582.5,29849.0,37115.0
2025-06-18 11:17:28.841314,6582.5,29835.0,37100.0
2025-06-18 11:17:29.841678,6582.5,29834.0,37103.0
2025-06-18 11:17:30.843897,6582.5,29837.0,37104.0
2025-06-18 11:17:31.843235,6582.5,29832.0,37102.0
2025-06-18 11:17:32.945281,6582.5,29810.0,37103.0
2025-06-18 11:17:33.209138,6582.5,29810.0,37103.0
2025-06-18 11:17:34.049936,6582.5,29809.0,37102.0
2025-06-18 11:17:34.207002,6582.0,29809.0,37102.0
2025-06-18 11:17:35.175663,6582.0,29785.0,37136.0
2025-06-18 11:17:36.155705,6582.0,29373.0,37105.0
2025-06-18 11:17:37.206297,6582.5,29373.0,37105.0
2025-06-18 11:17:37.249030,6582.5,29374.0,37083.0
2025-06-18 11:17:38.206974,6582.5,29374.0,37083.0
2025-06-18 11:17:38.250007,6582.5,29804.0,37078.0
2025-06-18 11:17:39.348688,6582.5,29756.0,37063.0
2025-06-18 11:17:40.350043,6582.5,29776.0,37091.0
2025-06-18 11:17:41.253686,6582.5,29776.0,37092.0
2025-06-18 11:17:42.351020,6582.5,29261.0,37092.0
2025-06-18 11:17:43.453638,6582.5,29835.0,37102.0
2025-06-18 11:17:44.551586,6582.5,29898.0,37104.0
2025-06-18 11:17:45.655063,6582.5,29812.0,37096.0
2025-06-18 11:17:46.756040,6582.0,29795.0,37354.0
2025-06-18 11:17:47.210668,6582.0,29795.0,37354.0
2025-06-18 11:17:47.754313,6582.0,29792.0,37356.0
2025-06-18 11:17:48.207699,6582.0,29792.0,37356.0
2025-06-18 11:17:48.756616,6582.0,29790.0,37370.0
2025-06-18 11:17:49.755129,6582.0,29616.0,37285.0
2025-06-18 11:17:50.208588,6582.0,29616.0,37285.0
2025-06-18 11:17:50.756286,6582.0,29591.0,37303.0
2025-06-18 11:17:51.857960,6582.0,29660.0,37323.0
2025-06-18 11:17:52.966892,6582.0,29657.0,37302.0
2025-06-18 11:17:53.991632,6582.0,29634.0,37302.0
2025-06-18 11:17:54.969299,6582.0,29659.0,37291.0
2025-06-18 11:17:55.964828,6582.0,29667.0,37187.0
2025-06-18 11:17:57.072960,6582.0,29618.0,37189.0
2025-06-18 11:17:58.166599,6582.0,29663.0,37198.0
2025-06-18 11:17:59.263607,6582.0,29661.0,37197.0
2025-06-18 11:18:00.237139,6581.5,29661.0,37197.0
2025-06-18 11:18:00.262518,6581.5,29621.0,37222.0
2025-06-18 11:18:01.207571,6579.0,29621.0,37222.0
2025-06-18 11:18:02.967144,6579.0,29590.0,37160.0
2025-06-18 11:18:07.767823,6579.0,30449.0,37100.0
2025-06-18 11:18:11.218319,6582.5,30449.0,37100.0
2025-06-18 11:18:12.772256,6582.5,30612.0,37140.0
2025-06-18 11:18:18.678695,6582.5,30770.0,37162.0
2025-06-18 11:18:24.211576,6582.0,30770.0,37162.0
2025-06-18 11:18:24.478930,6582.0,30867.0,37162.0
2025-06-18 11:18:29.485498,6582.0,31040.0,36742.0
2025-06-18 11:18:30.210566,6582.0,31040.0,36742.0
2025-06-18 11:18:34.923647,6582.0,31040.0,36742.0
2025-06-18 11:18:34.960713,6582.0,30978.0,36860.0
2025-06-18 11:18:38.220689,6584.0,30978.0,36860.0
2025-06-18 11:18:39.686516,6584.0,31123.0,36671.0
2025-06-18 11:18:44.598612,6584.0,30900.0,36746.0
2025-06-18 11:18:48.209692,6585.0,30900.0,36746.0
2025-06-18 11:18:48.476114,6585.0,30900.0,36746.0
2025-06-18 11:18:49.189093,6585.0,30955.0,36717.0
2025-06-18 11:18:49.551165,6585.0,30955.0,36717.0
2025-06-18 11:18:50.462387,6585.0,30955.0,36717.0
2025-06-18 11:18:51.408592,6585.0,30955.0,36717.0
2025-06-18 11:18:52.255495,6585.0,30955.0,36717.0
2025-06-18 11:18:53.042795,6585.0,30955.0,36717.0
2025-06-18 11:18:53.893049,6585.0,31018.0,36699.0
2025-06-18 11:18:54.054638,6585.0,31018.0,36699.0
2025-06-18 11:18:54.208725,6585.0,31018.0,36699.0
2025-06-18 11:18:54.621599,6585.0,31018.0,36699.0
2025-06-18 11:18:55.038306,6585.0,31018.0,36699.0
2025-06-18 11:18:56.785822,6585.0,31018.0,36699.0
2025-06-18 11:18:58.033512,6585.0,31018.0,36699.0
2025-06-18 11:18:58.213021,6584.0,31018.0,36699.0
2025-06-18 11:18:58.698930,6584.0,30924.0,36941.0
2025-06-18 11:18:58.903091,6584.0,30924.0,36941.0
2025-06-18 11:19:00.281793,6584.0,30924.0,36941.0
2025-06-18 11:19:01.569309,6584.0,30924.0,36941.0
2025-06-18 11:19:02.215529,6582.0,30924.0,36941.0
2025-06-18 11:19:02.713366,6582.0,30924.0,36941.0
2025-06-18 11:19:03.603000,6584.0,31181.0,36796.0
2025-06-18 11:19:04.184367,6584.0,31181.0,36796.0
2025-06-18 11:19:04.222342,6585.5,31181.0,36796.0
2025-06-18 11:19:08.216879,6585.0,31181.0,36796.0
2025-06-18 11:19:09.099813,6585.0,31266.0,36801.0
2025-06-18 11:19:10.217336,6585.0,31266.0,36801.0
2025-06-18 11:19:14.204302,6585.0,31190.0,37019.0
2025-06-18 11:19:19.308955,6585.0,31183.0,36999.0
2025-06-18 11:19:24.217185,6585.0,31183.0,36999.0
2025-06-18 11:19:24.711899,6585.0,31319.0,36954.0
2025-06-18 11:19:29.614806,6585.0,31234.0,37003.0
2025-06-18 11:19:32.210703,6585.0,31234.0,37003.0
2025-06-18 11:19:34.673290,6585.0,31265.0,37002.0
2025-06-18 11:19:38.237386,6585.0,31265.0,37002.0
2025-06-18 11:19:39.419047,6585.0,31266.0,37003.0
2025-06-18 11:19:44.239357,6582.5,31266.0,37003.0
2025-06-18 11:19:49.283477,6584.5,31266.0,37003.0
2025-06-18 11:19:49.424946,6584.5,31214.0,37125.0
2025-06-18 11:19:54.215496,6585.0,31214.0,37125.0
2025-06-18 11:19:54.830016,6585.0,31389.0,37079.0
2025-06-18 11:19:55.228508,6584.5,31389.0,37079.0
2025-06-18 11:19:58.219965,6584.5,31389.0,37079.0
2025-06-18 11:20:00.517156,6584.5,31231.0,37264.0
2025-06-18 11:20:05.043938,6584.5,31253.0,37257.0
2025-06-18 11:20:06.221223,6584.5,31253.0,37257.0
2025-06-18 11:20:08.221034,6585.0,31253.0,37257.0
2025-06-18 11:20:09.844866,6585.0,31176.0,37208.0
2025-06-18 11:20:14.347820,6585.0,31165.0,37222.0
2025-06-18 11:20:17.223210,6582.5,31165.0,37222.0
2025-06-18 11:20:18.951534,6582.5,31145.0,37315.0
2025-06-18 11:20:23.254638,6585.0,31145.0,37315.0
2025-06-18 11:20:24.161829,6585.0,31101.0,37228.0
2025-06-18 11:20:29.260699,6585.0,31096.0,37245.0
2025-06-18 11:20:34.261622,6585.0,31138.0,37257.0
2025-06-18 11:20:38.222773,6585.0,31138.0,37257.0
2025-06-18 11:20:39.066035,6585.0,31206.0,37204.0
2025-06-18 11:20:40.231246,6585.0,31206.0,37204.0
2025-06-18 11:20:41.221429,6585.0,31206.0,37204.0
2025-06-18 11:20:43.867604,6585.0,31212.0,37184.0
2025-06-18 11:20:48.969682,6585.0,31199.0,37162.0
2025-06-18 11:20:51.231056,6581.5,31199.0,37162.0
2025-06-18 11:20:53.874602,6581.5,30955.0,37190.0
2025-06-18 11:20:58.976168,6581.5,30923.0,37270.0
2025-06-18 11:21:03.577086,6581.5,30879.0,37277.0
2025-06-18 11:21:08.223212,6584.0,30879.0,37277.0
2025-06-18 11:21:08.482595,6584.0,30893.0,37345.0
2025-06-18 11:21:09.219159,6584.0,30893.0,37345.0
2025-06-18 11:21:13.253958,6583.5,30893.0,37345.0
2025-06-18 11:21:13.286519,6583.5,30856.0,37343.0
2025-06-18 11:21:17.991441,6583.5,30884.0,37309.0
2025-06-18 11:21:19.222054,6581.5,30884.0,37309.0
2025-06-18 11:21:20.223342,6581.5,30884.0,37309.0
2025-06-18 11:21:22.790056,6581.5,30839.0,37254.0
2025-06-18 11:21:23.229461,6583.5,30839.0,37254.0
2025-06-18 11:21:27.990591,6583.5,30946.0,37257.0
2025-06-18 11:21:32.995272,6583.5,30929.0,37306.0
2025-06-18 11:21:37.897895,6583.0,30913.0,37355.0
2025-06-18 11:21:38.231530,6583.0,30913.0,37355.0
2025-06-18 11:21:41.223658,6581.5,30913.0,37355.0
2025-06-18 11:21:42.227969,6581.5,30913.0,37355.0
2025-06-18 11:21:42.400350,6581.5,30737.0,37687.0
2025-06-18 11:21:47.113749,6581.5,30722.0,37707.0
2025-06-18 11:21:49.055315,6581.5,30722.0,37707.0
2025-06-18 11:21:50.217192,6581.5,30722.0,37707.0
2025-06-18 11:21:51.059302,6581.5,30722.0,37707.0
2025-06-18 11:21:52.578460,6581.5,30798.0,37761.0
2025-06-18 11:21:52.585430,6581.5,30798.0,37761.0
2025-06-18 11:21:52.854055,6581.5,30798.0,37761.0
2025-06-18 11:21:53.259129,6581.0,30798.0,37761.0
2025-06-18 11:21:53.639653,6581.0,30798.0,37761.0
2025-06-18 11:21:54.662478,6581.0,30798.0,37761.0
2025-06-18 11:21:55.246556,6581.0,30798.0,37761.0
2025-06-18 11:21:56.113981,6581.0,30798.0,37761.0
2025-06-18 11:21:57.210494,6581.0,30766.0,37652.0
2025-06-18 11:21:57.364661,6581.0,30766.0,37652.0
2025-06-18 11:21:58.709865,6581.0,30766.0,37652.0
2025-06-18 11:21:59.514969,6581.0,30766.0,37652.0
2025-06-18 11:22:00.886812,6581.0,30766.0,37652.0
2025-06-18 11:22:02.019591,6581.0,30766.0,37652.0
2025-06-18 11:22:02.224885,6581.0,30852.0,37611.0
2025-06-18 11:22:03.395324,6581.0,30852.0,37611.0
2025-06-18 11:22:05.225859,6581.0,30852.0,37611.0
2025-06-18 11:22:07.018122,6581.0,30839.0,37605.0
2025-06-18 11:22:08.226121,6581.5,30839.0,37605.0
2025-06-18 11:22:12.228504,6581.5,30839.0,37605.0
2025-06-18 11:22:12.229484,6581.5,30869.0,37653.0
2025-06-18 11:22:15.259626,6581.5,30869.0,37653.0
2025-06-18 11:22:17.256704,6581.5,30869.0,37653.0
2025-06-18 11:22:17.258153,6581.5,30852.0,37638.0
2025-06-18 11:22:22.141843,6579.5,30821.0,37637.0
2025-06-18 11:22:22.254008,6579.5,30821.0,37637.0
2025-06-18 11:22:23.228689,6581.5,30821.0,37637.0
2025-06-18 11:22:27.033390,6581.5,30823.0,37597.0
2025-06-18 11:22:29.225494,6579.5,30823.0,37597.0
2025-06-18 11:22:31.932223,6579.5,30843.0,37598.0
2025-06-18 11:22:36.935220,6579.5,30969.0,37558.0
2025-06-18 11:22:38.259149,6581.5,30969.0,37558.0
2025-06-18 11:22:41.939560,6581.5,31027.0,37455.0
2025-06-18 11:22:43.225030,6581.5,31027.0,37455.0
2025-06-18 11:22:45.249346,6581.5,31027.0,37455.0
2025-06-18 11:22:46.234838,6581.5,31027.0,37455.0
2025-06-18 11:22:47.228815,6581.5,31027.0,37455.0
2025-06-18 11:22:47.246451,6581.5,31052.0,37321.0
2025-06-18 11:22:52.547136,6581.5,31087.0,37416.0
2025-06-18 11:22:53.235336,6581.5,31087.0,37416.0
2025-06-18 11:22:57.252533,6581.5,30969.0,37408.0
2025-06-18 11:23:01.854743,6581.5,30729.0,37467.0
2025-06-18 11:23:06.855562,6581.5,30753.0,37498.0
2025-06-18 11:23:08.236657,6581.5,30753.0,37498.0
2025-06-18 11:23:11.857559,6581.5,30664.0,37399.0
2025-06-18 11:23:15.239639,6581.5,30664.0,37399.0
2025-06-18 11:23:16.764046,6581.5,30509.0,37382.0
2025-06-18 11:23:21.233326,6579.5,30509.0,37382.0
2025-06-18 11:23:22.361771,6579.5,30523.0,37561.0
2025-06-18 11:23:24.265853,6581.5,30523.0,37561.0
2025-06-18 11:23:27.765970,6581.5,30723.0,37577.0
2025-06-18 11:23:28.236150,6581.5,30723.0,37577.0
2025-06-18 11:23:32.974064,6581.5,30828.0,37588.0
2025-06-18 11:23:33.240820,6581.5,30828.0,37588.0
2025-06-18 11:23:38.192136,6581.5,30815.0,37560.0
2025-06-18 11:23:38.233109,6581.5,30815.0,37560.0
2025-06-18 11:23:43.077844,6581.5,30818.0,37555.0
2025-06-18 11:23:47.979559,6581.5,30854.0,37553.0
2025-06-18 11:23:52.695680,6581.5,30976.0,37564.0
2025-06-18 11:23:53.241135,6581.5,30976.0,37564.0
2025-06-18 11:23:57.486460,6581.5,31000.0,37572.0
2025-06-18 11:24:02.591623,6581.5,31006.0,37548.0
2025-06-18 11:24:07.495748,6581.5,31005.0,37547.0
2025-06-18 11:24:08.230839,6581.5,31005.0,37547.0
2025-06-18 11:24:12.498904,6581.5,31032.0,37544.0
2025-06-18 11:24:17.285360,6581.5,31032.0,37544.0
2025-06-18 11:24:17.443245,6581.5,31069.0,37542.0
2025-06-18 11:24:18.231844,6581.5,31069.0,37542.0
2025-06-18 11:24:22.299652,6581.5,31075.0,37527.0
2025-06-18 11:24:24.241898,6582.0,31075.0,37527.0
2025-06-18 11:24:27.734072,6580.0,31078.0,37484.0
2025-06-18 11:24:28.234006,6580.0,31078.0,37484.0
2025-06-18 11:24:32.609290,6580.0,31083.0,37444.0
2025-06-18 11:24:36.230599,6580.0,31083.0,37444.0
2025-06-18 11:24:37.414677,6580.0,31126.0,37513.0
2025-06-18 11:24:38.249121,6581.5,31126.0,37513.0
2025-06-18 11:24:42.235682,6582.5,31126.0,37513.0
2025-06-18 11:24:42.309706,6582.5,31219.0,37349.0
2025-06-18 11:24:44.236003,6581.5,31219.0,37349.0
2025-06-18 11:24:47.410068,6581.5,31160.0,37431.0
2025-06-18 11:24:49.495708,6581.5,31160.0,37431.0
2025-06-18 11:24:50.572519,6581.5,31160.0,37431.0
2025-06-18 11:24:51.483606,6581.5,31160.0,37431.0
2025-06-18 11:24:52.411099,6581.5,31160.0,37431.0
2025-06-18 11:24:52.452843,6581.5,31163.0,37435.0
2025-06-18 11:24:53.239514,6582.5,31163.0,37435.0
2025-06-18 11:24:53.274327,6582.5,31163.0,37435.0
2025-06-18 11:24:54.046459,6582.5,31163.0,37435.0
2025-06-18 11:24:55.066467,6582.5,31163.0,37435.0
2025-06-18 11:24:56.062830,6582.5,31163.0,37435.0
2025-06-18 11:24:56.229052,6582.5,31163.0,37435.0
2025-06-18 11:24:56.533794,6582.5,31163.0,37435.0
2025-06-18 11:24:57.320417,6582.5,31159.0,37397.0
2025-06-18 11:24:57.790490,6582.5,31159.0,37397.0
2025-06-18 11:24:59.033396,6582.5,31159.0,37397.0
2025-06-18 11:24:59.912586,6582.5,31159.0,37397.0
2025-06-18 11:25:01.284670,6582.5,31159.0,37397.0
2025-06-18 11:25:02.023391,6581.5,31154.0,37378.0
2025-06-18 11:25:02.425905,6581.5,31154.0,37378.0
2025-06-18 11:25:03.555737,6581.5,31154.0,37378.0
2025-06-18 11:25:05.014973,6581.5,31154.0,37378.0
2025-06-18 11:25:07.239163,6578.5,30438.0,38460.0
2025-06-18 11:25:08.233385,6577.0,30438.0,38460.0
2025-06-18 11:25:12.831741,6577.0,30521.0,38231.0
2025-06-18 11:25:18.238866,6577.0,30567.0,38190.0
2025-06-18 11:25:20.232505,6577.0,30567.0,38190.0
2025-06-18 11:25:22.232244,6578.5,30567.0,38190.0
2025-06-18 11:25:23.437936,6578.5,30557.0,38174.0
2025-06-18 11:25:24.242993,6578.5,30557.0,38174.0
2025-06-18 11:25:28.446827,6578.5,30683.0,38163.0
2025-06-18 11:25:30.293542,6578.5,30683.0,38163.0
2025-06-18 11:25:33.340857,6578.5,30746.0,38205.0
2025-06-18 11:25:39.900109,6578.5,30746.0,38205.0
2025-06-18 11:25:39.902002,6578.5,30653.0,38469.0
2025-06-18 11:25:40.228610,6578.5,30653.0,38469.0
2025-06-18 11:25:43.154548,6578.5,30701.0,38402.0
2025-06-18 11:25:48.050031,6578.5,30705.0,38406.0
2025-06-18 11:25:53.350272,6578.5,30695.0,38429.0
2025-06-18 11:25:54.230916,6578.5,30695.0,38429.0
2025-06-18 11:25:58.553110,6578.5,30707.0,38510.0
2025-06-18 11:26:03.753049,6578.5,30643.0,38558.0
2025-06-18 11:26:08.249698,6578.5,30643.0,38558.0
2025-06-18 11:26:08.959158,6578.5,30675.0,38478.0
2025-06-18 11:26:12.246180,6576.5,30675.0,38478.0
2025-06-18 11:26:13.245105,6576.0,30675.0,38478.0
2025-06-18 11:26:13.766258,6576.0,30632.0,38154.0
2025-06-18 11:26:16.262787,6576.0,30632.0,38154.0
2025-06-18 11:26:18.567285,6576.0,30850.0,38056.0
2025-06-18 11:26:22.229249,6579.0,30850.0,38056.0
2025-06-18 11:26:23.467850,6579.0,30908.0,37876.0
2025-06-18 11:26:24.234861,6580.0,30908.0,37876.0
2025-06-18 11:26:25.280542,6580.0,30908.0,37876.0
2025-06-18 11:26:28.372290,6580.0,31148.0,37701.0
2025-06-18 11:26:33.372667,6580.0,31170.0,37794.0
2025-06-18 11:26:34.243828,6580.0,31170.0,37794.0
2025-06-18 11:26:38.078331,6580.0,31137.0,37660.0
2025-06-18 11:26:38.245793,6580.0,31137.0,37660.0
2025-06-18 11:26:40.250541,6579.0,31137.0,37660.0
2025-06-18 11:26:43.477856,6579.0,30891.0,37724.0
2025-06-18 11:26:48.579879,6579.0,30943.0,37717.0
2025-06-18 11:26:53.487666,6580.0,30866.0,37720.0
2025-06-18 11:26:54.254327,6580.0,30866.0,37720.0
2025-06-18 11:26:56.235539,6578.5,30866.0,37720.0
2025-06-18 11:26:58.252028,6578.5,30866.0,37720.0
2025-06-18 11:26:58.490896,6578.5,30853.0,37766.0
2025-06-18 11:27:03.727324,6578.5,30846.0,37725.0
2025-06-18 11:27:08.255658,6580.0,30846.0,37725.0
2025-06-18 11:27:08.600933,6580.0,30959.0,37695.0
2025-06-18 11:27:13.602946,6580.0,30997.0,37719.0
2025-06-18 11:27:14.256493,6580.0,30997.0,37719.0
2025-06-18 11:27:16.254578,6580.0,30997.0,37719.0
2025-06-18 11:27:18.504768,6580.0,31208.0,37309.0
2025-06-18 11:27:23.410109,6584.5,30368.0,37211.0
2025-06-18 11:27:24.306133,6584.5,30368.0,37211.0
2025-06-18 11:27:28.216676,6584.5,30961.0,37236.0
2025-06-18 11:27:28.276545,6584.5,30961.0,37236.0
2025-06-18 11:27:30.280349,6584.5,30961.0,37236.0
2025-06-18 11:27:33.411638,6584.5,30857.0,37219.0
2025-06-18 11:27:38.248505,6585.0,30857.0,37219.0
2025-06-18 11:27:38.614910,6585.0,31106.0,37100.0
2025-06-18 11:27:43.919302,6585.0,31489.0,37151.0
2025-06-18 11:27:49.920370,6585.0,31489.0,37151.0
2025-06-18 11:27:50.119908,6582.0,31448.0,37204.0
2025-06-18 11:27:51.004634,6582.0,31448.0,37204.0
2025-06-18 11:27:51.922381,6582.0,31448.0,37204.0
2025-06-18 11:27:52.244309,6580.0,31448.0,37204.0
2025-06-18 11:27:52.853518,6580.0,31448.0,37204.0
2025-06-18 11:27:53.764653,6580.0,31448.0,37204.0
2025-06-18 11:27:54.492197,6580.0,31448.0,37204.0
2025-06-18 11:27:55.512231,6580.0,31448.0,37204.0
2025-06-18 11:27:55.623582,6580.0,31484.0,37281.0
2025-06-18 11:27:56.070276,6580.0,31484.0,37281.0
2025-06-18 11:27:57.336644,6580.0,31484.0,37281.0
2025-06-18 11:27:58.264120,6580.0,31484.0,37281.0
2025-06-18 11:27:59.459348,6580.0,31484.0,37281.0
2025-06-18 11:28:00.328094,6580.0,31484.0,37281.0
2025-06-18 11:28:00.625216,6580.0,31681.0,37299.0
2025-06-18 11:28:01.724188,6580.0,31681.0,37299.0
2025-06-18 11:28:02.861718,6580.0,31681.0,37299.0
2025-06-18 11:28:03.971465,6580.0,31681.0,37299.0
2025-06-18 11:28:05.230081,6580.0,31653.0,37281.0
2025-06-18 11:28:05.604396,6580.0,31653.0,37281.0
2025-06-18 11:28:10.444124,6583.5,31653.0,37281.0
2025-06-18 11:28:10.522003,6583.5,31733.0,37203.0
2025-06-18 11:28:14.833795,6583.5,31654.0,37278.0
2025-06-18 11:28:16.238282,6583.5,31654.0,37278.0
2025-06-18 11:28:19.939650,6583.5,31671.0,37252.0
2025-06-18 11:28:25.444331,6583.5,31719.0,37262.0
2025-06-18 11:28:30.541353,6583.5,31709.0,37267.0
2025-06-18 11:28:32.243531,6583.5,31709.0,37267.0
2025-06-18 11:28:35.446961,6583.5,31693.0,37253.0
2025-06-18 11:28:38.247934,6583.5,31693.0,37253.0
2025-06-18 11:28:40.349050,6583.5,31672.0,37223.0
2025-06-18 11:28:45.457536,6583.5,31653.0,37269.0
2025-06-18 11:28:50.463116,6583.5,31659.0,37323.0
2025-06-18 11:28:52.245609,6583.0,31659.0,37323.0
2025-06-18 11:28:54.240743,6583.0,31659.0,37323.0
2025-06-18 11:28:55.363262,6583.0,31659.0,37320.0
2025-06-18 11:28:58.407624,6583.5,31659.0,37320.0
2025-06-18 11:28:59.969217,6583.5,31656.0,37166.0
2025-06-18 11:29:04.683464,6583.5,31739.0,37181.0
2025-06-18 11:29:08.253071,6583.5,31739.0,37181.0
2025-06-18 11:29:09.568835,6582.0,31726.0,37166.0
2025-06-18 11:29:10.248254,6582.0,31726.0,37166.0
2025-06-18 11:29:12.247533,6584.5,31726.0,37166.0
2025-06-18 11:29:14.871355,6584.5,31662.0,37298.0
2025-06-18 11:29:20.277962,6584.5,31759.0,37264.0
2025-06-18 11:29:22.253601,6582.0,31759.0,37264.0
2025-06-18 11:29:24.253917,6585.0,31759.0,37264.0
2025-06-18 11:29:25.584655,6585.0,31822.0,37250.0
2025-06-18 11:29:30.887791,6581.5,31612.0,37287.0
2025-06-18 11:29:32.421132,6581.5,31612.0,37287.0
2025-06-18 11:29:34.249443,6584.0,31612.0,37287.0
2025-06-18 11:29:36.242436,6584.0,31682.0,37326.0
2025-06-18 11:29:39.254477,6583.5,31682.0,37326.0
2025-06-18 11:29:41.563301,6583.5,31585.0,37259.0
2025-06-18 11:29:46.246079,6584.0,31585.0,37259.0
2025-06-18 11:29:46.592841,6584.0,31789.0,37235.0
2025-06-18 11:29:51.208627,6584.0,31801.0,37235.0
2025-06-18 11:29:54.251531,6585.0,31801.0,37235.0
2025-06-18 11:29:56.249354,6582.0,31801.0,37235.0
2025-06-18 11:29:56.303495,6582.0,31505.0,37451.0
2025-06-18 11:30:01.906333,6582.0,31631.0,37379.0
2025-06-18 11:30:02.245955,6582.0,31631.0,37379.0
2025-06-18 11:30:02.815921,6582.0,31634.0,37386.0
2025-06-18 11:30:03.811409,6582.0,31560.0,37375.0
2025-06-18 11:30:04.907231,6582.0,31563.0,37375.0
2025-06-18 11:30:05.907543,6582.0,31586.0,37377.0
2025-06-18 11:30:06.909125,6582.0,31524.0,37408.0
2025-06-18 11:30:07.910576,6583.5,31521.0,37397.0
2025-06-18 11:30:08.268897,6583.5,31521.0,37397.0
2025-06-18 11:30:09.309991,6583.5,31559.0,37409.0
2025-06-18 11:30:10.410580,6583.5,31560.0,37424.0
2025-06-18 11:30:11.510020,6583.5,31556.0,37390.0
2025-06-18 11:30:12.615981,6583.5,31509.0,37332.0
2025-06-18 11:30:13.518400,6583.5,31510.0,37230.0
2025-06-18 11:30:14.511312,6583.5,31510.0,37230.0
2025-06-18 11:30:15.511322,6583.5,31508.0,37330.0
2025-06-18 11:30:19.515453,6583.5,31504.0,37342.0
2025-06-18 11:30:20.515522,6583.5,31571.0,37346.0
2025-06-18 11:30:21.516429,6583.5,31604.0,37337.0
2025-06-18 11:30:22.518153,6583.5,31575.0,37341.0
2025-06-18 11:30:23.251767,6583.0,31575.0,37341.0
2025-06-18 11:30:23.517438,6583.0,31576.0,37332.0
2025-06-18 11:30:24.419353,6583.0,31575.0,37338.0
2025-06-18 11:30:25.416449,6583.0,31546.0,37337.0
2025-06-18 11:30:26.417072,6583.0,31589.0,37338.0
2025-06-18 11:30:27.420117,6583.0,31593.0,37331.0
2025-06-18 11:30:28.419525,6583.0,31590.0,37345.0
2025-06-18 11:30:29.425803,6583.0,31662.0,37346.0
2025-06-18 11:30:30.250457,6583.0,31662.0,37346.0
2025-06-18 11:30:30.420249,6583.0,31590.0,37247.0
2025-06-18 11:30:31.823525,6583.0,31666.0,37280.0
2025-06-18 11:30:32.824361,6583.0,31675.0,37248.0
2025-06-18 11:30:33.828621,6583.0,31670.0,37249.0
2025-06-18 11:30:34.923548,6583.0,31633.0,37249.0
2025-06-18 11:30:35.923179,6583.0,31672.0,37247.0
2025-06-18 11:30:37.268818,6583.0,31672.0,37247.0
2025-06-18 11:30:37.305738,6583.0,31674.0,37265.0
2025-06-18 11:30:38.022662,6583.0,31678.0,37260.0
2025-06-18 11:30:38.261149,6583.0,31678.0,37260.0
2025-06-18 11:30:38.928597,6583.0,31668.0,37260.0
2025-06-18 11:30:40.027353,6583.0,31681.0,37260.0
2025-06-18 11:30:41.129378,6583.0,31682.0,37261.0
2025-06-18 11:30:42.234163,6583.0,31682.0,37261.0
2025-06-18 11:30:43.233433,6583.0,31682.0,37261.0
2025-06-18 11:30:44.239099,6583.0,31679.0,37260.0
2025-06-18 11:30:45.240568,6583.0,31605.0,37268.0
2025-06-18 11:30:46.242471,6583.0,31624.0,37266.0
2025-06-18 11:30:46.281689,6583.0,31624.0,37266.0
2025-06-18 11:30:47.243168,6582.0,31629.0,37266.0
2025-06-18 11:30:47.264525,6582.0,31629.0,37266.0
2025-06-18 11:30:48.240303,6582.0,31630.0,37266.0
2025-06-18 11:30:49.237027,6582.0,31692.0,37265.0
2025-06-18 11:30:50.240708,6582.0,31693.0,37296.0
2025-06-18 11:30:50.341501,6582.0,31693.0,37296.0
2025-06-18 11:30:51.265841,6582.0,31693.0,37296.0
2025-06-18 11:30:51.335916,6582.0,31697.0,37279.0
2025-06-18 11:30:51.431669,6582.0,31697.0,37279.0
2025-06-18 11:30:52.335606,6582.0,31692.0,37284.0
2025-06-18 11:30:52.380810,6582.0,31692.0,37284.0
2025-06-18 11:30:53.256489,6583.5,31692.0,37284.0
2025-06-18 11:30:53.295232,6583.5,31692.0,37284.0
2025-06-18 11:30:53.335387,6583.5,31699.0,37259.0
2025-06-18 11:30:54.165110,6583.5,31699.0,37259.0
2025-06-18 11:30:54.837509,6583.5,31711.0,37259.0
2025-06-18 11:30:54.947677,6583.5,31711.0,37259.0
2025-06-18 11:30:55.980615,6583.5,31711.0,37259.0
2025-06-18 11:30:56.250094,6583.5,31712.0,37245.0
2025-06-18 11:30:56.548889,6583.5,31712.0,37245.0
2025-06-18 11:30:57.340208,6583.5,31718.0,37259.0
2025-06-18 11:30:57.452456,6583.5,31718.0,37259.0
2025-06-18 11:30:58.340119,6583.5,31719.0,37260.0
2025-06-18 11:30:58.719611,6583.5,31719.0,37260.0
2025-06-18 11:30:59.342041,6583.5,31712.0,37278.0
2025-06-18 11:30:59.960231,6583.5,31712.0,37278.0
2025-06-18 11:31:00.341178,6583.5,31585.0,37602.0
2025-06-18 11:31:00.833895,6583.5,31585.0,37602.0
2025-06-18 11:31:02.254759,6583.5,31585.0,37602.0
2025-06-18 11:31:03.386081,6583.5,31585.0,37602.0
2025-06-18 11:31:04.263784,6582.0,31585.0,37602.0
2025-06-18 11:31:04.496154,6582.0,31585.0,37602.0
2025-06-18 11:31:04.546787,6582.0,31563.0,37594.0
2025-06-18 11:31:05.973556,6582.0,31563.0,37594.0
2025-06-18 11:31:08.261773,6581.5,31563.0,37594.0
2025-06-18 11:31:09.657393,6581.5,31584.0,37484.0
2025-06-18 11:31:14.757496,6581.5,31597.0,37464.0
2025-06-18 11:31:16.266075,6581.5,31597.0,37464.0
2025-06-18 11:31:19.963685,6579.5,29892.0,37687.0
2025-06-18 11:31:20.265668,6579.5,29892.0,37687.0
2025-06-18 11:31:24.264191,6579.5,29892.0,37687.0
2025-06-18 11:31:25.469791,6579.5,30547.0,37801.0
2025-06-18 11:31:30.968583,6579.5,30588.0,37850.0
2025-06-18 11:31:36.175671,6579.5,30707.0,37665.0
2025-06-18 11:31:38.264002,6580.5,30707.0,37665.0
2025-06-18 11:31:40.260032,6580.5,30707.0,37665.0
2025-06-18 11:31:41.279844,6580.5,30778.0,37693.0
2025-06-18 11:31:46.382536,6580.5,30913.0,37693.0
2025-06-18 11:31:51.486463,6579.5,30867.0,37786.0
2025-06-18 11:31:52.276942,6579.5,30867.0,37786.0
2025-06-18 11:31:56.415322,6579.5,30867.0,37786.0
2025-06-18 11:31:56.490736,6579.5,30491.0,38266.0
2025-06-18 11:32:01.295413,6579.5,30545.0,38150.0
2025-06-18 11:32:06.259870,6576.0,30545.0,38150.0
2025-06-18 11:32:06.300499,6576.0,29998.0,38283.0
2025-06-18 11:32:12.506312,6575.0,30042.0,38273.0
2025-06-18 11:32:16.266134,6575.0,30042.0,38273.0
2025-06-18 11:32:18.309070,6575.0,29664.0,38276.0
2025-06-18 11:32:21.266376,6575.0,29664.0,38276.0
2025-06-18 11:32:23.817023,6577.0,30124.0,38157.0
2025-06-18 11:32:25.259386,6577.0,30124.0,38157.0
2025-06-18 11:32:27.271414,6575.0,30124.0,38157.0
2025-06-18 11:32:29.520763,6575.0,29763.0,38563.0
2025-06-18 11:32:33.268541,6571.0,29763.0,38563.0
2025-06-18 11:32:35.329826,6573.0,29660.0,38449.0
2025-06-18 11:32:36.274572,6573.0,29660.0,38449.0
2025-06-18 11:32:41.240519,6573.0,29649.0,38534.0
2025-06-18 11:32:42.267219,6574.0,29649.0,38534.0
2025-06-18 11:32:46.756241,6574.0,29906.0,38537.0
2025-06-18 11:32:48.275476,6574.0,29906.0,38537.0
2025-06-18 11:32:51.977103,6574.0,29888.0,38518.0
2025-06-18 11:32:54.265839,6574.0,29888.0,38518.0
2025-06-18 11:32:57.141094,6574.0,30086.0,38606.0
2025-06-18 11:33:00.273127,6574.0,30086.0,38606.0
2025-06-18 11:33:02.538813,6574.0,30007.0,38606.0
2025-06-18 11:33:06.263301,6573.0,30007.0,38606.0
2025-06-18 11:33:07.941341,6573.0,29936.0,38585.0
2025-06-18 11:33:12.272933,6571.0,29936.0,38585.0
2025-06-18 11:33:13.446888,6571.0,29868.0,38764.0
2025-06-18 11:33:18.657183,6571.0,29802.0,38742.0
2025-06-18 11:33:23.848376,6572.0,29794.0,38737.0
2025-06-18 11:33:24.269574,6572.0,29794.0,38737.0
2025-06-18 11:33:27.281993,6570.5,29794.0,38737.0
2025-06-18 11:33:29.351057,6570.5,29835.0,38684.0
2025-06-18 11:33:31.266792,6571.5,29835.0,38684.0
2025-06-18 11:33:34.348566,6568.5,29835.0,38684.0
2025-06-18 11:33:35.164357,6568.5,29566.0,38922.0
2025-06-18 11:33:41.073159,6568.5,29158.0,39070.0
2025-06-18 11:33:45.270198,6568.0,29158.0,39070.0
2025-06-18 11:33:47.173081,6568.0,28610.0,39028.0
2025-06-18 11:33:48.270345,6568.0,28610.0,39028.0
2025-06-18 11:33:51.103414,6568.0,28610.0,39028.0
2025-06-18 11:33:51.276101,6568.0,28610.0,39028.0
2025-06-18 11:33:52.230064,6568.0,28610.0,39028.0
2025-06-18 11:33:52.775895,6568.0,28544.0,38972.0
2025-06-18 11:33:53.157823,6568.0,28544.0,38972.0
2025-06-18 11:33:54.105346,6568.0,28544.0,38972.0
2025-06-18 11:33:54.302357,6569.5,28544.0,38972.0
2025-06-18 11:33:54.979582,6569.5,28544.0,38972.0
2025-06-18 11:33:55.793495,6569.5,28544.0,38972.0
2025-06-18 11:33:56.896443,6569.5,28544.0,38972.0
2025-06-18 11:33:57.269833,6571.5,28544.0,38972.0
2025-06-18 11:33:57.468524,6571.5,28544.0,38972.0
2025-06-18 11:33:58.376466,6571.5,28544.0,38972.0
2025-06-18 11:33:58.766693,6572.0,29930.0,38218.0
2025-06-18 11:33:58.767895,6572.0,29930.0,38218.0
2025-06-18 11:33:59.624974,6572.0,29930.0,38218.0
2025-06-18 11:34:00.276097,6574.0,29930.0,38218.0
2025-06-18 11:34:00.886189,6574.0,29930.0,38218.0
2025-06-18 11:34:01.760487,6574.0,29930.0,38218.0
2025-06-18 11:34:03.142396,6574.0,29930.0,38218.0
2025-06-18 11:34:03.279818,6571.5,29930.0,38218.0
2025-06-18 11:34:04.288086,6571.5,29930.0,38218.0
2025-06-18 11:34:04.477490,6571.5,29865.0,38429.0
2025-06-18 11:34:05.550333,6571.5,29865.0,38429.0
2025-06-18 11:34:06.879485,6571.5,29865.0,38429.0
2025-06-18 11:34:09.276502,6569.5,29865.0,38429.0
2025-06-18 11:34:10.079880,6569.5,29549.0,38702.0
2025-06-18 11:34:15.388574,6569.5,29553.0,38712.0
2025-06-18 11:34:20.590544,6572.5,29705.0,38628.0
2025-06-18 11:34:21.294208,6572.5,29705.0,38628.0
2025-06-18 11:34:24.297880,6572.5,29705.0,38628.0
2025-06-18 11:34:25.901946,6572.0,29158.0,38538.0
2025-06-18 11:34:27.288549,6572.0,29158.0,38538.0
2025-06-18 11:34:30.306394,6571.5,29158.0,38538.0
2025-06-18 11:34:31.300043,6571.0,30822.0,38447.0
2025-06-18 11:34:33.294326,6571.0,30822.0,38447.0
2025-06-18 11:34:35.274736,6573.0,30822.0,38447.0
2025-06-18 11:34:36.399740,6573.0,30511.0,38604.0
2025-06-18 11:34:37.434012,6571.5,30511.0,38604.0
2025-06-18 11:34:41.275771,6571.5,30427.0,38608.0
2025-06-18 11:34:41.282893,6571.5,30427.0,38608.0
2025-06-18 11:34:45.288678,6569.5,30427.0,38608.0
2025-06-18 11:34:46.213355,6569.5,29753.0,38767.0
2025-06-18 11:34:47.288118,6569.5,29753.0,38767.0
2025-06-18 11:34:49.284678,6571.0,29753.0,38767.0
2025-06-18 11:34:51.716126,6569.5,30272.0,38867.0
2025-06-18 11:34:53.292383,6569.5,30272.0,38867.0
2025-06-18 11:34:57.282417,6569.5,30134.0,38895.0
2025-06-18 11:35:02.513184,6569.5,30103.0,38967.0
2025-06-18 11:35:05.280151,6569.5,30103.0,38967.0
2025-06-18 11:35:07.330274,6569.5,30103.0,38967.0
2025-06-18 11:35:08.322945,6569.5,29928.0,38951.0
2025-06-18 11:35:13.918690,6569.5,30080.0,38945.0
2025-06-18 11:35:17.324066,6567.5,30080.0,38945.0
2025-06-18 11:35:19.335736,6567.0,30080.0,38945.0
2025-06-18 11:35:19.621076,6567.0,29391.0,39153.0
2025-06-18 11:35:21.295692,6567.5,29391.0,39153.0
2025-06-18 11:35:25.317931,6566.5,29391.0,39153.0
2025-06-18 11:35:25.324271,6566.5,29505.0,39118.0
2025-06-18 11:35:27.302624,6567.5,29505.0,39118.0
2025-06-18 11:35:31.234229,6566.5,29415.0,39203.0
2025-06-18 11:35:31.287456,6566.5,29415.0,39203.0
2025-06-18 11:35:33.284304,6568.0,29415.0,39203.0
2025-06-18 11:35:36.832207,6566.5,29389.0,39070.0
2025-06-18 11:35:37.305875,6566.5,29389.0,39070.0
2025-06-18 11:35:43.035090,6566.5,30005.0,39112.0
2025-06-18 11:35:48.282600,6568.5,30005.0,39112.0
2025-06-18 11:35:48.840382,6568.5,29755.0,38948.0
2025-06-18 11:35:51.274478,6570.5,29755.0,38948.0
2025-06-18 11:35:54.276764,6567.5,29755.0,38948.0
2025-06-18 11:35:54.545246,6567.5,29667.0,38862.0
2025-06-18 11:36:00.253558,6567.5,29572.0,39117.0
2025-06-18 11:36:01.286926,6567.5,29572.0,39117.0
2025-06-18 11:36:06.054065,6567.5,29612.0,39037.0
2025-06-18 11:36:09.598405,6569.5,29612.0,39037.0
2025-06-18 11:36:11.754724,6569.5,30085.0,38878.0
2025-06-18 11:36:12.278840,6569.0,30085.0,38878.0
2025-06-18 11:36:14.285057,6571.0,30085.0,38878.0
2025-06-18 11:36:17.459616,6571.0,30352.0,38809.0
2025-06-18 11:36:18.276747,6569.5,30352.0,38809.0
2025-06-18 11:36:22.286891,6569.0,30352.0,38809.0
2025-06-18 11:36:23.059287,6571.5,30172.0,38565.0
2025-06-18 11:36:24.281294,6571.5,30172.0,38565.0
2025-06-18 11:36:26.280712,6571.5,30172.0,38565.0
2025-06-18 11:36:28.561785,6571.5,30487.0,38237.0
2025-06-18 11:36:32.284681,6575.0,30487.0,38237.0
2025-06-18 11:36:34.063206,6575.0,30564.0,38226.0
2025-06-18 11:36:36.280912,6572.0,30564.0,38226.0
2025-06-18 11:36:38.278546,6575.0,30564.0,38226.0
2025-06-18 11:36:39.267301,6575.0,30511.0,38352.0
2025-06-18 11:36:42.282601,6572.0,30511.0,38352.0
2025-06-18 11:36:44.468414,6572.0,30459.0,38652.0
2025-06-18 11:36:49.868781,6572.0,30393.0,38667.0
2025-06-18 11:36:51.347468,6572.0,30393.0,38667.0
2025-06-18 11:36:52.460431,6572.0,30393.0,38667.0
2025-06-18 11:36:53.396267,6572.0,30393.0,38667.0
2025-06-18 11:36:54.279138,6574.0,30393.0,38667.0
2025-06-18 11:36:54.349976,6574.0,30393.0,38667.0
2025-06-18 11:36:55.244712,6574.0,30393.0,38667.0
2025-06-18 11:36:55.272323,6574.0,30442.0,38620.0
2025-06-18 11:36:56.043023,6574.0,30442.0,38620.0
2025-06-18 11:36:57.098921,6574.0,30442.0,38620.0
2025-06-18 11:36:58.083838,6574.0,30442.0,38620.0
2025-06-18 11:36:58.285168,6573.0,30442.0,38620.0
2025-06-18 11:36:58.564535,6573.0,30442.0,38620.0
2025-06-18 11:36:59.822635,6573.0,30442.0,38620.0
2025-06-18 11:37:00.295542,6572.0,30442.0,38620.0
2025-06-18 11:37:00.776094,6572.0,30232.0,38883.0
2025-06-18 11:37:01.082078,6572.0,30232.0,38883.0
2025-06-18 11:37:01.952288,6572.0,30232.0,38883.0
2025-06-18 11:37:02.279833,6572.0,30232.0,38883.0
2025-06-18 11:37:03.357150,6572.0,30232.0,38883.0
2025-06-18 11:37:04.490044,6572.0,30232.0,38883.0
2025-06-18 11:37:05.696750,6572.0,30232.0,38883.0
2025-06-18 11:37:05.882803,6572.0,30221.0,38454.0
2025-06-18 11:37:06.283714,6572.0,30221.0,38454.0
2025-06-18 11:37:07.091512,6572.0,30221.0,38454.0
2025-06-18 11:37:08.285588,6573.0,30221.0,38454.0
2025-06-18 11:37:10.286763,6572.5,30221.0,38454.0
2025-06-18 11:37:11.084729,6573.0,30286.0,38435.0
2025-06-18 11:37:12.283853,6573.0,30286.0,38435.0
2025-06-18 11:37:14.291391,6574.5,30286.0,38435.0
2025-06-18 11:37:16.313000,6574.5,30443.0,38361.0
2025-06-18 11:37:20.284968,6575.0,30443.0,38361.0
2025-06-18 11:37:21.190442,6572.5,30302.0,38450.0
2025-06-18 11:37:22.287289,6572.5,30302.0,38450.0
2025-06-18 11:37:24.291117,6572.5,30302.0,38450.0
2025-06-18 11:37:25.991587,6572.5,30299.0,38327.0
2025-06-18 11:37:31.095313,6572.5,30358.0,38335.0
2025-06-18 11:37:37.495559,6572.5,30404.0,38129.0
2025-06-18 11:37:38.286905,6575.0,30404.0,38129.0
2025-06-18 11:37:42.204038,6575.0,30445.0,38157.0
2025-06-18 11:37:45.182269,6573.0,30445.0,38157.0
2025-06-18 11:37:47.409819,6573.0,29249.0,38124.0
2025-06-18 11:37:52.809587,6573.0,30366.0,38131.0
2025-06-18 11:37:54.287686,6575.0,30366.0,38131.0
2025-06-18 11:37:58.326651,6575.0,30366.0,38131.0
2025-06-18 11:37:58.327609,6575.0,30382.0,38082.0
2025-06-18 11:38:01.412008,6575.0,30372.0,38124.0
2025-06-18 11:38:02.514006,6575.0,30407.0,38099.0
2025-06-18 11:38:03.513642,6575.0,30417.0,38100.0
2025-06-18 11:38:04.514807,6575.0,30421.0,38100.0
2025-06-18 11:38:05.515606,6575.0,30426.0,38105.0
2025-06-18 11:38:06.615214,6575.0,30436.0,38098.0
2025-06-18 11:38:07.280630,6575.0,30436.0,38098.0
2025-06-18 11:38:07.723459,6575.0,30489.0,38127.0
2025-06-18 11:38:08.285920,6575.0,30489.0,38127.0
2025-06-18 11:38:08.816939,6575.0,30511.0,38118.0
2025-06-18 11:38:09.284682,6575.0,30511.0,38118.0
2025-06-18 11:38:09.916309,6575.0,30384.0,38118.0
2025-06-18 11:38:10.816834,6575.0,30393.0,38124.0
2025-06-18 11:38:11.918211,6575.0,30389.0,38124.0
2025-06-18 11:38:13.017649,6575.0,30466.0,38104.0
2025-06-18 11:38:14.119030,6575.0,30466.0,38104.0
2025-06-18 11:38:15.222744,6575.0,30446.0,38015.0
2025-06-18 11:38:16.321749,6575.0,30655.0,37939.0
2025-06-18 11:38:17.422090,6575.0,30570.0,37920.0
2025-06-18 11:38:18.521761,6575.0,30571.0,37920.0
2025-06-18 11:38:19.522572,6575.0,30585.0,37931.0
2025-06-18 11:38:20.523082,6575.0,30480.0,37928.0
2025-06-18 11:38:21.525311,6575.0,30512.0,37899.0
2025-06-18 11:38:22.525155,6575.0,30492.0,37919.0
2025-06-18 11:38:23.281276,6577.5,30492.0,37919.0
2025-06-18 11:38:23.525526,6577.5,30522.0,37922.0
2025-06-18 11:38:24.630943,6577.5,30521.0,37920.0
2025-06-18 11:38:25.829096,6577.5,30520.0,37905.0
2025-06-18 11:38:26.758237,6577.5,30391.0,37971.0
2025-06-18 11:38:27.740482,6577.5,30414.0,37943.0
2025-06-18 11:38:28.832602,6577.5,30416.0,37951.0
2025-06-18 11:38:29.934149,6577.0,30475.0,37902.0
2025-06-18 11:38:30.281267,6577.0,30475.0,37902.0
2025-06-18 11:38:31.033459,6577.0,30458.0,37907.0
2025-06-18 11:38:32.135086,6577.0,30553.0,37785.0
2025-06-18 11:38:33.033583,6577.0,30551.0,37786.0
2025-06-18 11:38:34.134792,6577.0,30535.0,37786.0
2025-06-18 11:38:35.257378,6575.0,30459.0,37785.0
2025-06-18 11:38:35.282201,6575.0,30459.0,37785.0
2025-06-18 11:38:36.336678,6575.0,30472.0,37831.0
2025-06-18 11:38:37.282455,6575.0,30472.0,37831.0
2025-06-18 11:38:37.438428,6575.0,30473.0,37873.0
2025-06-18 11:38:38.281765,6577.0,30473.0,37873.0
2025-06-18 11:38:38.443800,6577.0,30557.0,37846.0
2025-06-18 11:38:39.287278,6578.5,30557.0,37846.0
2025-06-18 11:38:39.541195,6578.5,30584.0,37947.0
2025-06-18 11:38:40.541557,6578.5,30522.0,37853.0
2025-06-18 11:38:41.642121,6578.5,30502.0,37851.0
2025-06-18 11:38:42.280614,6577.0,30502.0,37851.0
2025-06-18 11:38:42.644158,6577.0,29896.0,37836.0
2025-06-18 11:38:43.644169,6577.0,30423.0,37800.0
2025-06-18 11:38:44.752999,6577.0,30423.0,37800.0
2025-06-18 11:38:45.841809,6577.0,30423.0,37800.0
2025-06-18 11:38:46.941147,6577.0,30436.0,37800.0
2025-06-18 11:38:47.942527,6578.5,30447.0,37776.0
2025-06-18 11:38:48.282661,6578.5,30447.0,37776.0
2025-06-18 11:38:49.042140,6578.5,30451.0,37782.0
2025-06-18 11:38:50.144336,6578.5,30455.0,37782.0
2025-06-18 11:38:51.308480,6578.5,30449.0,37778.0
2025-06-18 11:38:52.345102,6578.5,30449.0,37793.0
2025-06-18 11:38:53.283373,6579.0,30449.0,37793.0
2025-06-18 11:38:53.449455,6579.0,30513.0,37939.0
2025-06-18 11:38:54.551567,6579.0,30754.0,37535.0
2025-06-18 11:38:55.654401,6579.0,30631.0,37769.0
2025-06-18 11:38:57.514306,6579.0,30612.0,37791.0
2025-06-18 11:38:57.851889,6579.0,30605.0,37791.0
2025-06-18 11:38:58.851122,6579.0,30610.0,37787.0
2025-06-18 11:38:59.954018,6580.0,30615.0,37792.0
2025-06-18 11:39:00.283283,6580.0,30615.0,37792.0
2025-06-18 11:39:01.554046,6580.0,30617.0,37788.0
2025-06-18 11:39:03.291045,6580.0,30617.0,37788.0
2025-06-18 11:39:06.670181,6580.5,30666.0,37569.0
2025-06-18 11:39:07.288400,6582.5,30666.0,37569.0
2025-06-18 11:39:09.309774,6584.0,30666.0,37569.0
2025-06-18 11:39:12.362300,6584.0,31043.0,37192.0
2025-06-18 11:39:13.296053,6584.0,31043.0,37192.0
2025-06-18 11:39:15.298999,6584.0,31043.0,37192.0
2025-06-18 11:39:17.531225,6584.0,31043.0,37192.0
2025-06-18 11:39:17.967332,6584.0,30928.0,37116.0
2025-06-18 11:39:19.293710,6584.0,30928.0,37116.0
2025-06-18 11:39:21.295476,6584.0,30928.0,37116.0
2025-06-18 11:39:23.294808,6584.0,30928.0,37116.0
2025-06-18 11:39:23.469214,6584.0,30189.0,36945.0
2025-06-18 11:39:28.674445,6584.0,30126.0,36975.0
2025-06-18 11:39:29.302333,6584.0,30126.0,36975.0
2025-06-18 11:39:33.676731,6584.0,29964.0,37038.0
2025-06-18 11:39:37.293657,6582.5,29964.0,37038.0
2025-06-18 11:39:39.284699,6584.0,30003.0,36974.0
2025-06-18 11:39:39.296424,6584.0,30003.0,36974.0
2025-06-18 11:39:44.289023,6584.0,30002.0,37002.0
2025-06-18 11:39:47.293816,6584.0,30002.0,37002.0
2025-06-18 11:39:49.586809,6584.0,29944.0,36913.0
2025-06-18 11:39:51.768343,6584.0,29944.0,36913.0
2025-06-18 11:39:53.293524,6584.0,29944.0,36913.0
2025-06-18 11:39:53.326650,6584.0,29944.0,36913.0
2025-06-18 11:39:54.221072,6584.0,29944.0,36913.0
2025-06-18 11:39:55.187143,6584.0,29944.0,36913.0
2025-06-18 11:39:55.196268,6584.0,29943.0,36964.0
2025-06-18 11:39:56.055203,6584.0,29943.0,36964.0
2025-06-18 11:39:57.295595,6584.0,29943.0,36964.0
2025-06-18 11:39:57.936612,6584.0,29943.0,36964.0
2025-06-18 11:39:58.504461,6584.0,29943.0,36964.0
2025-06-18 11:39:59.401709,6584.0,29943.0,36964.0
2025-06-18 11:40:00.395837,6584.0,30040.0,36919.0
2025-06-18 11:40:00.676313,6584.0,30040.0,36919.0
2025-06-18 11:40:01.495595,6584.0,29562.0,36935.0
2025-06-18 11:40:01.930226,6584.0,29562.0,36935.0
2025-06-18 11:40:02.596490,6584.0,30062.0,36946.0
2025-06-18 11:40:02.807964,6584.0,30062.0,36946.0
2025-06-18 11:40:03.292591,6584.0,30062.0,36946.0
2025-06-18 11:40:03.695265,6584.0,30085.0,36952.0
2025-06-18 11:40:04.209814,6584.0,30085.0,36952.0
2025-06-18 11:40:04.295510,6584.0,30085.0,36952.0
2025-06-18 11:40:04.795577,6584.0,30203.0,36950.0
2025-06-18 11:40:05.346737,6584.0,30203.0,36950.0
2025-06-18 11:40:05.796332,6584.0,30203.0,36956.0
2025-06-18 11:40:06.480549,6584.0,30203.0,36956.0
2025-06-18 11:40:06.796769,6584.0,30211.0,36956.0
2025-06-18 11:40:07.797907,6584.0,29702.0,36956.0
2025-06-18 11:40:07.988072,6584.0,29702.0,36956.0
2025-06-18 11:40:08.292856,6584.0,29702.0,36956.0
2025-06-18 11:40:08.797043,6584.0,29701.0,36957.0
2025-06-18 11:40:09.798348,6584.0,30192.0,36957.0
2025-06-18 11:40:10.897853,6584.0,30119.0,36941.0
2025-06-18 11:40:11.293938,6584.0,30119.0,36941.0
2025-06-18 11:40:11.898087,6584.0,30302.0,36926.0
2025-06-18 11:40:12.302277,6584.0,30302.0,36926.0
2025-06-18 11:40:12.998779,6584.0,30303.0,36926.0
2025-06-18 11:40:13.996886,6584.0,30293.0,36937.0
2025-06-18 11:40:14.998150,6584.0,29807.0,36936.0
2025-06-18 11:40:15.999209,6584.0,30329.0,36936.0
2025-06-18 11:40:17.000467,6584.0,30207.0,36936.0
2025-06-18 11:40:17.999892,6584.0,30292.0,36951.0
2025-06-18 11:40:19.000805,6584.0,30291.0,36951.0
2025-06-18 11:40:20.003056,6584.0,30459.0,36936.0
2025-06-18 11:40:21.104419,6584.0,30452.0,36960.0
2025-06-18 11:40:21.293393,6584.0,30452.0,36960.0
2025-06-18 11:40:22.203822,6584.0,30443.0,36960.0
2025-06-18 11:40:23.218095,6584.0,30445.0,36954.0
2025-06-18 11:40:23.313224,6584.0,30445.0,36954.0
2025-06-18 11:40:24.341516,6584.0,30441.0,36953.0
2025-06-18 11:40:25.408255,6584.0,30427.0,36967.0
2025-06-18 11:40:26.507781,6584.0,30427.0,36966.0
2025-06-18 11:40:27.506823,6584.0,30431.0,36967.0
2025-06-18 11:40:28.508408,6584.0,30434.0,36956.0
2025-06-18 11:40:29.549652,6584.0,30431.0,36962.0
2025-06-18 11:40:30.510298,6584.0,30440.0,36968.0
2025-06-18 11:40:31.512954,6584.0,30333.0,36974.0
2025-06-18 11:40:32.513140,6584.0,30434.0,36981.0
2025-06-18 11:40:33.413336,6584.0,30403.0,36968.0
2025-06-18 11:40:34.512752,6584.0,30401.0,36982.0
2025-06-18 11:40:35.295328,6586.0,30401.0,36982.0
2025-06-18 11:40:35.613572,6586.0,30645.0,36266.0
2025-06-18 11:40:36.713800,6586.0,30678.0,36292.0
2025-06-18 11:40:37.715847,6586.0,30722.0,36416.0
2025-06-18 11:40:38.294713,6589.0,30722.0,36416.0
2025-06-18 11:40:38.717460,6589.0,30770.0,36280.0
2025-06-18 11:40:39.716586,6589.0,30760.0,36249.0
2025-06-18 11:40:40.817949,6589.0,30684.0,36236.0
2025-06-18 11:40:41.818964,6589.0,30773.0,36236.0
2025-06-18 11:40:42.300787,6589.0,30773.0,36236.0
2025-06-18 11:40:42.827985,6589.0,30750.0,36197.0
2025-06-18 11:40:43.819673,6589.0,30680.0,36257.0
2025-06-18 11:40:44.821338,6589.0,30685.0,36257.0
2025-06-18 11:40:45.827853,6588.5,30679.0,36270.0
2025-06-18 11:40:46.296360,6588.5,30679.0,36270.0
2025-06-18 11:40:46.825657,6588.5,30679.0,36297.0
2025-06-18 11:40:47.825633,6588.5,30683.0,36298.0
2025-06-18 11:40:50.425859,6588.5,30662.0,36297.0
2025-06-18 11:40:51.299873,6587.0,30662.0,36297.0
2025-06-18 11:40:51.530848,6587.5,29762.0,36663.0
2025-06-18 11:40:52.301913,6587.5,29762.0,36663.0
2025-06-18 11:40:52.628215,6588.0,30305.0,36653.0
2025-06-18 11:40:53.296456,6588.0,30305.0,36653.0
2025-06-18 11:40:53.728067,6588.0,30309.0,36637.0
2025-06-18 11:40:54.298322,6588.0,30309.0,36637.0
2025-06-18 11:40:54.629107,6588.0,30338.0,36621.0
2025-06-18 11:40:55.629945,6588.0,30281.0,36630.0
2025-06-18 11:40:56.631071,6588.0,30270.0,36641.0
2025-06-18 11:40:57.632221,6588.0,30352.0,36596.0
2025-06-18 11:40:58.634019,6588.5,30780.0,36371.0
2025-06-18 11:40:59.295505,6588.5,30780.0,36371.0
2025-06-18 11:40:59.630917,6588.5,31064.0,36396.0
2025-06-18 11:41:00.533456,6588.5,31249.0,36396.0
2025-06-18 11:41:01.307055,6588.0,31249.0,36396.0
2025-06-18 11:41:04.135967,6588.0,31191.0,36458.0
2025-06-18 11:41:07.304838,6588.5,31191.0,36458.0
2025-06-18 11:41:09.304667,6589.0,31191.0,36458.0
2025-06-18 11:41:09.538383,6589.0,31179.0,36145.0
2025-06-18 11:41:14.744534,6589.0,31152.0,36173.0
2025-06-18 11:41:15.298011,6589.0,31152.0,36173.0
2025-06-18 11:41:19.315165,6589.0,31152.0,36173.0
2025-06-18 11:41:19.753993,6589.0,31294.0,36134.0
2025-06-18 11:41:23.302763,6589.0,31294.0,36134.0
2025-06-18 11:41:24.783423,6586.0,30842.0,36463.0
2025-06-18 11:41:25.322795,6586.0,30842.0,36463.0
2025-06-18 11:41:29.850677,6589.0,30962.0,36341.0
2025-06-18 11:41:31.316475,6589.0,30962.0,36341.0
2025-06-18 11:41:35.355688,6589.0,31196.0,36097.0
2025-06-18 11:41:39.307484,6589.0,31196.0,36097.0
2025-06-18 11:41:40.960117,6589.0,31188.0,36094.0
2025-06-18 11:41:46.168998,6589.0,31185.0,36095.0
2025-06-18 11:41:51.067121,6586.0,31116.0,36145.0
2025-06-18 11:41:51.306917,6586.0,31116.0,36145.0
2025-06-18 11:41:56.178452,6586.0,31105.0,36011.0
2025-06-18 11:41:59.304705,6589.0,31105.0,36011.0
2025-06-18 11:42:00.319166,6586.5,31105.0,36011.0
2025-06-18 11:42:00.971851,6586.5,31175.0,36160.0
2025-06-18 11:42:02.173005,6589.0,31214.0,36140.0
2025-06-18 11:42:02.312561,6589.0,31214.0,36140.0
2025-06-18 11:42:03.279699,6589.0,31214.0,36122.0
2025-06-18 11:42:04.281369,6589.0,31240.0,36123.0
2025-06-18 11:42:05.282287,6589.0,31256.0,36100.0
2025-06-18 11:42:06.302021,6589.0,31250.0,36098.0
2025-06-18 11:42:06.349207,6589.0,31250.0,36098.0
2025-06-18 11:42:07.187922,6589.0,31255.0,36098.0
2025-06-18 11:42:08.280148,6589.0,31231.0,35994.0
2025-06-18 11:42:08.303994,6589.0,31231.0,35994.0
2025-06-18 11:42:09.290393,6589.0,31215.0,35929.0
2025-06-18 11:42:09.309879,6589.0,31215.0,35929.0
2025-06-18 11:42:10.457325,6587.0,31215.0,35929.0
2025-06-18 11:42:10.489708,6587.0,31190.0,36036.0
2025-06-18 11:42:11.478098,6587.0,31178.0,36152.0
2025-06-18 11:42:12.680047,6587.0,31247.0,36133.0
2025-06-18 11:42:13.785906,6587.0,31249.0,36133.0
2025-06-18 11:42:14.881317,6587.0,31248.0,36133.0
2025-06-18 11:42:15.885114,6587.0,31247.0,36145.0
2025-06-18 11:42:16.882788,6587.0,31248.0,36135.0
2025-06-18 11:42:17.889580,6587.0,31247.0,36151.0
2025-06-18 11:42:19.083220,6587.0,31247.0,36151.0
2025-06-18 11:42:20.083922,6587.0,31252.0,36162.0
2025-06-18 11:42:21.196437,6587.0,31252.0,36146.0
2025-06-18 11:42:22.289279,6587.0,31253.0,36146.0
2025-06-18 11:42:23.322920,6589.0,31253.0,36146.0
2025-06-18 11:42:23.390305,6589.0,31287.0,36129.0
2025-06-18 11:42:24.486199,6589.0,31288.0,36129.0
2025-06-18 11:42:25.989149,6589.0,31288.0,36129.0
2025-06-18 11:42:27.089399,6589.0,31303.0,36123.0
2025-06-18 11:42:28.591107,6589.0,31304.0,36123.0
2025-06-18 11:42:29.590259,6589.0,31304.0,36123.0
2025-06-18 11:42:30.595183,6589.0,31303.0,36123.0
2025-06-18 11:42:32.595954,6589.0,31227.0,36104.0
2025-06-18 11:42:33.355762,6589.0,31227.0,36104.0
2025-06-18 11:42:33.499838,6589.0,31227.0,36098.0
2025-06-18 11:42:34.706179,6589.0,31360.0,36023.0
2025-06-18 11:42:35.800563,6589.0,31323.0,35944.0
2025-06-18 11:42:36.900368,6589.0,31336.0,35948.0
2025-06-18 11:42:37.802326,6589.0,31400.0,36008.0
2025-06-18 11:42:38.305700,6590.0,31400.0,36008.0
2025-06-18 11:42:38.901323,6590.0,32264.0,35644.0
2025-06-18 11:42:39.902827,6590.0,32132.0,35776.0
2025-06-18 11:42:40.902945,6590.0,32074.0,35718.0
2025-06-18 11:42:42.003073,6590.0,32070.0,35731.0
2025-06-18 11:42:43.104404,6590.0,31959.0,35778.0
2025-06-18 11:42:44.003937,6590.0,31856.0,35799.0
2025-06-18 11:42:45.004711,6590.0,31918.0,35799.0
2025-06-18 11:42:46.006752,6590.0,31786.0,35938.0
2025-06-18 11:42:47.006158,6590.0,31845.0,35938.0
2025-06-18 11:42:48.013770,6590.0,31851.0,35922.0
2025-06-18 11:42:48.312512,6592.5,31851.0,35922.0
2025-06-18 11:42:49.009158,6592.5,31923.0,35687.0
2025-06-18 11:42:50.609279,6592.5,31916.0,35743.0
2025-06-18 11:42:51.712995,6592.5,31902.0,35733.0
2025-06-18 11:42:52.299156,6592.5,31902.0,35733.0
2025-06-18 11:42:52.811545,6592.5,31925.0,35773.0
2025-06-18 11:42:53.306301,6592.5,31925.0,35773.0
2025-06-18 11:42:53.342613,6592.5,31925.0,35773.0
2025-06-18 11:42:53.914185,6592.5,31876.0,35789.0
2025-06-18 11:42:54.573148,6592.5,31876.0,35789.0
2025-06-18 11:42:54.912378,6592.5,31901.0,35789.0
2025-06-18 11:42:55.308351,6592.5,31901.0,35789.0
2025-06-18 11:42:55.523185,6592.5,31901.0,35789.0
2025-06-18 11:42:55.912354,6592.5,31918.0,35774.0
2025-06-18 11:42:56.397705,6592.5,31918.0,35774.0
2025-06-18 11:42:57.012331,6592.5,31923.0,35774.0
2025-06-18 11:42:57.228649,6592.5,31923.0,35774.0
2025-06-18 11:42:58.112581,6592.5,31919.0,35774.0
2025-06-18 11:42:58.297148,6592.5,31919.0,35774.0
2025-06-18 11:42:58.314024,6592.5,31919.0,35774.0
2025-06-18 11:42:58.879044,6592.5,31919.0,35774.0
2025-06-18 11:42:59.225370,6592.5,32053.0,35668.0
2025-06-18 11:42:59.297324,6592.5,32053.0,35668.0
2025-06-18 11:42:59.337337,6592.5,32053.0,35668.0
2025-06-18 11:42:59.774630,6592.5,32053.0,35668.0
2025-06-18 11:43:00.160078,6592.5,32053.0,35668.0
2025-06-18 11:43:00.223075,6592.5,32047.0,35693.0
2025-06-18 11:43:01.040069,6592.5,32047.0,35693.0
2025-06-18 11:43:02.323927,6592.5,32047.0,35693.0
2025-06-18 11:43:03.174783,6592.5,32047.0,35693.0
2025-06-18 11:43:03.415782,6592.5,32042.0,35719.0
2025-06-18 11:43:04.581004,6592.5,32042.0,35719.0
2025-06-18 11:43:05.736688,6592.5,32042.0,35719.0
2025-06-18 11:43:06.872092,6592.5,32042.0,35719.0
2025-06-18 11:43:08.442763,6592.5,32042.0,35719.0
2025-06-18 11:43:08.620283,6595.0,31869.0,35588.0
2025-06-18 11:43:09.355409,6595.0,31869.0,35588.0
2025-06-18 11:43:13.322167,6594.5,31869.0,35588.0
2025-06-18 11:43:14.021138,6594.5,31867.0,35663.0
2025-06-18 11:43:15.313890,6591.5,31867.0,35663.0
2025-06-18 11:43:17.313165,6594.0,31867.0,35663.0
2025-06-18 11:43:19.623489,6594.0,31495.0,36105.0
2025-06-18 11:43:24.726500,6594.0,31656.0,36059.0
2025-06-18 11:43:29.310623,6593.5,31656.0,36059.0
2025-06-18 11:43:29.833406,6593.5,31792.0,35784.0
2025-06-18 11:43:35.236583,6593.5,31727.0,35834.0
2025-06-18 11:43:39.341261,6593.0,31727.0,35834.0
2025-06-18 11:43:40.499297,6591.0,31753.0,35945.0
2025-06-18 11:43:41.367681,6591.0,31753.0,35945.0
2025-06-18 11:43:45.310817,6589.5,31753.0,35945.0
2025-06-18 11:43:45.945021,6589.5,31251.0,36521.0
2025-06-18 11:43:51.448008,6589.5,31423.0,36269.0
2025-06-18 11:43:56.666765,6589.5,31399.0,36260.0
2025-06-18 11:44:01.313704,6589.5,31399.0,36260.0
2025-06-18 11:44:01.762766,6589.5,31324.0,36456.0
2025-06-18 11:44:06.960037,6589.5,31319.0,36368.0
2025-06-18 11:44:08.327759,6590.0,31319.0,36368.0
2025-06-18 11:44:11.965467,6590.0,30253.0,36363.0
2025-06-18 11:44:15.322051,6590.0,30253.0,36363.0
2025-06-18 11:44:17.068270,6590.0,31345.0,36245.0
2025-06-18 11:44:17.330471,6590.0,31345.0,36245.0
2025-06-18 11:44:22.287150,6590.0,31380.0,36245.0
2025-06-18 11:44:23.314756,6590.0,31380.0,36245.0
2025-06-18 11:44:27.376561,6590.0,31313.0,36237.0
2025-06-18 11:44:31.338073,6589.5,31313.0,36237.0
2025-06-18 11:44:32.180243,6586.5,31051.0,36577.0
2025-06-18 11:44:32.327195,6586.5,31051.0,36577.0
2025-06-18 11:44:36.884209,6586.5,31211.0,36551.0
2025-06-18 11:44:42.385182,6586.5,31406.0,36171.0
2025-06-18 11:44:47.587445,6586.5,31362.0,36365.0
2025-06-18 11:44:49.343160,6590.5,31362.0,36365.0
2025-06-18 11:44:52.590104,6590.5,31413.0,36295.0
2025-06-18 11:44:53.313794,6590.5,31413.0,36295.0
2025-06-18 11:44:57.690786,6590.5,31578.0,36152.0
2025-06-18 11:45:02.197462,6590.5,31651.0,36093.0
2025-06-18 11:45:03.319264,6591.0,31651.0,36093.0
2025-06-18 11:45:06.997798,6591.0,31710.0,36123.0
2025-06-18 11:45:09.311704,6592.0,31710.0,36123.0
2025-06-18 11:45:11.899967,6592.0,31661.0,36080.0
2025-06-18 11:45:16.814536,6592.0,31661.0,36108.0
2025-06-18 11:45:17.324607,6592.0,31661.0,36108.0
2025-06-18 11:45:19.313766,6592.0,31661.0,36108.0
2025-06-18 11:45:21.317699,6593.0,31661.0,36108.0
2025-06-18 11:45:22.106106,6593.0,31692.0,35971.0
2025-06-18 11:45:23.343424,6593.0,31692.0,35971.0
2025-06-18 11:45:27.009110,6593.0,31628.0,35918.0
2025-06-18 11:45:28.345863,6591.0,31628.0,35918.0
2025-06-18 11:45:31.717381,6591.0,31613.0,36011.0
2025-06-18 11:45:33.318140,6593.0,31613.0,36011.0
2025-06-18 11:45:36.516834,6593.0,31524.0,35952.0
2025-06-18 11:45:39.369354,6591.0,31524.0,35952.0
2025-06-18 11:45:41.418263,6591.0,31447.0,36102.0
2025-06-18 11:45:46.120349,6591.0,31524.0,36128.0
2025-06-18 11:45:47.312964,6591.0,31524.0,36128.0
2025-06-18 11:45:51.127211,6587.5,31020.0,36659.0
2025-06-18 11:45:52.732497,6587.5,31020.0,36659.0
2025-06-18 11:45:53.323007,6587.5,31020.0,36659.0
2025-06-18 11:45:53.814509,6587.5,31020.0,36659.0
2025-06-18 11:45:54.732162,6587.5,31020.0,36659.0
2025-06-18 11:45:55.830082,6587.5,31020.0,36659.0
2025-06-18 11:45:56.331769,6587.5,31090.0,36385.0
2025-06-18 11:45:56.707995,6587.5,31090.0,36385.0
2025-06-18 11:45:57.526764,6587.5,31090.0,36385.0
2025-06-18 11:45:58.636185,6587.5,31090.0,36385.0
2025-06-18 11:45:59.230755,6587.5,31090.0,36385.0
2025-06-18 11:45:59.315916,6590.5,31090.0,36385.0
2025-06-18 11:45:59.581973,6590.5,31090.0,36385.0
2025-06-18 11:46:00.075221,6590.5,31090.0,36385.0
2025-06-18 11:46:01.228566,6590.5,31225.0,36414.0
2025-06-18 11:46:01.334702,6590.5,31225.0,36414.0
2025-06-18 11:46:02.599249,6590.5,31225.0,36414.0
2025-06-18 11:46:03.467687,6590.5,31225.0,36414.0
2025-06-18 11:46:04.857649,6590.5,31225.0,36414.0
2025-06-18 11:46:06.026446,6590.5,31225.0,36414.0
2025-06-18 11:46:06.433049,6590.5,31223.0,36385.0
2025-06-18 11:46:07.146822,6590.5,31223.0,36385.0
2025-06-18 11:46:08.615943,6590.5,31223.0,36385.0
2025-06-18 11:46:09.322926,6590.5,31223.0,36385.0
2025-06-18 11:46:11.736893,6590.5,31374.0,36317.0
2025-06-18 11:46:16.739929,6590.5,31979.0,36265.0
2025-06-18 11:46:21.742591,6590.0,31800.0,36209.0
2025-06-18 11:46:22.390957,6590.0,31800.0,36209.0
2025-06-18 11:46:25.316186,6589.5,31800.0,36209.0
2025-06-18 11:46:26.744994,6589.5,31827.0,36252.0
2025-06-18 11:46:31.450952,6589.5,31764.0,36281.0
2025-06-18 11:46:36.452071,6589.5,31751.0,36321.0
2025-06-18 11:46:39.320567,6589.5,31751.0,36321.0
2025-06-18 11:46:41.258554,6589.5,31774.0,36135.0
2025-06-18 11:46:44.323770,6587.5,31774.0,36135.0
2025-06-18 11:46:45.323286,6589.5,31774.0,36135.0
2025-06-18 11:46:45.958324,6589.5,31762.0,36125.0
2025-06-18 11:46:50.663492,6589.5,31830.0,36141.0
2025-06-18 11:46:53.342363,6590.0,31830.0,36141.0
2025-06-18 11:46:55.567008,6590.0,31944.0,36130.0
2025-06-18 11:46:58.330731,6590.0,31944.0,36130.0
2025-06-18 11:47:00.467755,6590.0,31994.0,36192.0
2025-06-18 11:47:01.324099,6590.0,31994.0,36192.0
2025-06-18 11:47:05.070965,6590.0,31957.0,36191.0
2025-06-18 11:47:05.328229,6590.0,31957.0,36191.0
2025-06-18 11:47:09.325659,6590.0,31957.0,36191.0
2025-06-18 11:47:10.372030,6590.0,31888.0,36162.0
2025-06-18 11:47:15.324010,6590.0,31888.0,36162.0
2025-06-18 11:47:15.789093,6590.0,31798.0,36156.0
2025-06-18 11:47:20.877507,6590.0,31889.0,36137.0
2025-06-18 11:47:21.320972,6590.0,31889.0,36137.0
2025-06-18 11:47:23.323573,6590.0,31889.0,36137.0
2025-06-18 11:47:25.326306,6590.0,31889.0,36137.0
2025-06-18 11:47:25.977661,6590.0,31856.0,36031.0
2025-06-18 11:47:30.983709,6590.0,31851.0,35997.0
2025-06-18 11:47:33.326403,6590.0,31851.0,35997.0
2025-06-18 11:47:36.384069,6590.0,31888.0,35937.0
2025-06-18 11:47:37.327609,6590.0,31888.0,35937.0
2025-06-18 11:47:39.330379,6590.0,31888.0,35937.0
2025-06-18 11:47:41.987475,6590.0,31832.0,35915.0
2025-06-18 11:47:43.342025,6590.0,31832.0,35915.0
2025-06-18 11:47:47.392283,6590.0,31781.0,35930.0
2025-06-18 11:47:49.325783,6590.0,31781.0,35930.0
2025-06-18 11:47:50.335942,6590.0,31781.0,35930.0
2025-06-18 11:47:53.123114,6590.0,31744.0,35969.0
2025-06-18 11:47:53.373693,6590.0,31744.0,35969.0
2025-06-18 11:47:57.594753,6590.0,31754.0,35878.0
2025-06-18 11:48:02.496711,6590.0,31765.0,35900.0
2025-06-18 11:48:05.324594,6591.5,31765.0,35900.0
2025-06-18 11:48:07.599946,6591.5,31871.0,35903.0
2025-06-18 11:48:09.358415,6591.5,31871.0,35903.0
2025-06-18 11:48:12.602039,6591.5,31855.0,35896.0
2025-06-18 11:48:17.908144,6591.5,31850.0,35871.0
2025-06-18 11:48:22.904240,6591.5,31880.0,35866.0
2025-06-18 11:48:23.356169,6591.5,31880.0,35866.0
2025-06-18 11:48:27.384079,6591.5,31880.0,35866.0
2025-06-18 11:48:28.108479,6591.5,31932.0,35843.0
2025-06-18 11:48:31.321677,6591.5,31932.0,35843.0
2025-06-18 11:48:32.335242,6591.5,31932.0,35843.0
2025-06-18 11:48:33.324915,6591.5,31931.0,35835.0
2025-06-18 11:48:38.516562,6591.5,31907.0,35837.0
2025-06-18 11:48:39.330156,6591.5,31907.0,35837.0
2025-06-18 11:48:40.368270,6592.5,31907.0,35837.0
2025-06-18 11:48:43.219938,6592.5,32475.0,35782.0
2025-06-18 11:48:48.024743,6592.5,32482.0,35765.0
2025-06-18 11:48:53.024703,6593.5,32455.0,35679.0
2025-06-18 11:48:53.267133,6593.5,32455.0,35679.0
2025-06-18 11:48:53.332054,6593.5,32455.0,35679.0
2025-06-18 11:48:54.313756,6593.5,32455.0,35679.0
2025-06-18 11:48:55.241946,6593.5,32455.0,35679.0
2025-06-18 11:48:55.325222,6592.5,32455.0,35679.0
2025-06-18 11:48:56.207535,6592.5,32455.0,35679.0
2025-06-18 11:48:57.124823,6592.5,32455.0,35679.0
2025-06-18 11:48:57.930299,6592.5,32249.0,35775.0
2025-06-18 11:48:57.942603,6592.5,32249.0,35775.0
2025-06-18 11:48:59.039724,6592.5,32249.0,35775.0
2025-06-18 11:48:59.327332,6592.5,32249.0,35775.0
2025-06-18 11:48:59.611421,6592.5,32249.0,35775.0
2025-06-18 11:49:00.517954,6592.5,32249.0,35775.0
2025-06-18 11:49:01.876777,6592.5,32249.0,35775.0
2025-06-18 11:49:02.830956,6592.5,32249.0,35726.0
2025-06-18 11:49:03.038599,6592.5,32249.0,35726.0
2025-06-18 11:49:03.902827,6592.5,32249.0,35726.0
2025-06-18 11:49:05.304918,6592.5,32249.0,35726.0
2025-06-18 11:49:06.478973,6592.5,32249.0,35726.0
2025-06-18 11:49:07.334140,6593.5,32249.0,35726.0
2025-06-18 11:49:07.577799,6593.5,32249.0,35726.0
2025-06-18 11:49:07.934204,6593.5,32261.0,35651.0
2025-06-18 11:49:09.062707,6593.5,32261.0,35651.0
2025-06-18 11:49:09.334670,6593.5,32261.0,35651.0
2025-06-18 11:49:12.840389,6593.5,32295.0,35654.0
2025-06-18 11:49:17.333059,6593.5,32295.0,35654.0
2025-06-18 11:49:17.740360,6593.5,32305.0,35685.0
2025-06-18 11:49:19.332024,6593.5,32305.0,35685.0
2025-06-18 11:49:22.844834,6593.5,32287.0,35735.0
2025-06-18 11:49:23.327347,6593.5,32287.0,35735.0
2025-06-18 11:49:27.549427,6593.5,32220.0,35741.0
2025-06-18 11:49:31.335027,6593.5,32220.0,35741.0
2025-06-18 11:49:32.554710,6593.5,32342.0,35640.0
2025-06-18 11:49:37.334806,6592.0,32342.0,35640.0
2025-06-18 11:49:37.757792,6592.0,32361.0,35639.0
2025-06-18 11:49:39.336055,6593.5,32361.0,35639.0
2025-06-18 11:49:40.334908,6594.0,32361.0,35639.0
2025-06-18 11:49:42.958753,6594.0,31984.0,35661.0
2025-06-18 11:49:47.764875,6594.0,31976.0,35687.0
2025-06-18 11:49:49.334164,6594.0,31976.0,35687.0
2025-06-18 11:49:52.671853,6594.0,32291.0,35778.0
2025-06-18 11:49:53.337302,6593.5,32291.0,35778.0
2025-06-18 11:49:57.070712,6593.5,32299.0,35713.0
2025-06-18 11:50:00.340416,6594.0,32299.0,35713.0
2025-06-18 11:50:01.470693,6594.0,32453.0,35690.0
2025-06-18 11:50:06.570199,6592.0,32551.0,35391.0
2025-06-18 11:50:07.342030,6592.0,32551.0,35391.0
2025-06-18 11:50:08.339602,6594.5,32551.0,35391.0
2025-06-18 11:50:11.330120,6594.5,32551.0,35391.0
2025-06-18 11:50:11.572893,6594.5,32581.0,35555.0
2025-06-18 11:50:17.812146,6594.5,32509.0,35570.0
2025-06-18 11:50:17.818202,6592.0,32509.0,35570.0
2025-06-18 11:50:21.477067,6594.0,32497.0,35613.0
2025-06-18 11:50:23.331883,6594.0,32497.0,35613.0
2025-06-18 11:50:26.678942,6594.0,32485.0,35614.0
2025-06-18 11:50:31.481619,6594.0,32565.0,35609.0
2025-06-18 11:50:33.331373,6594.0,32565.0,35609.0
2025-06-18 11:50:34.365866,6594.0,32565.0,35609.0
2025-06-18 11:50:36.389817,6594.5,32512.0,35656.0
2025-06-18 11:50:37.332985,6594.5,32512.0,35656.0
2025-06-18 11:50:39.326971,6594.5,32512.0,35656.0
2025-06-18 11:50:41.688640,6594.5,32504.0,35668.0
2025-06-18 11:50:43.337380,6594.5,32504.0,35668.0
2025-06-18 11:50:46.690451,6594.5,32529.0,35668.0
2025-06-18 11:50:47.779957,6594.5,32529.0,35668.0
2025-06-18 11:50:51.492626,6594.5,32550.0,35578.0
2025-06-18 11:50:52.351097,6594.5,32550.0,35578.0
2025-06-18 11:50:55.326518,6594.5,32550.0,35578.0
2025-06-18 11:50:56.195790,6594.5,32493.0,35589.0
2025-06-18 11:50:56.347951,6594.5,32493.0,35589.0
2025-06-18 11:51:00.598101,6594.5,32519.0,35572.0
2025-06-18 11:51:03.346847,6579.0,32519.0,35572.0
2025-06-18 11:51:04.810748,6579.0,29859.0,37125.0
2025-06-18 11:51:07.345745,6579.0,29859.0,37125.0
2025-06-18 11:51:09.336505,6580.5,29859.0,37125.0
2025-06-18 11:51:09.903514,6580.5,31091.0,37329.0
2025-06-18 11:51:13.339593,6587.5,31091.0,37329.0
2025-06-18 11:51:15.316900,6587.5,31275.0,36225.0
2025-06-18 11:51:17.338466,6582.5,31275.0,36225.0
2025-06-18 11:51:19.343596,6584.5,31275.0,36225.0
2025-06-18 11:51:20.570786,6587.5,31275.0,36225.0
2025-06-18 11:51:20.710003,6587.5,31532.0,36444.0
2025-06-18 11:51:23.334398,6587.5,31532.0,36444.0
2025-06-18 11:51:25.818671,6587.5,31555.0,36415.0
2025-06-18 11:51:27.372024,6587.5,31555.0,36415.0
2025-06-18 11:51:28.421060,6589.0,31555.0,36415.0
2025-06-18 11:51:30.513128,6589.0,31528.0,35836.0
2025-06-18 11:51:35.515776,6589.0,31729.0,35859.0
2025-06-18 11:51:37.340092,6590.0,31729.0,35859.0
2025-06-18 11:51:39.362095,6590.0,31729.0,35859.0
2025-06-18 11:51:40.618792,6590.0,31691.0,35522.0
2025-06-18 11:51:45.361359,6590.0,31691.0,35522.0
2025-06-18 11:51:45.423554,6590.0,31552.0,35698.0
2025-06-18 11:51:47.332923,6590.0,31552.0,35698.0
2025-06-18 11:51:49.337627,6590.0,31552.0,35698.0
2025-06-18 11:51:50.227060,6590.0,31499.0,35979.0
2025-06-18 11:51:53.360492,6590.0,31499.0,35979.0
2025-06-18 11:51:53.680125,6590.0,31499.0,35979.0
2025-06-18 11:51:54.757375,6590.0,31499.0,35979.0
2025-06-18 11:51:54.932293,6590.0,31501.0,35966.0
2025-06-18 11:51:55.688806,6590.0,31501.0,35966.0
2025-06-18 11:51:56.657659,6590.0,31501.0,35966.0
2025-06-18 11:51:57.678840,6590.0,31501.0,35966.0
2025-06-18 11:51:58.347588,6590.0,31501.0,35966.0
2025-06-18 11:51:58.505348,6590.0,31501.0,35966.0
2025-06-18 11:51:59.609318,6590.0,31501.0,35966.0
2025-06-18 11:51:59.936270,6590.0,31614.0,35854.0
2025-06-18 11:52:00.179309,6590.0,31614.0,35854.0
2025-06-18 11:52:01.090917,6590.0,31614.0,35854.0
2025-06-18 11:52:01.536429,6590.0,31608.0,35854.0
2025-06-18 11:52:02.373463,6590.0,31608.0,35854.0
2025-06-18 11:52:02.638840,6590.0,31508.0,35916.0
2025-06-18 11:52:03.336160,6590.0,31508.0,35916.0
2025-06-18 11:52:03.615501,6590.0,31508.0,35916.0
2025-06-18 11:52:03.738467,6590.0,31513.0,35894.0
2025-06-18 11:52:04.500591,6590.0,31513.0,35894.0
2025-06-18 11:52:04.840673,6590.0,31513.0,35894.0
2025-06-18 11:52:05.841108,6590.0,31515.0,35894.0
2025-06-18 11:52:05.890211,6590.0,31515.0,35894.0
2025-06-18 11:52:06.842017,6590.0,31534.0,35894.0
2025-06-18 11:52:07.030601,6590.0,31534.0,35894.0
2025-06-18 11:52:07.842975,6590.0,31539.0,35889.0
2025-06-18 11:52:08.186656,6590.0,31539.0,35889.0
2025-06-18 11:52:08.335587,6590.0,31539.0,35889.0
2025-06-18 11:52:08.869558,6590.0,31544.0,35768.0
2025-06-18 11:52:09.672039,6590.0,31544.0,35768.0
2025-06-18 11:52:09.945395,6590.0,31555.0,35887.0
2025-06-18 11:52:11.046019,6590.0,31549.0,35887.0
2025-06-18 11:52:12.151274,6590.0,30537.0,35907.0
2025-06-18 11:52:13.247912,6590.0,31370.0,36095.0
2025-06-18 11:52:13.336090,6590.0,31370.0,36095.0
2025-06-18 11:52:14.364778,6590.0,31370.0,36189.0
2025-06-18 11:52:15.337407,6589.0,31370.0,36189.0
2025-06-18 11:52:15.351890,6589.0,31349.0,36308.0
2025-06-18 11:52:16.354536,6589.0,31349.0,36236.0
2025-06-18 11:52:18.335808,6590.0,31349.0,36236.0
2025-06-18 11:52:18.356750,6590.0,31349.0,36204.0
2025-06-18 11:52:19.362284,6590.0,31284.0,36203.0
2025-06-18 11:52:20.252522,6590.0,30964.0,35631.0
2025-06-18 11:52:21.253400,6590.0,30983.0,35565.0
2025-06-18 11:52:22.254740,6590.0,30962.0,35580.0
2025-06-18 11:52:23.260312,6590.0,30956.0,35570.0
2025-06-18 11:52:23.341790,6590.0,30956.0,35570.0
2025-06-18 11:52:24.344927,6590.0,30956.0,35570.0
2025-06-18 11:52:24.366440,6590.0,30945.0,35560.0
2025-06-18 11:52:25.357203,6590.0,30938.0,35582.0
2025-06-18 11:52:26.378165,6590.0,30989.0,35582.0
2025-06-18 11:52:27.366644,6590.0,31472.0,35608.0
2025-06-18 11:52:28.336567,6590.0,31472.0,35608.0
2025-06-18 11:52:28.484910,6590.0,31474.0,35605.0
2025-06-18 11:52:29.957849,6590.0,31474.0,35590.0
2025-06-18 11:52:30.866054,6590.0,31474.0,35605.0
2025-06-18 11:52:31.372715,6590.0,31474.0,35605.0
2025-06-18 11:52:31.858983,6590.0,31482.0,35601.0
2025-06-18 11:52:32.961692,6590.0,31482.0,35651.0
2025-06-18 11:52:33.337609,6590.0,31482.0,35651.0
2025-06-18 11:52:33.961703,6590.0,31482.0,35647.0
2025-06-18 11:52:34.414105,6590.0,31482.0,35647.0
2025-06-18 11:52:35.973505,6590.0,31482.0,35697.0
2025-06-18 11:52:37.063460,6590.0,31486.0,35697.0
2025-06-18 11:52:38.174048,6590.0,31485.0,35683.0
2025-06-18 11:52:38.358430,6590.0,31485.0,35683.0
2025-06-18 11:52:39.166717,6589.0,31366.0,35681.0
2025-06-18 11:52:39.340477,6589.0,31366.0,35681.0
2025-06-18 11:52:40.202846,6589.0,31296.0,35682.0
2025-06-18 11:52:41.264041,6589.0,31312.0,35678.0
2025-06-18 11:52:42.373308,6589.0,31314.0,35685.0
2025-06-18 11:52:43.336018,6590.0,31314.0,35685.0
2025-06-18 11:52:43.467371,6590.0,31336.0,35716.0
2025-06-18 11:52:44.368272,6590.0,31336.0,35716.0
2025-06-18 11:52:45.372986,6590.0,31336.0,35716.0
2025-06-18 11:52:46.396304,6590.0,31336.0,35716.0
2025-06-18 11:52:47.368046,6590.0,31336.0,35716.0
2025-06-18 11:52:48.340996,6590.0,31336.0,35716.0
2025-06-18 11:52:48.371224,6590.0,31336.0,35711.0
2025-06-18 11:52:49.271062,6590.0,31336.0,35711.0
2025-06-18 11:52:50.273898,6590.0,31344.0,35711.0
2025-06-18 11:52:51.276776,6590.0,31350.0,35705.0
2025-06-18 11:52:52.274540,6590.0,31216.0,35687.0
2025-06-18 11:52:53.275891,6590.0,31215.0,35679.0
2025-06-18 11:52:53.346689,6590.0,31215.0,35679.0
2025-06-18 11:52:54.276869,6590.0,31207.0,35726.0
2025-06-18 11:52:55.277613,6590.0,31214.0,35726.0
2025-06-18 11:52:56.279204,6590.0,31226.0,35726.0
2025-06-18 11:52:57.281215,6590.0,31232.0,35726.0
2025-06-18 11:52:58.281906,6590.0,31233.0,35723.0
2025-06-18 11:52:58.337244,6590.0,31233.0,35723.0
2025-06-18 11:52:59.286424,6590.0,31234.0,35704.0
2025-06-18 11:53:00.283495,6590.0,31158.0,35730.0
2025-06-18 11:53:01.483706,6590.0,31148.0,35738.0
2025-06-18 11:53:03.353946,6590.0,31148.0,35738.0
2025-06-18 11:53:06.790121,6590.0,31181.0,35723.0
2025-06-18 11:53:09.345574,6590.0,31181.0,35723.0
2025-06-18 11:53:11.688168,6590.0,31445.0,35730.0
2025-06-18 11:53:13.390935,6590.0,31445.0,35730.0
2025-06-18 11:53:17.886734,6590.0,31404.0,35724.0
2025-06-18 11:53:19.341747,6590.0,31404.0,35724.0
2025-06-18 11:53:20.997907,6590.0,31515.0,35651.0
2025-06-18 11:53:23.382643,6590.0,31515.0,35651.0
2025-06-18 11:53:25.701102,6590.0,31486.0,35699.0
2025-06-18 11:53:28.480584,6590.0,31486.0,35699.0
2025-06-18 11:53:30.103616,6590.0,31525.0,35716.0
2025-06-18 11:53:33.366164,6590.0,31525.0,35716.0
2025-06-18 11:53:34.506488,6590.0,31230.0,35663.0
2025-06-18 11:53:38.377865,6590.0,31230.0,35663.0
2025-06-18 11:53:39.109896,6590.0,31239.0,35679.0
2025-06-18 11:53:42.367533,6590.0,31239.0,35679.0
2025-06-18 11:53:43.363888,6590.0,31239.0,35679.0
2025-06-18 11:53:44.013136,6590.0,31540.0,35686.0
2025-06-18 11:53:44.351539,6590.0,31540.0,35686.0
2025-06-18 11:53:48.356900,6590.0,31540.0,35686.0
2025-06-18 11:53:48.619715,6590.0,31680.0,35549.0
2025-06-18 11:53:49.389003,6588.5,31680.0,35549.0
2025-06-18 11:53:53.219832,6590.0,31592.0,35566.0
2025-06-18 11:53:53.348182,6590.0,31592.0,35566.0
2025-06-18 11:53:57.926507,6590.0,31452.0,35583.0
2025-06-18 11:53:58.373402,6590.0,31452.0,35583.0
2025-06-18 11:54:02.426047,6590.0,31544.0,35632.0
2025-06-18 11:54:03.396249,6590.0,31544.0,35632.0
2025-06-18 11:54:07.131082,6590.0,31517.0,35729.0
2025-06-18 11:54:09.371996,6590.0,31517.0,35729.0
2025-06-18 11:54:11.837923,6590.0,31606.0,35706.0
2025-06-18 11:54:13.352129,6590.0,31606.0,35706.0
2025-06-18 11:54:16.241553,6590.0,31622.0,35726.0
2025-06-18 11:54:18.391475,6590.0,31622.0,35726.0
2025-06-18 11:54:20.737960,6590.0,31627.0,35676.0
2025-06-18 11:54:21.356517,6590.0,31627.0,35676.0
2025-06-18 11:54:23.356124,6590.0,31627.0,35676.0
2025-06-18 11:54:25.438620,6590.0,31742.0,35674.0
2025-06-18 11:54:29.350494,6590.0,31742.0,35674.0
2025-06-18 11:54:29.841331,6590.0,31743.0,35679.0
2025-06-18 11:54:33.351897,6590.0,31743.0,35679.0
2025-06-18 11:54:34.453837,6590.0,31907.0,35713.0
2025-06-18 11:54:37.357991,6590.0,31907.0,35713.0
2025-06-18 11:54:39.353397,6590.0,31907.0,35713.0
2025-06-18 11:54:39.359561,6590.0,31598.0,35680.0
2025-06-18 11:54:41.354871,6590.0,31598.0,35680.0
2025-06-18 11:54:44.659559,6590.0,31937.0,35676.0
2025-06-18 11:54:45.351026,6590.0,31937.0,35676.0
2025-06-18 11:54:47.359100,6590.0,31937.0,35676.0
2025-06-18 11:54:50.059089,6590.0,31814.0,35676.0
2025-06-18 11:54:50.361974,6590.0,31814.0,35676.0
2025-06-18 11:54:53.370333,6590.0,31814.0,35676.0
2025-06-18 11:54:54.347223,6590.0,31814.0,35676.0
2025-06-18 11:54:55.066886,6590.0,31901.0,35661.0
2025-06-18 11:54:55.412009,6590.0,31901.0,35661.0
2025-06-18 11:54:56.373228,6590.0,31901.0,35661.0
2025-06-18 11:54:57.303314,6590.0,31901.0,35661.0
2025-06-18 11:54:58.209813,6590.0,31901.0,35661.0
2025-06-18 11:54:59.179411,6590.0,31901.0,35661.0
2025-06-18 11:54:59.357031,6590.0,31901.0,35661.0
2025-06-18 11:54:59.763960,6590.0,32019.0,35718.0
2025-06-18 11:55:00.277652,6590.0,32019.0,35718.0
2025-06-18 11:55:01.261917,6590.0,32019.0,35718.0
2025-06-18 11:55:02.130220,6590.0,32019.0,35718.0
2025-06-18 11:55:03.348331,6590.0,32019.0,35718.0
2025-06-18 11:55:05.141551,6590.0,32019.0,35718.0
2025-06-18 11:55:05.224346,6590.0,31975.0,35706.0
2025-06-18 11:55:05.255242,6590.0,31975.0,35706.0
2025-06-18 11:55:06.537821,6590.0,31975.0,35706.0
2025-06-18 11:55:07.682981,6590.0,31975.0,35706.0
2025-06-18 11:55:08.875957,6590.0,31975.0,35706.0
2025-06-18 11:55:09.356145,6590.0,31975.0,35706.0
2025-06-18 11:55:09.972046,6590.0,32077.0,35695.0
2025-06-18 11:55:10.399694,6590.0,32077.0,35695.0
2025-06-18 11:55:13.359232,6590.0,32077.0,35695.0
2025-06-18 11:55:15.173490,6589.0,32093.0,35703.0
2025-06-18 11:55:15.358793,6589.0,32093.0,35703.0
2025-06-18 11:55:20.490693,6590.0,32093.0,35703.0
2025-06-18 11:55:20.495043,6590.0,32083.0,35739.0
2025-06-18 11:55:23.488620,6590.0,32083.0,35739.0
2025-06-18 11:55:24.981154,6590.0,32107.0,36157.0
2025-06-18 11:55:28.399411,6590.0,32107.0,36157.0
2025-06-18 11:55:30.188559,6589.0,32031.0,36134.0
2025-06-18 11:55:31.365235,6589.0,32031.0,36134.0
2025-06-18 11:55:33.381043,6590.0,32031.0,36134.0
2025-06-18 11:55:35.390266,6587.0,30897.0,36903.0
2025-06-18 11:55:37.368134,6587.0,30897.0,36903.0
2025-06-18 11:55:39.366335,6585.5,30897.0,36903.0
2025-06-18 11:55:40.485915,6585.5,30979.0,36925.0
2025-06-18 11:55:43.356565,6587.0,30979.0,36925.0
2025-06-18 11:55:44.392865,6585.5,30979.0,36925.0
2025-06-18 11:55:45.489714,6585.5,31012.0,36961.0
2025-06-18 11:55:49.349336,6587.0,31012.0,36961.0
2025-06-18 11:55:50.298350,6587.0,31055.0,36902.0
2025-06-18 11:55:53.358271,6587.0,31055.0,36902.0
2025-06-18 11:55:55.195895,6586.5,30967.0,36872.0
2025-06-18 11:55:55.367834,6586.5,30967.0,36872.0
2025-06-18 11:55:59.358792,6587.0,30967.0,36872.0
2025-06-18 11:56:00.395661,6587.0,30991.0,36946.0
2025-06-18 11:56:03.357580,6587.0,30991.0,36946.0
2025-06-18 11:56:05.202524,6585.5,31008.0,36947.0
2025-06-18 11:56:05.364275,6585.5,31008.0,36947.0
