timestamp,ltp,bid_qty,ask_qty
2025-06-18 11:01:36.663132,5398.5,43481.0,81592.0
2025-06-18 11:01:37.146113,5399.0,43481.0,81592.0
2025-06-18 11:01:37.739829,5399.0,43630.0,81614.0
2025-06-18 11:01:39.135695,5399.0,43630.0,81614.0
2025-06-18 11:01:41.137389,5399.0,43630.0,81614.0
2025-06-18 11:01:42.744689,5399.0,43838.0,81576.0
2025-06-18 11:01:43.134089,5399.0,43838.0,81576.0
2025-06-18 11:01:47.852547,5399.0,43819.0,81543.0
2025-06-18 11:01:49.176041,5399.0,43819.0,81543.0
2025-06-18 11:01:51.148100,5397.0,43819.0,81543.0
2025-06-18 11:01:53.140704,5397.5,43819.0,81543.0
2025-06-18 11:01:53.550354,5397.5,43656.0,81766.0
2025-06-18 11:01:55.148886,5397.0,43656.0,81766.0
2025-06-18 11:01:58.975672,5397.5,43590.0,81789.0
2025-06-18 11:01:59.142350,5397.5,43590.0,81789.0
2025-06-18 11:02:01.142681,5397.5,43590.0,81789.0
2025-06-18 11:02:01.855520,5397.5,43378.0,81896.0
2025-06-18 11:02:02.857752,5397.5,43471.0,81847.0
2025-06-18 11:02:03.141681,5397.5,43471.0,81847.0
2025-06-18 11:02:05.166975,5397.5,43466.0,81841.0
2025-06-18 11:02:05.356003,5397.5,43474.0,81841.0
2025-06-18 11:02:06.143172,5397.5,43474.0,81841.0
2025-06-18 11:02:06.358846,5397.5,43569.0,81642.0
2025-06-18 11:02:07.465077,5397.5,43628.0,81890.0
2025-06-18 11:02:08.140615,5397.5,43628.0,81890.0
2025-06-18 11:02:08.558662,5397.5,43554.0,81915.0
2025-06-18 11:02:09.137444,5397.5,43554.0,81915.0
2025-06-18 11:02:09.660969,5397.5,43544.0,81922.0
2025-06-18 11:02:10.147219,5397.0,43544.0,81922.0
2025-06-18 11:02:10.760360,5397.0,43324.0,82016.0
2025-06-18 11:02:11.861929,5397.0,43296.0,82022.0
2025-06-18 11:02:12.864404,5397.5,43255.0,81969.0
2025-06-18 11:02:13.145524,5397.5,43255.0,81969.0
2025-06-18 11:02:13.763634,5397.5,43249.0,81969.0
2025-06-18 11:02:15.164623,5397.5,43261.0,81984.0
2025-06-18 11:02:15.167342,5397.5,43261.0,81984.0
2025-06-18 11:02:15.977829,5397.5,43270.0,81971.0
2025-06-18 11:02:17.068009,5397.0,43320.0,81977.0
2025-06-18 11:02:17.141141,5397.0,43320.0,81977.0
2025-06-18 11:02:18.139721,5397.5,43320.0,81977.0
2025-06-18 11:02:18.168845,5397.5,43280.0,81924.0
2025-06-18 11:02:19.069343,5397.5,43342.0,81945.0
2025-06-18 11:02:20.266456,5397.5,43250.0,81914.0
2025-06-18 11:02:21.368376,5397.5,43301.0,81933.0
2025-06-18 11:02:22.480747,5397.5,43295.0,81945.0
2025-06-18 11:02:23.141983,5397.5,43295.0,81945.0
2025-06-18 11:02:23.479840,5397.5,43294.0,81952.0
2025-06-18 11:02:24.572799,5397.5,43346.0,81988.0
2025-06-18 11:02:25.573067,5397.5,43345.0,82033.0
2025-06-18 11:02:26.673046,5397.5,43345.0,81961.0
2025-06-18 11:02:27.772856,5397.0,43339.0,81466.0
2025-06-18 11:02:28.140770,5397.0,43339.0,81466.0
2025-06-18 11:02:28.774526,5397.0,43295.0,81839.0
2025-06-18 11:02:29.142675,5397.5,43295.0,81839.0
2025-06-18 11:02:29.872812,5397.5,43349.0,81851.0
2025-06-18 11:02:30.984879,5395.5,43348.0,81856.0
2025-06-18 11:02:31.139467,5395.5,43348.0,81856.0
2025-06-18 11:02:32.076198,5397.5,43371.0,81908.0
2025-06-18 11:02:32.144679,5397.5,43371.0,81908.0
2025-06-18 11:02:33.144597,5397.5,43371.0,81908.0
2025-06-18 11:02:33.185687,5397.5,43374.0,81844.0
2025-06-18 11:02:34.144891,5396.0,43374.0,81844.0
2025-06-18 11:02:34.275097,5396.0,43325.0,81904.0
2025-06-18 11:02:35.379551,5396.0,43346.0,81910.0
2025-06-18 11:02:36.147907,5397.5,43346.0,81910.0
2025-06-18 11:02:36.380175,5397.5,43342.0,81890.0
2025-06-18 11:02:37.142834,5395.5,43342.0,81890.0
2025-06-18 11:02:37.379328,5396.5,42796.0,82078.0
2025-06-18 11:02:38.143560,5396.5,42796.0,82078.0
2025-06-18 11:02:38.517874,5397.5,42838.0,81930.0
2025-06-18 11:02:39.146312,5397.5,42838.0,81930.0
2025-06-18 11:02:39.579239,5397.5,42843.0,81910.0
2025-06-18 11:02:40.682840,5397.5,42832.0,81939.0
2025-06-18 11:02:41.784467,5397.5,42832.0,81915.0
2025-06-18 11:02:42.786681,5397.5,42832.0,81924.0
2025-06-18 11:02:43.147802,5397.5,42832.0,81924.0
2025-06-18 11:02:43.885057,5397.5,42838.0,81919.0
2025-06-18 11:02:44.886319,5397.5,42837.0,81941.0
2025-06-18 11:02:45.886417,5397.5,42843.0,81904.0
2025-06-18 11:02:46.892407,5395.0,42831.0,81916.0
2025-06-18 11:02:47.151546,5395.0,42831.0,81916.0
2025-06-18 11:02:47.886484,5397.5,42905.0,81899.0
2025-06-18 11:02:48.145328,5397.5,42905.0,81899.0
2025-06-18 11:02:48.888636,5397.5,42919.0,81891.0
2025-06-18 11:02:49.789976,5397.5,42921.0,81905.0
2025-06-18 11:02:50.889132,5397.5,42908.0,81900.0
2025-06-18 11:02:51.888579,5397.5,42922.0,81881.0
2025-06-18 11:02:52.890454,5397.5,42043.0,81983.0
2025-06-18 11:02:53.146041,5397.5,42043.0,81983.0
2025-06-18 11:02:53.891143,5397.5,42916.0,81989.0
2025-06-18 11:02:54.891185,5397.5,42922.0,81941.0
2025-06-18 11:02:55.792975,5394.5,42739.0,81894.0
2025-06-18 11:02:56.146756,5394.5,42739.0,81894.0
2025-06-18 11:02:56.793582,5397.5,42813.0,81800.0
2025-06-18 11:02:57.149066,5397.5,42813.0,81800.0
2025-06-18 11:02:57.794672,5397.5,42774.0,81831.0
2025-06-18 11:02:58.148707,5397.5,42774.0,81831.0
2025-06-18 11:02:58.799286,5397.5,42729.0,81826.0
2025-06-18 11:02:59.897490,5397.5,42740.0,81783.0
2025-06-18 11:03:00.149818,5397.5,42740.0,81783.0
2025-06-18 11:03:00.801486,5397.5,41850.0,81790.0
2025-06-18 11:03:01.900273,5397.5,42725.0,81800.0
2025-06-18 11:03:03.146529,5397.5,42725.0,81800.0
2025-06-18 11:03:05.145078,5395.0,42725.0,81800.0
2025-06-18 11:03:07.404198,5397.5,42699.0,81845.0
2025-06-18 11:03:09.152252,5397.5,42699.0,81845.0
2025-06-18 11:03:12.603837,5397.0,42684.0,81815.0
2025-06-18 11:03:13.147807,5397.0,42684.0,81815.0
2025-06-18 11:03:17.152203,5397.5,42684.0,81815.0
2025-06-18 11:03:17.704447,5397.0,42634.0,81759.0
2025-06-18 11:03:19.152090,5397.0,42634.0,81759.0
2025-06-18 11:03:21.209479,5397.0,42634.0,81759.0
2025-06-18 11:03:23.007305,5395.5,42692.0,81749.0
2025-06-18 11:03:23.154739,5395.5,42692.0,81749.0
2025-06-18 11:03:28.212927,5397.5,43826.0,81635.0
2025-06-18 11:03:29.153177,5397.5,43826.0,81635.0
2025-06-18 11:03:33.150406,5397.5,43826.0,81635.0
2025-06-18 11:03:33.614631,5397.5,43792.0,81662.0
2025-06-18 11:03:39.151128,5397.5,43792.0,81662.0
2025-06-18 11:03:39.217642,5397.5,43827.0,81627.0
2025-06-18 11:03:43.158696,5397.5,43827.0,81627.0
2025-06-18 11:03:44.318775,5397.5,43784.0,81618.0
2025-06-18 11:03:45.168912,5397.5,43784.0,81618.0
2025-06-18 11:03:46.055815,5397.5,43784.0,81618.0
2025-06-18 11:03:47.077993,5397.5,43784.0,81618.0
2025-06-18 11:03:48.925068,5397.5,43784.0,81618.0
2025-06-18 11:03:49.136816,5397.5,43812.0,81638.0
2025-06-18 11:03:49.168531,5397.5,43812.0,81638.0
2025-06-18 11:03:49.751868,5397.5,43812.0,81638.0
2025-06-18 11:03:50.562788,5397.5,43812.0,81638.0
2025-06-18 11:03:51.596975,5397.5,43812.0,81638.0
2025-06-18 11:03:52.204239,5397.5,43812.0,81638.0
2025-06-18 11:03:53.080005,5397.5,43812.0,81638.0
2025-06-18 11:03:53.202382,5395.0,43812.0,81638.0
2025-06-18 11:03:53.446913,5395.0,43812.0,81638.0
2025-06-18 11:03:53.827186,5397.5,43676.0,81564.0
2025-06-18 11:03:54.455637,5397.5,43676.0,81564.0
2025-06-18 11:03:55.171895,5397.5,43676.0,81564.0
2025-06-18 11:03:55.728620,5397.5,43676.0,81564.0
2025-06-18 11:03:56.591349,5397.5,43676.0,81564.0
2025-06-18 11:04:00.453221,5397.5,43676.0,81564.0
2025-06-18 11:04:00.505245,5397.5,43676.0,81564.0
2025-06-18 11:04:00.510610,5397.5,43777.0,81562.0
2025-06-18 11:04:00.513178,5397.5,43777.0,81562.0
2025-06-18 11:04:00.546262,5397.5,43777.0,81562.0
2025-06-18 11:04:00.582121,5397.5,43777.0,81562.0
2025-06-18 11:04:01.924788,5397.5,43777.0,81562.0
2025-06-18 11:04:03.214422,5397.5,43777.0,81562.0
2025-06-18 11:04:04.136082,5397.5,43775.0,81582.0
2025-06-18 11:04:09.157425,5397.5,43775.0,81582.0
2025-06-18 11:04:09.337591,5397.5,43756.0,81549.0
2025-06-18 11:04:13.156654,5397.5,43756.0,81549.0
2025-06-18 11:04:14.241577,5397.5,43761.0,81563.0
2025-06-18 11:04:19.188826,5397.5,43761.0,81563.0
2025-06-18 11:04:19.754725,5397.5,44041.0,81559.0
2025-06-18 11:04:23.160698,5397.5,44041.0,81559.0
2025-06-18 11:04:24.965040,5397.5,44109.0,81545.0
2025-06-18 11:04:25.159154,5397.5,44109.0,81545.0
2025-06-18 11:04:29.156717,5397.5,44109.0,81545.0
2025-06-18 11:04:30.061852,5397.5,44041.0,81589.0
2025-06-18 11:04:33.162955,5397.5,44041.0,81589.0
2025-06-18 11:04:35.066418,5397.5,43332.0,81316.0
2025-06-18 11:04:35.166686,5397.5,43332.0,81316.0
2025-06-18 11:04:37.168086,5396.5,43332.0,81316.0
2025-06-18 11:04:39.163438,5396.5,43332.0,81316.0
2025-06-18 11:04:39.970536,5396.5,44049.0,81335.0
2025-06-18 11:04:43.168694,5397.5,44049.0,81335.0
2025-06-18 11:04:44.868374,5397.5,44186.0,81353.0
2025-06-18 11:04:49.159492,5397.5,44186.0,81353.0
2025-06-18 11:04:49.872923,5397.5,44195.0,81417.0
2025-06-18 11:04:53.157871,5397.5,44195.0,81417.0
2025-06-18 11:04:54.575090,5397.5,44217.0,81406.0
2025-06-18 11:04:55.162963,5397.5,44217.0,81406.0
2025-06-18 11:04:59.162593,5397.5,44217.0,81406.0
2025-06-18 11:04:59.378601,5397.5,44195.0,81371.0
2025-06-18 11:05:05.169063,5397.5,44195.0,81371.0
2025-06-18 11:05:05.173776,5397.5,44163.0,81359.0
2025-06-18 11:05:07.389503,5397.5,44163.0,81359.0
2025-06-18 11:05:08.880435,5396.5,44057.0,81363.0
2025-06-18 11:05:09.190072,5396.5,44057.0,81363.0
2025-06-18 11:05:13.159985,5397.5,44057.0,81363.0
2025-06-18 11:05:14.278768,5398.0,44084.0,81241.0
2025-06-18 11:05:15.162511,5398.0,44084.0,81241.0
2025-06-18 11:05:19.195505,5398.5,44084.0,81241.0
2025-06-18 11:05:19.687240,5398.5,44294.0,81274.0
2025-06-18 11:05:23.203885,5398.5,44294.0,81274.0
2025-06-18 11:05:24.691602,5398.5,44264.0,81076.0
2025-06-18 11:05:25.156271,5398.5,44264.0,81076.0
2025-06-18 11:05:27.173595,5398.5,44264.0,81076.0
2025-06-18 11:05:29.166176,5397.0,44264.0,81076.0
2025-06-18 11:05:29.502307,5398.5,44100.0,81110.0
2025-06-18 11:05:31.165403,5398.5,44100.0,81110.0
2025-06-18 11:05:33.205248,5398.5,44100.0,81110.0
2025-06-18 11:05:35.173129,5398.5,44065.0,81096.0
2025-06-18 11:05:37.171416,5398.5,44065.0,81096.0
2025-06-18 11:05:39.277709,5399.0,44065.0,81096.0
2025-06-18 11:05:40.199623,5399.0,43994.0,81004.0
2025-06-18 11:05:43.171892,5399.0,43994.0,81004.0
2025-06-18 11:05:45.102313,5400.0,44200.0,80675.0
2025-06-18 11:05:45.162912,5400.0,44200.0,80675.0
2025-06-18 11:05:47.188915,5400.0,44200.0,80675.0
2025-06-18 11:05:49.170238,5400.0,44200.0,80675.0
2025-06-18 11:05:50.201999,5400.0,44235.0,80708.0
2025-06-18 11:05:51.171655,5405.0,44235.0,80708.0
2025-06-18 11:05:53.162089,5400.5,44235.0,80708.0
2025-06-18 11:05:55.165566,5400.0,44235.0,80708.0
2025-06-18 11:05:55.421548,5400.0,44405.0,80861.0
2025-06-18 11:05:57.182241,5400.0,44405.0,80861.0
2025-06-18 11:05:59.166561,5400.0,44405.0,80861.0
2025-06-18 11:06:00.313594,5399.0,44335.0,80597.0
2025-06-18 11:06:01.166984,5399.0,44335.0,80597.0
2025-06-18 11:06:01.812482,5400.0,44344.0,80485.0
2025-06-18 11:06:02.165908,5400.0,44344.0,80485.0
2025-06-18 11:06:02.813931,5400.0,44450.0,80406.0
2025-06-18 11:06:03.160579,5400.0,44450.0,80406.0
2025-06-18 11:06:03.816779,5400.0,44387.0,80430.0
2025-06-18 11:06:04.916051,5400.0,43744.0,80149.0
2025-06-18 11:06:05.156339,5400.0,43744.0,80149.0
2025-06-18 11:06:06.019334,5400.0,44613.0,80164.0
2025-06-18 11:06:07.119466,5400.0,44607.0,80182.0
2025-06-18 11:06:08.163844,5400.0,44607.0,80182.0
2025-06-18 11:06:08.228862,5400.0,44546.0,80126.0
2025-06-18 11:06:09.164576,5400.0,44546.0,80126.0
2025-06-18 11:06:09.716628,5400.0,44456.0,80719.0
2025-06-18 11:06:10.197877,5400.0,44456.0,80719.0
2025-06-18 11:06:10.716661,5400.0,44514.0,80649.0
2025-06-18 11:06:11.716222,5399.0,44502.0,80645.0
2025-06-18 11:06:12.168068,5399.0,44502.0,80645.0
2025-06-18 11:06:12.717209,5400.0,44477.0,80621.0
2025-06-18 11:06:13.170297,5400.0,44477.0,80621.0
2025-06-18 11:06:13.718162,5400.0,44501.0,80639.0
2025-06-18 11:06:14.165219,5400.0,44501.0,80639.0
2025-06-18 11:06:14.819670,5400.0,44494.0,80646.0
2025-06-18 11:06:15.166575,5400.0,44494.0,80646.0
2025-06-18 11:06:15.920536,5400.0,44404.0,80653.0
2025-06-18 11:06:17.019008,5400.0,44409.0,80667.0
2025-06-18 11:06:17.923339,5400.0,44421.0,80660.0
2025-06-18 11:06:18.166866,5400.0,44421.0,80660.0
2025-06-18 11:06:18.922573,5400.0,44422.0,80660.0
2025-06-18 11:06:19.921586,5400.0,44466.0,80671.0
2025-06-18 11:06:21.023262,5400.0,44474.0,80685.0
2025-06-18 11:06:22.025318,5400.0,44466.0,80611.0
2025-06-18 11:06:23.126430,5400.0,44460.0,80636.0
2025-06-18 11:06:23.166953,5400.0,44460.0,80636.0
2025-06-18 11:06:24.024458,5399.0,44394.0,80624.0
2025-06-18 11:06:24.167785,5399.0,44394.0,80624.0
2025-06-18 11:06:25.030890,5399.0,44397.0,80703.0
2025-06-18 11:06:26.130526,5399.0,44225.0,80718.0
2025-06-18 11:06:27.160113,5399.0,44225.0,80718.0
2025-06-18 11:06:27.228568,5400.0,44377.0,80757.0
2025-06-18 11:06:28.164490,5400.0,44377.0,80757.0
2025-06-18 11:06:28.226020,5400.0,44387.0,80723.0
2025-06-18 11:06:29.159357,5400.0,44387.0,80723.0
2025-06-18 11:06:29.227635,5400.0,44438.0,80725.0
2025-06-18 11:06:30.165448,5400.0,44438.0,80725.0
2025-06-18 11:06:30.329511,5400.0,44438.0,80723.0
2025-06-18 11:06:31.167597,5399.0,44438.0,80723.0
2025-06-18 11:06:31.432859,5399.0,44374.0,80739.0
2025-06-18 11:06:32.168213,5400.0,44374.0,80739.0
2025-06-18 11:06:32.431090,5400.0,44327.0,80702.0
2025-06-18 11:06:33.167471,5400.0,44327.0,80702.0
2025-06-18 11:06:33.431463,5400.0,44383.0,80698.0
2025-06-18 11:06:34.434212,5400.0,44479.0,80639.0
2025-06-18 11:06:35.541284,5400.0,44492.0,80718.0
2025-06-18 11:06:36.189629,5400.0,44492.0,80718.0
2025-06-18 11:06:36.640040,5400.0,44477.0,80747.0
2025-06-18 11:06:37.543479,5400.0,44468.0,80712.0
2025-06-18 11:06:38.159908,5400.0,44468.0,80712.0
2025-06-18 11:06:38.535890,5400.0,44495.0,80730.0
2025-06-18 11:06:39.539298,5400.0,44515.0,80733.0
2025-06-18 11:06:40.538129,5400.0,44515.0,80734.0
2025-06-18 11:06:41.643398,5400.0,44515.0,80834.0
2025-06-18 11:06:42.644697,5400.0,44515.0,80825.0
2025-06-18 11:06:43.160444,5400.0,44515.0,80825.0
2025-06-18 11:06:43.541642,5400.0,44515.0,80825.0
2025-06-18 11:06:44.163693,5400.0,44515.0,80825.0
2025-06-18 11:06:44.756734,5400.0,44537.0,80775.0
2025-06-18 11:06:46.761254,5400.0,44537.0,80775.0
2025-06-18 11:06:47.545147,5400.0,44537.0,80768.0
2025-06-18 11:06:47.624229,5400.0,44537.0,80768.0
2025-06-18 11:06:48.170463,5400.0,44537.0,80768.0
2025-06-18 11:06:48.557361,5400.0,44537.0,80768.0
2025-06-18 11:06:48.985752,5400.0,44559.0,80733.0
2025-06-18 11:06:49.803648,5400.0,44559.0,80733.0
2025-06-18 11:06:50.042154,5400.0,44559.0,80725.0
2025-06-18 11:06:50.315699,5400.0,44559.0,80725.0
2025-06-18 11:06:51.041531,5400.0,44542.0,80733.0
2025-06-18 11:06:51.057958,5400.0,44542.0,80733.0
2025-06-18 11:06:52.047927,5400.0,44542.0,80733.0
2025-06-18 11:06:52.555409,5400.0,44564.0,80755.0
2025-06-18 11:06:52.606011,5400.0,44564.0,80755.0
2025-06-18 11:06:53.162426,5400.0,44564.0,80755.0
2025-06-18 11:06:53.526019,5400.0,44564.0,80755.0
2025-06-18 11:06:53.563112,5400.0,44593.0,80708.0
2025-06-18 11:06:53.871209,5400.0,44593.0,80708.0
2025-06-18 11:06:54.557759,5400.0,44579.0,80708.0
2025-06-18 11:06:54.759455,5400.0,44579.0,80708.0
2025-06-18 11:06:55.558915,5400.0,44607.0,80709.0
2025-06-18 11:06:56.270022,5400.0,44607.0,80709.0
2025-06-18 11:06:56.448642,5400.0,44607.0,80706.0
2025-06-18 11:06:57.114891,5400.0,44607.0,80706.0
2025-06-18 11:06:57.448363,5400.0,44607.0,80698.0
2025-06-18 11:06:58.337034,5400.0,44607.0,80698.0
2025-06-18 11:06:58.547072,5400.0,44607.0,80698.0
2025-06-18 11:06:58.945633,5400.0,44607.0,80699.0
2025-06-18 11:06:59.669800,5400.0,44607.0,80699.0
2025-06-18 11:07:00.832142,5400.0,44607.0,80699.0
2025-06-18 11:07:02.292041,5400.0,44607.0,80699.0
2025-06-18 11:07:03.164860,5400.0,44607.0,80699.0
2025-06-18 11:07:05.077748,5400.0,44606.0,80665.0
2025-06-18 11:07:05.175803,5400.0,44606.0,80665.0
2025-06-18 11:07:10.533358,5400.0,44412.0,80743.0
2025-06-18 11:07:10.579144,5400.0,44412.0,80743.0
2025-06-18 11:07:13.178579,5400.0,44412.0,80743.0
2025-06-18 11:07:14.861898,5400.0,44543.0,80498.0
2025-06-18 11:07:16.176979,5400.0,44543.0,80498.0
2025-06-18 11:07:19.168313,5399.0,44543.0,80498.0
2025-06-18 11:07:20.169754,5399.0,44485.0,80412.0
2025-06-18 11:07:22.232785,5399.0,44485.0,80412.0
2025-06-18 11:07:25.166944,5400.0,44485.0,80412.0
2025-06-18 11:07:25.260999,5400.0,44484.0,80476.0
2025-06-18 11:07:27.176522,5399.0,44484.0,80476.0
2025-06-18 11:07:29.180383,5400.0,44484.0,80476.0
2025-06-18 11:07:30.143377,5400.0,44493.0,80486.0
2025-06-18 11:07:31.177912,5400.0,44493.0,80486.0
2025-06-18 11:07:33.174816,5400.0,44493.0,80486.0
2025-06-18 11:07:34.966949,5400.0,44391.0,80940.0
2025-06-18 11:07:39.209711,5400.0,44391.0,80940.0
2025-06-18 11:07:40.071343,5400.0,44494.0,81004.0
2025-06-18 11:07:43.174251,5399.5,44494.0,81004.0
2025-06-18 11:07:45.478752,5399.5,44528.0,80930.0
2025-06-18 11:07:47.180357,5398.0,44528.0,80930.0
2025-06-18 11:07:49.173830,5398.5,44528.0,80930.0
2025-06-18 11:07:50.576542,5397.0,43888.0,81597.0
2025-06-18 11:07:52.181831,5397.0,43888.0,81597.0
2025-06-18 11:07:55.167729,5398.5,43888.0,81597.0
2025-06-18 11:07:55.575915,5398.5,43907.0,81561.0
2025-06-18 11:07:58.190792,5398.5,43907.0,81561.0
2025-06-18 11:08:00.686699,5398.5,43912.0,81538.0
2025-06-18 11:08:04.185956,5398.5,43912.0,81538.0
2025-06-18 11:08:05.883645,5398.5,43840.0,81578.0
2025-06-18 11:08:06.177693,5398.0,43840.0,81578.0
2025-06-18 11:08:10.200639,5399.5,43840.0,81578.0
2025-06-18 11:08:11.287838,5399.5,43866.0,81624.0
2025-06-18 11:08:14.198448,5399.0,43866.0,81624.0
2025-06-18 11:08:16.792809,5399.0,43999.0,81396.0
2025-06-18 11:08:20.496426,5399.5,43999.0,81396.0
2025-06-18 11:08:20.567925,5398.0,43999.0,81396.0
2025-06-18 11:08:21.695521,5398.0,43910.0,81365.0
2025-06-18 11:08:25.172242,5399.5,43910.0,81365.0
2025-06-18 11:08:27.299673,5399.5,43961.0,81412.0
2025-06-18 11:08:28.175988,5399.5,43961.0,81412.0
2025-06-18 11:08:32.905027,5399.5,45412.0,82228.0
2025-06-18 11:08:34.175212,5399.5,45412.0,82228.0
2025-06-18 11:08:38.177552,5399.5,45412.0,82228.0
2025-06-18 11:08:38.208201,5399.5,45412.0,82266.0
2025-06-18 11:08:40.191011,5398.0,45412.0,82266.0
2025-06-18 11:08:42.184262,5399.5,45412.0,82266.0
2025-06-18 11:08:43.412726,5399.5,45104.0,82352.0
2025-06-18 11:08:44.185438,5399.5,45104.0,82352.0
2025-06-18 11:08:46.203558,5398.0,45104.0,82352.0
2025-06-18 11:08:48.174561,5398.0,45104.0,82352.0
2025-06-18 11:08:48.609589,5398.0,44682.0,82543.0
2025-06-18 11:08:52.177930,5397.0,44682.0,82543.0
2025-06-18 11:08:53.812652,5399.0,44752.0,82640.0
2025-06-18 11:08:54.178317,5399.0,44752.0,82640.0
2025-06-18 11:08:58.174948,5398.5,44752.0,82640.0
2025-06-18 11:08:59.020479,5398.5,44659.0,83309.0
2025-06-18 11:09:03.192988,5398.5,44659.0,83309.0
2025-06-18 11:09:04.030221,5398.5,44733.0,83382.0
2025-06-18 11:09:05.116754,5398.5,44657.0,83415.0
2025-06-18 11:09:06.030326,5398.5,44741.0,83415.0
2025-06-18 11:09:06.919883,5398.5,44747.0,83395.0
2025-06-18 11:09:07.921007,5398.5,44753.0,83393.0
2025-06-18 11:09:08.170759,5398.5,44753.0,83393.0
2025-06-18 11:09:08.824549,5398.5,44761.0,83354.0
2025-06-18 11:09:09.777691,5398.5,44750.0,83317.0
2025-06-18 11:09:10.724824,5398.5,44782.0,83299.0
2025-06-18 11:09:11.722495,5398.5,44756.0,83295.0
2025-06-18 11:09:14.263057,5398.5,44748.0,83276.0
2025-06-18 11:09:14.305508,5398.5,44748.0,83276.0
2025-06-18 11:09:14.311908,5398.5,44748.0,83278.0
2025-06-18 11:09:14.824627,5398.5,44743.0,83331.0
2025-06-18 11:09:15.922272,5398.5,44744.0,83332.0
2025-06-18 11:09:17.031668,5398.5,44737.0,83339.0
2025-06-18 11:09:17.172318,5398.5,44737.0,83339.0
2025-06-18 11:09:18.827701,5398.5,44748.0,83311.0
2025-06-18 11:09:18.870477,5398.5,44748.0,83311.0
2025-06-18 11:09:19.028923,5398.5,44736.0,83323.0
2025-06-18 11:09:20.031597,5398.5,44763.0,83323.0
2025-06-18 11:09:22.425962,5398.5,44758.0,83309.0
2025-06-18 11:09:23.174007,5398.5,44758.0,83309.0
2025-06-18 11:09:23.427080,5398.5,44748.0,83300.0
2025-06-18 11:09:24.327888,5398.5,44737.0,83301.0
2025-06-18 11:09:25.328299,5398.5,44753.0,83292.0
2025-06-18 11:09:26.430422,5398.5,44753.0,83286.0
2025-06-18 11:09:27.531510,5398.0,44785.0,83292.0
2025-06-18 11:09:28.176898,5398.0,44785.0,83292.0
2025-06-18 11:09:28.631541,5398.0,44790.0,83304.0
2025-06-18 11:09:29.636071,5398.5,44784.0,83289.0
2025-06-18 11:09:30.179377,5398.5,44784.0,83289.0
2025-06-18 11:09:30.732956,5398.5,44793.0,83451.0
2025-06-18 11:09:31.829889,5398.5,44742.0,83503.0
2025-06-18 11:09:32.832927,5398.5,44735.0,83620.0
2025-06-18 11:09:33.176031,5398.5,44735.0,83620.0
2025-06-18 11:09:33.832935,5398.5,44735.0,83620.0
2025-06-18 11:09:34.934274,5398.5,44741.0,83620.0
2025-06-18 11:09:36.036620,5398.5,44741.0,83620.0
2025-06-18 11:09:36.172515,5398.5,44741.0,83620.0
2025-06-18 11:09:37.141840,5398.5,44739.0,83619.0
2025-06-18 11:09:38.183059,5398.5,44739.0,83619.0
2025-06-18 11:09:38.236337,5398.5,44932.0,83490.0
2025-06-18 11:09:39.901890,5398.5,44932.0,83598.0
2025-06-18 11:09:40.240402,5398.5,44924.0,83598.0
2025-06-18 11:09:41.338320,5398.5,44048.0,83598.0
2025-06-18 11:09:42.337739,5398.5,44924.0,83589.0
2025-06-18 11:09:43.170730,5398.5,44924.0,83589.0
2025-06-18 11:09:43.337117,5398.5,44924.0,83586.0
2025-06-18 11:09:44.189815,5398.5,44924.0,83586.0
2025-06-18 11:09:44.438457,5398.5,44954.0,83595.0
2025-06-18 11:09:45.440842,5398.5,44954.0,83596.0
2025-06-18 11:09:46.440711,5398.5,44955.0,83631.0
2025-06-18 11:09:47.183562,5398.5,44955.0,83631.0
2025-06-18 11:09:47.439481,5398.5,44955.0,83516.0
2025-06-18 11:09:48.171158,5398.5,44955.0,83516.0
2025-06-18 11:09:48.248248,5398.5,44955.0,83516.0
2025-06-18 11:09:48.540698,5398.5,45011.0,83605.0
2025-06-18 11:09:49.140997,5398.5,45011.0,83605.0
2025-06-18 11:09:49.175539,5398.5,45011.0,83605.0
2025-06-18 11:09:49.646009,5397.0,45009.0,83504.0
2025-06-18 11:09:50.063322,5397.0,45009.0,83504.0
2025-06-18 11:09:50.171009,5397.0,45009.0,83504.0
2025-06-18 11:09:50.651547,5397.0,45009.0,83504.0
2025-06-18 11:09:50.870023,5397.0,45009.0,83504.0
2025-06-18 11:09:51.641475,5397.0,45009.0,83504.0
2025-06-18 11:09:51.674641,5397.0,45032.0,83422.0
2025-06-18 11:09:52.638657,5397.0,45032.0,83422.0
2025-06-18 11:09:52.677120,5398.5,45045.0,83496.0
2025-06-18 11:09:53.178531,5398.5,45045.0,83496.0
2025-06-18 11:09:53.230438,5398.5,45045.0,83496.0
2025-06-18 11:09:53.745147,5398.5,44171.0,83396.0
2025-06-18 11:09:54.129372,5398.5,44171.0,83396.0
2025-06-18 11:09:54.744450,5398.5,45033.0,83388.0
2025-06-18 11:09:55.343033,5398.5,45033.0,83388.0
2025-06-18 11:09:55.744583,5398.5,45033.0,83388.0
2025-06-18 11:09:56.173024,5398.0,45033.0,83388.0
2025-06-18 11:09:56.591097,5398.0,45033.0,83388.0
2025-06-18 11:09:56.842553,5398.0,45038.0,83414.0
2025-06-18 11:09:57.591500,5398.0,45038.0,83414.0
2025-06-18 11:09:57.955873,5398.0,45028.0,83419.0
2025-06-18 11:09:58.178211,5398.0,45028.0,83419.0
2025-06-18 11:09:58.983930,5398.0,45028.0,83419.0
2025-06-18 11:09:59.055816,5398.0,45068.0,83542.0
2025-06-18 11:10:00.127902,5398.0,45068.0,83542.0
2025-06-18 11:10:00.148001,5398.0,45060.0,83458.0
2025-06-18 11:10:01.255568,5398.0,45060.0,83458.0
2025-06-18 11:10:02.345007,5398.0,45104.0,83515.0
2025-06-18 11:10:02.724214,5398.0,45104.0,83515.0
2025-06-18 11:10:04.173883,5398.0,45104.0,83515.0
2025-06-18 11:10:07.355491,5398.0,45059.0,83359.0
2025-06-18 11:10:09.457828,5398.0,45059.0,83359.0
2025-06-18 11:10:10.189129,5398.5,45059.0,83359.0
2025-06-18 11:10:12.177682,5398.5,45059.0,83359.0
2025-06-18 11:10:12.969754,5398.5,45076.0,83265.0
2025-06-18 11:10:14.184089,5396.0,45076.0,83265.0
2025-06-18 11:10:16.178742,5396.5,45076.0,83265.0
2025-06-18 11:10:18.179693,5398.0,45076.0,83265.0
2025-06-18 11:10:18.357494,5398.0,45076.0,83030.0
2025-06-18 11:10:23.359908,5398.5,45158.0,82985.0
2025-06-18 11:10:24.186767,5398.5,45158.0,82985.0
2025-06-18 11:10:28.960753,5398.5,45069.0,82970.0
2025-06-18 11:10:30.177870,5398.5,45069.0,82970.0
2025-06-18 11:10:33.178774,5398.5,45069.0,82970.0
2025-06-18 11:10:34.367737,5398.5,45083.0,82924.0
2025-06-18 11:10:36.175682,5398.5,45083.0,82924.0
2025-06-18 11:10:38.179451,5398.5,45083.0,82924.0
2025-06-18 11:10:39.971700,5398.5,45053.0,82877.0
2025-06-18 11:10:42.182494,5398.5,45053.0,82877.0
2025-06-18 11:10:44.176901,5398.5,45053.0,82877.0
2025-06-18 11:10:45.471610,5398.5,45137.0,82670.0
2025-06-18 11:10:48.209657,5398.5,45137.0,82670.0
2025-06-18 11:10:50.574592,5398.5,45013.0,82966.0
2025-06-18 11:10:52.181267,5397.5,45013.0,82966.0
2025-06-18 11:10:54.187437,5398.5,45013.0,82966.0
2025-06-18 11:10:55.682079,5398.5,45170.0,82897.0
2025-06-18 11:10:58.178420,5398.5,45170.0,82897.0
2025-06-18 11:11:00.988846,5398.5,45065.0,82490.0
2025-06-18 11:11:02.204443,5398.5,45065.0,82490.0
2025-06-18 11:11:04.176334,5399.0,45065.0,82490.0
2025-06-18 11:11:06.181742,5399.0,45065.0,82490.0
2025-06-18 11:11:06.290997,5399.0,45093.0,82636.0
2025-06-18 11:11:08.187775,5399.5,45093.0,82636.0
2025-06-18 11:11:10.178640,5399.5,45093.0,82636.0
2025-06-18 11:11:11.804062,5399.0,43171.0,82735.0
2025-06-18 11:11:12.182623,5399.0,43171.0,82735.0
2025-06-18 11:11:14.197095,5399.0,43171.0,82735.0
2025-06-18 11:11:17.206369,5399.0,45105.0,82776.0
2025-06-18 11:11:18.193349,5399.0,45105.0,82776.0
2025-06-18 11:11:20.184129,5397.0,45105.0,82776.0
2025-06-18 11:11:22.299131,5399.0,45150.0,82833.0
2025-06-18 11:11:24.180806,5399.0,45150.0,82833.0
2025-06-18 11:11:26.186408,5400.0,45150.0,82833.0
2025-06-18 11:11:27.301039,5399.5,45106.0,82719.0
2025-06-18 11:11:28.200136,5399.5,45106.0,82719.0
2025-06-18 11:11:30.179798,5399.5,45106.0,82719.0
2025-06-18 11:11:32.603629,5399.5,45069.0,82703.0
2025-06-18 11:11:34.181225,5399.5,45069.0,82703.0
2025-06-18 11:11:37.410570,5400.0,45612.0,82160.0
2025-06-18 11:11:38.188230,5400.0,45612.0,82160.0
2025-06-18 11:11:42.539983,5400.0,45379.0,83336.0
2025-06-18 11:11:44.204368,5399.5,45379.0,83336.0
2025-06-18 11:11:46.179853,5399.5,45379.0,83336.0
2025-06-18 11:11:47.613490,5399.5,45383.0,83323.0
2025-06-18 11:11:48.204760,5399.5,45383.0,83323.0
2025-06-18 11:11:50.196207,5400.0,45383.0,83323.0
2025-06-18 11:11:52.220722,5400.0,45383.0,83323.0
2025-06-18 11:11:52.616439,5400.0,45420.0,83159.0
2025-06-18 11:11:54.203571,5400.0,45420.0,83159.0
2025-06-18 11:11:56.190707,5400.0,45420.0,83159.0
2025-06-18 11:11:57.725097,5400.0,45404.0,82314.0
2025-06-18 11:11:58.421955,5400.0,45404.0,82314.0
2025-06-18 11:12:00.182276,5400.0,45404.0,82314.0
2025-06-18 11:12:02.328748,5400.0,45403.0,82236.0
2025-06-18 11:12:03.037971,5400.0,45403.0,82215.0
2025-06-18 11:12:03.188313,5400.0,45403.0,82215.0
2025-06-18 11:12:04.125903,5403.0,60836.0,81045.0
2025-06-18 11:12:04.180772,5403.0,60836.0,81045.0
2025-06-18 11:12:05.037430,5402.5,58188.0,81906.0
2025-06-18 11:12:05.179152,5402.5,58188.0,81906.0
2025-06-18 11:12:06.130139,5405.0,57565.0,80605.0
2025-06-18 11:12:06.178354,5405.0,57565.0,80605.0
2025-06-18 11:12:07.178917,5403.5,57565.0,80605.0
2025-06-18 11:12:07.228159,5406.0,48385.0,81184.0
2025-06-18 11:12:08.180962,5406.5,48385.0,81184.0
2025-06-18 11:12:08.329786,5406.5,48504.0,81015.0
2025-06-18 11:12:10.116044,5406.5,48504.0,81015.0
2025-06-18 11:12:10.164707,5406.5,48320.0,80920.0
2025-06-18 11:12:10.633017,5406.5,48377.0,80918.0
2025-06-18 11:12:11.732530,5406.5,48402.0,80767.0
2025-06-18 11:12:12.833687,5407.5,48572.0,80802.0
2025-06-18 11:12:13.186362,5407.5,48572.0,80802.0
2025-06-18 11:12:13.836093,5406.0,48609.0,80753.0
2025-06-18 11:12:14.180587,5406.0,48609.0,80753.0
2025-06-18 11:12:14.836528,5406.0,48535.0,80801.0
2025-06-18 11:12:15.835296,5408.0,48491.0,80745.0
2025-06-18 11:12:16.180379,5408.0,48491.0,80745.0
2025-06-18 11:12:16.836412,5408.0,48524.0,80748.0
2025-06-18 11:12:17.937941,5408.0,48583.0,80759.0
2025-06-18 11:12:18.211581,5408.0,48583.0,80759.0
2025-06-18 11:12:19.041163,5408.0,48565.0,80813.0
2025-06-18 11:12:20.143290,5408.0,48571.0,80876.0
2025-06-18 11:12:21.180245,5408.0,48571.0,80876.0
2025-06-18 11:12:21.250194,5408.0,48637.0,80804.0
2025-06-18 11:12:22.246743,5408.0,65164.0,80689.0
2025-06-18 11:12:23.179676,5408.5,65164.0,80689.0
2025-06-18 11:12:23.440115,5408.5,65076.0,80737.0
2025-06-18 11:12:24.180439,5408.5,65076.0,80737.0
2025-06-18 11:12:24.443691,5408.0,65039.0,80578.0
2025-06-18 11:12:25.178573,5408.5,65039.0,80578.0
2025-06-18 11:12:25.578540,5408.5,64995.0,80719.0
2025-06-18 11:12:26.180535,5408.0,64995.0,80719.0
2025-06-18 11:12:26.555336,5408.0,64780.0,80867.0
2025-06-18 11:12:27.649209,5408.0,64751.0,80945.0
2025-06-18 11:12:28.179794,5408.0,64751.0,80945.0
2025-06-18 11:12:28.748061,5408.0,64735.0,80929.0
2025-06-18 11:12:29.176538,5408.0,64735.0,80929.0
2025-06-18 11:12:29.850955,5408.0,64801.0,81133.0
2025-06-18 11:12:30.950977,5408.0,64811.0,81030.0
2025-06-18 11:12:31.953191,5408.0,64002.0,81019.0
2025-06-18 11:12:33.180995,5408.0,64002.0,81019.0
2025-06-18 11:12:33.656417,5408.0,64817.0,81230.0
2025-06-18 11:12:34.752542,5407.5,81910.0,80976.0
2025-06-18 11:12:35.201735,5407.5,81910.0,80976.0
2025-06-18 11:12:35.853649,5407.5,81725.0,81281.0
2025-06-18 11:12:36.755588,5407.5,81729.0,81165.0
2025-06-18 11:12:37.180556,5407.5,81729.0,81165.0
2025-06-18 11:12:37.857809,5407.5,81746.0,81183.0
2025-06-18 11:12:38.183606,5407.5,81746.0,81183.0
2025-06-18 11:12:38.956186,5407.5,81765.0,81178.0
2025-06-18 11:12:40.055693,5407.5,81764.0,81177.0
2025-06-18 11:12:41.063310,5407.5,81786.0,81161.0
2025-06-18 11:12:41.221842,5408.0,81786.0,81161.0
2025-06-18 11:12:42.059142,5408.0,82251.0,80435.0
2025-06-18 11:12:43.165035,5408.5,82240.0,80491.0
2025-06-18 11:12:43.184033,5408.5,82240.0,80491.0
2025-06-18 11:12:44.358977,5408.5,82109.0,80581.0
2025-06-18 11:12:45.181538,5408.5,82109.0,80581.0
2025-06-18 11:12:45.260366,5408.5,82131.0,80574.0
2025-06-18 11:12:46.361515,5408.5,82091.0,80498.0
2025-06-18 11:12:47.180855,5409.0,82091.0,80498.0
2025-06-18 11:12:47.463078,5403.0,73146.0,81939.0
2025-06-18 11:12:47.596330,5403.0,73146.0,81939.0
2025-06-18 11:12:48.180451,5404.5,73146.0,81939.0
2025-06-18 11:12:48.562863,5405.0,74796.0,81432.0
2025-06-18 11:12:48.630645,5405.0,74796.0,81432.0
2025-06-18 11:12:49.180331,5405.0,74796.0,81432.0
2025-06-18 11:12:49.543241,5405.0,74796.0,81432.0
2025-06-18 11:12:49.564807,5407.0,75282.0,81440.0
2025-06-18 11:12:50.185592,5407.0,75282.0,81440.0
2025-06-18 11:12:50.456154,5407.0,75282.0,81440.0
2025-06-18 11:12:50.664019,5407.0,75345.0,81602.0
2025-06-18 11:12:51.181378,5408.0,75345.0,81602.0
2025-06-18 11:12:51.318901,5408.0,75345.0,81602.0
2025-06-18 11:12:51.765848,5408.0,75597.0,81311.0
2025-06-18 11:12:52.086553,5408.0,75597.0,81311.0
2025-06-18 11:12:52.765655,5405.5,75259.0,81450.0
2025-06-18 11:12:53.107185,5405.5,75259.0,81450.0
2025-06-18 11:12:53.181148,5408.5,75259.0,81450.0
2025-06-18 11:12:53.636956,5408.5,75259.0,81450.0
2025-06-18 11:12:54.049003,5408.5,75259.0,81450.0
2025-06-18 11:12:54.182536,5408.5,75259.0,81450.0
2025-06-18 11:12:54.366925,5408.5,75595.0,81186.0
2025-06-18 11:12:54.526904,5408.5,75595.0,81186.0
2025-06-18 11:12:55.466813,5409.0,75553.0,81320.0
2025-06-18 11:12:55.764106,5409.0,75553.0,81320.0
2025-06-18 11:12:56.182034,5409.0,75553.0,81320.0
2025-06-18 11:12:56.570404,5409.0,75572.0,81910.0
2025-06-18 11:12:57.016263,5409.0,75572.0,81910.0
2025-06-18 11:12:57.671854,5408.5,75582.0,81732.0
2025-06-18 11:12:57.884927,5408.5,75582.0,81732.0
2025-06-18 11:12:58.187596,5408.5,75582.0,81732.0
2025-06-18 11:12:58.671269,5408.5,75575.0,81739.0
2025-06-18 11:12:59.190951,5408.5,75575.0,81739.0
2025-06-18 11:12:59.294658,5408.5,75575.0,81739.0
2025-06-18 11:13:00.370280,5408.5,75607.0,81989.0
2025-06-18 11:13:00.403570,5408.5,75607.0,81989.0
2025-06-18 11:13:01.277786,5408.0,75607.0,81917.0
2025-06-18 11:13:01.581627,5408.0,75607.0,81917.0
2025-06-18 11:13:02.177587,5408.0,75607.0,81917.0
2025-06-18 11:13:02.271473,5408.0,75540.0,82058.0
2025-06-18 11:13:03.042706,5408.0,75540.0,82058.0
2025-06-18 11:13:03.210027,5406.5,75540.0,82058.0
2025-06-18 11:13:03.373435,5406.5,75420.0,82122.0
2025-06-18 11:13:04.179705,5408.0,75420.0,82122.0
2025-06-18 11:13:04.473423,5408.0,73653.0,82189.0
2025-06-18 11:13:05.474405,5408.0,75476.0,82110.0
2025-06-18 11:13:06.178355,5408.0,75476.0,82110.0
2025-06-18 11:13:06.574426,5408.0,75436.0,82140.0
2025-06-18 11:13:07.575447,5408.0,75421.0,82165.0
2025-06-18 11:13:08.178533,5408.0,75421.0,82165.0
2025-06-18 11:13:08.578828,5408.0,75363.0,82163.0
2025-06-18 11:13:09.179415,5404.0,75363.0,82163.0
2025-06-18 11:13:09.580259,5404.0,64496.0,83125.0
2025-06-18 11:13:10.179969,5404.0,64496.0,83125.0
2025-06-18 11:13:10.577417,5405.0,64829.0,83016.0
2025-06-18 11:13:11.179956,5407.5,64829.0,83016.0
2025-06-18 11:13:11.578392,5407.5,65485.0,82455.0
2025-06-18 11:13:12.578114,5407.5,65452.0,82388.0
2025-06-18 11:13:13.182194,5407.5,65452.0,82388.0
2025-06-18 11:13:13.678362,5407.5,65397.0,82450.0
2025-06-18 11:13:14.779170,5407.5,64551.0,82709.0
2025-06-18 11:13:15.881161,5407.5,65296.0,82817.0
2025-06-18 11:13:16.981029,5407.5,65191.0,82615.0
2025-06-18 11:13:17.182315,5407.5,65191.0,82615.0
2025-06-18 11:13:17.881216,5407.5,65204.0,82601.0
2025-06-18 11:13:18.180132,5407.5,65204.0,82601.0
2025-06-18 11:13:18.984205,5407.5,65091.0,82891.0
2025-06-18 11:13:19.981878,5407.5,65096.0,82891.0
2025-06-18 11:13:20.989249,5407.5,65608.0,82892.0
2025-06-18 11:13:22.085082,5406.5,65603.0,82860.0
2025-06-18 11:13:22.180322,5406.5,65603.0,82860.0
2025-06-18 11:13:22.984393,5406.5,65609.0,82868.0
2025-06-18 11:13:23.178547,5406.5,65609.0,82868.0
2025-06-18 11:13:23.986446,5406.5,65597.0,82856.0
2025-06-18 11:13:24.985590,5406.5,65659.0,82913.0
2025-06-18 11:13:25.985974,5406.5,65678.0,82892.0
2025-06-18 11:13:26.988919,5406.5,64799.0,82895.0
2025-06-18 11:13:27.988438,5406.5,65667.0,82914.0
2025-06-18 11:13:28.180540,5406.5,65667.0,82914.0
2025-06-18 11:13:28.987886,5406.5,65676.0,82921.0
2025-06-18 11:13:30.088971,5406.5,65687.0,82920.0
2025-06-18 11:13:31.089423,5406.5,65676.0,82920.0
2025-06-18 11:13:32.088651,5406.5,65677.0,82778.0
2025-06-18 11:13:32.181409,5406.5,65677.0,82778.0
2025-06-18 11:13:33.187384,5406.5,65677.0,82778.0
2025-06-18 11:13:33.196730,5406.5,65677.0,82846.0
2025-06-18 11:13:34.183247,5406.5,65677.0,82846.0
2025-06-18 11:13:34.290743,5406.5,65551.0,82572.0
2025-06-18 11:13:35.291881,5406.5,65578.0,82615.0
2025-06-18 11:13:36.181006,5407.0,65578.0,82615.0
2025-06-18 11:13:36.292355,5407.0,65658.0,82383.0
2025-06-18 11:13:37.294692,5407.5,65617.0,82526.0
2025-06-18 11:13:38.179969,5407.5,65617.0,82526.0
2025-06-18 11:13:38.292919,5407.5,65463.0,82571.0
2025-06-18 11:13:39.184144,5407.5,65463.0,82571.0
2025-06-18 11:13:39.293349,5407.5,65848.0,82170.0
2025-06-18 11:13:40.395997,5407.5,65884.0,82173.0
2025-06-18 11:13:41.185653,5406.0,65884.0,82173.0
2025-06-18 11:13:41.495482,5406.0,55956.0,82912.0
2025-06-18 11:13:42.180972,5406.0,55956.0,82912.0
2025-06-18 11:13:42.495675,5406.0,55970.0,83044.0
2025-06-18 11:13:43.186412,5406.0,55970.0,83044.0
2025-06-18 11:13:43.497435,5406.0,55959.0,83077.0
2025-06-18 11:13:44.182747,5406.0,55959.0,83077.0
2025-06-18 11:13:44.496952,5406.0,55573.0,83085.0
2025-06-18 11:13:45.181967,5406.0,55573.0,83085.0
2025-06-18 11:13:45.496323,5406.0,55555.0,83136.0
2025-06-18 11:13:46.182189,5406.0,55555.0,83136.0
2025-06-18 11:13:46.499772,5406.0,55609.0,83260.0
2025-06-18 11:13:47.497546,5406.0,55649.0,83263.0
2025-06-18 11:13:48.180270,5406.0,55649.0,83263.0
2025-06-18 11:13:48.499005,5406.0,55695.0,83270.0
2025-06-18 11:13:49.597693,5406.0,55670.0,83197.0
2025-06-18 11:13:50.697674,5406.0,55680.0,83197.0
2025-06-18 11:13:51.181114,5406.5,55680.0,83197.0
2025-06-18 11:13:51.797604,5406.5,55694.0,83122.0
2025-06-18 11:13:52.699709,5406.0,55930.0,82727.0
2025-06-18 11:13:53.181663,5406.0,55930.0,82727.0
2025-06-18 11:13:53.699769,5406.5,56002.0,82582.0
2025-06-18 11:13:54.183790,5406.5,56002.0,82582.0
2025-06-18 11:13:54.700183,5406.5,55916.0,83067.0
2025-06-18 11:13:55.800155,5406.5,55898.0,83082.0
2025-06-18 11:13:56.801749,5406.5,55897.0,83074.0
2025-06-18 11:13:57.702995,5406.0,55898.0,83053.0
2025-06-18 11:13:58.180401,5406.0,55898.0,83053.0
2025-06-18 11:13:58.702879,5406.0,55952.0,83059.0
2025-06-18 11:13:59.803490,5406.0,55959.0,83066.0
2025-06-18 11:14:01.605364,5406.0,55993.0,83031.0
2025-06-18 11:14:02.605195,5406.0,56005.0,83033.0
2025-06-18 11:14:03.186359,5406.0,56005.0,83033.0
2025-06-18 11:14:03.705873,5406.0,56006.0,82997.0
2025-06-18 11:14:04.186284,5406.0,56006.0,82997.0
2025-06-18 11:14:05.605391,5406.0,56100.0,82895.0
2025-06-18 11:14:06.187961,5406.0,56100.0,82895.0
2025-06-18 11:14:06.516208,5406.0,55542.0,82780.0
2025-06-18 11:14:07.412642,5406.5,56456.0,82764.0
2025-06-18 11:14:08.184561,5406.5,56456.0,82764.0
2025-06-18 11:14:08.517759,5406.5,56432.0,82764.0
2025-06-18 11:14:09.609009,5406.5,56514.0,82762.0
2025-06-18 11:14:10.709423,5406.5,56458.0,82722.0
2025-06-18 11:14:11.810565,5406.5,56808.0,82734.0
2025-06-18 11:14:12.812347,5406.5,56428.0,82735.0
2025-06-18 11:14:13.221749,5406.5,56428.0,82735.0
2025-06-18 11:14:13.911716,5407.0,56510.0,82808.0
2025-06-18 11:14:14.188396,5407.0,56510.0,82808.0
2025-06-18 11:14:14.911510,5407.0,56504.0,82850.0
2025-06-18 11:14:15.912270,5407.0,56519.0,82713.0
2025-06-18 11:14:16.186536,5408.0,56519.0,82713.0
2025-06-18 11:14:16.912451,5408.0,57249.0,81975.0
2025-06-18 11:14:17.915642,5409.5,57899.0,81756.0
2025-06-18 11:14:18.191231,5410.0,57899.0,81756.0
2025-06-18 11:14:19.030839,5410.5,58039.0,81245.0
2025-06-18 11:14:19.189782,5410.5,58039.0,81245.0
2025-06-18 11:14:20.117055,5411.0,57940.0,81268.0
2025-06-18 11:14:20.184615,5411.0,57940.0,81268.0
2025-06-18 11:14:21.119527,5411.0,57931.0,81274.0
2025-06-18 11:14:21.184652,5412.0,57931.0,81274.0
2025-06-18 11:14:22.242077,5412.0,57561.0,81142.0
2025-06-18 11:14:23.186877,5412.0,57561.0,81142.0
2025-06-18 11:14:23.317974,5412.0,57612.0,81210.0
2025-06-18 11:14:24.420747,5412.0,57642.0,81175.0
2025-06-18 11:14:25.531267,5412.0,57641.0,81037.0
2025-06-18 11:14:26.621949,5412.0,57528.0,81128.0
2025-06-18 11:14:27.722761,5412.0,57773.0,81086.0
2025-06-18 11:14:28.187816,5412.0,57773.0,81086.0
2025-06-18 11:14:28.623674,5412.0,57773.0,81086.0
2025-06-18 11:14:29.725996,5412.0,57793.0,81166.0
2025-06-18 11:14:30.187233,5412.0,57793.0,81166.0
2025-06-18 11:14:30.825227,5412.0,57767.0,81177.0
2025-06-18 11:14:31.825588,5412.0,57782.0,81208.0
2025-06-18 11:14:32.925084,5410.5,57817.0,81115.0
2025-06-18 11:14:33.184773,5410.5,57817.0,81115.0
2025-06-18 11:14:33.925501,5412.0,57867.0,81092.0
2025-06-18 11:14:34.197636,5412.0,57867.0,81092.0
2025-06-18 11:14:35.037406,5412.0,57824.0,81105.0
2025-06-18 11:14:36.129034,5412.0,57819.0,81117.0
2025-06-18 11:14:37.232790,5412.0,57810.0,81108.0
2025-06-18 11:14:38.185762,5412.0,57810.0,81108.0
2025-06-18 11:14:38.230106,5412.0,57910.0,81108.0
2025-06-18 11:14:39.329946,5412.0,57927.0,81118.0
2025-06-18 11:14:40.430683,5412.0,58272.0,81130.0
2025-06-18 11:14:41.631740,5412.0,58280.0,81133.0
2025-06-18 11:14:42.186549,5411.5,58280.0,81133.0
2025-06-18 11:14:42.632351,5411.5,57921.0,81140.0
2025-06-18 11:14:43.199279,5412.0,57921.0,81140.0
2025-06-18 11:14:43.637087,5412.0,58505.0,80472.0
2025-06-18 11:14:44.636944,5412.5,58645.0,80628.0
2025-06-18 11:14:45.187147,5412.5,58645.0,80628.0
2025-06-18 11:14:45.637537,5412.5,58683.0,80655.0
2025-06-18 11:14:46.652686,5412.5,58683.0,80655.0
2025-06-18 11:14:47.190770,5412.5,58683.0,80655.0
2025-06-18 11:14:47.644198,5413.0,57952.0,80883.0
2025-06-18 11:14:48.193759,5412.0,57952.0,80883.0
2025-06-18 11:14:48.642492,5411.5,57864.0,81368.0
2025-06-18 11:14:49.187202,5411.5,57864.0,81368.0
2025-06-18 11:14:49.738973,5411.5,57631.0,81186.0
2025-06-18 11:14:50.842447,5411.5,57807.0,81374.0
2025-06-18 11:14:51.842591,5411.5,57796.0,81398.0
2025-06-18 11:14:52.943766,5411.5,57829.0,81474.0
2025-06-18 11:14:53.211295,5411.5,57829.0,81474.0
2025-06-18 11:14:53.943279,5411.0,57817.0,81717.0
2025-06-18 11:14:54.186651,5411.0,57817.0,81717.0
2025-06-18 11:14:54.944000,5411.0,57831.0,81575.0
2025-06-18 11:14:55.945425,5411.0,57819.0,81686.0
2025-06-18 11:14:56.945644,5411.0,57830.0,81735.0
2025-06-18 11:14:57.949765,5411.5,57716.0,81798.0
2025-06-18 11:14:58.207898,5411.5,57716.0,81798.0
2025-06-18 11:14:59.048288,5411.0,57663.0,81825.0
2025-06-18 11:14:59.189057,5411.0,57663.0,81825.0
2025-06-18 11:15:00.150455,5411.0,57673.0,81699.0
2025-06-18 11:15:01.152133,5411.0,57688.0,81731.0
2025-06-18 11:15:02.195304,5411.5,57688.0,81731.0
2025-06-18 11:15:02.250091,5411.5,57685.0,81863.0
2025-06-18 11:15:03.190794,5411.5,57685.0,81863.0
2025-06-18 11:15:03.250131,5411.5,57733.0,81880.0
2025-06-18 11:15:04.250984,5411.5,57758.0,81887.0
2025-06-18 11:15:05.250045,5411.5,57760.0,81918.0
2025-06-18 11:15:06.955165,5411.5,57760.0,81918.0
2025-06-18 11:15:06.963236,5411.5,57768.0,82007.0
2025-06-18 11:15:07.352921,5411.5,56899.0,81907.0
2025-06-18 11:15:08.191324,5411.5,56899.0,81907.0
2025-06-18 11:15:08.353612,5411.5,57813.0,81912.0
2025-06-18 11:15:10.476746,5411.5,57814.0,81916.0
2025-06-18 11:15:10.514698,5411.5,56949.0,81893.0
2025-06-18 11:15:11.355397,5411.5,57824.0,81904.0
2025-06-18 11:15:12.193285,5411.5,57824.0,81904.0
2025-06-18 11:15:12.356937,5411.5,57868.0,81933.0
2025-06-18 11:15:13.190244,5411.5,57868.0,81933.0
2025-06-18 11:15:13.457825,5411.5,57847.0,82040.0
2025-06-18 11:15:14.204512,5411.5,57847.0,82040.0
2025-06-18 11:15:14.457809,5411.5,58371.0,81663.0
2025-06-18 11:15:15.458302,5411.5,58354.0,81673.0
2025-06-18 11:15:16.196849,5411.5,58354.0,81673.0
2025-06-18 11:15:16.595735,5411.5,58343.0,81749.0
2025-06-18 11:15:17.204350,5413.0,58343.0,81749.0
2025-06-18 11:15:17.659593,5413.0,58161.0,81160.0
2025-06-18 11:15:18.196397,5413.0,58161.0,81160.0
2025-06-18 11:15:18.859342,5413.0,58162.0,81127.0
2025-06-18 11:15:19.198099,5413.0,58162.0,81127.0
2025-06-18 11:15:19.862056,5413.5,58292.0,81330.0
2025-06-18 11:15:20.195727,5413.5,58292.0,81330.0
2025-06-18 11:15:21.062405,5413.5,58276.0,81331.0
2025-06-18 11:15:21.190799,5413.5,58276.0,81331.0
2025-06-18 11:15:22.162894,5413.5,58275.0,81321.0
2025-06-18 11:15:23.163752,5414.0,58279.0,81236.0
2025-06-18 11:15:23.194992,5414.0,58279.0,81236.0
2025-06-18 11:15:24.192670,5412.5,58279.0,81236.0
2025-06-18 11:15:24.263700,5412.5,57770.0,82141.0
2025-06-18 11:15:25.198588,5411.5,57770.0,82141.0
2025-06-18 11:15:25.264385,5411.5,57489.0,82158.0
2025-06-18 11:15:26.195812,5411.0,57489.0,82158.0
2025-06-18 11:15:26.966954,5411.0,57535.0,82163.0
2025-06-18 11:15:27.196600,5411.0,57535.0,82163.0
2025-06-18 11:15:28.170117,5411.5,57548.0,82161.0
2025-06-18 11:15:28.202461,5411.5,57548.0,82161.0
2025-06-18 11:15:29.180130,5411.5,57579.0,81953.0
2025-06-18 11:15:29.203644,5411.5,57579.0,81953.0
2025-06-18 11:15:30.270308,5411.5,56657.0,81896.0
2025-06-18 11:15:31.195546,5411.5,56657.0,81896.0
2025-06-18 11:15:31.370177,5411.5,57554.0,81992.0
2025-06-18 11:15:32.468646,5411.5,57577.0,81928.0
2025-06-18 11:15:33.195741,5411.5,57577.0,81928.0
2025-06-18 11:15:33.677741,5411.5,57578.0,81960.0
2025-06-18 11:15:34.682076,5411.5,57590.0,81970.0
2025-06-18 11:15:35.196768,5416.5,57590.0,81970.0
2025-06-18 11:15:35.872907,5417.5,59220.0,75183.0
2025-06-18 11:15:36.192623,5417.5,59220.0,75183.0
2025-06-18 11:15:36.930837,5418.0,59439.0,75669.0
2025-06-18 11:15:37.224510,5418.0,59439.0,75669.0
2025-06-18 11:15:37.878293,5419.5,59925.0,75079.0
2025-06-18 11:15:38.202151,5419.5,59925.0,75079.0
2025-06-18 11:15:38.980156,5419.5,59991.0,75319.0
2025-06-18 11:15:39.203074,5419.5,59991.0,75319.0
2025-06-18 11:15:39.978807,5422.0,60140.0,74596.0
2025-06-18 11:15:40.195452,5421.5,60140.0,74596.0
2025-06-18 11:15:40.981319,5419.5,59578.0,75432.0
2025-06-18 11:15:41.198760,5422.0,59578.0,75432.0
2025-06-18 11:15:41.977075,5422.0,59444.0,75286.0
2025-06-18 11:15:42.195862,5422.0,59444.0,75286.0
2025-06-18 11:15:42.979613,5422.0,59451.0,75290.0
2025-06-18 11:15:43.197845,5417.5,59451.0,75290.0
2025-06-18 11:15:44.079552,5417.5,58972.0,76641.0
2025-06-18 11:15:45.179173,5417.5,58987.0,76388.0
2025-06-18 11:15:46.190017,5419.5,59072.0,76118.0
2025-06-18 11:15:46.212036,5419.5,59072.0,76118.0
2025-06-18 11:15:47.280358,5419.5,59317.0,75952.0
2025-06-18 11:15:48.078014,5419.5,59317.0,75952.0
2025-06-18 11:15:48.196685,5417.5,59317.0,75952.0
2025-06-18 11:15:48.381616,5417.5,59282.0,75956.0
2025-06-18 11:15:49.101412,5417.5,59282.0,75956.0
2025-06-18 11:15:49.481819,5417.5,59032.0,76237.0
2025-06-18 11:15:50.004572,5417.5,59032.0,76237.0
2025-06-18 11:15:50.482741,5417.5,59368.0,76184.0
2025-06-18 11:15:50.945037,5417.5,59368.0,76184.0
2025-06-18 11:15:51.482546,5417.5,59342.0,76257.0
2025-06-18 11:15:51.785978,5417.5,59342.0,76257.0
2025-06-18 11:15:52.486388,5419.5,59395.0,76190.0
2025-06-18 11:15:52.571163,5419.5,59395.0,76190.0
2025-06-18 11:15:53.193433,5419.5,59395.0,76190.0
2025-06-18 11:15:53.577646,5419.5,59395.0,76190.0
2025-06-18 11:15:53.586194,5419.5,59424.0,76172.0
2025-06-18 11:15:54.137415,5419.5,59424.0,76172.0
2025-06-18 11:15:54.686722,5419.5,58736.0,76114.0
2025-06-18 11:15:55.041867,5419.5,58736.0,76114.0
2025-06-18 11:15:55.195331,5419.5,58736.0,76114.0
2025-06-18 11:15:55.404736,5419.5,58736.0,76114.0
2025-06-18 11:15:55.687101,5419.5,59685.0,76335.0
2025-06-18 11:15:56.303318,5419.5,59685.0,76335.0
2025-06-18 11:15:56.687254,5419.5,59695.0,76340.0
2025-06-18 11:15:57.199774,5419.5,59695.0,76340.0
2025-06-18 11:15:57.556551,5419.5,59695.0,76340.0
2025-06-18 11:15:57.685792,5419.5,59724.0,76295.0
2025-06-18 11:15:58.241968,5419.5,59724.0,76295.0
2025-06-18 11:15:58.425501,5419.5,59724.0,76295.0
2025-06-18 11:15:58.688419,5419.5,59688.0,76313.0
2025-06-18 11:15:59.684135,5419.5,59695.0,76021.0
2025-06-18 11:16:00.118348,5419.5,59695.0,76021.0
2025-06-18 11:16:00.786475,5418.5,59653.0,76161.0
2025-06-18 11:16:01.252396,5418.5,59653.0,76161.0
2025-06-18 11:16:01.685818,5415.5,58004.0,76995.0
2025-06-18 11:16:02.199251,5416.5,58004.0,76995.0
2025-06-18 11:16:02.405070,5416.5,58004.0,76995.0
2025-06-18 11:16:02.687821,5417.0,58686.0,77042.0
2025-06-18 11:16:03.195852,5417.0,58686.0,77042.0
2025-06-18 11:16:03.688129,5417.0,58701.0,77027.0
2025-06-18 11:16:03.884128,5417.0,58701.0,77027.0
2025-06-18 11:16:04.688221,5415.0,57416.0,77720.0
2025-06-18 11:16:05.202048,5414.5,57416.0,77720.0
2025-06-18 11:16:05.693516,5414.5,58085.0,77636.0
2025-06-18 11:16:06.195749,5416.5,58085.0,77636.0
2025-06-18 11:16:06.693825,5417.0,57351.0,77046.0
2025-06-18 11:16:07.198229,5414.5,57351.0,77046.0
2025-06-18 11:16:07.793354,5417.0,58269.0,76911.0
2025-06-18 11:16:08.727523,5417.0,58269.0,76911.0
2025-06-18 11:16:09.195829,5415.5,58269.0,76911.0
2025-06-18 11:16:09.490767,5415.5,57881.0,76330.0
2025-06-18 11:16:10.492357,5415.5,58570.0,76360.0
2025-06-18 11:16:12.995662,5417.0,58830.0,76112.0
2025-06-18 11:16:13.198016,5417.0,58830.0,76112.0
2025-06-18 11:16:14.195966,5417.0,58830.0,76112.0
2025-06-18 11:16:14.293668,5417.0,58840.0,76134.0
2025-06-18 11:16:15.196564,5416.0,58840.0,76134.0
2025-06-18 11:16:15.296914,5416.0,58530.0,76340.0
2025-06-18 11:16:16.296424,5416.0,58643.0,76337.0
2025-06-18 11:16:17.297068,5417.0,58620.0,76256.0
2025-06-18 11:16:18.196890,5417.0,58620.0,76256.0
2025-06-18 11:16:18.296276,5417.0,58463.0,76541.0
2025-06-18 11:16:19.202360,5411.0,58463.0,76541.0
2025-06-18 11:16:19.297045,5411.0,57141.0,78715.0
2025-06-18 11:16:20.396513,5411.0,57551.0,78486.0
2025-06-18 11:16:21.229159,5413.5,57551.0,78486.0
2025-06-18 11:16:21.498460,5413.5,57969.0,78197.0
2025-06-18 11:16:22.199306,5414.0,57969.0,78197.0
2025-06-18 11:16:22.597439,5414.0,57724.0,78360.0
2025-06-18 11:16:23.197937,5414.0,57724.0,78360.0
2025-06-18 11:16:23.499819,5414.0,57730.0,78420.0
2025-06-18 11:16:24.501358,5410.0,57203.0,78787.0
2025-06-18 11:16:25.198064,5411.0,57203.0,78787.0
2025-06-18 11:16:25.501801,5411.0,57142.0,79168.0
2025-06-18 11:16:26.503539,5411.0,57057.0,79292.0
2025-06-18 11:16:27.198929,5409.0,57057.0,79292.0
2025-06-18 11:16:27.506267,5411.0,57071.0,79244.0
2025-06-18 11:16:28.204607,5411.0,57071.0,79244.0
2025-06-18 11:16:28.509096,5409.0,55624.0,79613.0
2025-06-18 11:16:29.203851,5409.0,55624.0,79613.0
2025-06-18 11:16:29.609299,5409.0,56850.0,79304.0
2025-06-18 11:16:30.228909,5410.0,56850.0,79304.0
2025-06-18 11:16:30.713528,5410.0,57050.0,79075.0
2025-06-18 11:16:31.709947,5410.0,57055.0,79043.0
2025-06-18 11:16:32.808747,5410.0,57019.0,79340.0
2025-06-18 11:16:33.200751,5408.0,57019.0,79340.0
2025-06-18 11:16:33.709815,5408.0,56345.0,80390.0
2025-06-18 11:16:34.201226,5405.0,56345.0,80390.0
2025-06-18 11:16:34.711817,5405.0,55860.0,80260.0
2025-06-18 11:16:35.204821,5406.5,55860.0,80260.0
2025-06-18 11:16:35.713098,5406.5,56099.0,80010.0
2025-06-18 11:16:36.714000,5406.5,56101.0,80003.0
2025-06-18 11:16:37.711969,5404.5,55987.0,79991.0
2025-06-18 11:16:38.234770,5407.0,55987.0,79991.0
2025-06-18 11:16:38.715125,5407.0,56078.0,79942.0
2025-06-18 11:16:40.327661,5405.0,55966.0,80068.0
2025-06-18 11:16:40.328957,5405.0,55966.0,80068.0
2025-06-18 11:16:40.715484,5405.0,55936.0,80189.0
2025-06-18 11:16:41.717920,5407.0,56181.0,79706.0
2025-06-18 11:16:42.208185,5407.0,56181.0,79706.0
2025-06-18 11:16:42.716099,5407.0,56199.0,79782.0
2025-06-18 11:16:43.202449,5407.0,56199.0,79782.0
2025-06-18 11:16:43.735260,5407.0,56224.0,79765.0
2025-06-18 11:16:44.618077,5404.5,56059.0,79932.0
2025-06-18 11:16:45.204177,5405.0,56059.0,79932.0
2025-06-18 11:16:45.714854,5405.0,56256.0,79775.0
2025-06-18 11:16:46.722138,5405.0,56293.0,79662.0
2025-06-18 11:16:48.217212,5407.0,56293.0,79662.0
2025-06-18 11:16:48.318308,5407.0,55534.0,79753.0
2025-06-18 11:16:49.203897,5407.0,55534.0,79753.0
2025-06-18 11:16:49.318735,5407.0,56281.0,79611.0
2025-06-18 11:16:50.417350,5407.0,56338.0,79742.0
2025-06-18 11:16:51.420263,5407.0,56355.0,79742.0
2025-06-18 11:16:52.211874,5407.0,56355.0,79742.0
2025-06-18 11:16:52.420597,5407.0,56777.0,79570.0
2025-06-18 11:16:53.204081,5407.0,56777.0,79570.0
2025-06-18 11:16:53.421848,5407.0,55503.0,79695.0
2025-06-18 11:16:54.201178,5407.0,55503.0,79695.0
2025-06-18 11:16:54.421737,5407.0,54274.0,79771.0
2025-06-18 11:16:55.521740,5407.0,56094.0,79738.0
2025-06-18 11:16:56.522201,5407.0,56260.0,79720.0
2025-06-18 11:16:57.622364,5405.0,56099.0,80285.0
2025-06-18 11:16:58.205786,5405.0,56099.0,80285.0
2025-06-18 11:16:58.723425,5405.0,56364.0,80321.0
2025-06-18 11:17:00.446062,5405.0,56070.0,80245.0
2025-06-18 11:17:00.849252,5405.0,55130.0,80332.0
2025-06-18 11:17:02.025681,5405.0,55898.0,80168.0
2025-06-18 11:17:02.199047,5403.5,55898.0,80168.0
2025-06-18 11:17:03.197237,5405.0,55844.0,80129.0
2025-06-18 11:17:03.199384,5405.0,55844.0,80129.0
2025-06-18 11:17:04.125385,5405.0,54857.0,80266.0
2025-06-18 11:17:05.024783,5405.0,55784.0,80250.0
2025-06-18 11:17:06.025713,5401.5,55510.0,79538.0
2025-06-18 11:17:06.204249,5401.5,55510.0,79538.0
2025-06-18 11:17:07.026411,5405.0,55757.0,79385.0
2025-06-18 11:17:07.202731,5405.0,55757.0,79385.0
2025-06-18 11:17:08.129308,5405.0,55844.0,79388.0
2025-06-18 11:17:08.201826,5405.0,55844.0,79388.0
2025-06-18 11:17:09.128011,5405.0,55785.0,79581.0
2025-06-18 11:17:10.028176,5405.0,55785.0,79592.0
2025-06-18 11:17:11.028615,5405.0,55929.0,79344.0
2025-06-18 11:17:11.200775,5405.0,55929.0,79344.0
2025-06-18 11:17:12.130888,5405.0,56078.0,79377.0
2025-06-18 11:17:12.202862,5405.0,56078.0,79377.0
2025-06-18 11:17:13.132544,5405.0,56077.0,79363.0
2025-06-18 11:17:13.202123,5405.0,56077.0,79363.0
2025-06-18 11:17:14.198760,5405.0,56077.0,79363.0
2025-06-18 11:17:14.234283,5405.0,56070.0,79480.0
2025-06-18 11:17:15.231632,5405.0,56050.0,79480.0
2025-06-18 11:17:16.333011,5405.0,56138.0,79479.0
2025-06-18 11:17:17.432649,5405.0,56038.0,79268.0
2025-06-18 11:17:18.240893,5405.0,56038.0,79268.0
2025-06-18 11:17:18.535129,5405.0,56560.0,79213.0
2025-06-18 11:17:19.636570,5405.0,56711.0,79217.0
2025-06-18 11:17:20.637330,5405.0,56705.0,79193.0
2025-06-18 11:17:21.199658,5405.0,56705.0,79193.0
2025-06-18 11:17:21.637362,5405.0,56638.0,79113.0
2025-06-18 11:17:22.737204,5405.0,56620.0,79114.0
2025-06-18 11:17:23.203391,5405.0,56620.0,79114.0
2025-06-18 11:17:23.738615,5405.0,56676.0,79111.0
2025-06-18 11:17:24.200936,5405.0,56676.0,79111.0
2025-06-18 11:17:24.742765,5405.0,56665.0,79140.0
2025-06-18 11:17:25.203997,5407.0,56665.0,79140.0
2025-06-18 11:17:25.741248,5407.0,57651.0,77674.0
2025-06-18 11:17:26.742703,5407.5,57351.0,78494.0
2025-06-18 11:17:27.202060,5406.5,57351.0,78494.0
2025-06-18 11:17:27.644161,5408.5,57167.0,78413.0
2025-06-18 11:17:28.205048,5408.5,57167.0,78413.0
2025-06-18 11:17:28.647464,5408.5,57253.0,78459.0
2025-06-18 11:17:29.201360,5408.5,57253.0,78459.0
2025-06-18 11:17:29.647083,5408.5,57417.0,78246.0
2025-06-18 11:17:30.651352,5408.5,57477.0,78291.0
2025-06-18 11:17:31.649556,5408.5,57475.0,78287.0
2025-06-18 11:17:32.203302,5407.5,57475.0,78287.0
2025-06-18 11:17:32.744135,5409.5,56863.0,78444.0
2025-06-18 11:17:33.205518,5409.5,56863.0,78444.0
2025-06-18 11:17:33.844947,5408.5,57379.0,77537.0
2025-06-18 11:17:34.202545,5408.5,57379.0,77537.0
2025-06-18 11:17:34.946578,5408.5,57242.0,77705.0
2025-06-18 11:17:35.947608,5408.5,57222.0,78004.0
2025-06-18 11:17:36.205869,5410.0,57222.0,78004.0
2025-06-18 11:17:37.050292,5410.0,57188.0,78003.0
2025-06-18 11:17:38.050558,5410.0,57174.0,78102.0
2025-06-18 11:17:38.202591,5410.0,57174.0,78102.0
2025-06-18 11:17:39.153861,5410.0,57183.0,78074.0
2025-06-18 11:17:40.155809,5407.5,56356.0,78080.0
2025-06-18 11:17:40.202477,5407.5,56356.0,78080.0
2025-06-18 11:17:41.053324,5407.5,57240.0,78061.0
2025-06-18 11:17:42.150592,5407.5,57246.0,78095.0
2025-06-18 11:17:43.210008,5409.5,57246.0,78095.0
2025-06-18 11:17:43.251248,5409.5,57171.0,78294.0
2025-06-18 11:17:44.349975,5409.5,57200.0,78435.0
2025-06-18 11:17:45.451632,5409.5,57746.0,78480.0
2025-06-18 11:17:46.555596,5409.5,57474.0,78624.0
2025-06-18 11:17:47.558215,5409.5,57510.0,78713.0
2025-06-18 11:17:48.205448,5409.5,57510.0,78713.0
2025-06-18 11:17:48.557932,5409.5,57510.0,78685.0
2025-06-18 11:17:49.202341,5409.5,57510.0,78685.0
2025-06-18 11:17:49.555544,5409.5,57302.0,78543.0
2025-06-18 11:17:50.556893,5409.5,57436.0,79440.0
2025-06-18 11:17:51.658219,5409.5,57437.0,79430.0
2025-06-18 11:17:52.757386,5409.0,57695.0,79378.0
2025-06-18 11:17:53.203192,5409.0,57695.0,79378.0
2025-06-18 11:17:53.756801,5409.0,57701.0,79386.0
2025-06-18 11:17:54.761377,5409.0,57700.0,79187.0
2025-06-18 11:17:55.204065,5409.0,57700.0,79187.0
2025-06-18 11:17:55.761040,5409.0,57698.0,79225.0
2025-06-18 11:17:56.203611,5407.5,57698.0,79225.0
2025-06-18 11:17:56.861665,5407.5,56872.0,79480.0
2025-06-18 11:17:57.208398,5409.0,56872.0,79480.0
2025-06-18 11:17:58.024011,5408.0,57278.0,79083.0
2025-06-18 11:17:58.202995,5408.0,57278.0,79083.0
2025-06-18 11:17:59.068949,5408.0,57020.0,79428.0
2025-06-18 11:17:59.204299,5408.0,57020.0,79428.0
2025-06-18 11:18:00.065654,5409.0,57420.0,78325.0
2025-06-18 11:18:00.235689,5409.0,57420.0,78325.0
2025-06-18 11:18:00.961835,5409.0,57618.0,78016.0
2025-06-18 11:18:02.070661,5410.0,57550.0,77826.0
2025-06-18 11:18:02.242369,5411.5,57550.0,77826.0
2025-06-18 11:18:03.072602,5411.5,58451.0,77399.0
2025-06-18 11:18:04.071334,5412.0,58558.0,77033.0
2025-06-18 11:18:04.207026,5412.0,58558.0,77033.0
2025-06-18 11:18:04.967330,5414.0,58517.0,77037.0
2025-06-18 11:18:05.215732,5414.0,58517.0,77037.0
2025-06-18 11:18:05.965328,5414.0,58127.0,77206.0
2025-06-18 11:18:07.074250,5414.0,58260.0,77263.0
2025-06-18 11:18:08.107329,5409.5,57442.0,77833.0
2025-06-18 11:18:08.232998,5409.5,57442.0,77833.0
2025-06-18 11:18:08.969544,5409.5,57742.0,77600.0
2025-06-18 11:18:09.206017,5412.5,57742.0,77600.0
2025-06-18 11:18:10.482398,5412.5,57661.0,77674.0
2025-06-18 11:18:10.971930,5412.5,54156.0,78053.0
2025-06-18 11:18:11.971598,5412.5,56532.0,78379.0
2025-06-18 11:18:13.081946,5409.5,57106.0,78717.0
2025-06-18 11:18:13.237935,5409.5,57106.0,78717.0
2025-06-18 11:18:14.172584,5409.5,56056.0,78754.0
2025-06-18 11:18:15.174635,5409.5,56409.0,78226.0
2025-06-18 11:18:15.207899,5409.5,56409.0,78226.0
2025-06-18 11:18:16.273178,5409.5,56358.0,78435.0
2025-06-18 11:18:17.372628,5409.5,56351.0,78494.0
2025-06-18 11:18:18.205578,5409.5,56351.0,78494.0
2025-06-18 11:18:18.374016,5409.5,57543.0,78419.0
2025-06-18 11:18:19.206666,5410.0,57543.0,78419.0
2025-06-18 11:18:19.374233,5410.0,57558.0,78115.0
2025-06-18 11:18:20.275311,5410.0,57559.0,78307.0
2025-06-18 11:18:21.277107,5410.0,57559.0,78339.0
2025-06-18 11:18:22.275665,5410.0,57597.0,78398.0
2025-06-18 11:18:23.205002,5410.5,57597.0,78398.0
2025-06-18 11:18:23.282201,5410.5,57523.0,78305.0
2025-06-18 11:18:24.207116,5410.0,57523.0,78305.0
2025-06-18 11:18:24.280326,5410.0,57259.0,78708.0
2025-06-18 11:18:25.278668,5410.0,57177.0,78786.0
2025-06-18 11:18:26.209128,5410.0,57177.0,78786.0
2025-06-18 11:18:26.280390,5410.0,57196.0,78733.0
2025-06-18 11:18:27.281901,5410.0,57274.0,78508.0
2025-06-18 11:18:28.258618,5410.0,57274.0,78508.0
2025-06-18 11:18:28.282229,5410.0,57299.0,78616.0
2025-06-18 11:18:29.383825,5410.0,57317.0,78617.0
2025-06-18 11:18:30.207157,5409.0,57317.0,78617.0
2025-06-18 11:18:30.485404,5409.0,57161.0,78693.0
2025-06-18 11:18:31.487192,5409.0,57167.0,78768.0
2025-06-18 11:18:32.485538,5410.0,57173.0,78766.0
2025-06-18 11:18:33.239853,5410.0,57173.0,78766.0
2025-06-18 11:18:33.590515,5410.0,57259.0,78681.0
2025-06-18 11:18:34.962196,5410.0,57201.0,78694.0
2025-06-18 11:18:35.785676,5410.0,57122.0,78824.0
2025-06-18 11:18:36.785948,5410.0,57150.0,78794.0
2025-06-18 11:18:37.889719,5410.0,57150.0,78801.0
2025-06-18 11:18:38.217285,5410.0,57150.0,78801.0
2025-06-18 11:18:38.889214,5410.0,57182.0,78767.0
2025-06-18 11:18:39.891239,5410.0,57134.0,78904.0
2025-06-18 11:18:40.208174,5410.0,57134.0,78904.0
2025-06-18 11:18:40.988894,5410.0,56337.0,78844.0
2025-06-18 11:18:42.095222,5410.0,57107.0,78987.0
2025-06-18 11:18:43.108379,5410.0,57067.0,78986.0
2025-06-18 11:18:43.211183,5410.0,57067.0,78986.0
2025-06-18 11:18:44.095718,5410.0,57209.0,79007.0
2025-06-18 11:18:45.097260,5410.0,57223.0,78944.0
2025-06-18 11:18:46.191059,5410.0,57272.0,78921.0
2025-06-18 11:18:47.196170,5410.0,57214.0,78892.0
2025-06-18 11:18:47.227441,5410.0,57214.0,78892.0
2025-06-18 11:18:48.208441,5410.0,57214.0,78892.0
2025-06-18 11:18:48.287550,5410.0,57213.0,78867.0
2025-06-18 11:18:48.480397,5410.0,57213.0,78867.0
2025-06-18 11:18:49.394253,5410.0,57119.0,78874.0
2025-06-18 11:18:49.595821,5410.0,57119.0,78874.0
2025-06-18 11:18:50.394192,5410.0,57120.0,78928.0
2025-06-18 11:18:50.471997,5410.0,57120.0,78928.0
2025-06-18 11:18:51.409545,5410.0,57120.0,78928.0
2025-06-18 11:18:51.491478,5410.0,57099.0,78879.0
2025-06-18 11:18:52.260858,5410.0,57099.0,78879.0
2025-06-18 11:18:52.599460,5410.0,57086.0,78944.0
2025-06-18 11:18:53.046027,5410.0,57086.0,78944.0
2025-06-18 11:18:53.206574,5410.0,57086.0,78944.0
2025-06-18 11:18:53.601872,5410.0,57100.0,78953.0
2025-06-18 11:18:54.061355,5410.0,57100.0,78953.0
2025-06-18 11:18:54.594166,5410.0,57108.0,78925.0
2025-06-18 11:18:54.623563,5410.0,57108.0,78925.0
2025-06-18 11:18:55.041242,5410.0,57108.0,78925.0
2025-06-18 11:18:55.495957,5410.0,57104.0,78925.0
2025-06-18 11:18:55.520999,5410.0,57104.0,78925.0
2025-06-18 11:18:56.215024,5410.0,57104.0,78925.0
2025-06-18 11:18:56.604023,5410.0,57104.0,78930.0
2025-06-18 11:18:56.791834,5410.0,57104.0,78930.0
2025-06-18 11:18:57.601986,5409.5,57096.0,79191.0
2025-06-18 11:18:58.066134,5409.5,57096.0,79191.0
2025-06-18 11:18:58.208765,5409.5,57096.0,79191.0
2025-06-18 11:18:58.600524,5409.5,57083.0,79196.0
2025-06-18 11:18:58.901975,5409.5,57083.0,79196.0
2025-06-18 11:18:59.606344,5409.5,57077.0,79207.0
2025-06-18 11:19:00.287096,5409.5,57077.0,79207.0
2025-06-18 11:19:00.604499,5409.5,57090.0,79207.0
2025-06-18 11:19:01.571342,5409.5,57090.0,79207.0
2025-06-18 11:19:01.696449,5409.5,57498.0,78985.0
2025-06-18 11:19:02.715942,5409.5,57498.0,78985.0
2025-06-18 11:19:02.794058,5409.5,57687.0,78972.0
2025-06-18 11:19:03.211142,5409.5,57687.0,78972.0
2025-06-18 11:19:03.896874,5409.5,57701.0,78986.0
2025-06-18 11:19:04.188351,5409.5,57701.0,78986.0
2025-06-18 11:19:04.895465,5409.5,57714.0,79127.0
2025-06-18 11:19:05.796935,5409.5,57643.0,79313.0
2025-06-18 11:19:06.209189,5409.5,57643.0,79313.0
2025-06-18 11:19:06.797639,5409.5,57686.0,79150.0
2025-06-18 11:19:07.727377,5410.0,57722.0,79148.0
2025-06-18 11:19:08.213206,5410.0,57722.0,79148.0
2025-06-18 11:19:08.799462,5409.0,57603.0,79097.0
2025-06-18 11:19:09.208888,5409.0,57603.0,79097.0
2025-06-18 11:19:09.899809,5410.0,57624.0,79039.0
2025-06-18 11:19:10.210303,5410.0,57624.0,79039.0
2025-06-18 11:19:10.798117,5410.0,57634.0,79051.0
2025-06-18 11:19:11.900926,5410.0,57622.0,79009.0
2025-06-18 11:19:12.208878,5410.0,57622.0,79009.0
2025-06-18 11:19:13.003602,5410.0,57671.0,78996.0
2025-06-18 11:19:13.214897,5410.0,57671.0,78996.0
2025-06-18 11:19:14.108582,5410.0,57689.0,78997.0
2025-06-18 11:19:15.204284,5410.0,57690.0,78990.0
2025-06-18 11:19:16.204953,5409.5,57698.0,79007.0
2025-06-18 11:19:16.211277,5409.5,57698.0,79007.0
2025-06-18 11:19:17.215518,5409.5,57698.0,78959.0
2025-06-18 11:19:18.211590,5410.0,57698.0,78959.0
2025-06-18 11:19:18.215389,5410.0,56818.0,78988.0
2025-06-18 11:19:19.216132,5410.0,57626.0,79048.0
2025-06-18 11:19:20.218117,5410.0,57705.0,79048.0
2025-06-18 11:19:21.220707,5410.0,57705.0,79055.0
2025-06-18 11:19:22.709989,5410.0,57736.0,79047.0
2025-06-18 11:19:23.210020,5410.0,57736.0,79047.0
2025-06-18 11:19:23.710435,5410.0,57736.0,79110.0
2025-06-18 11:19:24.816515,5410.0,57757.0,79092.0
2025-06-18 11:19:25.911849,5410.0,57757.0,79086.0
2025-06-18 11:19:26.212876,5410.0,57757.0,79086.0
2025-06-18 11:19:26.912110,5410.0,57784.0,78980.0
2025-06-18 11:19:28.013037,5410.0,57750.0,78764.0
2025-06-18 11:19:28.216567,5410.0,57750.0,78764.0
2025-06-18 11:19:29.114099,5410.0,57742.0,78958.0
2025-06-18 11:19:30.219708,5410.0,57786.0,78958.0
2025-06-18 11:19:31.221387,5410.0,57786.0,78958.0
2025-06-18 11:19:32.219956,5410.0,57795.0,78968.0
2025-06-18 11:19:33.209626,5410.0,57795.0,78968.0
2025-06-18 11:19:33.221372,5410.0,57895.0,78972.0
2025-06-18 11:19:34.250367,5410.0,57930.0,78997.0
2025-06-18 11:19:35.226986,5410.0,57937.0,78982.0
2025-06-18 11:19:36.223051,5410.0,57934.0,78981.0
2025-06-18 11:19:37.315183,5410.0,57935.0,78977.0
2025-06-18 11:19:38.234550,5410.0,57935.0,78977.0
2025-06-18 11:19:38.417473,5410.0,57949.0,78939.0
2025-06-18 11:19:39.518273,5410.0,57921.0,78931.0
2025-06-18 11:19:40.520047,5410.0,57920.0,78931.0
2025-06-18 11:19:41.424289,5410.0,57920.0,78930.0
2025-06-18 11:19:42.420231,5410.0,57818.0,78923.0
2025-06-18 11:19:43.233416,5410.0,57818.0,78923.0
2025-06-18 11:19:43.519274,5410.0,57803.0,78961.0
2025-06-18 11:19:44.519325,5410.0,57803.0,78930.0
2025-06-18 11:19:45.519673,5410.0,57794.0,78948.0
2025-06-18 11:19:46.520224,5410.0,56914.0,78884.0
2025-06-18 11:19:47.521558,5410.0,57028.0,78891.0
2025-06-18 11:19:48.216020,5410.0,57028.0,78891.0
2025-06-18 11:19:48.522545,5410.0,57863.0,78982.0
2025-06-18 11:19:49.523684,5410.0,57864.0,78934.0
2025-06-18 11:19:50.215836,5409.5,57864.0,78934.0
2025-06-18 11:19:50.523190,5409.5,57902.0,78921.0
2025-06-18 11:19:51.525038,5409.5,57905.0,78927.0
2025-06-18 11:19:52.525335,5409.5,57838.0,78920.0
2025-06-18 11:19:53.215153,5409.5,57838.0,78920.0
2025-06-18 11:19:53.526663,5409.5,57814.0,78923.0
2025-06-18 11:19:54.528279,5409.5,57759.0,79011.0
2025-06-18 11:19:56.033174,5409.5,57687.0,79007.0
2025-06-18 11:19:57.053344,5409.5,57709.0,78997.0
2025-06-18 11:19:58.038917,5409.5,57752.0,78982.0
2025-06-18 11:19:58.215885,5409.5,57752.0,78982.0
2025-06-18 11:20:00.477763,5409.5,57760.0,78969.0
2025-06-18 11:20:00.516539,5409.5,57751.0,78977.0
2025-06-18 11:20:00.518366,5409.5,57751.0,78977.0
2025-06-18 11:20:02.835435,5409.5,57721.0,78935.0
2025-06-18 11:20:03.219410,5409.5,57721.0,78935.0
2025-06-18 11:20:06.216118,5409.5,57721.0,78935.0
2025-06-18 11:20:07.847297,5409.5,57808.0,79044.0
2025-06-18 11:20:08.217137,5409.5,57808.0,79044.0
2025-06-18 11:20:12.346098,5409.5,57752.0,79051.0
2025-06-18 11:20:13.220554,5409.5,57752.0,79051.0
2025-06-18 11:20:16.217160,5409.5,57752.0,79051.0
2025-06-18 11:20:17.049861,5410.0,58343.0,77448.0
2025-06-18 11:20:17.218451,5410.0,58343.0,77448.0
2025-06-18 11:20:18.222234,5410.0,58343.0,77448.0
2025-06-18 11:20:20.217604,5411.0,58343.0,77448.0
2025-06-18 11:20:21.235859,5413.0,58343.0,77448.0
2025-06-18 11:20:21.858243,5413.0,59114.0,77519.0
2025-06-18 11:20:23.249719,5414.0,59114.0,77519.0
2025-06-18 11:20:24.214505,5415.0,59114.0,77519.0
2025-06-18 11:20:25.214125,5415.0,59114.0,77519.0
2025-06-18 11:20:26.217058,5415.0,59114.0,77519.0
2025-06-18 11:20:27.161205,5416.0,59351.0,77020.0
2025-06-18 11:20:27.218084,5416.0,59351.0,77020.0
2025-06-18 11:20:28.214893,5416.0,59351.0,77020.0
2025-06-18 11:20:29.223004,5417.5,59351.0,77020.0
2025-06-18 11:20:30.223427,5417.0,59351.0,77020.0
2025-06-18 11:20:32.060229,5415.5,58684.0,77749.0
2025-06-18 11:20:32.221624,5415.5,58684.0,77749.0
2025-06-18 11:20:33.216352,5415.0,58684.0,77749.0
2025-06-18 11:20:36.967176,5415.0,58871.0,77623.0
2025-06-18 11:20:38.217381,5415.5,58871.0,77623.0
2025-06-18 11:20:41.865554,5415.5,58948.0,77583.0
2025-06-18 11:20:43.237558,5415.0,58948.0,77583.0
2025-06-18 11:20:44.226708,5415.5,58948.0,77583.0
2025-06-18 11:20:46.670489,5415.5,58918.0,77789.0
2025-06-18 11:20:48.216563,5415.0,58918.0,77789.0
2025-06-18 11:20:49.218337,5413.0,58918.0,77789.0
2025-06-18 11:20:50.223227,5415.0,58918.0,77789.0
2025-06-18 11:20:51.673530,5415.0,58875.0,77685.0
2025-06-18 11:20:52.213571,5413.0,58875.0,77685.0
2025-06-18 11:20:53.221602,5415.0,58875.0,77685.0
2025-06-18 11:20:54.222832,5415.0,58875.0,77685.0
2025-06-18 11:20:55.218904,5416.5,58875.0,77685.0
2025-06-18 11:20:56.255136,5415.0,58875.0,77685.0
2025-06-18 11:20:56.875193,5415.0,58509.0,77192.0
2025-06-18 11:20:57.224001,5415.0,58509.0,77192.0
2025-06-18 11:20:58.222780,5416.5,58509.0,77192.0
2025-06-18 11:21:00.219742,5416.5,58509.0,77192.0
2025-06-18 11:21:01.775750,5416.5,59310.0,77247.0
2025-06-18 11:21:02.777196,5417.0,59427.0,77206.0
2025-06-18 11:21:03.236540,5417.0,59427.0,77206.0
2025-06-18 11:21:03.677077,5417.0,59411.0,77218.0
2025-06-18 11:21:04.678092,5417.0,59201.0,77287.0
2025-06-18 11:21:05.215343,5417.0,59201.0,77287.0
2025-06-18 11:21:05.679306,5416.5,59181.0,77373.0
2025-06-18 11:21:06.210515,5414.0,59181.0,77373.0
2025-06-18 11:21:06.780134,5414.0,59137.0,77725.0
2025-06-18 11:21:07.880569,5415.5,59176.0,77566.0
2025-06-18 11:21:08.213248,5415.5,59176.0,77566.0
2025-06-18 11:21:08.883957,5414.0,59132.0,77597.0
2025-06-18 11:21:09.214931,5415.5,59132.0,77597.0
2025-06-18 11:21:10.681334,5415.5,59150.0,77591.0
2025-06-18 11:21:11.682230,5415.5,59150.0,77619.0
2025-06-18 11:21:12.787951,5415.5,59160.0,77573.0
2025-06-18 11:21:13.248275,5415.5,59160.0,77573.0
2025-06-18 11:21:13.886575,5415.5,59168.0,77889.0
2025-06-18 11:21:14.791047,5415.5,58872.0,78406.0
2025-06-18 11:21:15.788583,5415.5,58872.0,78414.0
2025-06-18 11:21:16.888526,5415.5,58862.0,78415.0
2025-06-18 11:21:17.259107,5414.0,58862.0,78415.0
2025-06-18 11:21:17.988940,5415.0,58978.0,78248.0
2025-06-18 11:21:18.217513,5415.0,58978.0,78248.0
2025-06-18 11:21:18.990230,5414.0,59014.0,78062.0
2025-06-18 11:21:19.214296,5414.0,59014.0,78062.0
2025-06-18 11:21:19.894436,5414.0,58991.0,78443.0
2025-06-18 11:21:20.890871,5414.0,59030.0,78155.0
2025-06-18 11:21:21.988623,5415.0,59072.0,78146.0
2025-06-18 11:21:22.216692,5415.0,59072.0,78146.0
2025-06-18 11:21:22.992454,5415.0,59080.0,78126.0
2025-06-18 11:21:23.212438,5415.0,59080.0,78126.0
2025-06-18 11:21:23.990382,5415.0,59080.0,78150.0
2025-06-18 11:21:24.989867,5415.0,59070.0,78258.0
2025-06-18 11:21:25.212022,5414.0,59070.0,78258.0
2025-06-18 11:21:26.093169,5414.0,59085.0,78437.0
2025-06-18 11:21:26.218555,5415.0,59085.0,78437.0
2025-06-18 11:21:27.093548,5415.0,59077.0,78347.0
2025-06-18 11:21:27.226304,5414.0,59077.0,78347.0
2025-06-18 11:21:28.096208,5415.5,59075.0,78236.0
2025-06-18 11:21:28.216087,5415.5,59075.0,78236.0
2025-06-18 11:21:29.095255,5415.5,58916.0,78222.0
2025-06-18 11:21:29.214134,5415.5,58916.0,78222.0
2025-06-18 11:21:30.191450,5415.5,58886.0,78222.0
2025-06-18 11:21:31.291160,5415.5,58887.0,78234.0
2025-06-18 11:21:32.212719,5415.0,58887.0,78234.0
2025-06-18 11:21:32.294594,5415.0,58870.0,78251.0
2025-06-18 11:21:33.217003,5415.0,58870.0,78251.0
2025-06-18 11:21:33.293617,5415.0,58879.0,78216.0
2025-06-18 11:21:34.198040,5415.0,59079.0,78000.0
2025-06-18 11:21:35.295147,5415.0,59096.0,78047.0
2025-06-18 11:21:36.395760,5415.0,59084.0,78045.0
2025-06-18 11:21:37.218546,5415.0,59084.0,78045.0
2025-06-18 11:21:37.496888,5415.5,59095.0,78040.0
2025-06-18 11:21:38.215047,5415.5,59095.0,78040.0
2025-06-18 11:21:38.602618,5415.5,59096.0,78040.0
2025-06-18 11:21:39.609601,5415.5,59096.0,77935.0
2025-06-18 11:21:40.501853,5415.0,59014.0,78561.0
2025-06-18 11:21:41.215710,5415.0,59014.0,78561.0
2025-06-18 11:21:41.501520,5415.0,59014.0,78608.0
2025-06-18 11:21:42.638926,5415.0,59041.0,78627.0
2025-06-18 11:21:43.213272,5415.0,59041.0,78627.0
2025-06-18 11:21:43.500328,5415.0,59037.0,78628.0
2025-06-18 11:21:44.508709,5415.0,59031.0,78628.0
2025-06-18 11:21:45.504472,5415.0,59041.0,78628.0
2025-06-18 11:21:47.002349,5415.0,59034.0,78403.0
2025-06-18 11:21:47.231038,5415.0,59034.0,78403.0
2025-06-18 11:21:48.114287,5415.0,59020.0,78319.0
2025-06-18 11:21:48.219378,5415.0,59020.0,78319.0
2025-06-18 11:21:49.087143,5415.0,59020.0,78319.0
2025-06-18 11:21:49.108456,5415.0,59053.0,78348.0
2025-06-18 11:21:50.220490,5415.0,59053.0,78348.0
2025-06-18 11:21:50.225154,5415.0,59048.0,78533.0
2025-06-18 11:21:51.091015,5415.0,59048.0,78533.0
2025-06-18 11:21:51.248837,5415.0,59044.0,78538.0
2025-06-18 11:21:52.590253,5415.0,59044.0,78538.0
2025-06-18 11:21:52.592222,5415.0,59058.0,78576.0
2025-06-18 11:21:52.855893,5415.0,59058.0,78576.0
2025-06-18 11:21:53.123083,5415.0,59048.0,78549.0
2025-06-18 11:21:53.251554,5415.0,59048.0,78549.0
2025-06-18 11:21:53.663624,5415.0,59048.0,78549.0
2025-06-18 11:21:54.209265,5414.5,59007.0,78534.0
2025-06-18 11:21:54.217453,5414.5,59007.0,78534.0
2025-06-18 11:21:54.670172,5414.5,59007.0,78534.0
2025-06-18 11:21:55.221607,5414.5,59007.0,78534.0
2025-06-18 11:21:55.225669,5414.5,59007.0,78718.0
2025-06-18 11:21:55.648563,5414.5,59007.0,78718.0
2025-06-18 11:21:56.127134,5414.5,59007.0,78718.0
2025-06-18 11:21:56.212135,5414.5,58168.0,78633.0
2025-06-18 11:21:56.486577,5414.5,58168.0,78633.0
2025-06-18 11:21:57.211877,5414.5,58159.0,78467.0
2025-06-18 11:21:57.369850,5414.5,58159.0,78467.0
2025-06-18 11:21:58.211003,5415.0,59062.0,78477.0
2025-06-18 11:21:58.219349,5415.0,59062.0,78477.0
2025-06-18 11:21:58.705186,5415.0,59062.0,78477.0
2025-06-18 11:21:59.255449,5415.0,59067.0,78484.0
2025-06-18 11:21:59.512927,5415.0,59067.0,78484.0
2025-06-18 11:22:00.221242,5415.0,59026.0,78473.0
2025-06-18 11:22:00.913527,5415.0,59026.0,78473.0
2025-06-18 11:22:02.023185,5415.0,59026.0,78473.0
2025-06-18 11:22:03.228679,5415.0,59026.0,78473.0
2025-06-18 11:22:03.397405,5415.0,59026.0,78473.0
2025-06-18 11:22:05.185542,5414.0,59026.0,78473.0
2025-06-18 11:22:05.229242,5414.0,59026.0,78473.0
2025-06-18 11:22:05.230132,5414.0,59059.0,78377.0
2025-06-18 11:22:06.223848,5415.0,59059.0,78377.0
2025-06-18 11:22:08.221153,5415.0,59059.0,78377.0
2025-06-18 11:22:09.918510,5415.0,59078.0,78324.0
2025-06-18 11:22:11.303869,5415.0,59078.0,78324.0
2025-06-18 11:22:13.227395,5414.5,59078.0,78324.0
2025-06-18 11:22:15.022144,5414.5,58964.0,78561.0
2025-06-18 11:22:17.223137,5414.0,58964.0,78561.0
2025-06-18 11:22:18.222945,5414.0,58964.0,78561.0
2025-06-18 11:22:20.031879,5415.0,59002.0,78506.0
2025-06-18 11:22:20.227139,5415.0,59002.0,78506.0
2025-06-18 11:22:21.222633,5414.0,59002.0,78506.0
2025-06-18 11:22:23.226099,5415.0,59002.0,78506.0
2025-06-18 11:22:24.929258,5415.0,59161.0,78246.0
2025-06-18 11:22:25.229980,5415.0,59161.0,78246.0
2025-06-18 11:22:28.247376,5415.0,59161.0,78246.0
2025-06-18 11:22:29.731663,5415.0,59070.0,78334.0
2025-06-18 11:22:33.228199,5415.0,59070.0,78334.0
2025-06-18 11:22:34.731211,5415.0,59101.0,78090.0
2025-06-18 11:22:38.254639,5415.0,59101.0,78090.0
2025-06-18 11:22:39.738773,5415.0,59005.0,78102.0
2025-06-18 11:22:43.221877,5415.0,59005.0,78102.0
2025-06-18 11:22:45.188049,5415.0,59401.0,77841.0
2025-06-18 11:22:48.231340,5416.0,59401.0,77841.0
2025-06-18 11:22:50.229216,5415.0,59401.0,77841.0
2025-06-18 11:22:50.346001,5415.0,59384.0,77678.0
2025-06-18 11:22:51.226594,5416.0,59384.0,77678.0
2025-06-18 11:22:52.256768,5416.0,59384.0,77678.0
2025-06-18 11:22:53.227408,5416.0,59384.0,77678.0
2025-06-18 11:22:54.230855,5415.0,59384.0,77678.0
2025-06-18 11:22:55.164676,5415.0,59457.0,77829.0
2025-06-18 11:22:58.231090,5416.0,59457.0,77829.0
2025-06-18 11:22:59.237442,5416.0,59457.0,77829.0
2025-06-18 11:22:59.853514,5416.0,59460.0,77854.0
2025-06-18 11:23:03.231845,5416.0,59460.0,77854.0
2025-06-18 11:23:04.755080,5416.0,59532.0,77843.0
2025-06-18 11:23:08.228986,5416.0,59532.0,77843.0
2025-06-18 11:23:09.223811,5416.0,59532.0,77843.0
2025-06-18 11:23:09.755156,5416.0,59721.0,77737.0
2025-06-18 11:23:13.237064,5416.0,59721.0,77737.0
2025-06-18 11:23:14.232879,5415.0,59721.0,77737.0
2025-06-18 11:23:14.566232,5415.0,59838.0,77815.0
2025-06-18 11:23:19.965411,5416.0,59316.0,77950.0
2025-06-18 11:23:20.231012,5416.0,59316.0,77950.0
2025-06-18 11:23:23.238611,5414.5,59316.0,77950.0
2025-06-18 11:23:25.234422,5415.0,59316.0,77950.0
2025-06-18 11:23:25.364536,5415.0,58741.0,78370.0
2025-06-18 11:23:29.247092,5415.0,58741.0,78370.0
2025-06-18 11:23:30.772081,5415.0,59004.0,78219.0
2025-06-18 11:23:31.278194,5415.0,59004.0,78219.0
2025-06-18 11:23:33.233448,5415.5,59004.0,78219.0
2025-06-18 11:23:35.977614,5415.5,59019.0,78100.0
2025-06-18 11:23:37.236295,5415.5,59019.0,78100.0
2025-06-18 11:23:39.234883,5415.5,59019.0,78100.0
2025-06-18 11:23:40.879334,5415.5,59029.0,78114.0
2025-06-18 11:23:43.236490,5415.5,59029.0,78114.0
2025-06-18 11:23:45.879279,5415.5,59106.0,78101.0
2025-06-18 11:23:49.350330,5415.0,59106.0,78101.0
2025-06-18 11:23:50.692890,5415.0,59111.0,78242.0
2025-06-18 11:23:51.241034,5415.5,59111.0,78242.0
2025-06-18 11:23:53.236373,5415.5,59111.0,78242.0
2025-06-18 11:23:55.391349,5415.5,59198.0,78225.0
2025-06-18 11:23:59.238234,5415.5,59198.0,78225.0
2025-06-18 11:24:00.486371,5415.5,59185.0,78252.0
2025-06-18 11:24:03.237403,5415.0,59185.0,78252.0
2025-06-18 11:24:05.239997,5415.5,59185.0,78252.0
2025-06-18 11:24:05.393139,5415.5,59150.0,78191.0
2025-06-18 11:24:07.242735,5415.5,59150.0,78191.0
2025-06-18 11:24:09.239636,5414.0,59150.0,78191.0
2025-06-18 11:24:10.295911,5415.0,59219.0,78213.0
2025-06-18 11:24:11.245559,5415.0,59219.0,78213.0
2025-06-18 11:24:13.234803,5415.5,59219.0,78213.0
2025-06-18 11:24:15.211941,5416.0,59064.0,78180.0
2025-06-18 11:24:15.239335,5416.0,59064.0,78180.0
2025-06-18 11:24:17.359733,5416.0,59064.0,78180.0
2025-06-18 11:24:19.275712,5416.0,59064.0,78180.0
2025-06-18 11:24:20.204179,5416.0,59033.0,78304.0
2025-06-18 11:24:23.237270,5416.0,59033.0,78304.0
2025-06-18 11:24:25.234517,5414.0,59033.0,78304.0
2025-06-18 11:24:25.299725,5414.0,59039.0,78473.0
2025-06-18 11:24:29.247537,5414.0,59039.0,78473.0
2025-06-18 11:24:30.621749,5412.5,59176.0,78429.0
2025-06-18 11:24:31.262419,5412.5,59176.0,78429.0
2025-06-18 11:24:33.279235,5414.0,59176.0,78429.0
2025-06-18 11:24:35.242143,5414.5,59176.0,78429.0
2025-06-18 11:24:35.406891,5414.5,59111.0,78809.0
2025-06-18 11:24:37.261563,5414.0,59111.0,78809.0
2025-06-18 11:24:39.267180,5414.5,59111.0,78809.0
2025-06-18 11:24:40.209296,5414.5,59104.0,78741.0
2025-06-18 11:24:43.236042,5414.0,59104.0,78741.0
2025-06-18 11:24:45.010289,5414.0,58274.0,78759.0
2025-06-18 11:24:49.450544,5414.0,58274.0,78759.0
2025-06-18 11:24:49.526252,5414.0,58274.0,78759.0
2025-06-18 11:24:50.313355,5413.0,58753.0,79486.0
2025-06-18 11:24:50.603486,5413.0,58753.0,79486.0
2025-06-18 11:24:51.252716,5413.0,58753.0,79486.0
2025-06-18 11:24:51.517373,5413.0,58753.0,79486.0
2025-06-18 11:24:52.413288,5413.0,58753.0,79486.0
2025-06-18 11:24:53.235056,5410.0,58753.0,79486.0
2025-06-18 11:24:53.266284,5410.0,58753.0,79486.0
2025-06-18 11:24:54.050606,5410.0,58753.0,79486.0
2025-06-18 11:24:55.075284,5410.0,58753.0,79486.0
2025-06-18 11:24:55.122323,5410.0,58318.0,79513.0
2025-06-18 11:24:55.655976,5410.0,58318.0,79513.0
2025-06-18 11:24:56.061140,5410.0,58318.0,79513.0
2025-06-18 11:24:57.231935,5409.0,58318.0,79513.0
2025-06-18 11:24:57.791533,5409.0,58318.0,79513.0
2025-06-18 11:24:59.039039,5409.0,58318.0,79513.0
2025-06-18 11:24:59.238278,5410.0,58318.0,79513.0
2025-06-18 11:24:59.914151,5410.0,58318.0,79513.0
2025-06-18 11:25:00.037363,5410.0,58159.0,79469.0
2025-06-18 11:25:01.293526,5410.0,58159.0,79469.0
2025-06-18 11:25:02.422722,5410.0,58159.0,79469.0
2025-06-18 11:25:03.234697,5408.5,58159.0,79469.0
2025-06-18 11:25:03.558022,5408.5,58159.0,79469.0
2025-06-18 11:25:04.938618,5409.5,57849.0,79516.0
2025-06-18 11:25:05.023516,5409.5,57849.0,79516.0
2025-06-18 11:25:05.244653,5409.0,57849.0,79516.0
2025-06-18 11:25:07.235604,5408.5,57849.0,79516.0
2025-06-18 11:25:09.231381,5408.5,57849.0,79516.0
2025-06-18 11:25:10.430866,5408.5,57737.0,79489.0
2025-06-18 11:25:13.258675,5408.5,57737.0,79489.0
2025-06-18 11:25:15.932573,5408.5,57528.0,79424.0
2025-06-18 11:25:17.230147,5408.0,57528.0,79424.0
2025-06-18 11:25:19.231749,5409.0,57528.0,79424.0
2025-06-18 11:25:21.239891,5409.0,58142.0,79377.0
2025-06-18 11:25:23.368296,5408.5,58142.0,79377.0
2025-06-18 11:25:25.234554,5408.5,58142.0,79377.0
2025-06-18 11:25:26.338593,5408.5,57684.0,79153.0
2025-06-18 11:25:29.234304,5408.5,57684.0,79153.0
2025-06-18 11:25:31.235087,5408.5,57684.0,79153.0
2025-06-18 11:25:31.247863,5408.5,57702.0,79226.0
2025-06-18 11:25:33.234551,5408.5,57702.0,79226.0
2025-06-18 11:25:36.245270,5408.5,48599.0,79341.0
2025-06-18 11:25:39.938238,5408.0,48599.0,79341.0
2025-06-18 11:25:41.152483,5406.0,47655.0,79330.0
2025-06-18 11:25:41.228863,5406.0,47655.0,79330.0
2025-06-18 11:25:43.231904,5405.0,47655.0,79330.0
2025-06-18 11:25:45.846141,5405.0,48423.0,79438.0
2025-06-18 11:25:47.237666,5404.5,48423.0,79438.0
2025-06-18 11:25:49.228355,5407.0,48423.0,79438.0
2025-06-18 11:25:51.056983,5407.0,48588.0,79317.0
2025-06-18 11:25:53.236679,5408.5,48588.0,79317.0
2025-06-18 11:25:56.249463,5408.5,49063.0,79050.0
2025-06-18 11:25:57.246221,5408.5,49063.0,79050.0
2025-06-18 11:25:59.229327,5408.5,49063.0,79050.0
2025-06-18 11:26:01.698865,5408.5,48717.0,79197.0
2025-06-18 11:26:02.751031,5408.5,48718.0,79148.0
2025-06-18 11:26:03.241098,5408.5,48718.0,79148.0
2025-06-18 11:26:04.353873,5408.5,48944.0,79058.0
2025-06-18 11:26:05.244641,5408.5,48944.0,79058.0
2025-06-18 11:26:05.353956,5408.5,48878.0,79168.0
2025-06-18 11:26:06.355835,5408.5,48892.0,79180.0
2025-06-18 11:26:07.353606,5408.0,48748.0,79234.0
2025-06-18 11:26:08.236426,5408.0,48748.0,79234.0
2025-06-18 11:26:08.458258,5408.0,48780.0,79182.0
2025-06-18 11:26:09.556331,5408.5,48758.0,79184.0
2025-06-18 11:26:10.257192,5408.5,48758.0,79184.0
2025-06-18 11:26:10.558783,5408.5,48754.0,79218.0
2025-06-18 11:26:11.559939,5408.5,48754.0,79124.0
2025-06-18 11:26:12.561829,5408.5,48801.0,79178.0
2025-06-18 11:26:13.229771,5408.5,48801.0,79178.0
2025-06-18 11:26:13.674831,5408.5,48745.0,79058.0
2025-06-18 11:26:14.763200,5408.5,47857.0,79062.0
2025-06-18 11:26:15.765101,5408.5,48738.0,79042.0
2025-06-18 11:26:16.764809,5408.5,48762.0,78996.0
2025-06-18 11:26:17.227461,5406.0,48762.0,78996.0
2025-06-18 11:26:17.765450,5408.5,48716.0,79091.0
2025-06-18 11:26:18.241029,5408.5,48716.0,79091.0
2025-06-18 11:26:18.765073,5408.5,48849.0,79003.0
2025-06-18 11:26:19.769364,5408.5,48830.0,79003.0
2025-06-18 11:26:20.768088,5408.5,48831.0,79003.0
2025-06-18 11:26:21.289308,5408.5,48831.0,79003.0
2025-06-18 11:26:21.776128,5408.5,48829.0,79048.0
2025-06-18 11:26:22.767664,5408.5,48798.0,79161.0
2025-06-18 11:26:23.264637,5408.5,48798.0,79161.0
2025-06-18 11:26:23.767488,5406.5,48951.0,79123.0
2025-06-18 11:26:24.231972,5408.5,48951.0,79123.0
2025-06-18 11:26:24.680140,5408.5,48838.0,79153.0
2025-06-18 11:26:25.768884,5408.5,48834.0,79096.0
2025-06-18 11:26:26.769090,5408.5,48838.0,79105.0
2025-06-18 11:26:27.769273,5408.5,48881.0,79090.0
2025-06-18 11:26:28.235822,5408.5,48881.0,79090.0
2025-06-18 11:26:28.775926,5408.5,48895.0,79089.0
2025-06-18 11:26:29.682943,5408.5,48895.0,79067.0
2025-06-18 11:26:30.705094,5408.5,48858.0,79089.0
2025-06-18 11:26:31.770659,5408.5,48872.0,79079.0
2025-06-18 11:26:32.688652,5408.5,48872.0,79142.0
2025-06-18 11:26:33.232948,5408.5,48872.0,79142.0
2025-06-18 11:26:33.707314,5408.5,48868.0,79126.0
2025-06-18 11:26:34.574213,5408.5,48861.0,79132.0
2025-06-18 11:26:35.228106,5408.5,48861.0,79132.0
2025-06-18 11:26:35.688742,5408.5,48856.0,79147.0
2025-06-18 11:26:36.779346,5408.5,48874.0,79141.0
2025-06-18 11:26:37.876466,5408.5,48875.0,79091.0
2025-06-18 11:26:38.237761,5408.5,48875.0,79091.0
2025-06-18 11:26:38.877666,5408.5,48876.0,79029.0
2025-06-18 11:26:39.875347,5408.5,48875.0,79113.0
2025-06-18 11:26:40.877250,5408.5,48830.0,79113.0
2025-06-18 11:26:41.236340,5408.5,48830.0,79113.0
2025-06-18 11:26:41.876908,5408.5,48879.0,79147.0
2025-06-18 11:26:42.981414,5408.5,48888.0,79162.0
2025-06-18 11:26:43.246697,5408.5,48888.0,79162.0
2025-06-18 11:26:44.080122,5408.5,48873.0,79170.0
2025-06-18 11:26:45.080882,5408.5,48859.0,79183.0
2025-06-18 11:26:46.199694,5408.5,48859.0,79171.0
2025-06-18 11:26:47.280935,5408.0,48809.0,79184.0
2025-06-18 11:26:48.232253,5408.0,48809.0,79184.0
2025-06-18 11:26:48.381744,5408.0,48809.0,79168.0
2025-06-18 11:26:49.489839,5408.0,48768.0,79115.0
2025-06-18 11:26:50.486041,5408.0,48757.0,79143.0
2025-06-18 11:26:51.694845,5408.0,48757.0,79129.0
2025-06-18 11:26:52.704345,5408.0,48823.0,79261.0
2025-06-18 11:26:53.235156,5408.0,48823.0,79261.0
2025-06-18 11:26:53.787788,5408.0,48787.0,79290.0
2025-06-18 11:26:54.787318,5408.0,48786.0,79290.0
2025-06-18 11:26:55.789009,5408.0,48693.0,79290.0
2025-06-18 11:26:56.889808,5408.0,48657.0,79350.0
2025-06-18 11:26:57.992796,5408.0,48744.0,79264.0
2025-06-18 11:26:58.247876,5408.0,48744.0,79264.0
2025-06-18 11:26:58.990378,5408.0,48744.0,79265.0
2025-06-18 11:26:59.892875,5408.0,48745.0,79265.0
2025-06-18 11:27:01.241774,5406.0,48745.0,79265.0
2025-06-18 11:27:01.495037,5406.0,48745.0,79264.0
2025-06-18 11:27:03.239033,5408.0,48745.0,79264.0
2025-06-18 11:27:06.498205,5408.0,48721.0,79292.0
2025-06-18 11:27:09.250609,5408.0,48721.0,79292.0
2025-06-18 11:27:11.255826,5406.0,48721.0,79292.0
2025-06-18 11:27:11.401679,5406.0,48675.0,79448.0
2025-06-18 11:27:13.242486,5408.0,48675.0,79448.0
2025-06-18 11:27:16.406492,5408.0,48760.0,79322.0
2025-06-18 11:27:17.254700,5408.0,48760.0,79322.0
2025-06-18 11:27:20.474712,5408.0,48760.0,79322.0
2025-06-18 11:27:21.241863,5405.5,48760.0,79322.0
2025-06-18 11:27:21.307247,5405.5,48624.0,79369.0
2025-06-18 11:27:23.289161,5408.0,48624.0,79369.0
2025-06-18 11:27:26.110310,5408.0,48697.0,79183.0
2025-06-18 11:27:29.294543,5408.0,48697.0,79183.0
2025-06-18 11:27:31.109495,5408.0,48852.0,79198.0
2025-06-18 11:27:33.258465,5408.0,48852.0,79198.0
2025-06-18 11:27:36.513584,5405.5,48623.0,79209.0
2025-06-18 11:27:37.246722,5405.5,48623.0,79209.0
2025-06-18 11:27:39.243449,5408.0,48623.0,79209.0
2025-06-18 11:27:41.252468,5405.5,48623.0,79209.0
2025-06-18 11:27:41.518753,5405.5,48562.0,79189.0
2025-06-18 11:27:43.248075,5408.0,48562.0,79189.0
2025-06-18 11:27:45.241405,5406.5,48562.0,79189.0
2025-06-18 11:27:47.243054,5403.5,48562.0,79189.0
2025-06-18 11:27:47.418595,5407.0,48524.0,80125.0
2025-06-18 11:27:49.242901,5407.5,48524.0,80125.0
2025-06-18 11:27:49.915249,5407.5,48524.0,80125.0
2025-06-18 11:27:51.006519,5407.5,48524.0,80125.0
2025-06-18 11:27:51.924667,5407.5,48524.0,80125.0
2025-06-18 11:27:52.854741,5407.5,48524.0,80125.0
2025-06-18 11:27:53.243605,5407.5,48524.0,80125.0
2025-06-18 11:27:53.323015,5407.5,48507.0,80240.0
2025-06-18 11:27:53.766299,5407.5,48507.0,80240.0
2025-06-18 11:27:54.495348,5407.5,48507.0,80240.0
2025-06-18 11:27:55.514388,5407.5,48507.0,80240.0
2025-06-18 11:27:56.069082,5407.5,48507.0,80240.0
2025-06-18 11:27:57.244987,5407.5,48507.0,80240.0
2025-06-18 11:27:57.348055,5407.5,48507.0,80240.0
2025-06-18 11:27:58.258596,5407.5,48507.0,80240.0
2025-06-18 11:27:58.427116,5407.5,48584.0,80073.0
2025-06-18 11:27:59.241600,5407.5,48584.0,80073.0
2025-06-18 11:27:59.462492,5407.5,48584.0,80073.0
2025-06-18 11:28:00.321974,5407.5,48584.0,80073.0
2025-06-18 11:28:01.236462,5407.5,48584.0,80073.0
2025-06-18 11:28:01.730816,5407.5,48584.0,80073.0
2025-06-18 11:28:02.856197,5407.5,48584.0,80073.0
2025-06-18 11:28:03.142252,5407.5,48556.0,80125.0
2025-06-18 11:28:03.238282,5407.5,48556.0,80125.0
2025-06-18 11:28:03.979706,5407.5,48556.0,80125.0
2025-06-18 11:28:05.238113,5407.5,48556.0,80125.0
2025-06-18 11:28:05.604923,5407.5,48556.0,80125.0
2025-06-18 11:28:07.239992,5407.5,48556.0,80125.0
2025-06-18 11:28:08.031773,5407.5,48576.0,80300.0
2025-06-18 11:28:10.488849,5407.5,48576.0,80300.0
2025-06-18 11:28:12.738215,5407.5,48571.0,80315.0
2025-06-18 11:28:13.247160,5407.5,48571.0,80315.0
2025-06-18 11:28:15.244930,5407.5,48571.0,80315.0
2025-06-18 11:28:17.246242,5407.5,48571.0,80315.0
2025-06-18 11:28:17.639830,5407.5,48530.0,80397.0
2025-06-18 11:28:19.244190,5407.5,48530.0,80397.0
2025-06-18 11:28:21.240939,5406.5,48530.0,80397.0
2025-06-18 11:28:23.039639,5406.0,48492.0,80429.0
2025-06-18 11:28:23.247274,5406.0,48492.0,80429.0
2025-06-18 11:28:27.245784,5405.0,48492.0,80429.0
2025-06-18 11:28:28.341815,5406.0,48194.0,80454.0
2025-06-18 11:28:29.248276,5406.0,48194.0,80454.0
2025-06-18 11:28:31.244013,5406.5,48194.0,80454.0
2025-06-18 11:28:33.245595,5407.0,48194.0,80454.0
2025-06-18 11:28:33.347273,5407.0,48275.0,80458.0
2025-06-18 11:28:37.246674,5406.5,48275.0,80458.0
2025-06-18 11:28:38.256350,5406.5,48302.0,80455.0
2025-06-18 11:28:39.247171,5406.5,48302.0,80455.0
2025-06-18 11:28:41.247905,5405.0,48302.0,80455.0
2025-06-18 11:28:43.162244,5406.5,48252.0,80470.0
2025-06-18 11:28:43.242014,5406.5,48252.0,80470.0
2025-06-18 11:28:45.244630,5407.0,48252.0,80470.0
2025-06-18 11:28:48.259587,5407.0,48324.0,80430.0
2025-06-18 11:28:49.243806,5407.0,48324.0,80430.0
2025-06-18 11:28:53.246152,5407.0,48324.0,80430.0
2025-06-18 11:28:53.364077,5407.0,48317.0,80452.0
2025-06-18 11:28:57.965433,5407.0,48317.0,80456.0
2025-06-18 11:28:59.245437,5405.5,48317.0,80456.0
2025-06-18 11:29:01.248029,5407.0,48317.0,80456.0
2025-06-18 11:29:02.767124,5407.0,48249.0,80503.0
2025-06-18 11:29:03.258678,5407.0,48249.0,80503.0
2025-06-18 11:29:07.246969,5407.0,48249.0,80503.0
2025-06-18 11:29:07.368126,5407.0,47413.0,80492.0
2025-06-18 11:29:09.273603,5407.0,47413.0,80492.0
2025-06-18 11:29:11.268361,5405.0,47413.0,80492.0
2025-06-18 11:29:12.681075,5407.0,48304.0,80512.0
2025-06-18 11:29:13.250173,5407.0,48304.0,80512.0
2025-06-18 11:29:17.251822,5408.5,48304.0,80512.0
2025-06-18 11:29:17.975876,5409.0,49547.0,79425.0
2025-06-18 11:29:19.254877,5411.5,49547.0,79425.0
2025-06-18 11:29:21.252881,5411.5,49547.0,79425.0
2025-06-18 11:29:23.250437,5411.0,49547.0,79425.0
2025-06-18 11:29:23.278806,5411.0,49121.0,79524.0
2025-06-18 11:29:28.796380,5411.0,48868.0,79587.0
2025-06-18 11:29:29.246081,5411.0,48868.0,79587.0
2025-06-18 11:29:33.255370,5410.0,48868.0,79587.0
2025-06-18 11:29:33.789662,5410.0,48815.0,79913.0
2025-06-18 11:29:39.204939,5409.5,48902.0,79794.0
2025-06-18 11:29:39.248194,5409.5,48902.0,79794.0
2025-06-18 11:29:43.245694,5409.5,48902.0,79794.0
2025-06-18 11:29:44.493294,5409.5,48883.0,79883.0
2025-06-18 11:29:49.213521,5409.5,48829.0,79843.0
2025-06-18 11:29:49.245770,5409.5,48829.0,79843.0
2025-06-18 11:29:51.248485,5409.5,48829.0,79843.0
2025-06-18 11:29:53.247252,5409.5,48829.0,79843.0
2025-06-18 11:29:54.001348,5409.5,48817.0,79848.0
2025-06-18 11:29:57.267439,5409.5,48817.0,79848.0
2025-06-18 11:29:59.248724,5409.5,48817.0,79848.0
2025-06-18 11:29:59.403617,5409.5,49028.0,79723.0
2025-06-18 11:30:01.248806,5409.5,49028.0,79723.0
2025-06-18 11:30:03.255426,5410.0,49028.0,79723.0
2025-06-18 11:30:04.410029,5410.0,49055.0,79631.0
2025-06-18 11:30:06.250460,5409.5,49055.0,79631.0
2025-06-18 11:30:09.254764,5410.0,49055.0,79631.0
2025-06-18 11:30:09.911232,5410.0,48992.0,79635.0
2025-06-18 11:30:12.259801,5408.5,48992.0,79635.0
2025-06-18 11:30:15.258693,5409.5,48992.0,79635.0
2025-06-18 11:30:15.412634,5409.5,48919.0,79626.0
2025-06-18 11:30:18.250052,5410.0,48919.0,79626.0
2025-06-18 11:30:20.725693,5406.5,48999.0,79690.0
2025-06-18 11:30:21.261552,5406.5,48999.0,79690.0
2025-06-18 11:30:24.249839,5408.0,48999.0,79690.0
2025-06-18 11:30:26.418742,5408.0,48962.0,79747.0
2025-06-18 11:30:29.252732,5409.5,48962.0,79747.0
2025-06-18 11:30:31.250447,5410.0,48962.0,79747.0
2025-06-18 11:30:31.621817,5410.0,48955.0,79761.0
2025-06-18 11:30:33.250728,5410.0,48955.0,79761.0
2025-06-18 11:30:37.305293,5410.0,48860.0,79763.0
2025-06-18 11:30:39.271443,5409.5,48860.0,79763.0
2025-06-18 11:30:41.258929,5410.0,48860.0,79763.0
2025-06-18 11:30:42.028192,5410.0,49082.0,79662.0
2025-06-18 11:30:43.274048,5410.0,49082.0,79662.0
2025-06-18 11:30:47.533646,5410.0,49129.0,79736.0
2025-06-18 11:30:49.254671,5409.5,49129.0,79736.0
2025-06-18 11:30:50.348225,5409.5,49129.0,79736.0
2025-06-18 11:30:51.435694,5409.5,49129.0,79736.0
2025-06-18 11:30:52.372941,5409.5,49129.0,79736.0
2025-06-18 11:30:52.639423,5409.5,49110.0,79828.0
2025-06-18 11:30:53.258661,5409.5,49110.0,79828.0
2025-06-18 11:30:53.302087,5409.5,49110.0,79828.0
2025-06-18 11:30:54.169111,5409.5,49110.0,79828.0
2025-06-18 11:30:55.260898,5409.5,49110.0,79828.0
2025-06-18 11:30:55.988487,5409.5,49110.0,79828.0
2025-06-18 11:30:56.552574,5409.5,49110.0,79828.0
2025-06-18 11:30:57.457392,5409.5,49110.0,79828.0
2025-06-18 11:30:57.648687,5409.0,48041.0,79909.0
2025-06-18 11:30:57.822186,5409.0,48041.0,79909.0
2025-06-18 11:30:58.755087,5409.0,48041.0,79909.0
2025-06-18 11:30:59.295244,5409.0,48041.0,79909.0
2025-06-18 11:30:59.964083,5409.0,48041.0,79909.0
2025-06-18 11:31:00.836748,5409.0,48041.0,79909.0
2025-06-18 11:31:01.261483,5409.0,48041.0,79909.0
2025-06-18 11:31:02.290429,5409.0,48041.0,79909.0
2025-06-18 11:31:02.446074,5409.0,48023.0,79865.0
2025-06-18 11:31:03.268141,5409.0,48023.0,79865.0
2025-06-18 11:31:03.360401,5409.0,48023.0,79865.0
2025-06-18 11:31:04.498354,5409.0,48023.0,79865.0
2025-06-18 11:31:05.977696,5409.0,48023.0,79865.0
2025-06-18 11:31:07.348433,5409.0,48241.0,79860.0
2025-06-18 11:31:09.254923,5409.0,48241.0,79860.0
2025-06-18 11:31:11.267532,5409.5,48241.0,79860.0
2025-06-18 11:31:12.657827,5409.5,48274.0,79861.0
2025-06-18 11:31:13.266323,5409.5,48274.0,79861.0
2025-06-18 11:31:17.768685,5409.5,48085.0,79901.0
2025-06-18 11:31:19.347636,5409.5,48085.0,79901.0
2025-06-18 11:31:21.265720,5409.0,48085.0,79901.0
2025-06-18 11:31:23.065652,5407.5,47687.0,79931.0
2025-06-18 11:31:23.272490,5407.5,47687.0,79931.0
2025-06-18 11:31:25.267600,5408.5,47687.0,79931.0
2025-06-18 11:31:28.672745,5408.0,47731.0,80038.0
2025-06-18 11:31:29.487373,5408.0,47731.0,80038.0
2025-06-18 11:31:33.259064,5408.0,47731.0,80038.0
2025-06-18 11:31:33.970949,5408.0,47773.0,80013.0
2025-06-18 11:31:37.260032,5405.0,47773.0,80013.0
2025-06-18 11:31:39.079260,5405.0,47255.0,80853.0
2025-06-18 11:31:39.313199,5405.0,47255.0,80853.0
2025-06-18 11:31:43.273744,5405.0,47255.0,80853.0
2025-06-18 11:31:44.187224,5404.0,47087.0,80959.0
2025-06-18 11:31:45.271367,5404.0,47087.0,80959.0
2025-06-18 11:31:49.284665,5405.0,47087.0,80959.0
2025-06-18 11:31:49.295090,5405.0,46983.0,81131.0
2025-06-18 11:31:53.264172,5403.0,46983.0,81131.0
2025-06-18 11:31:54.307794,5403.0,46742.0,81066.0
2025-06-18 11:31:57.415549,5404.5,46742.0,81066.0
2025-06-18 11:31:59.264580,5402.5,46742.0,81066.0
2025-06-18 11:31:59.292313,5402.5,46690.0,81143.0
2025-06-18 11:32:03.265756,5404.0,46690.0,81143.0
2025-06-18 11:32:04.098796,5402.0,46612.0,81343.0
2025-06-18 11:32:05.257239,5402.0,46612.0,81343.0
2025-06-18 11:32:09.276459,5401.0,46612.0,81343.0
2025-06-18 11:32:09.805167,5401.0,43601.0,82396.0
2025-06-18 11:32:14.259007,5400.0,43601.0,82396.0
2025-06-18 11:32:15.910645,5400.0,45390.0,82311.0
2025-06-18 11:32:17.273450,5402.0,45390.0,82311.0
2025-06-18 11:32:20.280194,5402.0,45390.0,82311.0
2025-06-18 11:32:21.224370,5402.0,45437.0,82215.0
2025-06-18 11:32:23.258357,5402.0,45437.0,82215.0
2025-06-18 11:32:26.265654,5401.0,45437.0,82215.0
2025-06-18 11:32:27.121730,5401.0,45369.0,82326.0
2025-06-18 11:32:29.263777,5401.0,45369.0,82326.0
2025-06-18 11:32:32.261741,5400.5,45369.0,82326.0
2025-06-18 11:32:32.828786,5401.5,45600.0,82078.0
2025-06-18 11:32:35.263301,5401.5,45600.0,82078.0
2025-06-18 11:32:38.264133,5401.5,45600.0,82078.0
2025-06-18 11:32:38.727765,5401.5,45517.0,82083.0
2025-06-18 11:32:41.267221,5400.0,45517.0,82083.0
2025-06-18 11:32:44.315361,5400.0,45517.0,82083.0
2025-06-18 11:32:44.337700,5400.0,45560.0,82119.0
2025-06-18 11:32:47.272884,5401.5,45560.0,82119.0
2025-06-18 11:32:49.637801,5401.5,45594.0,81920.0
2025-06-18 11:32:50.261409,5401.5,45594.0,81920.0
2025-06-18 11:32:53.263501,5401.5,45594.0,81920.0
2025-06-18 11:32:54.746112,5401.5,46049.0,81923.0
2025-06-18 11:32:56.294659,5401.5,46049.0,81923.0
2025-06-18 11:32:59.832725,5402.0,46049.0,81923.0
2025-06-18 11:33:00.138896,5402.0,46025.0,81828.0
2025-06-18 11:33:02.264603,5402.0,46025.0,81828.0
2025-06-18 11:33:05.279909,5402.0,46025.0,81828.0
2025-06-18 11:33:05.540131,5402.0,46124.0,81564.0
2025-06-18 11:33:08.263303,5402.0,46124.0,81564.0
2025-06-18 11:33:11.145135,5401.5,46046.0,81550.0
2025-06-18 11:33:11.264400,5401.5,46046.0,81550.0
2025-06-18 11:33:14.263050,5402.0,46046.0,81550.0
2025-06-18 11:33:16.447415,5402.0,46039.0,81554.0
2025-06-18 11:33:20.269353,5402.0,46039.0,81554.0
2025-06-18 11:33:21.549376,5402.0,46087.0,81405.0
2025-06-18 11:33:23.277009,5402.0,46087.0,81405.0
2025-06-18 11:33:26.312818,5402.5,46087.0,81405.0
2025-06-18 11:33:26.852249,5402.5,46116.0,81491.0
2025-06-18 11:33:29.269297,5402.5,46116.0,81491.0
2025-06-18 11:33:32.279707,5402.5,46116.0,81491.0
2025-06-18 11:33:32.660830,5402.5,46185.0,81381.0
2025-06-18 11:33:35.281905,5402.5,46185.0,81381.0
2025-06-18 11:33:38.271892,5401.5,46185.0,81381.0
2025-06-18 11:33:38.553334,5401.5,45462.0,82077.0
2025-06-18 11:33:41.274050,5402.0,45462.0,82077.0
2025-06-18 11:33:44.281923,5402.0,45462.0,82077.0
2025-06-18 11:33:44.560270,5402.0,45628.0,81387.0
2025-06-18 11:33:50.302907,5402.0,45628.0,81387.0
2025-06-18 11:33:50.366687,5402.0,45513.0,81879.0
2025-06-18 11:33:51.120692,5402.0,45513.0,81879.0
2025-06-18 11:33:52.240306,5402.0,45513.0,81879.0
2025-06-18 11:33:53.191449,5402.0,45513.0,81879.0
2025-06-18 11:33:53.268763,5402.0,45513.0,81879.0
2025-06-18 11:33:54.108900,5402.0,45513.0,81879.0
2025-06-18 11:33:55.796828,5402.0,45513.0,81879.0
2025-06-18 11:33:56.077307,5402.0,45569.0,81915.0
2025-06-18 11:33:56.900076,5402.0,45569.0,81915.0
2025-06-18 11:33:57.475037,5402.0,45569.0,81915.0
2025-06-18 11:33:58.373290,5402.0,45569.0,81915.0
2025-06-18 11:33:59.282113,5402.0,45569.0,81915.0
2025-06-18 11:33:59.740393,5402.0,45569.0,81915.0
2025-06-18 11:34:00.887855,5402.0,45569.0,81915.0
2025-06-18 11:34:01.757871,5402.0,45569.0,81915.0
2025-06-18 11:34:01.976859,5402.0,45570.0,81935.0
2025-06-18 11:34:03.146277,5402.0,45570.0,81935.0
2025-06-18 11:34:04.283368,5402.0,45570.0,81935.0
2025-06-18 11:34:05.512493,5400.0,45570.0,81935.0
2025-06-18 11:34:05.549224,5400.0,45570.0,81935.0
2025-06-18 11:34:06.892197,5400.0,45570.0,81935.0
2025-06-18 11:34:07.580083,5402.0,45550.0,82053.0
2025-06-18 11:34:08.272176,5402.0,45550.0,82053.0
2025-06-18 11:34:13.084338,5402.0,45493.0,82007.0
2025-06-18 11:34:14.306760,5402.0,45493.0,82007.0
2025-06-18 11:34:18.292791,5402.0,45463.0,82102.0
2025-06-18 11:34:20.298034,5402.0,45463.0,82102.0
2025-06-18 11:34:23.310293,5401.5,45463.0,82102.0
2025-06-18 11:34:23.491281,5401.5,45495.0,82106.0
2025-06-18 11:34:26.272094,5398.5,45495.0,82106.0
2025-06-18 11:34:28.998422,5399.5,44622.0,82636.0
2025-06-18 11:34:29.281921,5397.0,44622.0,82636.0
2025-06-18 11:34:32.278300,5395.0,44622.0,82636.0
2025-06-18 11:34:34.274247,5395.5,44622.0,82636.0
2025-06-18 11:34:34.296121,5395.5,44513.0,82770.0
2025-06-18 11:34:36.312890,5397.0,44513.0,82770.0
2025-06-18 11:34:38.272527,5395.5,44513.0,82770.0
2025-06-18 11:34:39.206759,5395.5,44437.0,82706.0
2025-06-18 11:34:40.278050,5395.5,44437.0,82706.0
2025-06-18 11:34:42.276691,5397.0,44437.0,82706.0
2025-06-18 11:34:43.905448,5396.5,44119.0,82907.0
2025-06-18 11:34:44.275881,5396.5,44119.0,82907.0
2025-06-18 11:34:46.290831,5394.0,44119.0,82907.0
2025-06-18 11:34:48.273540,5394.0,44119.0,82907.0
2025-06-18 11:34:49.408417,5394.0,43922.0,82878.0
2025-06-18 11:34:52.269106,5394.0,43922.0,82878.0
2025-06-18 11:34:54.291735,5396.0,43922.0,82878.0
2025-06-18 11:34:54.814169,5396.0,44174.0,82600.0
2025-06-18 11:34:56.284829,5393.5,44174.0,82600.0
2025-06-18 11:35:00.477404,5396.0,44174.0,82600.0
2025-06-18 11:35:00.521408,5396.0,44194.0,82584.0
2025-06-18 11:35:02.275609,5396.0,44194.0,82584.0
2025-06-18 11:35:04.296142,5394.0,44194.0,82584.0
2025-06-18 11:35:05.742172,5396.5,44940.0,81958.0
2025-06-18 11:35:06.304346,5396.5,44940.0,81958.0
2025-06-18 11:35:08.332633,5397.0,44940.0,81958.0
2025-06-18 11:35:11.417615,5397.0,44593.0,82110.0
2025-06-18 11:35:12.498886,5396.0,44593.0,82110.0
2025-06-18 11:35:14.322292,5395.5,44593.0,82110.0
2025-06-18 11:35:16.325128,5397.0,44593.0,82110.0
2025-06-18 11:35:17.119628,5396.5,44507.0,82424.0
2025-06-18 11:35:18.299835,5396.5,44507.0,82424.0
2025-06-18 11:35:20.510221,5395.5,44507.0,82424.0
2025-06-18 11:35:22.737015,5395.5,44701.0,82494.0
2025-06-18 11:35:24.331492,5396.5,44701.0,82494.0
2025-06-18 11:35:26.327740,5396.5,44701.0,82494.0
2025-06-18 11:35:28.335868,5395.5,44701.0,82494.0
2025-06-18 11:35:28.748493,5392.5,43975.0,82178.0
2025-06-18 11:35:30.311925,5397.0,43975.0,82178.0
2025-06-18 11:35:32.303349,5397.5,43975.0,82178.0
2025-06-18 11:35:34.427498,5397.5,44798.0,81319.0
2025-06-18 11:35:35.298795,5397.0,44798.0,81319.0
2025-06-18 11:35:39.276870,5397.0,44798.0,81319.0
2025-06-18 11:35:40.339453,5397.0,45261.0,80681.0
2025-06-18 11:35:41.313690,5397.5,45261.0,80681.0
2025-06-18 11:35:44.287293,5398.5,45261.0,80681.0
2025-06-18 11:35:46.343561,5397.0,45335.0,80898.0
