timestamp,ltp,bid_qty,ask_qty
2025-06-18 11:01:36.661875,2685.4,49145.0,66540.0
2025-06-18 11:01:37.149165,2685.4,49145.0,66492.0
2025-06-18 11:01:38.851125,2685.4,49145.0,66459.0
2025-06-18 11:01:40.946618,2685.4,49145.0,66503.0
2025-06-18 11:01:41.945635,2685.4,49132.0,66487.0
2025-06-18 11:01:43.041261,2685.4,49132.0,66486.0
2025-06-18 11:01:44.189740,2685.4,49464.0,65865.0
2025-06-18 11:01:45.243343,2685.4,49486.0,65943.0
2025-06-18 11:01:46.135405,2684.8,49486.0,65943.0
2025-06-18 11:01:46.243923,2684.8,49467.0,65834.0
2025-06-18 11:01:47.346151,2684.8,49479.0,65747.0
2025-06-18 11:01:48.450756,2684.8,49439.0,65878.0
2025-06-18 11:01:49.348005,2684.8,49379.0,65892.0
2025-06-18 11:01:50.347584,2684.8,49379.0,65892.0
2025-06-18 11:01:51.959828,2684.8,49343.0,65921.0
2025-06-18 11:01:53.048876,2684.8,49342.0,65949.0
2025-06-18 11:01:54.048755,2684.8,49346.0,65949.0
2025-06-18 11:01:55.050148,2684.8,49090.0,66158.0
2025-06-18 11:01:56.206941,2684.8,49114.0,66409.0
2025-06-18 11:01:57.249387,2684.8,49210.0,65929.0
2025-06-18 11:01:58.250183,2684.8,49253.0,65924.0
2025-06-18 11:01:59.250900,2684.8,49197.0,65952.0
2025-06-18 11:02:00.251869,2684.8,49158.0,66249.0
2025-06-18 11:02:01.135115,2684.9,49158.0,66249.0
2025-06-18 11:02:03.057409,2684.9,49184.0,65982.0
2025-06-18 11:02:08.360732,2684.9,49275.0,65889.0
2025-06-18 11:02:13.765309,2684.9,49025.0,65902.0
2025-06-18 11:02:19.070087,2684.9,48944.0,66007.0
2025-06-18 11:02:24.273466,2684.9,48932.0,66199.0
2025-06-18 11:02:29.144150,2684.9,48932.0,66199.0
2025-06-18 11:02:29.278376,2684.9,48957.0,66158.0
2025-06-18 11:02:31.140132,2684.9,48957.0,66158.0
2025-06-18 11:02:34.577834,2684.9,49021.0,66368.0
2025-06-18 11:02:37.145276,2684.5,49021.0,66368.0
2025-06-18 11:02:40.015085,2684.5,48718.0,66698.0
2025-06-18 11:02:45.188209,2684.5,48645.0,66735.0
2025-06-18 11:02:50.388443,2684.5,48634.0,66750.0
2025-06-18 11:02:53.146872,2684.9,48634.0,66750.0
2025-06-18 11:02:55.794083,2684.9,48640.0,66913.0
2025-06-18 11:03:00.899361,2684.5,48555.0,66766.0
2025-06-18 11:03:01.139723,2684.5,48555.0,66766.0
2025-06-18 11:03:06.201316,2684.9,48572.0,66703.0
2025-06-18 11:03:07.145896,2684.9,48572.0,66703.0
2025-06-18 11:03:09.149644,2685.0,48572.0,66703.0
2025-06-18 11:03:11.149359,2685.0,48572.0,66703.0
2025-06-18 11:03:11.502084,2685.0,48557.0,66692.0
2025-06-18 11:03:16.703260,2684.4,48390.0,67005.0
2025-06-18 11:03:17.149731,2684.4,48390.0,67005.0
2025-06-18 11:03:19.149842,2683.8,48390.0,67005.0
2025-06-18 11:03:21.906288,2683.8,48391.0,66998.0
2025-06-18 11:03:27.110887,2683.8,48545.0,66999.0
2025-06-18 11:03:31.154590,2684.9,48545.0,66999.0
2025-06-18 11:03:32.516681,2684.9,48667.0,66815.0
2025-06-18 11:03:38.118894,2684.9,48560.0,66917.0
2025-06-18 11:03:41.170191,2684.3,48560.0,66917.0
2025-06-18 11:03:43.157103,2684.3,48560.0,66917.0
2025-06-18 11:03:43.319313,2684.3,48621.0,66815.0
2025-06-18 11:03:46.025952,2684.3,48621.0,66815.0
2025-06-18 11:03:47.119265,2684.3,48621.0,66815.0
2025-06-18 11:03:48.134218,2684.3,48626.0,66962.0
2025-06-18 11:03:48.899155,2684.3,48626.0,66962.0
2025-06-18 11:03:49.746042,2684.3,48626.0,66962.0
2025-06-18 11:03:50.554808,2684.3,48626.0,66962.0
2025-06-18 11:03:51.595170,2684.3,48626.0,66962.0
2025-06-18 11:03:52.205298,2684.3,48626.0,66962.0
2025-06-18 11:03:52.825196,2684.3,48618.0,67210.0
2025-06-18 11:03:53.072105,2684.3,48618.0,67210.0
2025-06-18 11:03:54.475055,2684.3,48618.0,67210.0
2025-06-18 11:03:55.723140,2684.3,48618.0,67210.0
2025-06-18 11:03:56.581759,2684.3,48618.0,67210.0
2025-06-18 11:04:00.459780,2684.3,48493.0,67237.0
2025-06-18 11:04:00.508241,2684.3,48493.0,67237.0
2025-06-18 11:04:00.540568,2684.3,48493.0,67237.0
2025-06-18 11:04:00.551669,2684.3,48493.0,67237.0
2025-06-18 11:04:01.153916,2684.2,48493.0,67237.0
2025-06-18 11:04:01.920643,2684.2,48493.0,67237.0
2025-06-18 11:04:01.933188,2684.2,48665.0,67131.0
2025-06-18 11:04:02.831899,2684.2,48658.0,67126.0
2025-06-18 11:04:03.832913,2684.2,48658.0,67189.0
2025-06-18 11:04:04.162825,2683.8,48658.0,67189.0
2025-06-18 11:04:04.834386,2683.8,48754.0,67123.0
2025-06-18 11:04:05.834401,2685.0,48819.0,66774.0
2025-06-18 11:04:06.160794,2685.0,48819.0,66774.0
2025-06-18 11:04:06.833763,2685.0,48820.0,66774.0
2025-06-18 11:04:07.732793,2685.0,48809.0,66774.0
2025-06-18 11:04:08.850003,2685.0,48812.0,66864.0
2025-06-18 11:04:09.940938,2685.0,48787.0,66864.0
2025-06-18 11:04:11.037535,2685.0,48776.0,66861.0
2025-06-18 11:04:12.143805,2685.0,48776.0,66876.0
2025-06-18 11:04:13.147127,2685.0,48777.0,66876.0
2025-06-18 11:04:14.240874,2685.0,48777.0,66894.0
2025-06-18 11:04:15.341533,2685.0,48400.0,66980.0
2025-06-18 11:04:16.342193,2685.0,48406.0,67033.0
2025-06-18 11:04:17.342355,2685.0,47488.0,67572.0
2025-06-18 11:04:18.242031,2685.0,48015.0,67655.0
2025-06-18 11:04:19.247474,2685.0,48040.0,67666.0
2025-06-18 11:04:20.354176,2685.0,48044.0,67517.0
2025-06-18 11:04:21.459409,2685.0,47984.0,67486.0
2025-06-18 11:04:22.554814,2685.0,47984.0,67475.0
2025-06-18 11:04:23.666918,2685.0,47962.0,67464.0
2025-06-18 11:04:24.663935,2685.0,47996.0,67484.0
2025-06-18 11:04:25.757835,2685.0,47996.0,67484.0
2025-06-18 11:04:26.860961,2685.0,47997.0,67489.0
2025-06-18 11:04:27.969247,2685.0,47997.0,67489.0
2025-06-18 11:04:28.859798,2685.0,47997.0,67489.0
2025-06-18 11:04:29.155512,2683.5,47997.0,67489.0
2025-06-18 11:04:29.862016,2683.5,47956.0,67604.0
2025-06-18 11:04:30.863723,2684.4,47896.0,67472.0
2025-06-18 11:04:31.154809,2684.4,47896.0,67472.0
2025-06-18 11:04:31.972693,2684.5,47914.0,67601.0
2025-06-18 11:04:32.159226,2684.5,47914.0,67601.0
2025-06-18 11:04:33.061879,2684.5,47867.0,67671.0
2025-06-18 11:04:34.062749,2684.5,47836.0,67676.0
2025-06-18 11:04:35.169546,2684.5,47843.0,67748.0
2025-06-18 11:04:36.265645,2684.5,47855.0,67691.0
2025-06-18 11:04:37.363384,2684.5,47867.0,67675.0
2025-06-18 11:04:38.363143,2684.5,47867.0,67659.0
2025-06-18 11:04:39.477358,2684.5,47866.0,67659.0
2025-06-18 11:04:40.499455,2684.5,47864.0,67659.0
2025-06-18 11:04:41.566823,2684.5,47898.0,67599.0
2025-06-18 11:04:42.667058,2684.5,47897.0,67627.0
2025-06-18 11:04:43.768315,2684.5,47903.0,67670.0
2025-06-18 11:04:44.768438,2684.5,47910.0,67670.0
2025-06-18 11:04:45.871745,2684.5,47935.0,67671.0
2025-06-18 11:04:46.870498,2684.5,47929.0,67671.0
2025-06-18 11:04:47.869649,2684.5,47936.0,67671.0
2025-06-18 11:04:48.868616,2684.5,47937.0,67642.0
2025-06-18 11:04:49.998855,2684.5,47936.0,67671.0
2025-06-18 11:04:50.983050,2684.5,47936.0,67671.0
2025-06-18 11:04:52.056152,2684.5,47938.0,67670.0
2025-06-18 11:04:53.006902,2684.5,47938.0,67670.0
2025-06-18 11:04:54.090852,2684.5,47938.0,67670.0
2025-06-18 11:04:55.074081,2684.5,47943.0,67671.0
2025-06-18 11:04:56.173603,2684.5,47931.0,67685.0
2025-06-18 11:04:57.215934,2684.5,47932.0,67671.0
2025-06-18 11:04:58.285981,2684.5,47984.0,67671.0
2025-06-18 11:04:59.377784,2684.5,47983.0,67714.0
2025-06-18 11:05:00.577240,2683.8,47984.0,67678.0
2025-06-18 11:05:01.167975,2683.8,47984.0,67678.0
2025-06-18 11:05:05.122996,2683.8,47970.0,67678.0
2025-06-18 11:05:07.881402,2683.8,47963.0,67648.0
2025-06-18 11:05:13.181077,2683.8,47879.0,67913.0
2025-06-18 11:05:18.687327,2683.8,47878.0,67788.0
2025-06-18 11:05:19.191749,2683.8,47878.0,67788.0
2025-06-18 11:05:23.787884,2683.8,47885.0,67820.0
2025-06-18 11:05:28.675920,2683.8,47881.0,67910.0
2025-06-18 11:05:31.162058,2682.9,47881.0,67910.0
2025-06-18 11:05:35.120530,2682.9,46529.0,68698.0
2025-06-18 11:05:35.211689,2682.0,46529.0,68698.0
2025-06-18 11:05:37.163350,2682.0,46529.0,68698.0
2025-06-18 11:05:39.274928,2682.0,46498.0,68863.0
2025-06-18 11:05:44.204065,2682.0,46788.0,68715.0
2025-06-18 11:05:49.104910,2682.0,46476.0,69099.0
2025-06-18 11:05:54.388766,2682.0,46777.0,69096.0
2025-06-18 11:05:59.313658,2682.0,47051.0,68785.0
2025-06-18 11:06:01.165740,2682.3,47051.0,68785.0
2025-06-18 11:06:04.015639,2682.3,46817.0,68828.0
2025-06-18 11:06:08.918958,2682.3,46859.0,68811.0
2025-06-18 11:06:13.818928,2682.3,47013.0,68778.0
2025-06-18 11:06:19.023339,2682.3,46628.0,68805.0
2025-06-18 11:06:23.925821,2682.3,46707.0,68835.0
2025-06-18 11:06:25.160773,2682.2,46707.0,68835.0
2025-06-18 11:06:28.726618,2682.2,46690.0,68944.0
2025-06-18 11:06:31.168344,2682.3,46690.0,68944.0
2025-06-18 11:06:33.433556,2682.3,46647.0,68933.0
2025-06-18 11:06:35.166348,2682.2,46647.0,68933.0
2025-06-18 11:06:38.236686,2682.2,46688.0,68867.0
2025-06-18 11:06:39.168307,2682.2,46688.0,68867.0
2025-06-18 11:06:43.441045,2682.2,46681.0,68872.0
2025-06-18 11:06:46.759645,2682.2,46681.0,68872.0
2025-06-18 11:06:47.619714,2682.2,46681.0,68872.0
2025-06-18 11:06:48.339896,2682.2,46694.0,68844.0
2025-06-18 11:06:48.553886,2682.2,46694.0,68844.0
2025-06-18 11:06:49.768077,2682.2,46694.0,68844.0
2025-06-18 11:06:50.286458,2682.2,46694.0,68844.0
2025-06-18 11:06:51.053815,2682.2,46694.0,68844.0
2025-06-18 11:06:52.045401,2682.2,46694.0,68844.0
2025-06-18 11:06:53.163246,2682.9,46694.0,68844.0
2025-06-18 11:06:53.246899,2682.9,46595.0,68765.0
2025-06-18 11:06:53.515213,2682.9,46595.0,68765.0
2025-06-18 11:06:54.760641,2682.9,46595.0,68765.0
2025-06-18 11:06:56.264981,2682.9,46595.0,68765.0
2025-06-18 11:06:57.103863,2682.9,46595.0,68765.0
2025-06-18 11:06:58.340891,2682.9,46586.0,68754.0
2025-06-18 11:06:58.540871,2682.9,46586.0,68754.0
2025-06-18 11:06:59.691164,2682.9,46586.0,68754.0
2025-06-18 11:07:00.829165,2682.9,46586.0,68754.0
2025-06-18 11:07:01.158689,2682.9,46586.0,68754.0
2025-06-18 11:07:02.287943,2682.9,46586.0,68754.0
2025-06-18 11:07:03.056475,2683.2,46714.0,68641.0
2025-06-18 11:07:03.162405,2683.2,46714.0,68641.0
2025-06-18 11:07:07.160756,2682.9,46714.0,68641.0
2025-06-18 11:07:10.480791,2682.2,46298.0,69231.0
2025-06-18 11:07:10.576990,2682.2,46298.0,69231.0
2025-06-18 11:07:13.860637,2682.2,46512.0,68724.0
2025-06-18 11:07:19.169946,2682.2,46440.0,68878.0
2025-06-18 11:07:22.207668,2681.7,46440.0,68878.0
2025-06-18 11:07:24.261310,2681.7,46332.0,68924.0
2025-06-18 11:07:27.173070,2683.1,46332.0,68924.0
2025-06-18 11:07:29.064190,2683.1,46489.0,68870.0
2025-06-18 11:07:31.172625,2683.1,46489.0,68870.0
2025-06-18 11:07:33.171635,2683.1,46489.0,68870.0
2025-06-18 11:07:34.065815,2683.1,46446.0,68718.0
2025-06-18 11:07:35.163907,2683.1,46446.0,68718.0
2025-06-18 11:07:38.978528,2683.1,46372.0,68788.0
2025-06-18 11:07:44.798929,2683.1,46329.0,68874.0
2025-06-18 11:07:49.578382,2683.1,46213.0,68839.0
2025-06-18 11:07:55.124241,2682.9,46245.0,68741.0
2025-06-18 11:07:55.167202,2682.9,46245.0,68741.0
2025-06-18 11:07:59.709144,2681.9,46203.0,68838.0
2025-06-18 11:08:00.437099,2681.9,46203.0,68838.0
2025-06-18 11:08:02.196763,2682.3,46203.0,68838.0
2025-06-18 11:08:04.783377,2682.3,46185.0,68702.0
2025-06-18 11:08:10.284652,2682.3,46095.0,68421.0
2025-06-18 11:08:15.792853,2682.0,46183.0,68402.0
2025-06-18 11:08:16.193987,2682.0,46183.0,68402.0
2025-06-18 11:08:20.541093,2682.3,46183.0,68402.0
2025-06-18 11:08:20.693340,2682.3,46106.0,68425.0
2025-06-18 11:08:26.199817,2682.3,46145.0,67962.0
2025-06-18 11:08:31.905898,2682.3,46192.0,68031.0
2025-06-18 11:08:32.171486,2682.3,46192.0,68031.0
2025-06-18 11:08:37.210209,2682.3,46244.0,68031.0
2025-06-18 11:08:42.309947,2682.3,46168.0,68062.0
2025-06-18 11:08:46.202325,2682.4,46168.0,68062.0
2025-06-18 11:08:47.609695,2682.4,46253.0,68368.0
2025-06-18 11:08:52.812707,2682.4,46257.0,68396.0
2025-06-18 11:08:58.015083,2682.4,46230.0,68412.0
2025-06-18 11:09:02.209919,2682.3,46230.0,68412.0
2025-06-18 11:09:02.916548,2682.3,46326.0,68594.0
2025-06-18 11:09:06.173447,2683.0,46326.0,68594.0
2025-06-18 11:09:07.921998,2683.0,46385.0,68347.0
2025-06-18 11:09:12.167729,2683.0,46385.0,68347.0
2025-06-18 11:09:14.310214,2683.0,46392.0,68272.0
2025-06-18 11:09:19.225619,2683.0,46353.0,68427.0
2025-06-18 11:09:24.429535,2683.0,46628.0,67994.0
2025-06-18 11:09:29.830349,2683.0,46724.0,67638.0
2025-06-18 11:09:32.179137,2683.0,46724.0,67638.0
2025-06-18 11:09:34.175932,2683.0,46724.0,67638.0
2025-06-18 11:09:35.236702,2682.4,46580.0,68116.0
2025-06-18 11:09:36.172998,2682.4,46580.0,68116.0
2025-06-18 11:09:38.204570,2682.4,46580.0,68116.0
2025-06-18 11:09:40.437594,2682.4,47456.0,66713.0
2025-06-18 11:09:44.190971,2683.8,47456.0,66713.0
2025-06-18 11:09:45.743775,2685.0,48801.0,65578.0
2025-06-18 11:09:46.254355,2685.0,48801.0,65578.0
2025-06-18 11:09:47.138633,2685.0,48801.0,65578.0
2025-06-18 11:09:48.210612,2685.0,48801.0,65578.0
2025-06-18 11:09:49.102976,2685.0,48801.0,65578.0
2025-06-18 11:09:50.021376,2685.0,48801.0,65578.0
2025-06-18 11:09:50.943619,2685.0,48492.0,66366.0
2025-06-18 11:09:51.638630,2685.0,48492.0,66366.0
2025-06-18 11:09:52.640079,2685.0,48492.0,66366.0
2025-06-18 11:09:53.224001,2685.0,48492.0,66366.0
2025-06-18 11:09:54.092946,2685.0,48492.0,66366.0
2025-06-18 11:09:55.345091,2685.0,48492.0,66366.0
2025-06-18 11:09:56.173628,2685.7,48492.0,66366.0
2025-06-18 11:09:56.543845,2685.7,49551.0,64784.0
2025-06-18 11:09:56.595475,2685.7,49551.0,64784.0
2025-06-18 11:09:57.569025,2685.7,49551.0,64784.0
2025-06-18 11:09:58.972863,2685.7,49551.0,64784.0
2025-06-18 11:10:00.120166,2685.7,49551.0,64784.0
2025-06-18 11:10:00.172066,2687.0,49551.0,64784.0
2025-06-18 11:10:01.249467,2687.0,49551.0,64784.0
2025-06-18 11:10:01.257420,2687.6,50606.0,62962.0
2025-06-18 11:10:02.169589,2687.2,50606.0,62962.0
2025-06-18 11:10:02.721827,2687.2,50606.0,62962.0
2025-06-18 11:10:03.049589,2687.2,50219.0,63703.0
2025-06-18 11:10:04.153274,2687.2,50446.0,63887.0
2025-06-18 11:10:05.256207,2687.2,50037.0,63955.0
2025-06-18 11:10:06.171675,2688.0,50037.0,63955.0
2025-06-18 11:10:06.349384,2688.0,50459.0,63143.0
2025-06-18 11:10:07.449376,2688.0,50447.0,63352.0
2025-06-18 11:10:09.503939,2688.0,50460.0,63320.0
2025-06-18 11:10:09.849909,2688.0,51350.0,62553.0
2025-06-18 11:10:10.180934,2688.0,51350.0,62553.0
2025-06-18 11:10:10.750335,2689.0,51350.0,63131.0
2025-06-18 11:10:11.185282,2689.0,51350.0,63131.0
2025-06-18 11:10:11.752214,2689.0,51328.0,62913.0
2025-06-18 11:10:12.852690,2689.0,51274.0,62629.0
2025-06-18 11:10:13.852832,2689.0,51963.0,61806.0
2025-06-18 11:10:14.177150,2689.0,51963.0,61806.0
2025-06-18 11:10:14.959615,2689.0,51815.0,62287.0
2025-06-18 11:10:15.957844,2689.0,51732.0,62305.0
2025-06-18 11:10:16.959361,2689.0,51733.0,62314.0
2025-06-18 11:10:17.180966,2690.2,51733.0,62314.0
2025-06-18 11:10:18.155771,2690.8,52150.0,61721.0
2025-06-18 11:10:18.170505,2690.8,52150.0,61721.0
2025-06-18 11:10:19.157000,2691.1,52513.0,60524.0
2025-06-18 11:10:19.168225,2691.1,52513.0,60524.0
2025-06-18 11:10:20.159744,2691.1,52442.0,60424.0
2025-06-18 11:10:21.166068,2691.1,52669.0,60421.0
2025-06-18 11:10:22.058828,2690.7,52642.0,60442.0
2025-06-18 11:10:22.174190,2690.7,52642.0,60442.0
2025-06-18 11:10:23.159442,2690.7,52615.0,60557.0
2025-06-18 11:10:24.160481,2689.0,49612.0,63700.0
2025-06-18 11:10:24.179122,2689.0,49612.0,63700.0
2025-06-18 11:10:25.164232,2689.0,50674.0,63529.0
2025-06-18 11:10:26.163616,2685.5,49182.0,66568.0
2025-06-18 11:10:26.176171,2685.5,49182.0,66568.0
2025-06-18 11:10:27.057138,2685.5,47636.0,65881.0
2025-06-18 11:10:28.057455,2685.5,48826.0,65869.0
2025-06-18 11:10:29.057958,2686.7,48931.0,66122.0
2025-06-18 11:10:29.174665,2686.7,48931.0,66122.0
2025-06-18 11:10:30.060151,2686.7,49067.0,65830.0
2025-06-18 11:10:31.060632,2686.7,48972.0,66175.0
2025-06-18 11:10:31.182172,2686.7,48972.0,66175.0
2025-06-18 11:10:32.061123,2686.7,48849.0,66431.0
2025-06-18 11:10:33.064993,2686.7,49050.0,66180.0
2025-06-18 11:10:34.066894,2686.7,48998.0,65970.0
2025-06-18 11:10:35.665143,2686.7,48984.0,66145.0
2025-06-18 11:10:36.664896,2686.7,48982.0,66145.0
2025-06-18 11:10:37.668967,2686.7,48988.0,66195.0
2025-06-18 11:10:38.668660,2686.7,49133.0,66224.0
2025-06-18 11:10:39.677297,2686.7,49147.0,66218.0
2025-06-18 11:10:40.170655,2685.8,49147.0,66218.0
2025-06-18 11:10:40.670018,2685.8,49085.0,66171.0
2025-06-18 11:10:41.767754,2685.8,49040.0,66328.0
2025-06-18 11:10:42.768221,2685.8,48526.0,66627.0
2025-06-18 11:10:43.172041,2684.6,48526.0,66627.0
2025-06-18 11:10:43.674834,2684.6,48546.0,65830.0
2025-06-18 11:10:44.677300,2684.6,48542.0,65798.0
2025-06-18 11:10:45.771781,2684.7,48452.0,65789.0
2025-06-18 11:10:46.170380,2684.7,48452.0,65789.0
2025-06-18 11:10:46.870893,2686.3,48921.0,65258.0
2025-06-18 11:10:47.168973,2686.3,48921.0,65258.0
2025-06-18 11:10:47.971402,2686.3,48849.0,65474.0
2025-06-18 11:10:48.972963,2686.3,48794.0,64779.0
2025-06-18 11:10:50.081237,2686.3,48963.0,65179.0
2025-06-18 11:10:51.179187,2686.3,48930.0,65344.0
2025-06-18 11:10:52.186536,2686.3,48962.0,65363.0
2025-06-18 11:10:53.278302,2686.3,48947.0,65111.0
2025-06-18 11:10:54.278445,2686.3,49304.0,64789.0
2025-06-18 11:10:55.173745,2687.1,49304.0,64789.0
2025-06-18 11:10:55.279455,2687.1,49051.0,64973.0
2025-06-18 11:10:56.281737,2687.1,48885.0,65210.0
2025-06-18 11:10:57.282227,2687.1,48869.0,65009.0
2025-06-18 11:10:58.283917,2687.1,48824.0,64912.0
2025-06-18 11:10:59.191673,2687.1,48975.0,65182.0
2025-06-18 11:11:00.188560,2687.1,49009.0,65200.0
2025-06-18 11:11:01.285368,2686.3,48901.0,65456.0
2025-06-18 11:11:02.166769,2686.3,48901.0,65456.0
2025-06-18 11:11:02.386836,2686.3,48895.0,65539.0
2025-06-18 11:11:03.387115,2686.3,48895.0,65542.0
2025-06-18 11:11:04.490829,2686.3,48887.0,65542.0
2025-06-18 11:11:05.389890,2686.3,48887.0,65541.0
2025-06-18 11:11:06.389960,2686.3,48919.0,65527.0
2025-06-18 11:11:07.543707,2686.3,48919.0,65527.0
2025-06-18 11:11:08.501602,2686.3,48901.0,65296.0
2025-06-18 11:11:09.595173,2686.3,49056.0,65071.0
2025-06-18 11:11:10.497534,2686.3,48811.0,65043.0
2025-06-18 11:11:11.595162,2686.3,48560.0,65347.0
2025-06-18 11:11:12.695739,2686.3,48520.0,65402.0
2025-06-18 11:11:13.795316,2686.3,48464.0,65722.0
2025-06-18 11:11:14.181897,2686.4,48464.0,65722.0
2025-06-18 11:11:14.795718,2686.4,48742.0,65030.0
2025-06-18 11:11:15.794948,2686.4,48683.0,65259.0
2025-06-18 11:11:16.896941,2686.4,48663.0,65583.0
2025-06-18 11:11:18.009318,2686.4,48928.0,65422.0
2025-06-18 11:11:19.030468,2686.4,48998.0,65132.0
2025-06-18 11:11:20.011280,2686.4,48984.0,65416.0
2025-06-18 11:11:20.897252,2686.4,48961.0,65390.0
2025-06-18 11:11:22.008888,2686.4,48789.0,64887.0
2025-06-18 11:11:23.008635,2686.4,48867.0,65121.0
2025-06-18 11:11:24.008297,2686.4,48880.0,65175.0
2025-06-18 11:11:25.005605,2686.4,48946.0,65402.0
2025-06-18 11:11:26.103157,2686.4,48943.0,65506.0
2025-06-18 11:11:27.101622,2686.4,48979.0,65480.0
2025-06-18 11:11:28.101876,2686.4,49001.0,65486.0
2025-06-18 11:11:29.105700,2686.4,49018.0,65402.0
2025-06-18 11:11:30.103489,2686.4,49153.0,65110.0
2025-06-18 11:11:31.104749,2686.5,49171.0,65139.0
2025-06-18 11:11:31.173037,2686.5,49171.0,65139.0
2025-06-18 11:11:32.104850,2686.5,49127.0,65403.0
2025-06-18 11:11:33.206421,2686.5,49044.0,65403.0
2025-06-18 11:11:34.306483,2686.5,49044.0,65402.0
2025-06-18 11:11:35.407819,2686.5,49105.0,65598.0
2025-06-18 11:11:36.308238,2686.5,49105.0,65586.0
2025-06-18 11:11:37.409302,2686.5,49070.0,65702.0
2025-06-18 11:11:38.519149,2686.5,49169.0,65555.0
2025-06-18 11:11:39.609502,2686.5,49154.0,65549.0
2025-06-18 11:11:40.171175,2686.2,49154.0,65549.0
2025-06-18 11:11:40.710893,2686.2,49161.0,65644.0
2025-06-18 11:11:41.609123,2686.2,49124.0,65668.0
2025-06-18 11:11:42.609686,2686.2,49182.0,65668.0
2025-06-18 11:11:44.611354,2686.2,49202.0,65682.0
2025-06-18 11:11:45.712171,2686.2,49210.0,65682.0
2025-06-18 11:11:46.611906,2686.2,49189.0,65700.0
2025-06-18 11:11:47.612415,2686.2,49189.0,65701.0
2025-06-18 11:11:48.615856,2686.2,49192.0,65701.0
2025-06-18 11:11:50.218882,2686.2,49196.0,65607.0
2025-06-18 11:11:51.118487,2686.2,49161.0,65334.0
2025-06-18 11:11:52.224012,2686.2,49195.0,65349.0
2025-06-18 11:11:53.317884,2686.2,49183.0,65371.0
2025-06-18 11:11:54.418541,2686.2,49208.0,65629.0
2025-06-18 11:11:55.190344,2686.0,49208.0,65629.0
2025-06-18 11:11:55.556005,2686.0,49248.0,65716.0
2025-06-18 11:11:56.422027,2686.0,49239.0,65716.0
2025-06-18 11:11:57.533670,2686.0,49239.0,65719.0
2025-06-18 11:11:58.624189,2686.0,49239.0,65629.0
2025-06-18 11:11:59.724022,2686.0,49239.0,65628.0
2025-06-18 11:12:00.827253,2686.2,49332.0,65393.0
2025-06-18 11:12:02.291797,2686.2,49379.0,65037.0
2025-06-18 11:12:02.331809,2686.2,49379.0,65037.0
2025-06-18 11:12:02.925885,2686.2,49381.0,65045.0
2025-06-18 11:12:03.928247,2686.2,49339.0,65289.0
2025-06-18 11:12:04.929266,2686.2,49280.0,65300.0
2025-06-18 11:12:06.036958,2686.5,49413.0,65272.0
2025-06-18 11:12:06.176467,2686.5,49413.0,65272.0
2025-06-18 11:12:07.128097,2686.5,49255.0,65305.0
2025-06-18 11:12:08.234624,2686.5,49249.0,65301.0
2025-06-18 11:12:10.119487,2686.5,49249.0,65040.0
2025-06-18 11:12:10.237902,2686.5,49270.0,65295.0
2025-06-18 11:12:11.177073,2687.0,49270.0,65295.0
2025-06-18 11:12:11.232852,2687.0,49106.0,65103.0
2025-06-18 11:12:12.333933,2687.0,49044.0,65169.0
2025-06-18 11:12:13.334658,2687.0,49048.0,65182.0
2025-06-18 11:12:14.334538,2687.0,49005.0,65172.0
2025-06-18 11:12:15.178010,2687.0,49005.0,65172.0
2025-06-18 11:12:15.735941,2687.0,49186.0,65267.0
2025-06-18 11:12:16.835343,2687.0,49220.0,65311.0
2025-06-18 11:12:17.936950,2687.0,49203.0,65590.0
2025-06-18 11:12:19.039893,2686.5,49196.0,65674.0
2025-06-18 11:12:19.177047,2686.5,49196.0,65674.0
2025-06-18 11:12:20.140938,2686.5,49186.0,65909.0
2025-06-18 11:12:21.143255,2686.5,49164.0,65927.0
2025-06-18 11:12:22.178020,2687.0,49164.0,65927.0
2025-06-18 11:12:22.245538,2687.0,48873.0,66454.0
2025-06-18 11:12:23.341465,2687.0,48928.0,66558.0
2025-06-18 11:12:24.441821,2687.0,48967.0,66600.0
2025-06-18 11:12:25.576945,2687.0,48811.0,66230.0
2025-06-18 11:12:26.553426,2687.0,48894.0,66494.0
2025-06-18 11:12:27.180331,2684.5,48894.0,66494.0
2025-06-18 11:12:27.647431,2684.5,48601.0,66287.0
2025-06-18 11:12:28.746402,2684.5,48653.0,66577.0
2025-06-18 11:12:29.847878,2684.5,48670.0,66548.0
2025-06-18 11:12:30.948695,2684.5,48737.0,66266.0
2025-06-18 11:12:31.180207,2684.5,48737.0,66266.0
2025-06-18 11:12:31.951539,2684.5,48743.0,66331.0
2025-06-18 11:12:33.050334,2685.6,48580.0,66310.0
2025-06-18 11:12:33.179963,2685.6,48580.0,66310.0
2025-06-18 11:12:34.156581,2685.6,48481.0,66058.0
2025-06-18 11:12:34.181614,2685.6,48481.0,66058.0
2025-06-18 11:12:35.200090,2684.9,48481.0,66058.0
2025-06-18 11:12:35.250238,2684.9,48981.0,65348.0
2025-06-18 11:12:36.257421,2684.9,49184.0,65577.0
2025-06-18 11:12:37.252768,2684.9,49081.0,65316.0
2025-06-18 11:12:38.181588,2687.4,49081.0,65316.0
2025-06-18 11:12:38.354110,2687.4,49861.0,65172.0
2025-06-18 11:12:39.454815,2687.4,49791.0,65428.0
2025-06-18 11:12:40.454269,2687.4,49800.0,65428.0
2025-06-18 11:12:41.557796,2687.4,49814.0,65352.0
2025-06-18 11:12:42.580460,2687.4,49681.0,65374.0
2025-06-18 11:12:43.659299,2687.4,49681.0,65374.0
2025-06-18 11:12:45.760037,2687.4,49681.0,65397.0
2025-06-18 11:12:46.860701,2687.4,49681.0,65306.0
2025-06-18 11:12:47.563841,2687.4,49681.0,65306.0
2025-06-18 11:12:47.962833,2687.4,49681.0,65305.0
2025-06-18 11:12:48.628461,2687.4,49681.0,65305.0
2025-06-18 11:12:48.964467,2687.4,49876.0,65170.0
2025-06-18 11:12:49.533843,2687.4,49876.0,65170.0
2025-06-18 11:12:50.063168,2687.4,49866.0,65167.0
2025-06-18 11:12:50.454748,2687.4,49866.0,65167.0
2025-06-18 11:12:51.165316,2687.4,49814.0,65077.0
2025-06-18 11:12:51.315368,2687.4,49814.0,65077.0
2025-06-18 11:12:52.102299,2687.4,49814.0,65077.0
2025-06-18 11:12:52.162805,2687.4,49804.0,65078.0
2025-06-18 11:12:53.072840,2687.4,49804.0,65078.0
2025-06-18 11:12:53.863213,2687.4,49762.0,65255.0
2025-06-18 11:12:54.045354,2687.4,49762.0,65255.0
2025-06-18 11:12:54.966911,2687.4,49753.0,65305.0
2025-06-18 11:12:55.804115,2687.4,49753.0,65305.0
2025-06-18 11:12:56.068501,2687.4,49750.0,65326.0
2025-06-18 11:12:57.014157,2687.4,49750.0,65326.0
2025-06-18 11:12:57.170357,2687.4,49733.0,65583.0
2025-06-18 11:12:57.883843,2687.4,49733.0,65583.0
2025-06-18 11:12:58.173551,2687.4,49749.0,65582.0
2025-06-18 11:12:59.289219,2687.4,49749.0,65582.0
2025-06-18 11:12:59.770655,2687.4,49747.0,65582.0
2025-06-18 11:13:00.402677,2687.4,49747.0,65582.0
2025-06-18 11:13:01.575336,2687.4,49747.0,65582.0
2025-06-18 11:13:01.671565,2687.0,49530.0,65781.0
2025-06-18 11:13:02.180170,2687.0,49530.0,65781.0
2025-06-18 11:13:03.036421,2687.0,49530.0,65781.0
2025-06-18 11:13:03.208592,2687.0,49514.0,65874.0
2025-06-18 11:13:04.182587,2686.6,49514.0,65874.0
2025-06-18 11:13:04.272853,2686.6,49074.0,65596.0
2025-06-18 11:13:05.273408,2686.6,49028.0,65690.0
2025-06-18 11:13:06.974649,2686.6,48865.0,65744.0
2025-06-18 11:13:07.977092,2686.6,48882.0,66019.0
2025-06-18 11:13:08.978473,2686.6,48875.0,65980.0
2025-06-18 11:13:09.977352,2686.6,48885.0,65996.0
2025-06-18 11:13:10.879690,2686.6,48884.0,65990.0
2025-06-18 11:13:11.878839,2686.6,48840.0,65983.0
2025-06-18 11:13:12.880567,2686.6,48847.0,65991.0
2025-06-18 11:13:13.979796,2686.6,48857.0,65991.0
2025-06-18 11:13:15.679198,2686.6,48844.0,66047.0
2025-06-18 11:13:16.780507,2686.0,48848.0,66074.0
2025-06-18 11:13:17.186303,2686.0,48848.0,66074.0
2025-06-18 11:13:17.681762,2686.0,48834.0,66132.0
2025-06-18 11:13:18.782190,2686.0,48826.0,66114.0
2025-06-18 11:13:19.782347,2686.0,48835.0,66114.0
2025-06-18 11:13:20.781831,2686.0,48827.0,66114.0
2025-06-18 11:13:21.883644,2686.0,48825.0,66114.0
2025-06-18 11:13:22.783390,2686.0,48808.0,66137.0
2025-06-18 11:13:23.783110,2686.0,48825.0,66177.0
2025-06-18 11:13:24.785746,2686.0,48826.0,66177.0
2025-06-18 11:13:25.785079,2686.0,48834.0,66171.0
2025-06-18 11:13:26.784840,2686.0,48834.0,66174.0
2025-06-18 11:13:27.786989,2686.0,48814.0,66174.0
2025-06-18 11:13:28.787654,2686.0,48816.0,66175.0
2025-06-18 11:13:29.186222,2685.9,48816.0,66175.0
2025-06-18 11:13:29.789140,2685.9,48814.0,66159.0
2025-06-18 11:13:30.890539,2685.9,48794.0,66080.0
2025-06-18 11:13:31.185437,2685.9,48794.0,66080.0
2025-06-18 11:13:31.890839,2685.9,48818.0,65976.0
2025-06-18 11:13:32.896402,2685.1,47873.0,66885.0
2025-06-18 11:13:33.189761,2685.1,47873.0,66885.0
2025-06-18 11:13:33.991957,2685.1,47057.0,66756.0
2025-06-18 11:13:35.090926,2685.1,48110.0,66980.0
2025-06-18 11:13:36.092605,2685.1,48084.0,67033.0
2025-06-18 11:13:37.095878,2685.1,48116.0,66937.0
2025-06-18 11:13:38.093379,2685.1,48160.0,67173.0
2025-06-18 11:13:39.093641,2685.1,48201.0,67107.0
2025-06-18 11:13:40.197098,2685.1,48213.0,67092.0
2025-06-18 11:13:41.296072,2685.1,48210.0,67101.0
2025-06-18 11:13:42.219723,2685.1,48119.0,67130.0
2025-06-18 11:13:43.296784,2685.1,48100.0,67099.0
2025-06-18 11:13:44.297859,2685.1,48120.0,67099.0
2025-06-18 11:13:45.297931,2685.1,48127.0,67099.0
2025-06-18 11:13:46.299030,2685.1,48134.0,67131.0
2025-06-18 11:13:47.297321,2685.1,48064.0,67131.0
2025-06-18 11:13:48.296494,2685.1,48064.0,67131.0
2025-06-18 11:13:49.398882,2685.1,48069.0,67117.0
2025-06-18 11:13:50.498224,2685.1,48033.0,67101.0
2025-06-18 11:13:51.597397,2685.1,48055.0,67101.0
2025-06-18 11:13:52.503814,2685.1,48068.0,67063.0
2025-06-18 11:13:53.506110,2685.1,48132.0,66959.0
2025-06-18 11:13:54.505322,2685.1,48132.0,66959.0
2025-06-18 11:13:55.504205,2685.1,48112.0,66952.0
2025-06-18 11:13:56.601454,2685.1,48107.0,66942.0
2025-06-18 11:13:57.504385,2685.1,48107.0,66951.0
2025-06-18 11:13:58.509182,2685.1,48097.0,66965.0
2025-06-18 11:13:59.505335,2685.1,48086.0,66982.0
2025-06-18 11:14:00.603548,2684.4,48214.0,66941.0
2025-06-18 11:14:02.189071,2684.4,48214.0,66941.0
2025-06-18 11:14:03.208911,2684.4,48293.0,66927.0
2025-06-18 11:14:08.108985,2684.4,48372.0,66841.0
2025-06-18 11:14:13.229915,2684.4,48343.0,66856.0
2025-06-18 11:14:18.317897,2684.4,48364.0,66648.0
2025-06-18 11:14:22.820299,2684.4,48344.0,66553.0
2025-06-18 11:14:24.195950,2684.1,48344.0,66553.0
2025-06-18 11:14:26.189077,2684.4,48344.0,66553.0
2025-06-18 11:14:28.130834,2684.4,49196.0,65364.0
2025-06-18 11:14:32.193324,2686.7,49196.0,65364.0
2025-06-18 11:14:33.426804,2686.7,49813.0,64608.0
2025-06-18 11:14:38.631067,2686.7,49855.0,65150.0
2025-06-18 11:14:43.638246,2686.7,49767.0,65272.0
2025-06-18 11:14:46.193823,2687.1,49767.0,65272.0
2025-06-18 11:14:49.239722,2687.1,49940.0,65107.0
2025-06-18 11:14:54.648839,2687.1,50083.0,64805.0
2025-06-18 11:15:00.152124,2687.1,50136.0,64749.0
2025-06-18 11:15:02.196783,2687.1,50136.0,64749.0
2025-06-18 11:15:05.351753,2687.1,49464.0,65099.0
2025-06-18 11:15:10.512884,2687.0,49464.0,65099.0
2025-06-18 11:15:10.560518,2687.0,49715.0,64583.0
2025-06-18 11:15:15.659043,2687.0,49571.0,65121.0
2025-06-18 11:15:18.197335,2686.8,49571.0,65121.0
2025-06-18 11:15:20.670820,2686.8,49432.0,65435.0
2025-06-18 11:15:25.467131,2686.8,49208.0,65728.0
2025-06-18 11:15:31.171586,2686.5,49321.0,65594.0
2025-06-18 11:15:32.195651,2686.5,49321.0,65594.0
2025-06-18 11:15:36.930138,2686.5,49362.0,65634.0
2025-06-18 11:15:41.909221,2686.5,49369.0,65648.0
2025-06-18 11:15:46.213522,2685.8,49369.0,65648.0
2025-06-18 11:15:47.081075,2685.8,49489.0,65401.0
2025-06-18 11:15:48.069634,2685.8,49489.0,65401.0
2025-06-18 11:15:49.095679,2685.8,49489.0,65401.0
2025-06-18 11:15:50.940485,2685.8,49489.0,65401.0
2025-06-18 11:15:51.780305,2685.8,49489.0,65401.0
2025-06-18 11:15:52.564601,2685.8,49489.0,65401.0
2025-06-18 11:15:52.602061,2685.8,49443.0,65472.0
2025-06-18 11:15:53.571351,2685.8,49443.0,65472.0
2025-06-18 11:15:54.134213,2685.8,49443.0,65472.0
2025-06-18 11:15:55.035455,2685.8,49443.0,65472.0
2025-06-18 11:15:56.299926,2685.8,49443.0,65472.0
2025-06-18 11:15:57.553092,2685.8,49443.0,65472.0
2025-06-18 11:15:57.787178,2685.8,49437.0,65515.0
2025-06-18 11:15:58.410502,2685.8,49437.0,65515.0
2025-06-18 11:16:00.114698,2685.8,49437.0,65515.0
2025-06-18 11:16:01.249603,2685.8,49437.0,65515.0
2025-06-18 11:16:02.201399,2686.1,49437.0,65515.0
2025-06-18 11:16:02.399217,2686.1,49437.0,65515.0
2025-06-18 11:16:03.088191,2686.1,49428.0,65549.0
2025-06-18 11:16:03.864598,2686.1,49428.0,65549.0
2025-06-18 11:16:04.197550,2685.8,49428.0,65549.0
2025-06-18 11:16:08.766472,2686.1,49396.0,65525.0
2025-06-18 11:16:10.443452,2685.5,49396.0,65525.0
2025-06-18 11:16:13.796292,2685.5,47545.0,67080.0
2025-06-18 11:16:19.208418,2685.5,47108.0,67269.0
2025-06-18 11:16:24.300683,2685.5,46991.0,67609.0
2025-06-18 11:16:29.212314,2685.5,46892.0,67604.0
2025-06-18 11:16:32.204781,2683.7,46892.0,67604.0
2025-06-18 11:16:34.311138,2683.7,47272.0,66931.0
2025-06-18 11:16:36.334057,2683.9,47272.0,66931.0
2025-06-18 11:16:40.328013,2683.9,47041.0,67781.0
2025-06-18 11:16:44.817929,2683.9,46926.0,67922.0
2025-06-18 11:16:46.205915,2683.7,46926.0,67922.0
2025-06-18 11:16:49.821993,2683.7,46664.0,68231.0
2025-06-18 11:16:54.925055,2683.7,46512.0,68250.0
2025-06-18 11:17:00.453431,2683.7,46354.0,68205.0
2025-06-18 11:17:01.228440,2682.6,46554.0,68445.0
2025-06-18 11:17:02.199591,2682.6,46554.0,68445.0
2025-06-18 11:17:02.325943,2682.6,46497.0,68163.0
2025-06-18 11:17:03.199572,2681.8,46497.0,68163.0
2025-06-18 11:17:03.426179,2683.2,46627.0,68145.0
2025-06-18 11:17:04.202102,2683.2,46627.0,68145.0
2025-06-18 11:17:05.426340,2683.2,46648.0,68492.0
2025-06-18 11:17:06.425801,2683.2,46652.0,68256.0
2025-06-18 11:17:07.428002,2683.2,46630.0,68225.0
2025-06-18 11:17:08.528567,2683.2,46597.0,68242.0
2025-06-18 11:17:09.528432,2683.2,46608.0,68287.0
2025-06-18 11:17:10.428670,2683.2,46601.0,68342.0
2025-06-18 11:17:11.530482,2683.2,46586.0,68312.0
2025-06-18 11:17:12.531240,2683.2,46593.0,68471.0
2025-06-18 11:17:13.631406,2683.2,46648.0,68471.0
2025-06-18 11:17:14.733010,2683.2,46701.0,68471.0
2025-06-18 11:17:15.732883,2683.2,46728.0,68482.0
2025-06-18 11:17:16.835332,2683.2,46693.0,68181.0
2025-06-18 11:17:17.934988,2683.2,47078.0,68371.0
2025-06-18 11:17:19.035826,2683.2,47002.0,68158.0
2025-06-18 11:17:20.034825,2683.2,46944.0,68473.0
2025-06-18 11:17:21.038174,2683.2,46952.0,68209.0
2025-06-18 11:17:22.139465,2683.2,46958.0,68188.0
2025-06-18 11:17:23.139977,2683.2,46958.0,68253.0
2025-06-18 11:17:24.143138,2683.2,46913.0,68285.0
2025-06-18 11:17:25.143324,2683.2,47041.0,68053.0
2025-06-18 11:17:26.144017,2683.2,46994.0,68108.0
2025-06-18 11:17:27.147579,2683.2,46939.0,68149.0
2025-06-18 11:17:28.143470,2683.2,46886.0,68150.0
2025-06-18 11:17:29.145080,2683.2,46902.0,68147.0
2025-06-18 11:17:30.144971,2683.2,46913.0,68146.0
2025-06-18 11:17:31.113998,2683.1,46914.0,68473.0
2025-06-18 11:17:31.201511,2683.1,46914.0,68473.0
2025-06-18 11:17:32.149147,2683.1,46895.0,68251.0
2025-06-18 11:17:32.204608,2683.1,46895.0,68251.0
2025-06-18 11:17:33.244059,2683.1,46917.0,68251.0
2025-06-18 11:17:34.346537,2683.1,46938.0,68501.0
2025-06-18 11:17:35.346411,2683.1,46907.0,68480.0
2025-06-18 11:17:36.451866,2683.1,46956.0,68193.0
2025-06-18 11:17:37.448567,2683.1,46906.0,68442.0
2025-06-18 11:17:38.550729,2683.1,46918.0,68437.0
2025-06-18 11:17:39.551643,2683.1,46938.0,68437.0
2025-06-18 11:17:40.450318,2683.1,46979.0,68463.0
2025-06-18 11:17:41.553539,2683.1,46966.0,68499.0
2025-06-18 11:17:42.655285,2683.1,46824.0,68526.0
2025-06-18 11:17:43.750007,2683.1,46854.0,68517.0
2025-06-18 11:17:44.850085,2683.1,46859.0,68505.0
2025-06-18 11:17:45.951875,2683.1,46868.0,68476.0
2025-06-18 11:17:47.094571,2683.1,46859.0,68505.0
2025-06-18 11:17:48.055923,2683.1,46859.0,68505.0
2025-06-18 11:17:49.056437,2683.1,46859.0,68516.0
2025-06-18 11:17:50.057215,2683.1,46859.0,68516.0
2025-06-18 11:17:51.060619,2683.1,46861.0,68516.0
2025-06-18 11:17:52.163149,2683.2,46837.0,68587.0
2025-06-18 11:17:52.203427,2683.2,46837.0,68587.0
2025-06-18 11:17:53.256756,2683.2,46844.0,68570.0
2025-06-18 11:17:54.259149,2683.2,46831.0,68606.0
2025-06-18 11:17:55.165458,2683.2,46839.0,68397.0
2025-06-18 11:17:56.261432,2683.2,46946.0,68218.0
2025-06-18 11:17:57.360299,2683.2,46915.0,68475.0
2025-06-18 11:17:58.461350,2683.2,46935.0,68350.0
2025-06-18 11:17:59.462579,2683.2,46930.0,68338.0
2025-06-18 11:18:00.568376,2682.6,46951.0,68033.0
2025-06-18 11:18:01.466154,2682.6,46963.0,68603.0
2025-06-18 11:18:02.242846,2682.6,46963.0,68603.0
2025-06-18 11:18:03.073803,2682.6,46992.0,68647.0
2025-06-18 11:18:04.072144,2682.6,47038.0,68602.0
2025-06-18 11:18:04.968367,2682.6,47024.0,68834.0
2025-06-18 11:18:05.966501,2682.6,47029.0,68590.0
2025-06-18 11:18:07.075174,2682.6,46980.0,68896.0
2025-06-18 11:18:08.168395,2682.6,46990.0,68902.0
2025-06-18 11:18:09.077271,2682.6,46980.0,68902.0
2025-06-18 11:18:10.483308,2682.6,45298.0,69615.0
2025-06-18 11:18:11.103678,2681.0,45078.0,70187.0
2025-06-18 11:18:11.214675,2681.0,45078.0,70187.0
2025-06-18 11:18:12.074955,2681.0,44112.0,70330.0
2025-06-18 11:18:13.174791,2681.0,44375.0,70334.0
2025-06-18 11:18:14.173294,2681.0,44479.0,70345.0
2025-06-18 11:18:15.270523,2681.0,45582.0,70343.0
2025-06-18 11:18:16.371859,2681.0,45608.0,70137.0
2025-06-18 11:18:17.373596,2681.0,45743.0,69849.0
2025-06-18 11:18:18.375375,2681.0,45689.0,70089.0
2025-06-18 11:18:19.375256,2681.0,45886.0,69426.0
2025-06-18 11:18:20.374603,2681.0,45887.0,69380.0
2025-06-18 11:18:21.375015,2681.0,45846.0,69822.0
2025-06-18 11:18:22.375893,2681.0,45822.0,69861.0
2025-06-18 11:18:23.377707,2681.0,45793.0,69904.0
2025-06-18 11:18:24.207308,2681.9,45793.0,69904.0
2025-06-18 11:18:24.379684,2681.9,45438.0,69843.0
2025-06-18 11:18:25.378433,2681.9,45364.0,69897.0
2025-06-18 11:18:26.379448,2681.9,45668.0,69774.0
2025-06-18 11:18:27.208489,2681.8,45668.0,69774.0
2025-06-18 11:18:27.380214,2681.8,45911.0,69634.0
2025-06-18 11:18:28.381770,2681.8,46033.0,69474.0
2025-06-18 11:18:29.482971,2681.8,46008.0,69645.0
2025-06-18 11:18:30.594390,2682.0,45958.0,69196.0
2025-06-18 11:18:31.207710,2682.0,45958.0,69196.0
2025-06-18 11:18:31.593594,2682.0,46019.0,69347.0
2025-06-18 11:18:32.593072,2682.0,45998.0,69243.0
2025-06-18 11:18:33.684477,2682.0,46245.0,68838.0
2025-06-18 11:18:34.962682,2682.0,46093.0,69248.0
2025-06-18 11:18:35.786148,2682.0,46013.0,69220.0
2025-06-18 11:18:36.888514,2682.0,46045.0,69220.0
2025-06-18 11:18:37.986340,2682.0,46059.0,69355.0
2025-06-18 11:18:38.991346,2682.0,46073.0,69346.0
2025-06-18 11:18:39.995813,2682.0,46077.0,69169.0
2025-06-18 11:18:41.097980,2682.0,46050.0,69047.0
2025-06-18 11:18:42.187535,2682.0,46027.0,69113.0
2025-06-18 11:18:43.109043,2682.0,46029.0,69131.0
2025-06-18 11:18:44.096048,2682.0,45988.0,69173.0
2025-06-18 11:18:45.785726,2682.0,46016.0,69112.0
2025-06-18 11:18:46.789588,2682.0,45914.0,69126.0
2025-06-18 11:18:47.886036,2682.0,46043.0,69418.0
2025-06-18 11:18:48.473081,2682.0,46043.0,69418.0
2025-06-18 11:18:48.988323,2682.0,46024.0,69125.0
2025-06-18 11:18:49.551830,2682.0,46024.0,69125.0
2025-06-18 11:18:50.099551,2682.0,45727.0,69155.0
2025-06-18 11:18:50.463263,2682.0,45727.0,69155.0
2025-06-18 11:18:51.100905,2682.0,45689.0,69146.0
2025-06-18 11:18:51.404285,2682.0,45689.0,69146.0
2025-06-18 11:18:52.191713,2682.0,45751.0,69234.0
2025-06-18 11:18:52.214194,2682.0,45751.0,69234.0
2025-06-18 11:18:52.256557,2682.0,45751.0,69234.0
2025-06-18 11:18:53.038150,2682.0,45751.0,69234.0
2025-06-18 11:18:53.194147,2682.0,45785.0,69197.0
2025-06-18 11:18:54.057757,2682.0,45785.0,69197.0
2025-06-18 11:18:54.690305,2682.0,45741.0,69240.0
2025-06-18 11:18:55.034168,2682.0,45741.0,69240.0
2025-06-18 11:18:55.601429,2682.0,45846.0,69064.0
2025-06-18 11:18:55.891338,2682.0,45846.0,69064.0
2025-06-18 11:18:56.692576,2682.0,45810.0,69082.0
2025-06-18 11:18:56.789485,2682.0,45810.0,69082.0
2025-06-18 11:18:57.603217,2682.0,45749.0,69057.0
2025-06-18 11:18:58.062344,2682.0,45749.0,69057.0
2025-06-18 11:18:58.601660,2682.0,45769.0,69122.0
2025-06-18 11:18:58.898842,2682.0,45769.0,69122.0
2025-06-18 11:18:59.607272,2681.1,46080.0,68970.0
2025-06-18 11:19:00.208894,2681.1,46080.0,68970.0
2025-06-18 11:19:00.283139,2681.1,46080.0,68970.0
2025-06-18 11:19:00.701789,2682.0,46528.0,68606.0
2025-06-18 11:19:01.212753,2682.0,46528.0,68606.0
2025-06-18 11:19:01.563179,2682.0,46528.0,68606.0
2025-06-18 11:19:02.102901,2682.0,46692.0,68443.0
2025-06-18 11:19:02.720110,2682.0,46692.0,68443.0
2025-06-18 11:19:03.194307,2682.0,46903.0,68329.0
2025-06-18 11:19:04.190108,2682.0,46903.0,68329.0
2025-06-18 11:19:04.198436,2682.0,46888.0,68402.0
2025-06-18 11:19:05.104795,2682.0,46886.0,68654.0
2025-06-18 11:19:05.210306,2682.0,46886.0,68654.0
2025-06-18 11:19:06.097063,2683.2,46959.0,68394.0
2025-06-18 11:19:06.207346,2683.2,46959.0,68394.0
2025-06-18 11:19:07.110301,2683.2,47010.0,68362.0
2025-06-18 11:19:08.105298,2683.2,47087.0,68354.0
2025-06-18 11:19:09.198229,2683.2,47052.0,68371.0
2025-06-18 11:19:10.297600,2683.2,47064.0,68225.0
2025-06-18 11:19:11.198931,2683.2,47112.0,68145.0
2025-06-18 11:19:12.298508,2683.2,47217.0,68122.0
2025-06-18 11:19:13.402070,2683.2,47177.0,68153.0
2025-06-18 11:19:14.504163,2683.2,47449.0,67963.0
2025-06-18 11:19:15.503451,2683.2,47531.0,68033.0
2025-06-18 11:19:16.208494,2683.2,47531.0,68033.0
2025-06-18 11:19:16.509054,2683.2,47531.0,67999.0
2025-06-18 11:19:17.507270,2683.2,47490.0,68272.0
2025-06-18 11:19:18.506869,2683.2,47492.0,68003.0
2025-06-18 11:19:19.507242,2683.2,47252.0,68122.0
2025-06-18 11:19:20.509153,2683.2,47199.0,68228.0
2025-06-18 11:19:21.204991,2681.9,47199.0,68228.0
2025-06-18 11:19:21.507686,2681.9,47167.0,68254.0
2025-06-18 11:19:22.509058,2681.9,47128.0,68314.0
2025-06-18 11:19:23.509187,2681.9,47151.0,68307.0
2025-06-18 11:19:24.611115,2681.9,47188.0,68324.0
2025-06-18 11:19:25.710574,2681.7,47007.0,68390.0
2025-06-18 11:19:26.209995,2681.7,47007.0,68390.0
2025-06-18 11:19:26.711674,2681.7,47104.0,68395.0
2025-06-18 11:19:27.811625,2681.7,47183.0,68393.0
2025-06-18 11:19:28.911636,2681.7,46937.0,67824.0
2025-06-18 11:19:30.012821,2681.7,47003.0,68568.0
2025-06-18 11:19:31.013472,2683.0,47289.0,67677.0
2025-06-18 11:19:31.210807,2683.0,47289.0,67677.0
2025-06-18 11:19:32.014038,2683.0,47233.0,67768.0
2025-06-18 11:19:32.207339,2683.0,47233.0,67768.0
2025-06-18 11:19:33.015387,2683.0,47012.0,68254.0
2025-06-18 11:19:33.207270,2683.0,47012.0,68254.0
2025-06-18 11:19:34.013760,2683.0,47043.0,68594.0
2025-06-18 11:19:35.015099,2683.0,47177.0,67942.0
2025-06-18 11:19:36.014036,2683.0,47064.0,68709.0
2025-06-18 11:19:37.123625,2682.4,47067.0,68640.0
2025-06-18 11:19:37.211080,2682.4,47067.0,68640.0
2025-06-18 11:19:38.232533,2681.2,47067.0,68640.0
2025-06-18 11:19:38.240250,2681.2,47034.0,68653.0
2025-06-18 11:19:39.318318,2681.2,46767.0,68756.0
2025-06-18 11:19:40.318490,2681.2,46771.0,68821.0
2025-06-18 11:19:41.204519,2681.2,46771.0,68821.0
2025-06-18 11:19:41.221652,2681.2,46767.0,68815.0
2025-06-18 11:19:42.259584,2681.2,46750.0,68838.0
2025-06-18 11:19:43.319339,2681.2,46662.0,68920.0
2025-06-18 11:19:44.317987,2681.2,46771.0,69125.0
2025-06-18 11:19:45.318971,2681.2,46800.0,69056.0
2025-06-18 11:19:46.320269,2681.2,46798.0,69041.0
2025-06-18 11:19:47.321248,2681.2,46895.0,68772.0
2025-06-18 11:19:48.321262,2681.2,47013.0,68771.0
2025-06-18 11:19:49.323277,2681.2,47033.0,68744.0
2025-06-18 11:19:50.322760,2681.2,47050.0,68701.0
2025-06-18 11:19:51.323061,2681.2,47027.0,68682.0
2025-06-18 11:19:52.323636,2681.2,47031.0,68683.0
2025-06-18 11:19:53.326132,2681.2,47033.0,68683.0
2025-06-18 11:19:54.327296,2681.2,46607.0,68815.0
2025-06-18 11:19:55.331200,2681.2,46672.0,68790.0
2025-06-18 11:19:56.232414,2681.2,46581.0,68896.0
2025-06-18 11:19:57.332269,2681.2,46523.0,68921.0
2025-06-18 11:19:58.336195,2681.2,46616.0,68867.0
2025-06-18 11:20:00.487684,2681.2,46724.0,68782.0
2025-06-18 11:20:00.521842,2682.0,46732.0,68690.0
2025-06-18 11:20:01.221009,2682.0,46732.0,68690.0
2025-06-18 11:20:02.033365,2682.0,46771.0,68705.0
2025-06-18 11:20:03.037712,2682.0,46772.0,68703.0
2025-06-18 11:20:04.036303,2682.0,46709.0,68692.0
2025-06-18 11:20:05.043207,2682.0,46751.0,68641.0
2025-06-18 11:20:05.218726,2682.0,46751.0,68641.0
2025-06-18 11:20:06.039940,2682.0,46754.0,68613.0
2025-06-18 11:20:07.040375,2682.0,46866.0,68829.0
2025-06-18 11:20:08.041399,2682.0,46795.0,68815.0
2025-06-18 11:20:09.043877,2682.0,46731.0,68849.0
2025-06-18 11:20:10.045285,2681.1,46825.0,68746.0
2025-06-18 11:20:10.211646,2681.1,46825.0,68746.0
2025-06-18 11:20:11.042887,2681.1,46901.0,68678.0
2025-06-18 11:20:12.153227,2681.2,46878.0,68662.0
2025-06-18 11:20:12.208369,2681.2,46878.0,68662.0
2025-06-18 11:20:13.258731,2681.2,46887.0,68990.0
2025-06-18 11:20:14.346429,2681.2,46909.0,68741.0
2025-06-18 11:20:15.448294,2681.2,46910.0,68752.0
2025-06-18 11:20:16.447931,2681.2,46910.0,68752.0
2025-06-18 11:20:17.209347,2682.0,46910.0,68752.0
2025-06-18 11:20:17.448672,2682.0,46881.0,68707.0
2025-06-18 11:20:18.217065,2682.0,46881.0,68707.0
2025-06-18 11:20:18.549173,2682.0,46984.0,68920.0
2025-06-18 11:20:19.550981,2682.0,46996.0,68953.0
2025-06-18 11:20:20.552021,2682.0,46926.0,68967.0
2025-06-18 11:20:21.552470,2682.0,47048.0,68944.0
2025-06-18 11:20:22.552536,2682.0,47073.0,68914.0
2025-06-18 11:20:23.555688,2682.0,47073.0,68914.0
2025-06-18 11:20:24.554915,2682.0,47073.0,68914.0
2025-06-18 11:20:25.556181,2682.0,47073.0,68914.0
2025-06-18 11:20:26.555748,2682.0,47073.0,68914.0
2025-06-18 11:20:27.556813,2682.0,47030.0,68917.0
2025-06-18 11:20:28.558631,2682.0,47024.0,68943.0
2025-06-18 11:20:29.558297,2682.0,47000.0,68943.0
2025-06-18 11:20:30.558893,2682.0,46933.0,68969.0
2025-06-18 11:20:31.214070,2682.0,46933.0,68969.0
2025-06-18 11:20:31.560191,2682.0,46948.0,68969.0
2025-06-18 11:20:32.714246,2682.0,46942.0,68969.0
2025-06-18 11:20:33.663170,2682.0,46954.0,68969.0
2025-06-18 11:20:34.762500,2682.0,46954.0,68968.0
2025-06-18 11:20:35.209190,2682.0,46954.0,68968.0
2025-06-18 11:20:35.665098,2682.0,46955.0,68978.0
2025-06-18 11:20:36.764450,2682.0,46952.0,68846.0
2025-06-18 11:20:37.865249,2682.0,46937.0,68898.0
2025-06-18 11:20:38.964775,2682.0,46924.0,68935.0
2025-06-18 11:20:40.067630,2682.0,46934.0,68936.0
2025-06-18 11:20:40.965378,2682.0,46936.0,68936.0
2025-06-18 11:20:41.966298,2682.0,46936.0,68947.0
2025-06-18 11:20:43.182995,2682.0,46935.0,68947.0
2025-06-18 11:20:44.067514,2682.0,46926.0,68885.0
2025-06-18 11:20:45.068513,2682.0,46909.0,68916.0
2025-06-18 11:20:46.072003,2682.0,46911.0,68965.0
2025-06-18 11:20:46.209557,2682.0,46911.0,68965.0
2025-06-18 11:20:47.070658,2682.0,46911.0,68966.0
2025-06-18 11:20:48.069357,2682.0,46951.0,68875.0
2025-06-18 11:20:49.071410,2682.0,46936.0,68870.0
2025-06-18 11:20:50.072377,2682.0,46936.0,68874.0
2025-06-18 11:20:51.072265,2682.0,46936.0,68879.0
2025-06-18 11:20:52.072286,2682.0,46934.0,68865.0
2025-06-18 11:20:53.173257,2682.0,46759.0,68877.0
2025-06-18 11:20:54.273028,2682.0,46799.0,68793.0
2025-06-18 11:20:55.174291,2682.0,46782.0,68793.0
2025-06-18 11:20:56.175796,2682.0,46941.0,68778.0
2025-06-18 11:20:57.274616,2682.0,46964.0,68763.0
2025-06-18 11:20:58.275582,2682.0,46932.0,68754.0
2025-06-18 11:20:59.374719,2682.0,46633.0,68759.0
2025-06-18 11:21:00.274277,2682.0,46640.0,68748.0
2025-06-18 11:21:01.212051,2681.5,46640.0,68748.0
2025-06-18 11:21:05.382349,2681.5,46784.0,68911.0
2025-06-18 11:21:06.215293,2682.0,46784.0,68911.0
2025-06-18 11:21:10.395745,2682.0,46927.0,68966.0
2025-06-18 11:21:15.090255,2682.0,46799.0,68977.0
2025-06-18 11:21:15.233868,2682.0,46799.0,68977.0
2025-06-18 11:21:19.690756,2682.0,46951.0,68957.0
2025-06-18 11:21:24.791853,2682.0,46946.0,68935.0
2025-06-18 11:21:29.891904,2681.0,46735.0,69006.0
2025-06-18 11:21:30.218223,2681.0,46735.0,69006.0
2025-06-18 11:21:31.218448,2682.0,46735.0,69006.0
2025-06-18 11:21:34.896258,2682.0,46798.0,68900.0
2025-06-18 11:21:38.226293,2682.0,46798.0,68900.0
2025-06-18 11:21:39.500677,2682.0,46863.0,68973.0
2025-06-18 11:21:44.113898,2682.0,46876.0,68987.0
2025-06-18 11:21:48.802431,2682.0,46877.0,68998.0
2025-06-18 11:21:49.055992,2682.0,46877.0,68998.0
2025-06-18 11:21:50.213616,2682.0,46877.0,68998.0
2025-06-18 11:21:51.062269,2682.0,46877.0,68998.0
2025-06-18 11:21:52.851179,2682.0,46877.0,68998.0
2025-06-18 11:21:53.655393,2682.0,46877.0,68998.0
2025-06-18 11:21:53.809377,2682.0,46910.0,69026.0
2025-06-18 11:21:54.663518,2682.0,46910.0,69026.0
2025-06-18 11:21:55.213687,2682.0,46910.0,69026.0
2025-06-18 11:21:56.122154,2682.0,46910.0,69026.0
2025-06-18 11:21:57.370753,2682.0,46910.0,69026.0
2025-06-18 11:21:58.711567,2682.0,46910.0,69026.0
2025-06-18 11:21:59.138308,2682.0,46881.0,68936.0
2025-06-18 11:21:59.505118,2682.0,46881.0,68936.0
2025-06-18 11:22:00.910781,2682.0,46881.0,68936.0
2025-06-18 11:22:01.214106,2682.0,46881.0,68936.0
2025-06-18 11:22:02.026360,2682.0,46881.0,68936.0
2025-06-18 11:22:03.393678,2682.0,46881.0,68936.0
2025-06-18 11:22:05.127277,2682.0,47005.0,68877.0
2025-06-18 11:22:05.222107,2682.0,47005.0,68877.0
2025-06-18 11:22:07.220914,2682.0,47005.0,68877.0
2025-06-18 11:22:08.818914,2682.0,47054.0,68928.0
2025-06-18 11:22:09.219945,2681.0,47054.0,68928.0
2025-06-18 11:22:14.023373,2681.0,46998.0,68863.0
2025-06-18 11:22:19.030009,2681.0,47008.0,68860.0
2025-06-18 11:22:23.929495,2681.0,46909.0,68874.0
2025-06-18 11:22:28.834308,2681.0,47135.0,68591.0
2025-06-18 11:22:31.221464,2682.0,47135.0,68591.0
2025-06-18 11:22:33.734045,2682.0,47262.0,68210.0
2025-06-18 11:22:38.835279,2682.0,47265.0,68525.0
2025-06-18 11:22:43.839120,2682.0,47348.0,68523.0
2025-06-18 11:22:49.260543,2682.0,47206.0,68352.0
2025-06-18 11:22:54.165347,2682.0,46864.0,68765.0
2025-06-18 11:22:58.953128,2682.0,46860.0,68745.0
2025-06-18 11:22:59.236480,2682.0,46860.0,68745.0
2025-06-18 11:23:01.220384,2682.0,46860.0,68745.0
2025-06-18 11:23:01.754768,2682.0,46732.0,68452.0
2025-06-18 11:23:02.755338,2682.0,46794.0,68504.0
2025-06-18 11:23:03.667140,2682.0,46757.0,68501.0
2025-06-18 11:23:04.752661,2682.0,46661.0,68554.0
2025-06-18 11:23:05.853154,2682.0,46613.0,68863.0
2025-06-18 11:23:06.954509,2682.0,46576.0,68923.0
2025-06-18 11:23:07.957995,2682.0,46537.0,68880.0
2025-06-18 11:23:08.954470,2682.0,46537.0,68880.0
2025-06-18 11:23:09.955654,2682.0,46552.0,68613.0
2025-06-18 11:23:11.056401,2682.0,46532.0,68786.0
2025-06-18 11:23:14.195533,2682.0,46610.0,68865.0
2025-06-18 11:23:14.225633,2682.0,46610.0,68865.0
2025-06-18 11:23:15.259389,2682.0,46441.0,68870.0
2025-06-18 11:23:16.358919,2682.0,46345.0,69133.0
2025-06-18 11:23:17.461572,2681.1,45327.0,69417.0
2025-06-18 11:23:18.230248,2681.1,45327.0,69417.0
2025-06-18 11:23:18.458953,2681.1,45495.0,69663.0
2025-06-18 11:23:19.459894,2681.1,45309.0,69080.0
2025-06-18 11:23:20.562175,2681.1,45576.0,69340.0
2025-06-18 11:23:21.676951,2681.1,45551.0,69360.0
2025-06-18 11:23:22.766011,2681.7,45586.0,69180.0
2025-06-18 11:23:23.229079,2681.7,45586.0,69180.0
2025-06-18 11:23:23.677174,2681.7,45859.0,68913.0
2025-06-18 11:23:24.676955,2681.7,45839.0,69191.0
2025-06-18 11:23:25.764717,2681.8,45869.0,69073.0
2025-06-18 11:23:26.222402,2681.8,45869.0,69073.0
2025-06-18 11:23:26.765502,2681.8,45868.0,69324.0
2025-06-18 11:23:27.869812,2681.8,45943.0,69323.0
2025-06-18 11:23:28.971038,2681.8,45986.0,69326.0
2025-06-18 11:23:29.871066,2681.8,45995.0,69333.0
2025-06-18 11:23:30.976468,2681.8,46017.0,69293.0
2025-06-18 11:23:31.245889,2681.8,46017.0,69293.0
2025-06-18 11:23:32.070525,2681.8,46188.0,69259.0
2025-06-18 11:23:33.073315,2682.0,46173.0,69279.0
2025-06-18 11:23:33.227926,2682.0,46173.0,69279.0
2025-06-18 11:23:34.074080,2682.0,46164.0,69279.0
2025-06-18 11:23:35.374830,2682.0,46176.0,69279.0
2025-06-18 11:23:36.238557,2681.1,46176.0,69279.0
2025-06-18 11:23:36.376892,2681.1,46145.0,69504.0
2025-06-18 11:23:37.382912,2681.1,46154.0,69511.0
2025-06-18 11:23:38.377270,2681.1,46116.0,69603.0
2025-06-18 11:23:39.279942,2681.1,46143.0,69163.0
2025-06-18 11:23:40.379028,2681.1,46088.0,69458.0
2025-06-18 11:23:41.480871,2681.1,46113.0,69240.0
2025-06-18 11:23:42.480202,2681.1,46135.0,69490.0
2025-06-18 11:23:43.484239,2681.1,46126.0,69490.0
2025-06-18 11:23:44.477287,2681.1,46126.0,69490.0
2025-06-18 11:23:45.379070,2681.1,46119.0,69497.0
2025-06-18 11:23:46.379489,2681.1,46121.0,69396.0
2025-06-18 11:23:47.398708,2681.1,46181.0,69434.0
2025-06-18 11:23:49.342124,2681.1,46186.0,69434.0
2025-06-18 11:23:49.390521,2681.1,46227.0,69156.0
2025-06-18 11:23:50.231309,2682.0,46227.0,69156.0
2025-06-18 11:23:50.381553,2682.0,46308.0,69436.0
2025-06-18 11:23:51.234524,2681.0,46308.0,69436.0
2025-06-18 11:23:51.383260,2681.0,45885.0,69494.0
2025-06-18 11:23:52.387319,2681.0,45899.0,69748.0
2025-06-18 11:23:53.487348,2681.0,45894.0,69736.0
2025-06-18 11:23:54.485943,2681.0,45905.0,69568.0
2025-06-18 11:23:55.388372,2681.0,45898.0,69814.0
2025-06-18 11:23:56.487369,2681.0,45874.0,69787.0
2025-06-18 11:23:59.198537,2681.0,45939.0,69305.0
2025-06-18 11:24:00.588776,2681.8,45762.0,69578.0
2025-06-18 11:24:01.231024,2681.8,45762.0,69578.0
2025-06-18 11:24:01.697075,2681.8,45801.0,69642.0
2025-06-18 11:24:02.789935,2681.8,45809.0,69642.0
2025-06-18 11:24:03.694418,2681.8,45809.0,69648.0
2025-06-18 11:24:05.289429,2681.8,45783.0,69628.0
2025-06-18 11:24:06.390571,2681.8,45825.0,69651.0
2025-06-18 11:24:07.234289,2681.0,45825.0,69651.0
2025-06-18 11:24:07.492537,2681.0,45798.0,69593.0
2025-06-18 11:24:08.596260,2681.0,45851.0,69642.0
2025-06-18 11:24:09.709059,2681.0,45851.0,69615.0
2025-06-18 11:24:10.809183,2681.0,45858.0,69615.0
2025-06-18 11:24:11.901580,2681.0,45853.0,69626.0
2025-06-18 11:24:12.896667,2681.0,45883.0,69626.0
2025-06-18 11:24:17.162035,2681.0,45883.0,69637.0
2025-06-18 11:24:17.288576,2681.0,45890.0,69667.0
2025-06-18 11:24:17.537873,2681.0,45913.0,69502.0
2025-06-18 11:24:18.223207,2680.8,45913.0,69502.0
2025-06-18 11:24:18.498525,2680.8,45888.0,69327.0
2025-06-18 11:24:19.511009,2680.8,45861.0,69590.0
2025-06-18 11:24:20.499676,2680.8,45884.0,69411.0
2025-06-18 11:24:21.498781,2680.8,45883.0,69367.0
2025-06-18 11:24:22.502374,2680.8,45889.0,69312.0
2025-06-18 11:24:23.234183,2681.7,45889.0,69312.0
2025-06-18 11:24:23.604403,2681.7,45935.0,69286.0
2025-06-18 11:24:24.604274,2681.7,45922.0,69286.0
2025-06-18 11:24:25.604030,2681.7,45872.0,69148.0
2025-06-18 11:24:26.602886,2681.7,45878.0,69573.0
2025-06-18 11:24:27.602922,2681.7,45865.0,69599.0
2025-06-18 11:24:28.230273,2681.8,45865.0,69599.0
2025-06-18 11:24:28.604355,2681.8,45820.0,69543.0
2025-06-18 11:24:29.705561,2681.8,45880.0,69577.0
2025-06-18 11:24:30.722288,2681.7,45708.0,69299.0
2025-06-18 11:24:31.235408,2681.7,45708.0,69299.0
2025-06-18 11:24:31.806670,2681.7,45879.0,69297.0
2025-06-18 11:24:32.905574,2681.7,45570.0,69085.0
2025-06-18 11:24:33.810524,2681.7,45846.0,69378.0
2025-06-18 11:24:34.915845,2681.7,45863.0,69084.0
2025-06-18 11:24:36.007431,2681.7,45867.0,69296.0
2025-06-18 11:24:37.105366,2681.7,45918.0,69295.0
2025-06-18 11:24:38.214424,2681.7,45918.0,69295.0
2025-06-18 11:24:39.219330,2681.7,46008.0,69238.0
2025-06-18 11:24:40.309095,2681.7,45989.0,69212.0
2025-06-18 11:24:41.409636,2681.7,45966.0,69232.0
2025-06-18 11:24:42.516110,2681.7,45942.0,69219.0
2025-06-18 11:24:43.508235,2681.7,45956.0,69219.0
2025-06-18 11:24:44.508293,2681.7,46065.0,69025.0
2025-06-18 11:24:45.609739,2681.7,46053.0,69059.0
2025-06-18 11:24:46.709576,2681.7,46073.0,69189.0
2025-06-18 11:24:47.237294,2680.8,46073.0,69189.0
2025-06-18 11:24:47.810065,2680.8,46082.0,69151.0
2025-06-18 11:24:49.493922,2680.8,46082.0,69151.0
2025-06-18 11:24:50.014146,2680.8,46103.0,69151.0
2025-06-18 11:24:50.572927,2680.8,46103.0,69151.0
2025-06-18 11:24:51.112976,2682.0,46095.0,69120.0
2025-06-18 11:24:51.249101,2682.0,46095.0,69120.0
2025-06-18 11:24:51.479541,2682.0,46095.0,69120.0
2025-06-18 11:24:52.450424,2682.0,46095.0,69120.0
2025-06-18 11:24:53.278125,2682.0,46095.0,69120.0
2025-06-18 11:24:53.818818,2682.0,46106.0,69030.0
2025-06-18 11:24:54.047238,2682.0,46106.0,69030.0
2025-06-18 11:24:54.720990,2682.0,46095.0,69031.0
2025-06-18 11:24:55.066903,2682.0,46095.0,69031.0
2025-06-18 11:24:56.063745,2682.0,46095.0,69031.0
2025-06-18 11:24:56.316822,2682.0,46631.0,68434.0
2025-06-18 11:24:56.534000,2682.0,46631.0,68434.0
2025-06-18 11:24:57.418786,2682.0,46745.0,68643.0
2025-06-18 11:24:57.794520,2682.0,46745.0,68643.0
2025-06-18 11:24:58.420480,2682.0,46704.0,68643.0
2025-06-18 11:24:59.029973,2682.0,46704.0,68643.0
2025-06-18 11:24:59.522354,2682.0,46535.0,68882.0
2025-06-18 11:24:59.907671,2682.0,46535.0,68882.0
2025-06-18 11:25:00.625164,2682.0,46619.0,68314.0
2025-06-18 11:25:01.225434,2682.0,46619.0,68314.0
2025-06-18 11:25:01.285226,2682.0,46619.0,68314.0
2025-06-18 11:25:01.625380,2682.0,46532.0,68611.0
2025-06-18 11:25:02.419195,2682.0,46532.0,68611.0
2025-06-18 11:25:02.525595,2682.0,46552.0,68900.0
2025-06-18 11:25:03.225507,2682.0,46552.0,68900.0
2025-06-18 11:25:03.525917,2682.0,46519.0,68922.0
2025-06-18 11:25:03.560453,2682.0,46519.0,68922.0
2025-06-18 11:25:04.426739,2682.0,46274.0,69115.0
2025-06-18 11:25:05.015809,2682.0,46274.0,69115.0
2025-06-18 11:25:05.326674,2682.0,46001.0,69145.0
2025-06-18 11:25:06.231506,2682.0,46005.0,69145.0
2025-06-18 11:25:07.131361,2682.0,45311.0,68888.0
2025-06-18 11:25:08.031222,2682.0,45564.0,69403.0
2025-06-18 11:25:08.950268,2682.0,45533.0,69403.0
2025-06-18 11:25:10.030467,2682.0,45626.0,69384.0
2025-06-18 11:25:10.947060,2682.0,45688.0,69351.0
2025-06-18 11:25:11.829630,2682.0,45688.0,69365.0
2025-06-18 11:25:12.730667,2682.0,45737.0,69349.0
2025-06-18 11:25:13.631386,2682.0,45775.0,69256.0
2025-06-18 11:25:14.641639,2682.0,45764.0,69242.0
2025-06-18 11:25:15.532357,2682.0,45935.0,68642.0
2025-06-18 11:25:16.432737,2682.0,45922.0,68556.0
2025-06-18 11:25:17.332509,2682.0,45916.0,68569.0
2025-06-18 11:25:18.228217,2681.9,45916.0,68569.0
2025-06-18 11:25:18.235499,2681.9,45939.0,68894.0
2025-06-18 11:25:19.144036,2681.9,45875.0,68832.0
2025-06-18 11:25:20.034765,2681.9,46172.0,68793.0
2025-06-18 11:25:21.139750,2681.9,46033.0,68809.0
2025-06-18 11:25:22.034840,2681.9,46093.0,68825.0
2025-06-18 11:25:23.036200,2681.9,46178.0,68776.0
2025-06-18 11:25:24.036328,2681.9,46107.0,68897.0
2025-06-18 11:25:25.037656,2681.9,46118.0,68776.0
2025-06-18 11:25:26.039001,2681.9,46091.0,68843.0
2025-06-18 11:25:27.040293,2680.8,45964.0,69042.0
2025-06-18 11:25:27.226161,2680.8,45964.0,69042.0
2025-06-18 11:25:28.037689,2680.8,46087.0,69001.0
2025-06-18 11:25:29.037582,2680.8,46030.0,69031.0
2025-06-18 11:25:30.039595,2680.8,46020.0,68975.0
2025-06-18 11:25:31.039059,2681.9,46122.0,68729.0
2025-06-18 11:25:31.229816,2681.9,46122.0,68729.0
2025-06-18 11:25:32.039655,2681.9,46233.0,68755.0
2025-06-18 11:25:33.038642,2681.9,46244.0,68754.0
2025-06-18 11:25:34.047314,2681.9,46359.0,68958.0
2025-06-18 11:25:34.940815,2681.9,46271.0,68753.0
2025-06-18 11:25:36.052740,2682.0,46244.0,68660.0
2025-06-18 11:25:36.229139,2682.0,46244.0,68660.0
2025-06-18 11:25:36.947217,2682.0,46254.0,68660.0
2025-06-18 11:25:39.852777,2682.0,46254.0,68910.0
2025-06-18 11:25:39.897927,2681.0,46254.0,68910.0
2025-06-18 11:25:39.904972,2681.0,46409.0,68742.0
2025-06-18 11:25:39.943990,2681.0,46320.0,68732.0
2025-06-18 11:25:40.946215,2681.0,46257.0,68839.0
2025-06-18 11:25:42.051410,2681.0,46208.0,69083.0
2025-06-18 11:25:43.154003,2681.0,46132.0,68808.0
2025-06-18 11:25:44.227126,2682.0,46132.0,68808.0
2025-06-18 11:25:44.244868,2682.0,46258.0,68866.0
2025-06-18 11:25:45.351729,2682.0,46212.0,68849.0
2025-06-18 11:25:46.446708,2682.0,46275.0,68839.0
2025-06-18 11:25:47.551956,2682.0,46295.0,68866.0
2025-06-18 11:25:48.708630,2682.0,46301.0,68863.0
2025-06-18 11:25:49.223055,2680.8,46301.0,68863.0
2025-06-18 11:25:49.658212,2680.8,46246.0,69114.0
2025-06-18 11:25:50.748315,2680.8,46282.0,68767.0
2025-06-18 11:25:51.749295,2680.8,46284.0,69019.0
2025-06-18 11:25:52.750389,2680.8,46234.0,68732.0
2025-06-18 11:25:53.848815,2680.8,46238.0,68881.0
2025-06-18 11:25:54.849839,2680.8,46266.0,69008.0
2025-06-18 11:25:55.951345,2680.8,46389.0,68470.0
2025-06-18 11:25:57.142927,2680.8,46330.0,68737.0
2025-06-18 11:25:57.950276,2680.8,46346.0,68737.0
2025-06-18 11:25:59.051852,2680.8,46334.0,68396.0
2025-06-18 11:26:00.059274,2680.8,46344.0,68896.0
2025-06-18 11:26:01.230167,2682.0,46344.0,68896.0
2025-06-18 11:26:01.261480,2682.0,46339.0,68613.0
2025-06-18 11:26:02.353065,2682.0,46276.0,68608.0
2025-06-18 11:26:03.453041,2682.0,46300.0,68720.0
2025-06-18 11:26:04.555262,2682.0,46299.0,68738.0
2025-06-18 11:26:05.454268,2682.0,46280.0,68488.0
2025-06-18 11:26:06.457081,2682.0,46290.0,68728.0
2025-06-18 11:26:07.554098,2682.0,46312.0,68991.0
2025-06-18 11:26:08.234619,2681.8,46312.0,68991.0
2025-06-18 11:26:08.671687,2681.8,45635.0,69541.0
2025-06-18 11:26:09.756273,2681.8,45477.0,69067.0
2025-06-18 11:26:10.759746,2681.8,45822.0,68821.0
2025-06-18 11:26:11.760645,2681.8,45876.0,69351.0
2025-06-18 11:26:12.863841,2681.9,45844.0,68823.0
2025-06-18 11:26:13.224358,2681.9,45844.0,68823.0
2025-06-18 11:26:13.964736,2681.9,45912.0,69293.0
2025-06-18 11:26:14.964586,2681.9,45945.0,69318.0
2025-06-18 11:26:15.964012,2681.9,45945.0,69322.0
2025-06-18 11:26:16.965335,2681.9,45869.0,69100.0
2025-06-18 11:26:17.963882,2681.9,45814.0,69198.0
2025-06-18 11:26:18.967850,2681.9,45916.0,69233.0
2025-06-18 11:26:19.866292,2681.9,46000.0,69086.0
2025-06-18 11:26:20.968868,2681.9,46014.0,69100.0
2025-06-18 11:26:21.967466,2681.9,45857.0,69277.0
2025-06-18 11:26:22.967984,2681.9,45826.0,69005.0
2025-06-18 11:26:24.068650,2681.9,45866.0,68864.0
2025-06-18 11:26:24.969709,2681.9,45873.0,69117.0
2025-06-18 11:26:25.970376,2681.9,45965.0,69149.0
2025-06-18 11:26:26.970117,2681.9,46041.0,68997.0
2025-06-18 11:26:27.976972,2681.9,46034.0,68785.0
2025-06-18 11:26:28.971109,2681.9,46018.0,68770.0
2025-06-18 11:26:29.872348,2681.9,45986.0,68814.0
2025-06-18 11:26:30.874447,2681.7,46152.0,68829.0
2025-06-18 11:26:31.230726,2681.7,46152.0,68829.0
2025-06-18 11:26:31.872937,2681.7,46178.0,69070.0
2025-06-18 11:26:32.875512,2681.7,46164.0,69097.0
2025-06-18 11:26:34.476550,2681.7,46174.0,69096.0
2025-06-18 11:26:35.475147,2681.9,46184.0,69046.0
2025-06-18 11:26:36.232802,2681.9,46184.0,69046.0
2025-06-18 11:26:36.575774,2681.9,46127.0,68695.0
2025-06-18 11:26:37.691089,2681.9,46173.0,68605.0
2025-06-18 11:26:38.689229,2681.9,46118.0,68948.0
2025-06-18 11:26:39.687879,2681.9,46118.0,68971.0
2025-06-18 11:26:40.687057,2682.0,46186.0,68628.0
2025-06-18 11:26:41.234825,2682.0,46186.0,68628.0
2025-06-18 11:26:41.710766,2682.0,46169.0,68728.0
2025-06-18 11:26:42.776827,2682.0,46160.0,69020.0
2025-06-18 11:26:43.876498,2681.9,46227.0,68790.0
2025-06-18 11:26:44.252285,2681.9,46227.0,68790.0
2025-06-18 11:26:44.878577,2681.9,46209.0,68801.0
2025-06-18 11:26:45.979240,2682.0,46203.0,68924.0
2025-06-18 11:26:46.232299,2682.0,46203.0,68924.0
2025-06-18 11:26:47.078857,2682.0,46140.0,69123.0
2025-06-18 11:26:48.191757,2682.0,46226.0,68940.0
2025-06-18 11:26:49.282124,2682.0,46139.0,68904.0
2025-06-18 11:26:50.281387,2682.0,46082.0,68922.0
2025-06-18 11:26:51.382542,2682.0,46075.0,69183.0
2025-06-18 11:26:53.583863,2682.0,46149.0,68891.0
2025-06-18 11:26:54.586596,2682.0,46123.0,68929.0
2025-06-18 11:26:55.587151,2682.0,46100.0,68938.0
2025-06-18 11:26:56.698995,2682.0,46102.0,69152.0
2025-06-18 11:26:57.797727,2682.0,46129.0,69215.0
2025-06-18 11:26:58.788089,2682.0,46107.0,68986.0
2025-06-18 11:26:59.699238,2682.0,46184.0,69165.0
2025-06-18 11:27:00.715648,2682.0,46196.0,68619.0
2025-06-18 11:27:01.229813,2682.0,46196.0,68619.0
2025-06-18 11:27:02.293655,2682.0,46189.0,68686.0
2025-06-18 11:27:03.396573,2682.0,46218.0,68765.0
2025-06-18 11:27:04.396444,2682.0,46185.0,68611.0
2025-06-18 11:27:05.293899,2682.0,46235.0,68552.0
2025-06-18 11:27:06.249073,2682.1,46235.0,68552.0
2025-06-18 11:27:06.497162,2682.1,46371.0,68486.0
2025-06-18 11:27:07.497335,2682.1,46345.0,68486.0
2025-06-18 11:27:08.599850,2682.1,46330.0,68471.0
2025-06-18 11:27:09.739102,2682.1,46308.0,68797.0
2025-06-18 11:27:10.231297,2682.1,46308.0,68797.0
2025-06-18 11:27:10.715440,2682.2,46407.0,68348.0
2025-06-18 11:27:11.243481,2682.2,46407.0,68348.0
2025-06-18 11:27:11.802258,2682.2,46367.0,68436.0
2025-06-18 11:27:12.900624,2682.2,46402.0,68706.0
2025-06-18 11:27:14.004132,2682.2,46498.0,68349.0
2025-06-18 11:27:15.001993,2682.2,46587.0,67834.0
2025-06-18 11:27:16.104485,2682.2,46554.0,68346.0
2025-06-18 11:27:17.301864,2682.2,46343.0,68231.0
2025-06-18 11:27:18.302374,2682.2,46364.0,68295.0
2025-06-18 11:27:20.481855,2682.2,46396.0,68312.0
2025-06-18 11:27:20.520309,2682.2,46411.0,68318.0
2025-06-18 11:27:21.409570,2682.2,46406.0,68275.0
2025-06-18 11:27:22.504994,2682.2,46407.0,68315.0
2025-06-18 11:27:23.408408,2682.2,46415.0,68329.0
2025-06-18 11:27:24.404892,2682.2,46513.0,68405.0
2025-06-18 11:27:25.409336,2682.2,46579.0,67914.0
2025-06-18 11:27:26.406462,2682.2,46594.0,67928.0
2025-06-18 11:27:27.286885,2682.6,46594.0,67928.0
2025-06-18 11:27:27.407044,2682.6,46585.0,68043.0
2025-06-18 11:27:28.407781,2682.6,46739.0,68116.0
2025-06-18 11:27:29.409322,2682.6,46572.0,67842.0
2025-06-18 11:27:30.408511,2682.6,47079.0,67723.0
2025-06-18 11:27:31.242785,2682.6,47079.0,67723.0
2025-06-18 11:27:31.509549,2682.6,47083.0,67902.0
2025-06-18 11:27:32.610958,2682.6,46905.0,67735.0
2025-06-18 11:27:33.610436,2682.6,46819.0,67761.0
2025-06-18 11:27:34.720964,2682.6,46878.0,67714.0
2025-06-18 11:27:35.812239,2682.6,46850.0,68021.0
2025-06-18 11:27:36.914622,2682.6,46916.0,67771.0
2025-06-18 11:27:38.012790,2682.6,46833.0,67743.0
2025-06-18 11:27:38.231545,2682.6,46833.0,67743.0
2025-06-18 11:27:39.113443,2682.6,46651.0,67743.0
2025-06-18 11:27:40.116182,2682.6,46636.0,67785.0
2025-06-18 11:27:41.229951,2682.6,46609.0,67785.0
2025-06-18 11:27:42.320541,2682.6,46811.0,67820.0
2025-06-18 11:27:43.415934,2682.6,46837.0,67765.0
2025-06-18 11:27:45.015880,2682.6,46854.0,67765.0
2025-06-18 11:27:46.117386,2682.6,46582.0,67749.0
2025-06-18 11:27:47.224470,2682.6,46753.0,67692.0
2025-06-18 11:27:48.317868,2682.6,46765.0,67745.0
2025-06-18 11:27:49.324855,2682.6,46701.0,67801.0
2025-06-18 11:27:49.918890,2682.6,46701.0,67801.0
2025-06-18 11:27:50.318497,2682.6,46716.0,67801.0
2025-06-18 11:27:51.005455,2682.6,46716.0,67801.0
2025-06-18 11:27:51.222002,2682.6,46723.0,67787.0
2025-06-18 11:27:51.926061,2682.6,46723.0,67787.0
2025-06-18 11:27:52.220260,2682.6,46725.0,67787.0
2025-06-18 11:27:52.850118,2682.6,46725.0,67787.0
2025-06-18 11:27:53.226387,2682.6,46727.0,67787.0
2025-06-18 11:27:53.763159,2682.6,46727.0,67787.0
2025-06-18 11:27:54.224558,2682.6,46728.0,67787.0
2025-06-18 11:27:54.490044,2682.6,46728.0,67787.0
2025-06-18 11:27:55.221509,2682.6,46891.0,67805.0
2025-06-18 11:27:55.233001,2682.6,46891.0,67805.0
2025-06-18 11:27:55.509580,2682.6,46891.0,67805.0
2025-06-18 11:27:56.063851,2682.6,46891.0,67805.0
2025-06-18 11:27:56.224703,2682.6,46961.0,67842.0
2025-06-18 11:27:56.473145,2682.6,46961.0,67842.0
2025-06-18 11:27:57.121841,2682.6,46961.0,67827.0
2025-06-18 11:27:57.340429,2682.6,46961.0,67827.0
2025-06-18 11:27:58.262348,2682.6,46961.0,67827.0
2025-06-18 11:27:58.264611,2682.6,46937.0,67750.0
2025-06-18 11:27:59.223284,2682.6,46935.0,67755.0
2025-06-18 11:27:59.456427,2682.6,46935.0,67755.0
2025-06-18 11:28:00.318745,2682.6,46935.0,67755.0
2025-06-18 11:28:00.328657,2682.6,46901.0,67807.0
2025-06-18 11:28:01.233831,2682.3,46901.0,67807.0
2025-06-18 11:28:01.426177,2682.3,46788.0,67472.0
2025-06-18 11:28:01.721509,2682.3,46788.0,67472.0
2025-06-18 11:28:02.427212,2682.3,46779.0,67428.0
2025-06-18 11:28:02.854464,2682.3,46779.0,67428.0
2025-06-18 11:28:03.527962,2682.3,46779.0,67453.0
2025-06-18 11:28:03.968836,2682.3,46779.0,67453.0
2025-06-18 11:28:04.527010,2682.3,46824.0,67467.0
2025-06-18 11:28:05.529810,2683.3,46995.0,66867.0
2025-06-18 11:28:05.603323,2683.3,46995.0,66867.0
2025-06-18 11:28:06.234267,2682.3,46995.0,66867.0
2025-06-18 11:28:06.530878,2682.3,47011.0,67365.0
2025-06-18 11:28:07.535148,2683.9,47291.0,67652.0
2025-06-18 11:28:10.439864,2683.9,47291.0,67652.0
2025-06-18 11:28:10.478317,2683.9,47302.0,67729.0
2025-06-18 11:28:10.494140,2683.9,47179.0,67709.0
2025-06-18 11:28:10.831424,2683.9,47155.0,67700.0
2025-06-18 11:28:12.532906,2683.9,47155.0,67690.0
2025-06-18 11:28:13.532446,2683.9,47125.0,67407.0
2025-06-18 11:28:14.435242,2683.9,47169.0,67725.0
2025-06-18 11:28:15.532393,2683.9,47206.0,67483.0
2025-06-18 11:28:16.535376,2683.9,47178.0,67564.0
2025-06-18 11:28:17.535431,2683.9,47195.0,67839.0
2025-06-18 11:28:18.544629,2683.9,47204.0,67845.0
2025-06-18 11:28:19.640769,2683.9,47200.0,67845.0
2025-06-18 11:28:20.537791,2683.9,47208.0,67754.0
2025-06-18 11:28:21.234419,2683.8,47208.0,67754.0
2025-06-18 11:28:21.441062,2683.8,47442.0,66145.0
2025-06-18 11:28:22.703590,2682.6,47442.0,66145.0
2025-06-18 11:28:22.739668,2682.6,47253.0,66435.0
2025-06-18 11:28:23.438817,2682.6,47201.0,67086.0
2025-06-18 11:28:24.234983,2682.7,47201.0,67086.0
2025-06-18 11:28:24.537988,2682.7,47397.0,67319.0
2025-06-18 11:28:25.236665,2682.7,47397.0,67319.0
2025-06-18 11:28:25.542040,2682.7,47352.0,67324.0
2025-06-18 11:28:26.641472,2682.7,47324.0,67323.0
2025-06-18 11:28:27.644498,2682.7,47304.0,67270.0
2025-06-18 11:28:29.253476,2682.7,47318.0,67519.0
2025-06-18 11:28:30.245044,2682.7,47304.0,67540.0
2025-06-18 11:28:31.239057,2683.8,47304.0,67540.0
2025-06-18 11:28:31.248116,2683.8,47305.0,67531.0
2025-06-18 11:28:32.245245,2683.8,47319.0,67496.0
2025-06-18 11:28:33.345047,2683.8,47319.0,67510.0
2025-06-18 11:28:34.447579,2683.8,47285.0,67475.0
2025-06-18 11:28:35.445517,2683.8,47236.0,67386.0
2025-06-18 11:28:36.446642,2683.8,47132.0,67647.0
2025-06-18 11:28:37.446996,2682.2,46099.0,68383.0
2025-06-18 11:28:38.240733,2682.2,46099.0,68383.0
2025-06-18 11:28:38.446764,2682.2,45333.0,68689.0
2025-06-18 11:28:39.447865,2682.2,46430.0,68382.0
2025-06-18 11:28:40.450036,2682.2,46429.0,68654.0
2025-06-18 11:28:41.239456,2681.5,46429.0,68654.0
2025-06-18 11:28:41.450482,2681.5,46438.0,68654.0
2025-06-18 11:28:42.353667,2681.5,46414.0,68403.0
2025-06-18 11:28:43.352148,2681.5,46369.0,68491.0
2025-06-18 11:28:44.354130,2681.5,46349.0,68623.0
2025-06-18 11:28:45.356353,2681.5,46347.0,68697.0
2025-06-18 11:28:46.355083,2681.5,46320.0,68743.0
2025-06-18 11:28:47.346265,2681.5,46327.0,68779.0
2025-06-18 11:28:48.257095,2681.5,46323.0,68779.0
2025-06-18 11:28:49.260142,2681.5,46482.0,68570.0
2025-06-18 11:28:50.258859,2681.5,46354.0,68680.0
2025-06-18 11:28:51.236628,2682.7,46354.0,68680.0
2025-06-18 11:28:51.268373,2682.7,46339.0,68673.0
2025-06-18 11:28:52.262921,2682.7,46350.0,68728.0
2025-06-18 11:28:53.173362,2682.7,46192.0,68828.0
2025-06-18 11:28:54.171136,2682.7,46190.0,69085.0
2025-06-18 11:28:55.262014,2682.7,46169.0,69084.0
2025-06-18 11:28:56.361758,2682.7,45844.0,69506.0
2025-06-18 11:28:57.364999,2682.7,45824.0,69481.0
2025-06-18 11:28:58.410071,2682.7,45844.0,69180.0
2025-06-18 11:28:59.487218,2682.7,45879.0,69174.0
2025-06-18 11:29:00.569449,2681.8,45772.0,68951.0
2025-06-18 11:29:01.240626,2681.8,45772.0,68951.0
2025-06-18 11:29:01.463089,2681.8,45767.0,68648.0
2025-06-18 11:29:02.566008,2681.8,45751.0,68863.0
2025-06-18 11:29:03.706545,2681.8,45708.0,68862.0
2025-06-18 11:29:04.768991,2681.8,45697.0,68868.0
2025-06-18 11:29:05.768538,2681.9,45619.0,69104.0
2025-06-18 11:29:06.252423,2681.9,45619.0,69104.0
2025-06-18 11:29:06.865333,2681.9,45708.0,69160.0
2025-06-18 11:29:07.965852,2681.9,45703.0,69161.0
2025-06-18 11:29:09.065866,2681.9,45702.0,69128.0
2025-06-18 11:29:10.200725,2681.9,45709.0,69074.0
2025-06-18 11:29:11.180320,2681.9,45438.0,69195.0
2025-06-18 11:29:12.177873,2681.9,45436.0,69123.0
2025-06-18 11:29:13.171311,2681.9,45711.0,69098.0
2025-06-18 11:29:14.276560,2681.9,45761.0,69055.0
2025-06-18 11:29:15.275738,2681.9,45806.0,68996.0
2025-06-18 11:29:16.242149,2682.0,45806.0,68996.0
2025-06-18 11:29:16.371913,2682.0,45861.0,68992.0
2025-06-18 11:29:17.471726,2682.0,45819.0,68874.0
2025-06-18 11:29:18.574357,2682.0,45874.0,68875.0
2025-06-18 11:29:19.687965,2682.0,45874.0,68885.0
2025-06-18 11:29:20.688732,2682.0,45792.0,68899.0
2025-06-18 11:29:21.575319,2682.0,45844.0,68900.0
2025-06-18 11:29:22.687104,2682.0,45862.0,68894.0
2025-06-18 11:29:23.781014,2682.0,45868.0,68898.0
2025-06-18 11:29:24.780693,2682.0,45869.0,68932.0
2025-06-18 11:29:25.784072,2682.0,45886.0,68932.0
2025-06-18 11:29:26.784068,2682.0,45891.0,68932.0
2025-06-18 11:29:27.782785,2682.0,45862.0,68922.0
2025-06-18 11:29:28.797929,2682.0,45798.0,68951.0
2025-06-18 11:29:29.779753,2682.0,45703.0,69083.0
2025-06-18 11:29:30.783800,2682.0,45699.0,69229.0
2025-06-18 11:29:31.241284,2682.0,45699.0,69229.0
2025-06-18 11:29:31.801090,2681.5,45445.0,69601.0
2025-06-18 11:29:32.418000,2681.5,45445.0,69601.0
2025-06-18 11:29:32.787851,2681.6,45151.0,69727.0
2025-06-18 11:29:33.248401,2681.6,45151.0,69727.0
2025-06-18 11:29:33.787274,2681.6,45649.0,69713.0
2025-06-18 11:29:34.791543,2681.6,45456.0,69784.0
2025-06-18 11:29:35.901913,2681.6,45553.0,69830.0
2025-06-18 11:29:36.886060,2681.6,45604.0,69695.0
2025-06-18 11:29:37.887477,2681.6,45611.0,69747.0
2025-06-18 11:29:38.987068,2681.7,45623.0,69647.0
2025-06-18 11:29:39.244801,2681.7,45623.0,69647.0
2025-06-18 11:29:40.088703,2681.7,45650.0,69620.0
2025-06-18 11:29:41.204414,2681.7,45568.0,69604.0
2025-06-18 11:29:42.288574,2681.7,45600.0,69604.0
2025-06-18 11:29:43.491783,2681.7,45565.0,69629.0
2025-06-18 11:29:44.795069,2681.7,45579.0,69606.0
2025-06-18 11:29:45.895937,2681.7,45584.0,69606.0
2025-06-18 11:29:46.992394,2681.7,45587.0,69607.0
2025-06-18 11:29:48.092363,2681.7,45597.0,69552.0
2025-06-18 11:29:49.204787,2681.7,45597.0,69540.0
2025-06-18 11:29:50.796501,2681.7,45532.0,69530.0
2025-06-18 11:29:51.894815,2681.7,45578.0,69517.0
2025-06-18 11:29:52.895202,2681.7,45463.0,69517.0
2025-06-18 11:29:53.904381,2681.7,45442.0,69528.0
2025-06-18 11:29:54.998867,2681.7,45422.0,69672.0
2025-06-18 11:29:55.260494,2680.7,45422.0,69672.0
2025-06-18 11:29:56.099563,2680.7,44174.0,69780.0
2025-06-18 11:29:57.103867,2680.7,45169.0,69994.0
2025-06-18 11:29:58.101022,2680.7,45180.0,69976.0
2025-06-18 11:30:00.304951,2680.7,45170.0,69964.0
2025-06-18 11:30:01.243346,2681.1,45170.0,69964.0
2025-06-18 11:30:03.253291,2680.0,45170.0,69964.0
2025-06-18 11:30:03.409053,2680.0,44137.0,70808.0
2025-06-18 11:30:08.814221,2680.0,43323.0,70580.0
2025-06-18 11:30:14.317797,2680.0,44078.0,71068.0
2025-06-18 11:30:19.724378,2680.0,44027.0,71086.0
2025-06-18 11:30:25.320746,2680.0,44133.0,71365.0
2025-06-18 11:30:27.249997,2679.5,44133.0,71365.0
2025-06-18 11:30:30.655195,2679.5,44134.0,71084.0
2025-06-18 11:30:31.247446,2679.5,44134.0,71084.0
2025-06-18 11:30:35.725200,2679.5,44068.0,71213.0
2025-06-18 11:30:40.938959,2679.5,44075.0,71027.0
2025-06-18 11:30:46.432351,2679.4,44241.0,71025.0
2025-06-18 11:30:47.269978,2679.0,44241.0,71025.0
2025-06-18 11:30:49.251354,2678.3,44241.0,71025.0
2025-06-18 11:30:50.335395,2678.3,44241.0,71025.0
2025-06-18 11:30:51.432567,2678.3,44241.0,71025.0
2025-06-18 11:30:51.639704,2678.3,44423.0,71061.0
2025-06-18 11:30:52.354416,2678.3,44423.0,71061.0
2025-06-18 11:30:53.298112,2678.3,44423.0,71061.0
2025-06-18 11:30:54.172168,2678.3,44423.0,71061.0
2025-06-18 11:30:55.981175,2678.3,44423.0,71061.0
2025-06-18 11:30:56.550039,2678.3,44423.0,71061.0
2025-06-18 11:30:56.743610,2678.3,43440.0,71399.0
2025-06-18 11:30:56.949164,2678.3,43440.0,71399.0
2025-06-18 11:30:57.453527,2678.3,43440.0,71399.0
2025-06-18 11:30:58.761472,2678.3,43440.0,71399.0
2025-06-18 11:30:59.966547,2678.3,43440.0,71399.0
2025-06-18 11:31:00.830798,2678.3,43440.0,71399.0
2025-06-18 11:31:01.259327,2679.0,43440.0,71399.0
2025-06-18 11:31:01.545218,2679.0,44062.0,70963.0
2025-06-18 11:31:02.286973,2679.0,44062.0,70963.0
2025-06-18 11:31:03.387393,2679.0,44062.0,70963.0
2025-06-18 11:31:04.495443,2679.0,44062.0,70963.0
2025-06-18 11:31:05.974017,2679.0,44062.0,70963.0
2025-06-18 11:31:06.448563,2679.1,44012.0,71167.0
2025-06-18 11:31:07.272481,2679.1,44012.0,71167.0
2025-06-18 11:31:11.554132,2679.1,44013.0,71183.0
2025-06-18 11:31:16.759916,2680.0,44776.0,70294.0
2025-06-18 11:31:21.967266,2679.7,44332.0,70475.0
2025-06-18 11:31:23.265659,2679.7,44332.0,70475.0
2025-06-18 11:31:25.265998,2679.4,44332.0,70475.0
2025-06-18 11:31:27.566010,2679.4,44318.0,70822.0
2025-06-18 11:31:31.262841,2679.3,44318.0,70822.0
2025-06-18 11:31:32.970388,2679.3,44506.0,70696.0
2025-06-18 11:31:37.258403,2679.4,44506.0,70696.0
2025-06-18 11:31:37.975264,2679.4,44522.0,70707.0
2025-06-18 11:31:41.260818,2678.3,44522.0,70707.0
2025-06-18 11:31:43.188640,2680.0,44878.0,70606.0
2025-06-18 11:31:43.272319,2680.0,44878.0,70606.0
2025-06-18 11:31:48.382878,2680.0,44542.0,70405.0
2025-06-18 11:31:53.291843,2680.0,44657.0,70856.0
2025-06-18 11:31:58.302542,2680.0,44532.0,70804.0
2025-06-18 11:31:59.258056,2679.0,44532.0,70804.0
2025-06-18 11:32:01.274730,2679.7,44532.0,70804.0
2025-06-18 11:32:01.709660,2679.7,44521.0,70726.0
2025-06-18 11:32:02.602794,2679.7,44510.0,70726.0
2025-06-18 11:32:03.260387,2679.2,44510.0,70726.0
2025-06-18 11:32:03.498260,2679.2,42384.0,71075.0
2025-06-18 11:32:04.398583,2679.2,43581.0,71307.0
2025-06-18 11:32:05.401733,2679.2,43789.0,71530.0
2025-06-18 11:32:06.252580,2678.4,43789.0,71530.0
2025-06-18 11:32:07.280766,2678.5,42554.0,71508.0
2025-06-18 11:32:07.294674,2678.5,42554.0,71508.0
2025-06-18 11:32:08.216068,2678.0,42521.0,72208.0
2025-06-18 11:32:08.278085,2678.0,42521.0,72208.0
2025-06-18 11:32:09.228092,2676.3,41580.0,72732.0
2025-06-18 11:32:09.274691,2676.3,41580.0,72732.0
2025-06-18 11:32:10.225559,2676.1,42601.0,72452.0
2025-06-18 11:32:10.257125,2676.1,42601.0,72452.0
2025-06-18 11:32:11.256747,2676.1,42601.0,72452.0
2025-06-18 11:32:11.303988,2676.1,42974.0,72317.0
2025-06-18 11:32:12.605313,2676.1,42998.0,72366.0
2025-06-18 11:32:13.805825,2676.1,43314.0,72372.0
2025-06-18 11:32:14.718121,2676.1,43314.0,72372.0
2025-06-18 11:32:15.805739,2676.1,43341.0,72415.0
2025-06-18 11:32:16.905825,2676.1,43312.0,72366.0
2025-06-18 11:32:17.910036,2676.1,43176.0,72150.0
2025-06-18 11:32:19.010620,2676.1,43203.0,72169.0
2025-06-18 11:32:20.114365,2676.1,43257.0,72167.0
2025-06-18 11:32:21.223669,2676.1,43256.0,72351.0
2025-06-18 11:32:22.120713,2676.1,43256.0,72349.0
2025-06-18 11:32:23.223534,2677.0,43330.0,72313.0
2025-06-18 11:32:23.255475,2677.0,43330.0,72313.0
2025-06-18 11:32:24.260332,2677.0,43082.0,72107.0
2025-06-18 11:32:25.120049,2677.0,43130.0,72306.0
2025-06-18 11:32:26.233949,2677.0,42447.0,72346.0
2025-06-18 11:32:26.260558,2677.0,42447.0,72346.0
2025-06-18 11:32:27.318948,2677.0,42826.0,72256.0
2025-06-18 11:32:28.418958,2677.0,42848.0,72275.0
2025-06-18 11:32:29.260478,2676.0,42848.0,72275.0
2025-06-18 11:32:29.520090,2676.0,42110.0,73282.0
2025-06-18 11:32:30.257211,2675.0,42110.0,73282.0
2025-06-18 11:32:30.631675,2675.7,41570.0,72658.0
2025-06-18 11:32:31.254170,2675.7,41570.0,72658.0
2025-06-18 11:32:31.622692,2675.7,41712.0,72630.0
2025-06-18 11:32:32.732338,2675.7,42048.0,72366.0
2025-06-18 11:32:33.829992,2675.7,42176.0,72287.0
2025-06-18 11:32:34.823577,2675.7,42162.0,72258.0
2025-06-18 11:32:35.259769,2675.2,42162.0,72258.0
2025-06-18 11:32:35.823897,2675.2,42757.0,71916.0
2025-06-18 11:32:36.824090,2675.2,42918.0,71967.0
2025-06-18 11:32:37.827152,2675.2,43035.0,71509.0
2025-06-18 11:32:38.929573,2675.2,43087.0,71485.0
2025-06-18 11:32:39.936386,2675.2,43112.0,71500.0
2025-06-18 11:32:40.939374,2675.2,43145.0,71601.0
2025-06-18 11:32:41.928938,2675.2,43054.0,71660.0
2025-06-18 11:32:42.261129,2677.5,43054.0,71660.0
2025-06-18 11:32:43.031754,2677.5,42969.0,71627.0
2025-06-18 11:32:44.131323,2677.5,42959.0,71601.0
2025-06-18 11:32:45.233332,2677.5,42926.0,71742.0
2025-06-18 11:32:46.332549,2677.5,42955.0,71604.0
2025-06-18 11:32:47.264749,2675.8,42955.0,71604.0
2025-06-18 11:32:47.432838,2675.8,42980.0,71414.0
2025-06-18 11:32:48.432503,2675.8,42668.0,71550.0
2025-06-18 11:32:49.539557,2675.8,42991.0,71510.0
2025-06-18 11:32:50.638507,2677.3,43066.0,71474.0
2025-06-18 11:32:51.258906,2677.3,43066.0,71474.0
2025-06-18 11:32:51.744351,2677.3,43106.0,71693.0
2025-06-18 11:32:52.837511,2677.3,43109.0,71712.0
2025-06-18 11:32:53.838021,2677.3,43173.0,71566.0
2025-06-18 11:32:54.952707,2677.3,43340.0,70950.0
2025-06-18 11:32:56.039385,2677.9,43543.0,71073.0
2025-06-18 11:32:56.272496,2677.9,43543.0,71073.0
2025-06-18 11:32:57.140152,2677.9,43383.0,71089.0
2025-06-18 11:32:58.238129,2677.9,43363.0,71240.0
2025-06-18 11:32:59.826217,2677.9,43333.0,71229.0
2025-06-18 11:33:00.339064,2677.9,43316.0,71338.0
2025-06-18 11:33:01.238880,2677.6,43249.0,71525.0
2025-06-18 11:33:01.256319,2677.6,43249.0,71525.0
2025-06-18 11:33:02.153150,2677.6,43063.0,71348.0
2025-06-18 11:33:03.138200,2677.6,43263.0,71356.0
2025-06-18 11:33:04.245836,2677.6,43271.0,71398.0
2025-06-18 11:33:05.339301,2677.6,43340.0,71208.0
2025-06-18 11:33:06.438130,2677.6,43584.0,71368.0
2025-06-18 11:33:07.439223,2677.6,43743.0,71333.0
2025-06-18 11:33:08.440204,2677.6,43818.0,71284.0
2025-06-18 11:33:09.340260,2677.6,43807.0,71260.0
2025-06-18 11:33:10.341599,2677.6,43812.0,71260.0
2025-06-18 11:33:11.541374,2677.6,43159.0,71155.0
2025-06-18 11:33:12.644888,2677.6,44102.0,70780.0
2025-06-18 11:33:13.752105,2676.5,43332.0,70891.0
2025-06-18 11:33:14.254573,2676.9,43332.0,70891.0
2025-06-18 11:33:14.648952,2676.9,43633.0,70964.0
2025-06-18 11:33:15.845139,2676.9,43933.0,71000.0
2025-06-18 11:33:16.946669,2678.0,43829.0,70968.0
2025-06-18 11:33:17.266768,2678.0,43829.0,70968.0
2025-06-18 11:33:17.946883,2678.0,44004.0,70962.0
2025-06-18 11:33:18.946592,2678.0,44023.0,70974.0
2025-06-18 11:33:19.848150,2678.0,43830.0,71007.0
2025-06-18 11:33:21.046299,2678.0,43852.0,71053.0
2025-06-18 11:33:22.046745,2678.0,43908.0,71031.0
2025-06-18 11:33:23.048750,2678.0,43409.0,70837.0
2025-06-18 11:33:24.046350,2678.0,43382.0,70993.0
2025-06-18 11:33:25.151607,2677.8,43326.0,71284.0
2025-06-18 11:33:25.255154,2677.8,43326.0,71284.0
2025-06-18 11:33:26.261088,2677.8,43326.0,71305.0
2025-06-18 11:33:27.350713,2677.8,43174.0,71487.0
2025-06-18 11:33:28.450002,2677.8,43235.0,71464.0
2025-06-18 11:33:29.258676,2675.9,43235.0,71464.0
2025-06-18 11:33:29.453945,2675.9,43101.0,71801.0
2025-06-18 11:33:30.265653,2677.3,43101.0,71801.0
2025-06-18 11:33:30.550228,2677.2,42847.0,71454.0
2025-06-18 11:33:31.263176,2677.2,42847.0,71454.0
2025-06-18 11:33:31.455063,2677.2,42858.0,71479.0
2025-06-18 11:33:32.271168,2675.7,42858.0,71479.0
2025-06-18 11:33:32.550837,2675.7,42866.0,71649.0
2025-06-18 11:33:33.550532,2675.7,42856.0,71635.0
2025-06-18 11:33:34.552329,2675.7,42856.0,71672.0
2025-06-18 11:33:35.551992,2675.7,42856.0,71675.0
2025-06-18 11:33:36.453551,2675.7,42744.0,71687.0
2025-06-18 11:33:37.263031,2675.7,42744.0,71687.0
2025-06-18 11:33:37.551271,2675.7,42842.0,71942.0
2025-06-18 11:33:38.660560,2675.7,42799.0,71992.0
2025-06-18 11:33:39.756302,2675.7,42809.0,71993.0
2025-06-18 11:33:40.855047,2675.7,42820.0,71910.0
2025-06-18 11:33:41.956862,2675.7,42840.0,71910.0
2025-06-18 11:33:42.261163,2677.1,42840.0,71910.0
2025-06-18 11:33:42.857813,2675.7,42953.0,71829.0
2025-06-18 11:33:43.260785,2675.7,42953.0,71829.0
2025-06-18 11:33:43.860834,2675.7,42892.0,71858.0
2025-06-18 11:33:44.859113,2677.0,42992.0,71822.0
2025-06-18 11:33:45.259490,2677.0,42992.0,71822.0
2025-06-18 11:33:45.960238,2677.0,42992.0,71821.0
2025-06-18 11:33:47.061124,2677.0,42987.0,71821.0
2025-06-18 11:33:48.163388,2677.0,42969.0,71884.0
2025-06-18 11:33:49.170405,2677.0,42968.0,71884.0
2025-06-18 11:33:50.073425,2677.0,42969.0,71898.0
2025-06-18 11:33:51.077759,2677.0,43001.0,71909.0
2025-06-18 11:33:51.100819,2677.0,43001.0,71909.0
2025-06-18 11:33:52.166379,2677.0,43002.0,71915.0
2025-06-18 11:33:52.225826,2677.0,43002.0,71915.0
2025-06-18 11:33:53.075712,2677.0,43085.0,71918.0
2025-06-18 11:33:53.151367,2677.0,43085.0,71918.0
2025-06-18 11:33:54.074559,2677.0,43118.0,71910.0
2025-06-18 11:33:54.102976,2677.0,43118.0,71910.0
2025-06-18 11:33:54.968425,2677.0,43116.0,71913.0
2025-06-18 11:33:54.977872,2677.0,43116.0,71913.0
2025-06-18 11:33:55.793658,2677.0,43116.0,71913.0
2025-06-18 11:33:55.970143,2677.0,43149.0,71854.0
2025-06-18 11:33:56.897287,2677.0,43149.0,71854.0
2025-06-18 11:33:57.072777,2677.0,43399.0,71117.0
2025-06-18 11:33:57.475806,2677.0,43399.0,71117.0
2025-06-18 11:33:58.176980,2677.0,43564.0,71368.0
2025-06-18 11:33:58.375095,2677.0,43564.0,71368.0
2025-06-18 11:33:59.073168,2677.0,43601.0,71350.0
2025-06-18 11:33:59.744935,2677.0,43601.0,71350.0
2025-06-18 11:34:00.073402,2677.0,43607.0,71324.0
2025-06-18 11:34:00.888195,2677.0,43607.0,71324.0
2025-06-18 11:34:01.270524,2677.9,43607.0,71324.0
2025-06-18 11:34:01.753239,2677.9,43607.0,71324.0
2025-06-18 11:34:01.786866,2677.9,43094.0,71475.0
2025-06-18 11:34:02.785415,2677.9,43116.0,71449.0
2025-06-18 11:34:03.138570,2677.9,43116.0,71449.0
2025-06-18 11:34:03.878384,2677.9,43101.0,71506.0
2025-06-18 11:34:04.280669,2677.9,43101.0,71506.0
2025-06-18 11:34:04.979284,2677.6,43203.0,71487.0
2025-06-18 11:34:05.511278,2677.6,43203.0,71487.0
2025-06-18 11:34:05.517677,2677.6,43203.0,71487.0
2025-06-18 11:34:05.876611,2677.6,43213.0,71539.0
2025-06-18 11:34:06.888034,2677.6,43213.0,71539.0
2025-06-18 11:34:07.080612,2677.6,43191.0,71531.0
2025-06-18 11:34:08.098692,2677.6,43230.0,71529.0
2025-06-18 11:34:09.178144,2677.6,43199.0,71529.0
2025-06-18 11:34:10.290900,2677.6,43243.0,71529.0
2025-06-18 11:34:11.310503,2677.6,43243.0,71538.0
2025-06-18 11:34:12.293346,2677.6,43205.0,71567.0
2025-06-18 11:34:13.384135,2677.6,43334.0,71573.0
2025-06-18 11:34:14.484519,2677.6,43341.0,71483.0
2025-06-18 11:34:15.584091,2677.6,43405.0,71527.0
2025-06-18 11:34:16.586995,2677.6,43395.0,71527.0
2025-06-18 11:34:17.584187,2677.6,43357.0,71539.0
2025-06-18 11:34:18.689609,2677.6,43141.0,71470.0
2025-06-18 11:34:20.388666,2677.6,43197.0,71392.0
2025-06-18 11:34:21.488595,2676.3,43182.0,71368.0
2025-06-18 11:34:22.282403,2676.3,43182.0,71368.0
2025-06-18 11:34:22.491241,2676.3,43182.0,71368.0
2025-06-18 11:34:23.592712,2676.3,43202.0,71398.0
2025-06-18 11:34:24.289685,2676.3,43202.0,71398.0
2025-06-18 11:34:24.592703,2676.3,43212.0,71373.0
2025-06-18 11:34:25.712267,2676.4,43240.0,71379.0
2025-06-18 11:34:26.271082,2676.4,43240.0,71379.0
2025-06-18 11:34:26.697836,2676.4,43194.0,71431.0
2025-06-18 11:34:27.594137,2676.4,43241.0,71341.0
2025-06-18 11:34:28.270000,2676.2,43241.0,71341.0
2025-06-18 11:34:28.699832,2676.2,43204.0,71317.0
2025-06-18 11:34:29.809908,2676.2,43185.0,71303.0
2025-06-18 11:34:30.898001,2677.4,43080.0,71196.0
2025-06-18 11:34:31.273402,2677.4,43080.0,71196.0
2025-06-18 11:34:31.998288,2677.4,43080.0,71223.0
2025-06-18 11:34:32.899239,2677.4,43091.0,71223.0
2025-06-18 11:34:33.291236,2676.2,43091.0,71223.0
2025-06-18 11:34:33.901374,2676.2,43098.0,71252.0
2025-06-18 11:34:34.994499,2676.2,43090.0,71252.0
2025-06-18 11:34:36.095968,2676.2,43001.0,71252.0
2025-06-18 11:34:38.269767,2676.2,43001.0,71252.0
2025-06-18 11:34:38.702152,2676.2,43089.0,71580.0
2025-06-18 11:34:39.800119,2676.2,43099.0,71575.0
2025-06-18 11:34:40.904803,2675.9,43088.0,71548.0
2025-06-18 11:34:41.277800,2675.9,43088.0,71548.0
2025-06-18 11:34:41.999796,2675.9,43088.0,71518.0
2025-06-18 11:34:43.002438,2675.9,43084.0,71518.0
2025-06-18 11:34:43.272946,2675.9,43084.0,71518.0
2025-06-18 11:34:44.105139,2675.9,42287.0,72285.0
2025-06-18 11:34:45.247234,2675.9,42280.0,72170.0
2025-06-18 11:34:46.338746,2675.9,42280.0,72161.0
2025-06-18 11:34:47.407138,2675.9,42294.0,72019.0
2025-06-18 11:34:48.271003,2675.7,42294.0,72019.0
2025-06-18 11:34:48.407918,2675.7,42449.0,71941.0
2025-06-18 11:34:49.407469,2675.7,42474.0,71955.0
2025-06-18 11:34:50.508160,2675.7,42389.0,72147.0
2025-06-18 11:34:51.613520,2675.7,42349.0,72136.0
2025-06-18 11:34:52.717739,2675.7,42344.0,72117.0
2025-06-18 11:34:53.291018,2675.7,42344.0,72117.0
2025-06-18 11:34:53.743206,2675.7,42246.0,71679.0
2025-06-18 11:34:54.813459,2675.7,42454.0,71907.0
2025-06-18 11:34:55.816937,2675.7,42479.0,71933.0
2025-06-18 11:34:56.814303,2675.7,42506.0,71934.0
2025-06-18 11:34:57.302772,2675.7,42506.0,71934.0
2025-06-18 11:35:00.441176,2675.7,42526.0,71880.0
2025-06-18 11:35:00.446070,2675.7,42526.0,71880.0
2025-06-18 11:35:00.485649,2675.7,42505.0,71935.0
2025-06-18 11:35:00.490980,2675.7,42505.0,71935.0
2025-06-18 11:35:00.496387,2675.7,42542.0,71935.0
2025-06-18 11:35:02.274184,2675.9,42542.0,71935.0
2025-06-18 11:35:04.285824,2675.9,42542.0,71935.0
2025-06-18 11:35:04.515226,2675.9,42353.0,72076.0
2025-06-18 11:35:06.291604,2676.8,42353.0,72076.0
2025-06-18 11:35:08.330544,2675.7,42353.0,72076.0
2025-06-18 11:35:10.316350,2675.7,42263.0,72465.0
2025-06-18 11:35:14.320728,2675.7,42263.0,72465.0
2025-06-18 11:35:16.021748,2675.0,40643.0,74372.0
2025-06-18 11:35:16.318468,2675.0,40643.0,74372.0
2025-06-18 11:35:18.298211,2674.0,40643.0,74372.0
2025-06-18 11:35:21.748380,2674.0,41772.0,74293.0
2025-06-18 11:35:24.329111,2674.0,41772.0,74293.0
2025-06-18 11:35:26.325821,2674.5,41772.0,74293.0
2025-06-18 11:35:27.525581,2674.5,42267.0,73116.0
2025-06-18 11:35:28.331915,2674.1,42267.0,73116.0
2025-06-18 11:35:30.306978,2674.1,42267.0,73116.0
2025-06-18 11:35:32.302229,2674.5,42267.0,73116.0
2025-06-18 11:35:33.330435,2674.1,42389.0,72922.0
2025-06-18 11:35:35.295730,2674.1,42389.0,72922.0
2025-06-18 11:35:38.278133,2674.5,42389.0,72922.0
2025-06-18 11:35:39.033163,2674.5,41965.0,72593.0
2025-06-18 11:35:44.285509,2674.5,41965.0,72593.0
2025-06-18 11:35:45.243371,2674.5,42154.0,72973.0
2025-06-18 11:35:50.275457,2674.8,42154.0,72973.0
2025-06-18 11:35:50.941924,2674.8,41982.0,73186.0
2025-06-18 11:35:53.275067,2674.9,41982.0,73186.0
2025-06-18 11:35:56.542876,2674.9,41797.0,73014.0
2025-06-18 11:35:59.275783,2674.0,41797.0,73014.0
2025-06-18 11:36:01.281547,2674.8,41797.0,73014.0
2025-06-18 11:36:02.357448,2674.8,42142.0,73038.0
2025-06-18 11:36:07.276743,2675.2,42142.0,73038.0
2025-06-18 11:36:09.583320,2675.0,44072.0,72212.0
2025-06-18 11:36:09.627594,2675.0,44072.0,72212.0
2025-06-18 11:36:13.956780,2675.0,43993.0,71709.0
2025-06-18 11:36:19.282915,2676.5,43993.0,71709.0
2025-06-18 11:36:19.662319,2676.5,44087.0,71525.0
2025-06-18 11:36:21.280778,2676.8,44087.0,71525.0
2025-06-18 11:36:25.187771,2676.8,44237.0,70615.0
2025-06-18 11:36:29.278510,2676.4,44237.0,70615.0
2025-06-18 11:36:30.565894,2676.4,44193.0,71049.0
2025-06-18 11:36:31.283827,2676.4,44193.0,71049.0
2025-06-18 11:36:33.284349,2676.4,44193.0,71049.0
2025-06-18 11:36:35.963511,2677.4,44395.0,71348.0
2025-06-18 11:36:37.278552,2677.4,44395.0,71348.0
2025-06-18 11:36:41.272737,2677.4,44538.0,71061.0
2025-06-18 11:36:43.285098,2676.5,44538.0,71061.0
2025-06-18 11:36:46.468812,2676.5,44679.0,71159.0
2025-06-18 11:36:49.278061,2676.5,44679.0,71159.0
2025-06-18 11:36:51.326116,2677.0,44679.0,71159.0
2025-06-18 11:36:51.348471,2677.0,44679.0,71159.0
2025-06-18 11:36:51.871337,2677.0,44699.0,71101.0
2025-06-18 11:36:52.460786,2677.0,44699.0,71101.0
2025-06-18 11:36:53.278936,2676.5,44699.0,71101.0
2025-06-18 11:36:53.397462,2676.5,44699.0,71101.0
2025-06-18 11:36:54.350639,2676.5,44699.0,71101.0
2025-06-18 11:36:55.242591,2676.5,44699.0,71101.0
2025-06-18 11:36:56.040345,2676.5,44699.0,71101.0
2025-06-18 11:36:57.099797,2676.5,44699.0,71101.0
2025-06-18 11:36:57.284496,2676.5,44631.0,71115.0
2025-06-18 11:36:57.679241,2676.5,44631.0,71115.0
2025-06-18 11:36:58.081469,2676.5,44631.0,71115.0
2025-06-18 11:36:59.278378,2676.5,44631.0,71115.0
2025-06-18 11:36:59.823199,2676.5,44631.0,71115.0
2025-06-18 11:37:01.078958,2676.5,44631.0,71115.0
2025-06-18 11:37:01.279402,2677.0,44631.0,71115.0
2025-06-18 11:37:01.777462,2677.0,44677.0,70933.0
2025-06-18 11:37:01.947654,2677.0,44677.0,70933.0
2025-06-18 11:37:02.779569,2677.0,44677.0,70933.0
2025-06-18 11:37:03.357488,2677.0,44677.0,70933.0
2025-06-18 11:37:03.877682,2677.0,44706.0,70939.0
2025-06-18 11:37:04.491150,2677.0,44706.0,70939.0
2025-06-18 11:37:04.980884,2677.0,44710.0,70924.0
2025-06-18 11:37:05.697605,2677.0,44710.0,70924.0
2025-06-18 11:37:05.979605,2677.7,44929.0,70899.0
2025-06-18 11:37:06.280777,2677.7,44929.0,70899.0
2025-06-18 11:37:06.981744,2677.7,44913.0,70902.0
2025-06-18 11:37:07.092809,2677.7,44913.0,70902.0
2025-06-18 11:37:07.880894,2677.7,44793.0,70876.0
2025-06-18 11:37:08.880606,2677.7,44856.0,70844.0
2025-06-18 11:37:09.880294,2677.7,44830.0,70836.0
2025-06-18 11:37:10.880650,2678.0,44869.0,70966.0
2025-06-18 11:37:11.310467,2678.0,44869.0,70966.0
2025-06-18 11:37:11.880389,2678.0,44906.0,70947.0
2025-06-18 11:37:12.981343,2678.0,44932.0,70956.0
2025-06-18 11:37:13.284608,2676.7,44932.0,70956.0
2025-06-18 11:37:13.982765,2676.7,44927.0,70966.0
2025-06-18 11:37:15.279021,2677.9,44927.0,70966.0
2025-06-18 11:37:15.387280,2677.9,44886.0,70998.0
2025-06-18 11:37:16.287638,2676.7,44886.0,70998.0
2025-06-18 11:37:16.384435,2676.7,44911.0,70999.0
2025-06-18 11:37:17.283658,2678.0,44911.0,70999.0
2025-06-18 11:37:17.485204,2678.0,44889.0,70997.0
2025-06-18 11:37:18.491430,2678.0,44897.0,70998.0
2025-06-18 11:37:19.590506,2678.0,44872.0,70995.0
2025-06-18 11:37:20.692399,2678.0,44895.0,70994.0
2025-06-18 11:37:21.792421,2678.0,44895.0,70994.0
2025-06-18 11:37:22.787727,2678.0,44876.0,71011.0
2025-06-18 11:37:23.320889,2676.7,44876.0,71011.0
2025-06-18 11:37:23.791268,2676.7,44998.0,70924.0
2025-06-18 11:37:24.891729,2676.7,45005.0,70918.0
2025-06-18 11:37:25.990856,2676.7,45015.0,70919.0
2025-06-18 11:37:28.091368,2676.7,44991.0,70920.0
2025-06-18 11:37:28.285444,2676.8,44991.0,70920.0
2025-06-18 11:37:29.092904,2676.8,44874.0,71040.0
2025-06-18 11:37:30.093685,2676.8,44982.0,71040.0
2025-06-18 11:37:31.094206,2677.9,44875.0,70934.0
2025-06-18 11:37:31.281375,2677.9,44875.0,70934.0
2025-06-18 11:37:32.096778,2677.9,44940.0,70944.0
2025-06-18 11:37:33.096585,2677.9,44913.0,70969.0
2025-06-18 11:37:33.285473,2676.6,44913.0,70969.0
2025-06-18 11:37:34.097548,2676.6,44835.0,70966.0
2025-06-18 11:37:35.596137,2676.6,44971.0,70945.0
2025-06-18 11:37:37.496045,2676.6,45005.0,70941.0
2025-06-18 11:37:37.597258,2676.6,45005.0,70962.0
2025-06-18 11:37:38.283706,2676.7,45005.0,70962.0
2025-06-18 11:37:38.599237,2676.7,44999.0,70962.0
2025-06-18 11:37:39.600873,2676.8,45007.0,70948.0
2025-06-18 11:37:40.287000,2676.8,45007.0,70948.0
2025-06-18 11:37:41.105251,2678.0,45087.0,70900.0
2025-06-18 11:37:41.289727,2678.0,45087.0,70900.0
2025-06-18 11:37:42.104910,2678.0,45100.0,70901.0
2025-06-18 11:37:43.300346,2677.1,45100.0,70901.0
2025-06-18 11:37:43.706073,2677.1,45130.0,70867.0
2025-06-18 11:37:45.186333,2677.1,45184.0,70827.0
2025-06-18 11:37:45.906201,2677.1,45169.0,70822.0
2025-06-18 11:37:46.907106,2677.1,45160.0,70822.0
2025-06-18 11:37:47.810161,2677.1,45160.0,70837.0
2025-06-18 11:37:48.286024,2677.0,45160.0,70837.0
2025-06-18 11:37:48.808451,2677.0,45078.0,70914.0
2025-06-18 11:37:49.908865,2677.0,45162.0,71017.0
2025-06-18 11:37:51.007038,2678.0,45174.0,70976.0
2025-06-18 11:37:51.284740,2678.0,45174.0,70976.0
2025-06-18 11:37:52.109772,2678.0,45191.0,70975.0
2025-06-18 11:37:53.210814,2678.0,45177.0,70975.0
2025-06-18 11:37:53.285759,2676.8,45177.0,70975.0
2025-06-18 11:37:54.712582,2676.8,45231.0,70884.0
2025-06-18 11:37:55.812609,2676.8,45287.0,70762.0
2025-06-18 11:37:56.913623,2676.8,45288.0,70730.0
2025-06-18 11:37:58.014988,2676.8,45302.0,70731.0
2025-06-18 11:37:58.290276,2676.9,45302.0,70731.0
2025-06-18 11:37:59.114059,2676.9,45294.0,70746.0
2025-06-18 11:38:00.118106,2676.9,45986.0,69946.0
2025-06-18 11:38:03.286686,2678.4,45986.0,69946.0
2025-06-18 11:38:05.916113,2678.4,46379.0,69540.0
2025-06-18 11:38:06.289740,2678.4,46379.0,69540.0
2025-06-18 11:38:08.292600,2679.6,46379.0,69540.0
2025-06-18 11:38:11.521223,2679.4,45961.0,69822.0
2025-06-18 11:38:12.283883,2679.4,45961.0,69822.0
2025-06-18 11:38:14.286628,2677.8,45961.0,69822.0
2025-06-18 11:38:17.125317,2677.8,46126.0,69608.0
2025-06-18 11:38:18.286714,2677.8,46126.0,69608.0
2025-06-18 11:38:22.426695,2677.8,46306.0,69644.0
2025-06-18 11:38:24.307877,2677.9,46306.0,69644.0
2025-06-18 11:38:26.302940,2678.0,46306.0,69644.0
2025-06-18 11:38:27.532296,2678.0,46305.0,69663.0
2025-06-18 11:38:28.289556,2678.2,46305.0,69663.0
2025-06-18 11:38:30.292709,2678.0,46305.0,69663.0
2025-06-18 11:38:32.289232,2678.8,46305.0,69663.0
2025-06-18 11:38:32.934795,2678.8,46389.0,69237.0
2025-06-18 11:38:36.287420,2679.9,46389.0,69237.0
2025-06-18 11:38:38.263287,2679.9,46863.0,68868.0
2025-06-18 11:38:42.291873,2680.0,46863.0,68868.0
2025-06-18 11:38:43.443270,2679.2,46979.0,68439.0
2025-06-18 11:38:44.289711,2679.2,46979.0,68439.0
2025-06-18 11:38:48.293970,2679.1,46979.0,68439.0
2025-06-18 11:38:48.543381,2679.1,46852.0,68605.0
2025-06-18 11:38:53.549085,2679.1,46881.0,68722.0
2025-06-18 11:38:54.294082,2679.1,46881.0,68722.0
2025-06-18 11:38:58.293899,2679.1,46881.0,68722.0
2025-06-18 11:38:58.553684,2679.1,47132.0,68463.0
2025-06-18 11:39:00.288450,2680.0,47132.0,68463.0
2025-06-18 11:39:01.294759,2680.0,47132.0,68463.0
2025-06-18 11:39:01.658558,2680.0,47743.0,67768.0
2025-06-18 11:39:02.663381,2680.0,47708.0,67797.0
2025-06-18 11:39:03.763376,2680.0,47738.0,67977.0
2025-06-18 11:39:04.659702,2680.0,48090.0,67000.0
2025-06-18 11:39:05.663734,2681.1,48069.0,67351.0
2025-06-18 11:39:06.398791,2681.1,48069.0,67351.0
2025-06-18 11:39:06.666857,2681.1,48249.0,67383.0
2025-06-18 11:39:07.663008,2681.1,48104.0,67401.0
2025-06-18 11:39:08.666352,2681.1,48113.0,67401.0
2025-06-18 11:39:09.290381,2681.1,48113.0,67401.0
2025-06-18 11:39:09.671904,2681.1,47833.0,67763.0
2025-06-18 11:39:10.767644,2680.3,47799.0,67696.0
2025-06-18 11:39:11.287453,2680.3,47799.0,67696.0
2025-06-18 11:39:11.861310,2680.3,47806.0,67874.0
2025-06-18 11:39:12.971868,2680.3,47728.0,67763.0
2025-06-18 11:39:13.291893,2680.3,47728.0,67763.0
2025-06-18 11:39:13.963939,2680.3,47230.0,68401.0
2025-06-18 11:39:14.965117,2680.3,47451.0,68166.0
2025-06-18 11:39:15.965674,2680.3,47605.0,68212.0
2025-06-18 11:39:17.525058,2680.3,47577.0,68182.0
2025-06-18 11:39:18.177235,2680.3,47585.0,68016.0
2025-06-18 11:39:18.290238,2679.5,47585.0,68016.0
2025-06-18 11:39:19.272774,2679.5,47406.0,67934.0
2025-06-18 11:39:20.269122,2679.5,47413.0,67904.0
2025-06-18 11:39:21.289611,2680.3,47413.0,67904.0
2025-06-18 11:39:21.367894,2680.3,47559.0,67809.0
2025-06-18 11:39:22.470878,2680.3,47628.0,67849.0
2025-06-18 11:39:23.292777,2679.4,47628.0,67849.0
2025-06-18 11:39:23.568584,2679.4,47649.0,67851.0
2025-06-18 11:39:24.671227,2679.4,47601.0,67882.0
2025-06-18 11:39:26.772709,2679.4,47449.0,68223.0
2025-06-18 11:39:26.774669,2679.4,47449.0,68223.0
2025-06-18 11:39:27.371782,2679.4,47343.0,68179.0
2025-06-18 11:39:28.474096,2679.4,47386.0,68169.0
2025-06-18 11:39:29.573260,2679.4,47375.0,68172.0
2025-06-18 11:39:30.677359,2680.4,47457.0,67834.0
2025-06-18 11:39:31.288454,2680.4,47457.0,67834.0
2025-06-18 11:39:31.781445,2680.4,47549.0,68028.0
2025-06-18 11:39:32.875755,2680.4,47440.0,68138.0
2025-06-18 11:39:33.977271,2680.4,47307.0,67986.0
2025-06-18 11:39:34.294407,2680.4,47307.0,67986.0
2025-06-18 11:39:34.978018,2680.4,47314.0,68048.0
2025-06-18 11:39:36.077614,2680.8,47118.0,67952.0
2025-06-18 11:39:36.287936,2680.8,47118.0,67952.0
2025-06-18 11:39:37.186129,2680.8,47282.0,67974.0
2025-06-18 11:39:38.279948,2679.4,47328.0,68027.0
2025-06-18 11:39:38.286915,2679.4,47328.0,68027.0
2025-06-18 11:39:39.381096,2679.4,47340.0,68107.0
2025-06-18 11:39:40.381916,2679.4,47258.0,68110.0
2025-06-18 11:39:41.484136,2679.4,47301.0,68087.0
2025-06-18 11:39:42.580698,2679.4,47322.0,68262.0
2025-06-18 11:39:43.293479,2679.3,47322.0,68262.0
2025-06-18 11:39:43.685663,2679.3,47232.0,68202.0
2025-06-18 11:39:44.782357,2679.3,47184.0,68279.0
2025-06-18 11:39:45.882494,2679.3,47609.0,67795.0
2025-06-18 11:39:46.982144,2679.3,47714.0,67817.0
2025-06-18 11:39:48.083433,2679.3,47623.0,67903.0
2025-06-18 11:39:48.287695,2679.4,47623.0,67903.0
2025-06-18 11:39:49.185037,2680.5,47341.0,67836.0
2025-06-18 11:39:49.293127,2680.5,47341.0,67836.0
2025-06-18 11:39:50.285987,2680.5,47380.0,68056.0
2025-06-18 11:39:51.185146,2680.5,47435.0,67683.0
2025-06-18 11:39:51.775556,2680.5,47435.0,67683.0
2025-06-18 11:39:52.289034,2680.5,47443.0,67928.0
2025-06-18 11:39:53.292145,2680.5,47443.0,67928.0
2025-06-18 11:39:53.385221,2680.5,47461.0,67859.0
2025-06-18 11:39:54.224995,2680.5,47461.0,67859.0
2025-06-18 11:39:54.487518,2680.5,47282.0,68025.0
2025-06-18 11:39:55.183692,2680.5,47282.0,68025.0
2025-06-18 11:39:55.289492,2680.5,47282.0,68025.0
2025-06-18 11:39:55.588581,2680.5,47292.0,68161.0
2025-06-18 11:39:56.056252,2680.5,47292.0,68161.0
2025-06-18 11:39:56.691294,2680.5,47247.0,67994.0
2025-06-18 11:39:56.868476,2680.5,47247.0,67994.0
2025-06-18 11:39:57.791584,2680.5,47437.0,67971.0
2025-06-18 11:39:57.934047,2680.5,47437.0,67971.0
2025-06-18 11:39:58.290551,2679.3,47437.0,67971.0
