timestamp,ltp,bid_qty,ask_qty
2025-06-18 11:01:36.688237,769.75,218960.0,322732.0
2025-06-18 11:01:36.841954,769.85,218966.0,322977.0
2025-06-18 11:01:37.136058,769.85,218966.0,322977.0
2025-06-18 11:01:38.014891,769.85,218870.0,322964.0
2025-06-18 11:01:38.130498,769.85,218870.0,322964.0
2025-06-18 11:01:39.040029,769.85,218870.0,322999.0
2025-06-18 11:01:40.039651,769.85,218870.0,322999.0
2025-06-18 11:01:41.130881,769.85,218870.0,322999.0
2025-06-18 11:01:41.146821,769.85,218696.0,322940.0
2025-06-18 11:01:42.147801,769.85,218696.0,322940.0
2025-06-18 11:01:44.181884,769.85,218696.0,322940.0
2025-06-18 11:01:44.343682,769.85,218583.0,324121.0
2025-06-18 11:01:45.146947,769.85,218583.0,324121.0
2025-06-18 11:01:45.457128,769.85,218399.0,323238.0
2025-06-18 11:01:46.141979,769.85,218399.0,323238.0
2025-06-18 11:01:46.452831,769.85,219437.0,323090.0
2025-06-18 11:01:47.546714,769.85,219351.0,323529.0
2025-06-18 11:01:48.651606,769.85,219093.0,323120.0
2025-06-18 11:01:49.651639,769.85,205893.0,323120.0
2025-06-18 11:01:50.658626,769.85,218910.0,323103.0
2025-06-18 11:01:51.142782,769.85,218910.0,323103.0
2025-06-18 11:01:51.656756,769.85,218851.0,323103.0
2025-06-18 11:01:52.134508,769.85,218851.0,323103.0
2025-06-18 11:01:52.651874,769.85,218876.0,323121.0
2025-06-18 11:01:53.134128,769.85,218876.0,323121.0
2025-06-18 11:01:53.752591,769.85,218876.0,323127.0
2025-06-18 11:01:54.199646,769.9,218876.0,323127.0
2025-06-18 11:01:54.749839,769.9,218827.0,322848.0
2025-06-18 11:01:55.142758,769.9,218827.0,322848.0
2025-06-18 11:01:55.749680,769.8,218473.0,322595.0
2025-06-18 11:01:56.200385,769.8,218473.0,322595.0
2025-06-18 11:01:56.851098,769.8,218553.0,322287.0
2025-06-18 11:01:57.975714,769.8,218298.0,322615.0
2025-06-18 11:01:58.134710,769.8,218298.0,322615.0
2025-06-18 11:01:58.961528,769.8,218298.0,322367.0
2025-06-18 11:01:59.964458,769.8,218552.0,323214.0
2025-06-18 11:02:05.205786,769.7,218552.0,323214.0
2025-06-18 11:02:05.206423,769.7,218288.0,322717.0
2025-06-18 11:02:07.145958,769.7,218288.0,322717.0
2025-06-18 11:02:09.145030,769.85,218288.0,322717.0
2025-06-18 11:02:10.488609,769.85,218875.0,322643.0
2025-06-18 11:02:11.148557,769.85,218875.0,322643.0
2025-06-18 11:02:13.149251,769.9,218875.0,322643.0
2025-06-18 11:02:15.168721,769.9,218875.0,322643.0
2025-06-18 11:02:16.067039,769.9,218223.0,323065.0
2025-06-18 11:02:17.149218,769.9,218223.0,323065.0
2025-06-18 11:02:19.140929,769.9,218223.0,323065.0
2025-06-18 11:02:21.141427,769.9,218223.0,323065.0
2025-06-18 11:02:21.171882,769.9,218519.0,323971.0
2025-06-18 11:02:23.146584,769.9,218519.0,323971.0
2025-06-18 11:02:25.144145,769.85,218519.0,323971.0
2025-06-18 11:02:26.373351,769.9,218652.0,322923.0
2025-06-18 11:02:27.152198,769.9,218652.0,322923.0
2025-06-18 11:02:29.153626,769.55,218652.0,322923.0
2025-06-18 11:02:31.144287,769.85,218652.0,322923.0
2025-06-18 11:02:31.376756,769.85,218904.0,323172.0
2025-06-18 11:02:33.150921,769.85,218904.0,323172.0
2025-06-18 11:02:35.154377,769.85,218904.0,323172.0
2025-06-18 11:02:36.788245,769.5,219198.0,323454.0
2025-06-18 11:02:37.153001,769.85,219198.0,323454.0
2025-06-18 11:02:39.197598,769.5,219198.0,323454.0
2025-06-18 11:02:42.084135,769.85,217652.0,323091.0
2025-06-18 11:02:43.153821,769.85,217652.0,323091.0
2025-06-18 11:02:45.179153,769.85,217652.0,323091.0
2025-06-18 11:02:47.157351,769.85,217652.0,323091.0
2025-06-18 11:02:47.290032,769.85,217403.0,323758.0
2025-06-18 11:02:49.154450,769.85,217403.0,323758.0
2025-06-18 11:02:51.232095,769.85,217403.0,323758.0
2025-06-18 11:02:52.692621,769.85,217830.0,323322.0
2025-06-18 11:02:53.154253,769.75,217830.0,323322.0
2025-06-18 11:02:55.151405,770.0,217830.0,323322.0
2025-06-18 11:02:57.155658,770.0,217830.0,323322.0
2025-06-18 11:02:57.895222,770.0,218349.0,321845.0
2025-06-18 11:02:59.154278,769.65,218349.0,321845.0
2025-06-18 11:03:03.097350,769.65,218254.0,322341.0
2025-06-18 11:03:04.149434,769.95,218254.0,322341.0
2025-06-18 11:03:05.146561,769.95,218254.0,322341.0
2025-06-18 11:03:07.148705,769.95,218254.0,322341.0
2025-06-18 11:03:08.403750,769.95,218293.0,322711.0
2025-06-18 11:03:09.153329,769.95,218293.0,322711.0
2025-06-18 11:03:12.146041,769.9,218293.0,322711.0
2025-06-18 11:03:13.711834,769.9,217912.0,323065.0
2025-06-18 11:03:15.145982,769.9,217912.0,323065.0
2025-06-18 11:03:17.155034,769.9,217912.0,323065.0
2025-06-18 11:03:18.806090,769.9,217864.0,323350.0
2025-06-18 11:03:19.154569,769.9,217864.0,323350.0
2025-06-18 11:03:22.169924,769.95,217864.0,323350.0
2025-06-18 11:03:24.108530,769.9,218070.0,323508.0
2025-06-18 11:03:24.152839,769.9,218070.0,323508.0
2025-06-18 11:03:27.151107,769.8,218070.0,323508.0
2025-06-18 11:03:29.310866,769.8,216424.0,322960.0
2025-06-18 11:03:31.159315,769.95,216424.0,322960.0
2025-06-18 11:03:34.817516,769.95,216593.0,322592.0
2025-06-18 11:03:35.153672,770.0,216593.0,322592.0
2025-06-18 11:03:37.158118,770.0,216593.0,322592.0
2025-06-18 11:03:39.154338,770.0,216593.0,322592.0
2025-06-18 11:03:40.216955,770.0,216743.0,322581.0
2025-06-18 11:03:41.173131,769.8,216743.0,322581.0
2025-06-18 11:03:45.169600,769.6,216743.0,322581.0
2025-06-18 11:03:45.322016,769.6,212715.0,326664.0
2025-06-18 11:03:46.056990,769.6,212715.0,326664.0
2025-06-18 11:03:47.121678,769.6,212715.0,326664.0
2025-06-18 11:03:47.178128,769.5,212715.0,326664.0
2025-06-18 11:03:47.993900,769.5,212715.0,326664.0
2025-06-18 11:03:48.903175,769.5,212715.0,326664.0
2025-06-18 11:03:49.770887,769.5,212715.0,326664.0
2025-06-18 11:03:50.022960,769.5,213526.0,326931.0
2025-06-18 11:03:50.558531,769.5,213526.0,326931.0
2025-06-18 11:03:51.171600,769.4,213526.0,326931.0
2025-06-18 11:03:51.592723,769.4,213526.0,326931.0
2025-06-18 11:03:52.229600,769.4,213526.0,326931.0
2025-06-18 11:03:53.075516,769.4,213526.0,326931.0
2025-06-18 11:03:53.204318,769.6,213526.0,326931.0
2025-06-18 11:03:53.445342,769.6,213526.0,326931.0
2025-06-18 11:03:54.472437,769.6,213526.0,326931.0
2025-06-18 11:03:54.827283,769.6,213482.0,325959.0
2025-06-18 11:03:55.172712,769.6,213482.0,325959.0
2025-06-18 11:03:55.729892,769.6,213482.0,325959.0
2025-06-18 11:03:56.588157,769.6,213482.0,325959.0
2025-06-18 11:04:00.455154,769.45,213482.0,325959.0
2025-06-18 11:04:00.468196,769.45,213482.0,325959.0
2025-06-18 11:04:00.513374,769.2,213482.0,325959.0
2025-06-18 11:04:00.541311,769.2,213482.0,325959.0
2025-06-18 11:04:00.547773,769.2,211132.0,328332.0
2025-06-18 11:04:00.582686,769.2,211132.0,328332.0
2025-06-18 11:04:01.185393,769.45,211132.0,328332.0
2025-06-18 11:04:01.926037,769.45,211132.0,328332.0
2025-06-18 11:04:03.215839,769.1,211132.0,328332.0
2025-06-18 11:04:05.203546,769.0,211132.0,328332.0
2025-06-18 11:04:05.234033,769.0,210880.0,329156.0
2025-06-18 11:04:07.201521,769.4,210880.0,329156.0
2025-06-18 11:04:09.158769,769.1,210880.0,329156.0
2025-06-18 11:04:10.436985,769.1,210373.0,329776.0
2025-06-18 11:04:13.159399,769.1,210373.0,329776.0
2025-06-18 11:04:15.159474,769.1,210373.0,329776.0
2025-06-18 11:04:15.342497,769.25,207905.0,329697.0
2025-06-18 11:04:17.159466,769.25,207905.0,329697.0
2025-06-18 11:04:20.854803,769.25,209021.0,329733.0
2025-06-18 11:04:23.162862,769.25,209021.0,329733.0
2025-06-18 11:04:25.163639,769.0,209021.0,329733.0
2025-06-18 11:04:26.060486,769.15,209835.0,330442.0
2025-06-18 11:04:27.161884,769.0,209835.0,330442.0
2025-06-18 11:04:31.175193,769.0,209769.0,329556.0
2025-06-18 11:04:33.170181,769.1,209769.0,329556.0
2025-06-18 11:04:35.167421,769.25,209769.0,329556.0
2025-06-18 11:04:36.064698,769.25,209648.0,329664.0
2025-06-18 11:04:37.177115,769.25,209648.0,329664.0
2025-06-18 11:04:39.165154,769.25,209648.0,329664.0
2025-06-18 11:04:40.980987,769.25,209639.0,330182.0
2025-06-18 11:04:43.176114,769.25,209639.0,330182.0
2025-06-18 11:04:45.979835,769.25,209889.0,329881.0
2025-06-18 11:04:47.172728,769.25,209889.0,329881.0
2025-06-18 11:04:50.873177,769.1,209921.0,329863.0
2025-06-18 11:04:52.177632,769.25,209921.0,329863.0
2025-06-18 11:04:53.159641,769.25,209921.0,329863.0
2025-06-18 11:04:55.166472,769.25,209921.0,329863.0
2025-06-18 11:04:55.679312,769.25,209893.0,329800.0
2025-06-18 11:04:57.213837,769.1,209893.0,329800.0
2025-06-18 11:04:59.163101,769.1,209893.0,329800.0
2025-06-18 11:05:00.381796,769.0,209892.0,329902.0
2025-06-18 11:05:01.184094,769.0,209892.0,329902.0
2025-06-18 11:05:05.170134,769.1,209892.0,329902.0
2025-06-18 11:05:05.176848,769.1,209938.0,330211.0
2025-06-18 11:05:07.391876,769.25,209938.0,330211.0
2025-06-18 11:05:09.200009,769.25,209938.0,330211.0
2025-06-18 11:05:09.881332,769.25,209866.0,330066.0
2025-06-18 11:05:13.163636,769.1,209866.0,330066.0
2025-06-18 11:05:15.167040,769.0,209866.0,330066.0
2025-06-18 11:05:15.494314,768.95,207660.0,333305.0
2025-06-18 11:05:17.175354,768.95,207660.0,333305.0
2025-06-18 11:05:19.204288,768.95,207660.0,333305.0
2025-06-18 11:05:20.791186,768.65,208279.0,332512.0
2025-06-18 11:05:21.188285,768.65,208279.0,332512.0
2025-06-18 11:05:23.204879,768.95,208279.0,332512.0
2025-06-18 11:05:25.157399,768.95,208279.0,332512.0
2025-06-18 11:05:25.691786,768.95,208689.0,333381.0
2025-06-18 11:05:27.181548,768.95,208689.0,333381.0
2025-06-18 11:05:29.173972,768.7,208689.0,333381.0
2025-06-18 11:05:30.501857,768.7,207540.0,333828.0
2025-06-18 11:05:32.169909,768.85,207540.0,333828.0
2025-06-18 11:05:33.207336,768.65,207540.0,333828.0
2025-06-18 11:05:35.212572,768.65,207540.0,333828.0
2025-06-18 11:05:35.797877,768.65,208744.0,331260.0
2025-06-18 11:05:39.279853,768.9,208744.0,331260.0
2025-06-18 11:05:41.168036,768.6,208744.0,331260.0
2025-06-18 11:05:41.299755,768.6,208094.0,331717.0
2025-06-18 11:05:46.202386,768.9,208644.0,332606.0
2025-06-18 11:05:47.193014,768.9,208644.0,332606.0
2025-06-18 11:05:51.207654,768.9,209028.0,332177.0
2025-06-18 11:05:53.165861,768.9,209028.0,332177.0
2025-06-18 11:05:55.170805,768.9,209028.0,332177.0
2025-06-18 11:05:56.515373,768.9,208596.0,332595.0
2025-06-18 11:05:57.193261,768.9,208596.0,332595.0
2025-06-18 11:05:59.169837,768.6,208596.0,332595.0
2025-06-18 11:06:01.212756,768.6,208350.0,332260.0
2025-06-18 11:06:06.019758,768.95,208343.0,332590.0
2025-06-18 11:06:07.169986,768.95,208343.0,332590.0
2025-06-18 11:06:09.172153,768.95,208343.0,332590.0
2025-06-18 11:06:10.917596,768.75,208555.0,332413.0
2025-06-18 11:06:11.211342,768.75,208555.0,332413.0
2025-06-18 11:06:13.192428,768.9,208555.0,332413.0
2025-06-18 11:06:15.193315,768.75,208555.0,332413.0
2025-06-18 11:06:15.922313,768.9,208749.0,332621.0
2025-06-18 11:06:17.174527,768.65,208749.0,332621.0
2025-06-18 11:06:20.929140,768.65,208328.0,332677.0
2025-06-18 11:06:23.173697,768.9,208328.0,332677.0
2025-06-18 11:06:25.177872,768.9,208328.0,332677.0
2025-06-18 11:06:25.926820,768.9,207957.0,332490.0
2025-06-18 11:06:27.170718,768.9,207957.0,332490.0
2025-06-18 11:06:29.176332,768.7,207957.0,332490.0
2025-06-18 11:06:30.631686,768.7,208382.0,332523.0
2025-06-18 11:06:31.195193,768.7,208382.0,332523.0
2025-06-18 11:06:33.175384,768.9,208382.0,332523.0
2025-06-18 11:06:35.189516,768.9,208382.0,332523.0
2025-06-18 11:06:35.336576,768.9,208150.0,332560.0
2025-06-18 11:06:37.168024,768.9,208150.0,332560.0
2025-06-18 11:06:39.172707,768.7,208150.0,332560.0
2025-06-18 11:06:40.336914,768.7,208281.0,332140.0
2025-06-18 11:06:41.167811,768.7,208281.0,332140.0
2025-06-18 11:06:45.164739,768.7,208281.0,332140.0
2025-06-18 11:06:45.442509,768.9,208257.0,332483.0
2025-06-18 11:06:46.762637,768.9,208257.0,332483.0
2025-06-18 11:06:47.179149,768.9,208257.0,332483.0
2025-06-18 11:06:47.621610,768.9,208257.0,332483.0
2025-06-18 11:06:48.560357,768.9,208257.0,332483.0
2025-06-18 11:06:49.769332,768.9,208257.0,332483.0
2025-06-18 11:06:50.288256,768.9,208257.0,332483.0
2025-06-18 11:06:50.341847,768.7,208387.0,332606.0
2025-06-18 11:06:51.060258,768.7,208387.0,332606.0
2025-06-18 11:06:51.161452,768.7,208387.0,332606.0
2025-06-18 11:06:52.043251,768.7,208387.0,332606.0
2025-06-18 11:06:53.168160,768.9,208387.0,332606.0
2025-06-18 11:06:53.519705,768.9,208387.0,332606.0
2025-06-18 11:06:54.761748,768.9,208387.0,332606.0
2025-06-18 11:06:55.174119,768.9,208387.0,332606.0
2025-06-18 11:06:55.345914,768.9,208072.0,333177.0
2025-06-18 11:06:56.271538,768.9,208072.0,333177.0
2025-06-18 11:06:57.107589,768.9,208072.0,333177.0
2025-06-18 11:06:57.164663,768.75,208072.0,333177.0
2025-06-18 11:06:58.543751,768.75,208072.0,333177.0
2025-06-18 11:06:59.666842,768.75,208072.0,333177.0
2025-06-18 11:07:00.150764,768.75,208091.0,333242.0
2025-06-18 11:07:00.835068,768.75,208091.0,333242.0
2025-06-18 11:07:01.166701,768.9,208091.0,333242.0
2025-06-18 11:07:02.293603,768.9,208091.0,333242.0
2025-06-18 11:07:03.166535,768.9,208091.0,333242.0
2025-06-18 11:07:05.116143,768.9,207973.0,333597.0
2025-06-18 11:07:10.486025,768.9,207973.0,333597.0
2025-06-18 11:07:10.580501,768.75,208317.0,333273.0
2025-06-18 11:07:11.166835,768.75,208317.0,333273.0
2025-06-18 11:07:14.163705,768.8,208317.0,333273.0
2025-06-18 11:07:16.059660,768.9,208983.0,333217.0
2025-06-18 11:07:17.174248,768.9,208983.0,333217.0
2025-06-18 11:07:21.260849,768.9,209146.0,332884.0
2025-06-18 11:07:23.169196,768.9,209146.0,332884.0
2025-06-18 11:07:26.223096,768.9,209146.0,332884.0
2025-06-18 11:07:26.262542,768.9,209241.0,333534.0
2025-06-18 11:07:31.180389,768.75,209046.0,333877.0
2025-06-18 11:07:31.180762,768.75,209046.0,333877.0
2025-06-18 11:07:33.177108,768.8,209046.0,333877.0
2025-06-18 11:07:35.164737,768.9,209046.0,333877.0
2025-06-18 11:07:36.067770,768.9,209380.0,333655.0
2025-06-18 11:07:37.176166,768.9,209380.0,333655.0
2025-06-18 11:07:39.210400,768.75,209380.0,333655.0
2025-06-18 11:07:41.174848,768.5,209380.0,333655.0
2025-06-18 11:07:41.176059,768.5,208901.0,333896.0
2025-06-18 11:07:43.176503,768.85,208901.0,333896.0
2025-06-18 11:07:45.177887,768.75,208901.0,333896.0
2025-06-18 11:07:46.584455,768.9,208662.0,335051.0
2025-06-18 11:07:47.181421,768.85,208662.0,335051.0
2025-06-18 11:07:50.173459,768.8,208662.0,335051.0
2025-06-18 11:07:51.578565,768.75,208249.0,335434.0
2025-06-18 11:07:53.172790,768.8,208249.0,335434.0
2025-06-18 11:07:56.181286,768.8,208249.0,335434.0
2025-06-18 11:07:56.575205,768.8,207820.0,334498.0
2025-06-18 11:08:00.473277,768.75,207820.0,334498.0
2025-06-18 11:08:01.578216,768.75,207869.0,334010.0
2025-06-18 11:08:06.178848,768.75,207869.0,334010.0
2025-06-18 11:08:06.999339,768.75,207616.0,334345.0
2025-06-18 11:08:08.184347,768.75,207616.0,334345.0
2025-06-18 11:08:12.257736,768.6,207616.0,334345.0
2025-06-18 11:08:12.388056,768.6,207182.0,334494.0
2025-06-18 11:08:16.203004,768.75,207182.0,334494.0
2025-06-18 11:08:20.490171,768.5,207237.0,334230.0
2025-06-18 11:08:20.498529,768.75,207237.0,334230.0
2025-06-18 11:08:22.797650,768.8,207273.0,334257.0
2025-06-18 11:08:23.182636,768.8,207273.0,334257.0
2025-06-18 11:08:26.171808,768.8,207273.0,334257.0
2025-06-18 11:08:28.521766,768.55,207362.0,334942.0
2025-06-18 11:08:29.171539,768.55,207362.0,334942.0
2025-06-18 11:08:30.181765,768.55,207362.0,334942.0
2025-06-18 11:08:32.177657,768.9,207362.0,334942.0
2025-06-18 11:08:34.069171,768.75,210246.0,328552.0
2025-06-18 11:08:34.178296,769.0,210246.0,328552.0
2025-06-18 11:08:36.178658,769.0,210246.0,328552.0
2025-06-18 11:08:38.180322,769.0,210246.0,328552.0
2025-06-18 11:08:39.307213,769.0,211261.0,329852.0
2025-06-18 11:08:40.191580,769.1,211261.0,329852.0
2025-06-18 11:08:42.185446,769.1,211261.0,329852.0
2025-06-18 11:08:44.521293,769.1,214125.0,328170.0
2025-06-18 11:08:46.205205,769.25,214125.0,328170.0
2025-06-18 11:08:48.175805,769.25,214125.0,328170.0
2025-06-18 11:08:49.713023,769.25,214911.0,327097.0
2025-06-18 11:08:52.180143,769.4,214911.0,327097.0
2025-06-18 11:08:54.181672,769.4,214911.0,327097.0
2025-06-18 11:08:54.913486,769.4,213936.0,327586.0
2025-06-18 11:08:59.917059,769.4,213838.0,327566.0
2025-06-18 11:09:04.189816,768.9,213838.0,327566.0
2025-06-18 11:09:04.821474,769.25,213088.0,330479.0
2025-06-18 11:09:06.177503,768.95,213088.0,330479.0
2025-06-18 11:09:08.178643,769.35,213088.0,330479.0
2025-06-18 11:09:10.035502,769.35,214488.0,328238.0
2025-06-18 11:09:15.926607,769.4,215118.0,327888.0
2025-06-18 11:09:16.174462,769.4,215118.0,327888.0
2025-06-18 11:09:21.425762,769.4,215074.0,327665.0
2025-06-18 11:09:24.177392,769.5,215074.0,327665.0
2025-06-18 11:09:26.183853,769.45,215074.0,327665.0
2025-06-18 11:09:26.729053,769.45,215328.0,326933.0
2025-06-18 11:09:30.189466,769.5,215328.0,326933.0
2025-06-18 11:09:31.934030,769.5,216563.0,325894.0
2025-06-18 11:09:34.179362,769.3,216563.0,325894.0
2025-06-18 11:09:36.178168,769.55,216563.0,325894.0
2025-06-18 11:09:37.239545,769.55,219695.0,322797.0
2025-06-18 11:09:38.222381,769.6,219695.0,322797.0
2025-06-18 11:09:40.175071,769.6,219695.0,322797.0
2025-06-18 11:09:42.185727,769.85,219695.0,322797.0
2025-06-18 11:09:42.643444,769.85,219887.0,323054.0
2025-06-18 11:09:44.209735,769.8,219887.0,323054.0
2025-06-18 11:09:46.256120,769.4,219887.0,323054.0
2025-06-18 11:09:47.185625,769.4,219887.0,323054.0
2025-06-18 11:09:47.843010,769.75,219164.0,324980.0
2025-06-18 11:09:48.188850,769.75,219164.0,324980.0
2025-06-18 11:09:48.228878,769.75,219164.0,324980.0
2025-06-18 11:09:49.137490,769.75,219164.0,324980.0
2025-06-18 11:09:50.027291,769.75,219164.0,324980.0
2025-06-18 11:09:51.642705,769.75,219164.0,324980.0
2025-06-18 11:09:52.196982,769.75,219164.0,324980.0
2025-06-18 11:09:52.673257,769.75,219164.0,324980.0
2025-06-18 11:09:53.210960,769.75,219164.0,324980.0
2025-06-18 11:09:53.344890,769.75,219459.0,324979.0
2025-06-18 11:09:53.604625,769.75,219459.0,324979.0
2025-06-18 11:09:54.097514,769.75,219459.0,324979.0
2025-06-18 11:09:54.218129,769.75,219459.0,324979.0
2025-06-18 11:09:54.464638,769.75,219459.0,324979.0
2025-06-18 11:09:55.343509,769.75,219459.0,324979.0
2025-06-18 11:09:56.178457,769.75,219459.0,324979.0
2025-06-18 11:09:56.596514,769.75,219459.0,324979.0
2025-06-18 11:09:57.566147,769.75,219459.0,324979.0
2025-06-18 11:09:58.446750,769.75,217651.0,326957.0
2025-06-18 11:09:58.975191,769.75,217651.0,326957.0
2025-06-18 11:10:00.122594,769.75,217651.0,326957.0
2025-06-18 11:10:01.251837,769.75,217651.0,326957.0
2025-06-18 11:10:01.651714,769.75,217697.0,326533.0
2025-06-18 11:10:02.725259,769.75,217697.0,326533.0
2025-06-18 11:10:02.752039,769.75,217644.0,326471.0
2025-06-18 11:10:03.747308,769.75,217705.0,326484.0
2025-06-18 11:10:04.847897,769.75,217653.0,326536.0
2025-06-18 11:10:05.851546,769.6,217747.0,326529.0
2025-06-18 11:10:06.175846,769.6,217747.0,326529.0
2025-06-18 11:10:06.961543,769.6,219939.0,324279.0
2025-06-18 11:10:07.177696,769.65,219939.0,324279.0
2025-06-18 11:10:09.452716,769.65,220239.0,325276.0
2025-06-18 11:10:09.455653,769.65,220239.0,325276.0
2025-06-18 11:10:09.510772,769.65,219293.0,325600.0
2025-06-18 11:10:10.054783,769.65,219258.0,324108.0
2025-06-18 11:10:10.186446,769.65,219258.0,324108.0
2025-06-18 11:10:11.052805,769.65,217772.0,325950.0
2025-06-18 11:10:11.187869,769.65,217772.0,325950.0
2025-06-18 11:10:12.063962,769.65,212739.0,325533.0
2025-06-18 11:10:13.057987,769.75,218703.0,325571.0
2025-06-18 11:10:13.180064,769.75,218703.0,325571.0
2025-06-18 11:10:14.058624,769.75,218480.0,325042.0
2025-06-18 11:10:15.161243,769.65,217450.0,325434.0
2025-06-18 11:10:15.174586,769.65,217450.0,325434.0
2025-06-18 11:10:16.270449,769.35,217617.0,324952.0
2025-06-18 11:10:17.185392,769.35,217617.0,324952.0
2025-06-18 11:10:17.254672,769.35,217764.0,326181.0
2025-06-18 11:10:18.356053,769.35,217669.0,326302.0
2025-06-18 11:10:19.456977,769.35,215703.0,326537.0
2025-06-18 11:10:20.456348,769.35,217044.0,326654.0
2025-06-18 11:10:21.457508,769.35,217058.0,327810.0
2025-06-18 11:10:22.177791,769.6,217058.0,327810.0
2025-06-18 11:10:22.455329,769.6,217058.0,326162.0
2025-06-18 11:10:23.176080,769.65,217058.0,326162.0
2025-06-18 11:10:23.359198,769.65,217141.0,325266.0
2025-06-18 11:10:24.184036,769.65,217141.0,325266.0
2025-06-18 11:10:24.356992,769.65,211879.0,326200.0
2025-06-18 11:10:25.356749,769.6,216067.0,325646.0
2025-06-18 11:10:26.179057,769.6,216067.0,325646.0
2025-06-18 11:10:26.361189,769.6,217217.0,325776.0
2025-06-18 11:10:27.258157,769.35,215010.0,326085.0
2025-06-18 11:10:28.185166,769.35,215010.0,326085.0
2025-06-18 11:10:28.261370,769.35,216229.0,326429.0
2025-06-18 11:10:29.260587,769.35,216230.0,326429.0
2025-06-18 11:10:30.260281,769.35,216161.0,327536.0
2025-06-18 11:10:31.264706,769.35,216196.0,327570.0
2025-06-18 11:10:32.264032,769.35,216162.0,327572.0
2025-06-18 11:10:33.268753,769.35,216162.0,327593.0
2025-06-18 11:10:34.268529,769.35,216165.0,327597.0
2025-06-18 11:10:35.176342,769.6,216165.0,327597.0
2025-06-18 11:10:35.266391,769.6,216158.0,327346.0
2025-06-18 11:10:36.172610,769.6,216158.0,327346.0
2025-06-18 11:10:36.268340,769.6,216063.0,326229.0
2025-06-18 11:10:37.267585,769.6,216194.0,327355.0
2025-06-18 11:10:38.176489,769.6,216194.0,327355.0
2025-06-18 11:10:38.268555,769.6,216759.0,327314.0
2025-06-18 11:10:39.369089,769.45,216808.0,327264.0
2025-06-18 11:10:40.173848,769.65,216808.0,327264.0
2025-06-18 11:10:40.368455,769.65,217011.0,326510.0
2025-06-18 11:10:41.370845,769.65,216855.0,326880.0
2025-06-18 11:10:42.369496,769.65,216589.0,326825.0
2025-06-18 11:10:43.470506,769.65,216774.0,326455.0
2025-06-18 11:10:44.470424,769.65,216789.0,326455.0
2025-06-18 11:10:45.370830,769.65,217046.0,326632.0
2025-06-18 11:10:46.172735,769.65,217046.0,326632.0
2025-06-18 11:10:46.472494,769.45,216733.0,326714.0
2025-06-18 11:10:47.174137,769.45,216733.0,326714.0
2025-06-18 11:10:47.573572,769.45,216735.0,326750.0
2025-06-18 11:10:48.675599,769.45,216772.0,327160.0
2025-06-18 11:10:49.675310,769.45,216712.0,327403.0
2025-06-18 11:10:50.775522,769.5,216948.0,327266.0
2025-06-18 11:10:51.176616,769.5,216948.0,327266.0
2025-06-18 11:10:51.883225,769.5,216662.0,329409.0
2025-06-18 11:10:52.980307,769.6,211196.0,329242.0
2025-06-18 11:10:53.183321,769.6,211196.0,329242.0
2025-06-18 11:10:53.977931,769.6,216894.0,328806.0
2025-06-18 11:10:54.183136,769.6,216894.0,328806.0
2025-06-18 11:10:54.981084,769.5,217012.0,327873.0
2025-06-18 11:10:55.178083,769.5,217012.0,327873.0
2025-06-18 11:10:55.980825,769.6,216976.0,327818.0
2025-06-18 11:10:56.173241,769.6,216976.0,327818.0
2025-06-18 11:10:56.982547,769.45,216442.0,327841.0
2025-06-18 11:10:57.171342,769.45,216442.0,327841.0
2025-06-18 11:10:57.984376,769.45,213035.0,328406.0
2025-06-18 11:10:58.176662,769.35,213035.0,328406.0
2025-06-18 11:10:58.985223,769.35,213045.0,327422.0
2025-06-18 11:10:59.172242,769.35,213045.0,327422.0
2025-06-18 11:10:59.885226,769.35,213224.0,327589.0
2025-06-18 11:11:01.991838,769.35,214910.0,327632.0
2025-06-18 11:11:02.205786,769.35,214910.0,327632.0
2025-06-18 11:11:06.183401,769.35,214910.0,327632.0
2025-06-18 11:11:07.544521,769.6,216070.0,326190.0
2025-06-18 11:11:08.189048,769.6,216070.0,326190.0
2025-06-18 11:11:10.180553,769.6,216070.0,326190.0
2025-06-18 11:11:12.184169,769.35,216070.0,326190.0
2025-06-18 11:11:12.897841,769.35,216439.0,326710.0
2025-06-18 11:11:16.178366,769.6,216439.0,326710.0
2025-06-18 11:11:18.295215,769.6,216514.0,326369.0
2025-06-18 11:11:20.188472,769.4,216514.0,326369.0
2025-06-18 11:11:22.188284,769.6,216514.0,326369.0
2025-06-18 11:11:23.402881,769.65,216509.0,326228.0
2025-06-18 11:11:24.182424,769.65,216509.0,326228.0
2025-06-18 11:11:26.188414,769.65,216509.0,326228.0
2025-06-18 11:11:28.538742,769.65,216730.0,325523.0
2025-06-18 11:11:33.609263,769.65,217177.0,326333.0
2025-06-18 11:11:36.184176,769.65,217177.0,326333.0
2025-06-18 11:11:38.192370,769.75,217177.0,326333.0
2025-06-18 11:11:38.410787,769.75,219669.0,323107.0
2025-06-18 11:11:40.181433,770.0,219669.0,323107.0
2025-06-18 11:11:42.192720,770.0,219669.0,323107.0
2025-06-18 11:11:43.616882,770.0,220163.0,323392.0
2025-06-18 11:11:46.181161,769.95,220163.0,323392.0
2025-06-18 11:11:48.206239,769.6,220163.0,323392.0
2025-06-18 11:11:48.617056,769.6,219399.0,324001.0
2025-06-18 11:11:50.197881,769.6,219399.0,324001.0
2025-06-18 11:11:52.221977,770.0,219399.0,324001.0
2025-06-18 11:11:53.718497,770.0,219726.0,323200.0
2025-06-18 11:11:54.208099,770.0,219726.0,323200.0
2025-06-18 11:11:56.198003,770.0,219726.0,323200.0
2025-06-18 11:11:58.425707,770.0,219726.0,323200.0
2025-06-18 11:11:58.824786,770.0,220593.0,323057.0
2025-06-18 11:12:00.186918,769.75,220593.0,323057.0
2025-06-18 11:12:02.328043,769.75,220984.0,322734.0
2025-06-18 11:12:02.332914,769.75,220984.0,322734.0
2025-06-18 11:12:03.036487,770.0,221128.0,322727.0
2025-06-18 11:12:03.187939,770.0,221128.0,322727.0
2025-06-18 11:12:04.029318,770.0,221159.0,322750.0
2025-06-18 11:12:05.037075,769.75,221086.0,322540.0
2025-06-18 11:12:05.178734,769.75,221086.0,322540.0
2025-06-18 11:12:06.129633,770.0,222272.0,321916.0
2025-06-18 11:12:06.177884,770.0,222272.0,321916.0
2025-06-18 11:12:07.178678,770.0,222272.0,321916.0
2025-06-18 11:12:07.227823,770.0,222159.0,321963.0
2025-06-18 11:12:08.180242,770.0,222159.0,321963.0
2025-06-18 11:12:08.329063,770.0,221042.0,322020.0
2025-06-18 11:12:10.115854,769.75,221042.0,322020.0
2025-06-18 11:12:10.163640,769.75,220915.0,322166.0
2025-06-18 11:12:10.180029,769.75,220915.0,322166.0
2025-06-18 11:12:10.238237,769.75,221110.0,322299.0
2025-06-18 11:12:11.178235,769.85,221110.0,322299.0
2025-06-18 11:12:11.235294,769.85,221087.0,321791.0
2025-06-18 11:12:12.336371,769.85,221342.0,322052.0
2025-06-18 11:12:13.432687,769.85,221670.0,321816.0
2025-06-18 11:12:14.335880,769.85,221634.0,321696.0
2025-06-18 11:12:15.178871,770.0,221634.0,321696.0
2025-06-18 11:12:15.335930,770.0,221724.0,321876.0
2025-06-18 11:12:16.180008,770.0,221724.0,321876.0
2025-06-18 11:12:16.340159,769.85,221255.0,322361.0
2025-06-18 11:12:17.179609,769.85,221255.0,322361.0
2025-06-18 11:12:17.436032,769.85,221230.0,322217.0
2025-06-18 11:12:18.548966,769.85,221202.0,322186.0
2025-06-18 11:12:19.178368,769.85,221202.0,322186.0
2025-06-18 11:12:19.642607,769.85,221172.0,322188.0
2025-06-18 11:12:20.738425,769.85,221346.0,322158.0
2025-06-18 11:12:21.179816,769.85,221346.0,322158.0
2025-06-18 11:12:21.742001,769.85,221378.0,322189.0
2025-06-18 11:12:22.179242,770.0,221378.0,322189.0
2025-06-18 11:12:22.844900,770.0,221088.0,321894.0
2025-06-18 11:12:23.179524,770.0,221088.0,321894.0
2025-06-18 11:12:23.941717,770.0,220815.0,322115.0
2025-06-18 11:12:24.180276,770.0,220815.0,322115.0
2025-06-18 11:12:25.046828,770.0,221031.0,322140.0
2025-06-18 11:12:25.949525,770.0,220776.0,322275.0
2025-06-18 11:12:26.180206,770.0,220776.0,322275.0
2025-06-18 11:12:27.152337,769.85,220935.0,322215.0
2025-06-18 11:12:27.181453,769.85,220935.0,322215.0
2025-06-18 11:12:28.179591,769.85,220935.0,322215.0
2025-06-18 11:12:28.271513,769.85,220490.0,321960.0
2025-06-18 11:12:29.349743,769.85,220572.0,321941.0
2025-06-18 11:12:30.187392,769.85,220572.0,321941.0
2025-06-18 11:12:30.448127,769.85,220529.0,321891.0
2025-06-18 11:12:31.181197,769.9,220529.0,321891.0
2025-06-18 11:12:31.450506,769.9,220596.0,321893.0
2025-06-18 11:12:32.654588,769.9,220635.0,322025.0
2025-06-18 11:12:33.655641,769.9,207659.0,322033.0
2025-06-18 11:12:34.751997,769.9,220767.0,322049.0
2025-06-18 11:12:35.201312,770.0,220767.0,322049.0
2025-06-18 11:12:35.852960,770.0,220711.0,321686.0
2025-06-18 11:12:36.202213,770.0,220711.0,321686.0
2025-06-18 11:12:36.755221,769.85,220619.0,322280.0
2025-06-18 11:12:37.180241,770.0,220619.0,322280.0
2025-06-18 11:12:37.857251,770.0,220309.0,322265.0
2025-06-18 11:12:38.182888,770.0,220309.0,322265.0
2025-06-18 11:12:38.955453,770.0,220422.0,321767.0
2025-06-18 11:12:40.055165,769.85,220610.0,321764.0
2025-06-18 11:12:40.181736,769.85,220610.0,321764.0
2025-06-18 11:12:41.062967,769.85,220461.0,321760.0
2025-06-18 11:12:42.058166,769.85,220609.0,321696.0
2025-06-18 11:12:43.164279,769.85,220558.0,321696.0
2025-06-18 11:12:44.180342,769.85,220558.0,321696.0
2025-06-18 11:12:44.259626,769.85,220700.0,322030.0
2025-06-18 11:12:45.260202,769.9,220786.0,321701.0
2025-06-18 11:12:46.180320,769.9,220786.0,321701.0
2025-06-18 11:12:46.360894,769.9,220540.0,321644.0
2025-06-18 11:12:47.180538,769.9,220540.0,321644.0
2025-06-18 11:12:47.462796,769.9,220549.0,321389.0
2025-06-18 11:12:47.565580,769.9,220549.0,321389.0
2025-06-18 11:12:48.179756,769.9,220549.0,321389.0
2025-06-18 11:12:48.562423,769.9,220829.0,321687.0
2025-06-18 11:12:48.633416,769.9,220829.0,321687.0
2025-06-18 11:12:49.179957,770.0,220829.0,321687.0
2025-06-18 11:12:49.539930,770.0,220829.0,321687.0
2025-06-18 11:12:49.564298,769.9,220898.0,321386.0
2025-06-18 11:12:50.185104,769.9,220898.0,321386.0
2025-06-18 11:12:50.453940,769.9,220898.0,321386.0
2025-06-18 11:12:50.663295,769.9,220666.0,321951.0
2025-06-18 11:12:51.181174,769.9,220666.0,321951.0
2025-06-18 11:12:51.343254,769.9,220666.0,321951.0
2025-06-18 11:12:51.765307,769.9,220723.0,321981.0
2025-06-18 11:12:52.080604,769.9,220723.0,321981.0
2025-06-18 11:12:52.178920,769.85,220723.0,321981.0
2025-06-18 11:12:52.764825,769.85,221116.0,322215.0
2025-06-18 11:12:53.109703,769.85,221116.0,322215.0
2025-06-18 11:12:53.180850,769.85,221116.0,322215.0
2025-06-18 11:12:53.637986,769.85,221116.0,322215.0
2025-06-18 11:12:53.864876,769.85,220861.0,322312.0
2025-06-18 11:12:54.050670,769.85,220861.0,322312.0
2025-06-18 11:12:54.181856,769.85,220861.0,322312.0
2025-06-18 11:12:54.528910,769.85,220861.0,322312.0
2025-06-18 11:12:54.969158,769.85,220765.0,322158.0
2025-06-18 11:12:55.801302,769.85,220765.0,322158.0
2025-06-18 11:12:56.070491,769.85,220641.0,322375.0
2025-06-18 11:12:57.055030,769.85,220641.0,322375.0
2025-06-18 11:12:57.171125,769.85,220984.0,322424.0
2025-06-18 11:12:57.886703,769.85,220984.0,322424.0
2025-06-18 11:12:58.186877,769.85,220984.0,322424.0
2025-06-18 11:12:58.670564,769.85,221122.0,322321.0
2025-06-18 11:12:59.290901,769.85,221122.0,322321.0
2025-06-18 11:12:59.771924,769.85,221122.0,322368.0
2025-06-18 11:13:00.401879,769.85,221122.0,322368.0
2025-06-18 11:13:01.579521,769.85,221122.0,322368.0
2025-06-18 11:13:03.039675,769.85,221122.0,322368.0
2025-06-18 11:13:05.273901,769.85,220491.0,323320.0
2025-06-18 11:13:06.188398,769.85,220491.0,323320.0
2025-06-18 11:13:08.187324,769.9,220491.0,323320.0
2025-06-18 11:13:10.278603,769.9,220634.0,323251.0
2025-06-18 11:13:12.190472,769.9,220634.0,323251.0
2025-06-18 11:13:14.980455,769.9,220491.0,323202.0
2025-06-18 11:13:16.194828,769.9,220491.0,323202.0
2025-06-18 11:13:18.194798,769.7,220491.0,323202.0
2025-06-18 11:13:19.785826,769.7,220258.0,322410.0
2025-06-18 11:13:22.193423,769.85,220258.0,322410.0
2025-06-18 11:13:24.191182,769.8,220258.0,322410.0
2025-06-18 11:13:24.789383,769.8,219583.0,324515.0
2025-06-18 11:13:26.190488,769.7,219583.0,324515.0
2025-06-18 11:13:28.190986,769.8,219583.0,324515.0
2025-06-18 11:13:29.790327,769.8,219641.0,324938.0
2025-06-18 11:13:32.188339,769.75,219641.0,324938.0
2025-06-18 11:13:34.193869,769.75,219641.0,324938.0
2025-06-18 11:13:34.593775,769.75,219247.0,324741.0
2025-06-18 11:13:36.191120,769.7,219247.0,324741.0
2025-06-18 11:13:38.188829,769.8,219247.0,324741.0
2025-06-18 11:13:39.893210,769.8,219275.0,325030.0
2025-06-18 11:13:42.192328,769.7,219275.0,325030.0
2025-06-18 11:13:45.072835,769.7,218468.0,325048.0
2025-06-18 11:13:46.194779,769.8,218468.0,325048.0
2025-06-18 11:13:48.192779,769.3,218468.0,325048.0
2025-06-18 11:13:50.001619,769.3,215172.0,329369.0
2025-06-18 11:13:52.193736,769.7,215172.0,329369.0
2025-06-18 11:13:54.194190,769.8,215172.0,329369.0
2025-06-18 11:13:54.901443,769.8,220962.0,323231.0
2025-06-18 11:13:56.192545,769.6,220962.0,323231.0
2025-06-18 11:14:00.303458,769.6,220950.0,323829.0
2025-06-18 11:14:04.196726,769.6,220950.0,323829.0
2025-06-18 11:14:05.108280,769.6,221003.0,323562.0
2025-06-18 11:14:06.193152,769.8,221003.0,323562.0
2025-06-18 11:14:08.196484,769.8,221003.0,323562.0
2025-06-18 11:14:10.228610,769.8,221718.0,322861.0
2025-06-18 11:14:12.191838,769.7,221718.0,322861.0
2025-06-18 11:14:14.196478,769.7,221718.0,322861.0
2025-06-18 11:14:15.213668,769.6,220794.0,323284.0
2025-06-18 11:14:16.203081,769.6,220794.0,323284.0
2025-06-18 11:14:20.120871,769.6,220703.0,323240.0
2025-06-18 11:14:22.240961,769.8,220703.0,323240.0
2025-06-18 11:14:25.033899,769.9,224119.0,316213.0
2025-06-18 11:14:25.190918,769.9,224119.0,316213.0
2025-06-18 11:14:27.191423,769.9,224119.0,316213.0
2025-06-18 11:14:30.196717,769.95,224119.0,316213.0
2025-06-18 11:14:30.325532,769.95,224271.0,317306.0
2025-06-18 11:14:32.206394,769.95,224271.0,317306.0
2025-06-18 11:14:35.630483,769.95,225252.0,316875.0
2025-06-18 11:14:37.213565,770.0,225252.0,316875.0
2025-06-18 11:14:38.202014,770.0,225252.0,316875.0
2025-06-18 11:14:40.195822,769.95,225252.0,316875.0
2025-06-18 11:14:40.635862,769.95,223717.0,316599.0
2025-06-18 11:14:42.192191,769.75,223717.0,316599.0
2025-06-18 11:14:44.194666,769.7,223717.0,316599.0
2025-06-18 11:14:45.935808,769.7,223896.0,318703.0
2025-06-18 11:14:48.201781,769.75,223896.0,318703.0
2025-06-18 11:14:50.203655,770.0,223896.0,318703.0
2025-06-18 11:14:51.442557,770.0,224484.0,318646.0
2025-06-18 11:14:52.217316,770.0,224484.0,318646.0
2025-06-18 11:14:54.194939,770.0,224484.0,318646.0
2025-06-18 11:14:56.198660,769.95,224484.0,318646.0
2025-06-18 11:14:56.947649,770.0,224197.0,318243.0
2025-06-18 11:14:58.215131,769.85,224197.0,318243.0
2025-06-18 11:15:02.200801,769.85,224197.0,318243.0
2025-06-18 11:15:02.251615,769.85,224641.0,318366.0
2025-06-18 11:15:04.197664,769.85,224641.0,318366.0
2025-06-18 11:15:06.959554,769.7,224641.0,318366.0
2025-06-18 11:15:07.453816,769.7,222518.0,319664.0
2025-06-18 11:15:08.196849,769.7,222518.0,319664.0
2025-06-18 11:15:10.513564,769.45,222518.0,319664.0
2025-06-18 11:15:12.665362,769.45,221621.0,320618.0
2025-06-18 11:15:16.205843,769.7,221621.0,320618.0
2025-06-18 11:15:17.660950,769.7,221667.0,320466.0
2025-06-18 11:15:20.201334,769.7,221667.0,320466.0
2025-06-18 11:15:22.199053,769.7,221667.0,320466.0
2025-06-18 11:15:22.564829,769.7,221744.0,319048.0
2025-06-18 11:15:24.202979,769.7,221744.0,319048.0
2025-06-18 11:15:26.200725,769.7,221744.0,319048.0
2025-06-18 11:15:27.771291,769.7,222032.0,319157.0
2025-06-18 11:15:32.201528,769.55,222032.0,319157.0
2025-06-18 11:15:33.471207,769.55,220939.0,320964.0
2025-06-18 11:15:36.198728,769.75,220939.0,320964.0
2025-06-18 11:15:38.213034,770.0,220939.0,320964.0
2025-06-18 11:15:38.877400,770.0,224101.0,318008.0
2025-06-18 11:15:40.199733,770.0,224101.0,318008.0
2025-06-18 11:15:42.201523,770.0,224101.0,318008.0
2025-06-18 11:15:43.879584,770.0,223544.0,317656.0
2025-06-18 11:15:44.206019,769.7,223544.0,317656.0
2025-06-18 11:15:46.218782,769.95,223544.0,317656.0
2025-06-18 11:15:48.073675,769.95,223544.0,317656.0
2025-06-18 11:15:49.098788,769.95,223544.0,317656.0
2025-06-18 11:15:49.381978,769.95,223127.0,318555.0
2025-06-18 11:15:49.998114,769.95,223127.0,318555.0
2025-06-18 11:15:50.942254,769.95,223127.0,318555.0
2025-06-18 11:15:51.782432,769.95,223127.0,318555.0
2025-06-18 11:15:52.201760,770.0,223127.0,318555.0
2025-06-18 11:15:52.573083,770.0,223127.0,318555.0
2025-06-18 11:15:53.579922,770.0,223127.0,318555.0
2025-06-18 11:15:54.138282,770.0,223127.0,318555.0
2025-06-18 11:15:54.202197,770.0,223127.0,318555.0
2025-06-18 11:15:54.536954,770.0,223127.0,318555.0
2025-06-18 11:15:54.787331,770.0,223473.0,318609.0
2025-06-18 11:15:55.039143,770.0,223473.0,318609.0
2025-06-18 11:15:56.204278,770.0,223473.0,318609.0
2025-06-18 11:15:56.296341,770.0,223473.0,318609.0
2025-06-18 11:15:57.587813,770.0,223473.0,318609.0
2025-06-18 11:15:58.412920,770.0,223473.0,318609.0
2025-06-18 11:15:59.990053,770.0,223065.0,319847.0
2025-06-18 11:16:00.115847,770.0,223065.0,319847.0
2025-06-18 11:16:01.280354,770.0,223065.0,319847.0
2025-06-18 11:16:02.402070,770.0,223065.0,319847.0
2025-06-18 11:16:03.885839,770.0,223065.0,319847.0
2025-06-18 11:16:05.289079,769.9,221246.0,319400.0
2025-06-18 11:16:06.203383,769.9,221246.0,319400.0
2025-06-18 11:16:08.731417,769.85,221246.0,319400.0
2025-06-18 11:16:10.474657,769.85,221246.0,319400.0
2025-06-18 11:16:10.495547,769.85,219569.0,321084.0
2025-06-18 11:16:13.199237,769.7,219569.0,321084.0
2025-06-18 11:16:14.202170,769.7,219569.0,321084.0
2025-06-18 11:16:16.096545,769.7,219121.0,322442.0
2025-06-18 11:16:16.215948,769.7,219121.0,322442.0
2025-06-18 11:16:18.209071,769.35,219121.0,322442.0
2025-06-18 11:16:21.299054,769.35,218097.0,324371.0
2025-06-18 11:16:22.214040,769.6,218097.0,324371.0
2025-06-18 11:16:24.209108,769.6,218097.0,324371.0
2025-06-18 11:16:26.205764,769.55,218097.0,324371.0
2025-06-18 11:16:26.302963,769.55,217693.0,324732.0
2025-06-18 11:16:28.208275,769.35,217693.0,324732.0
2025-06-18 11:16:31.232276,769.35,217088.0,324119.0
2025-06-18 11:16:32.207859,769.35,217088.0,324119.0
2025-06-18 11:16:34.218498,769.15,217088.0,324119.0
2025-06-18 11:16:36.371176,769.4,217088.0,324119.0
2025-06-18 11:16:36.512579,769.4,215517.0,326813.0
2025-06-18 11:16:38.239891,769.4,215517.0,326813.0
2025-06-18 11:16:40.330665,769.4,215517.0,326813.0
2025-06-18 11:16:41.815253,769.4,216572.0,325814.0
2025-06-18 11:16:44.207223,769.1,216572.0,325814.0
2025-06-18 11:16:46.208675,769.4,216572.0,325814.0
2025-06-18 11:16:46.917087,769.4,216333.0,323955.0
2025-06-18 11:16:48.221306,769.4,216333.0,323955.0
2025-06-18 11:16:50.210803,769.4,216333.0,323955.0
2025-06-18 11:16:52.020209,769.5,216933.0,322809.0
2025-06-18 11:16:52.223346,769.5,216933.0,322809.0
2025-06-18 11:16:55.207548,769.5,216933.0,322809.0
2025-06-18 11:16:56.211961,769.5,216933.0,322809.0
2025-06-18 11:16:57.123650,769.5,217604.0,324286.0
2025-06-18 11:16:58.212986,769.2,217604.0,324286.0
2025-06-18 11:17:01.725311,769.2,216990.0,323072.0
2025-06-18 11:17:02.727815,769.2,216975.0,323072.0
2025-06-18 11:17:03.826214,769.2,216285.0,323082.0
2025-06-18 11:17:04.827628,769.2,216470.0,323090.0
2025-06-18 11:17:05.825147,769.5,216703.0,323228.0
2025-06-18 11:17:06.208397,769.5,216703.0,323228.0
2025-06-18 11:17:06.728832,769.5,216728.0,324351.0
2025-06-18 11:17:07.206391,769.5,216728.0,324351.0
2025-06-18 11:17:07.827831,769.5,216766.0,324342.0
2025-06-18 11:17:08.829116,769.5,217400.0,324461.0
2025-06-18 11:17:09.206649,769.4,217400.0,324461.0
2025-06-18 11:17:09.730604,769.2,217506.0,324699.0
2025-06-18 11:17:10.208985,769.5,217506.0,324699.0
2025-06-18 11:17:10.731549,769.35,218651.0,324375.0
2025-06-18 11:17:11.208479,769.35,218651.0,324375.0
2025-06-18 11:17:11.831453,769.35,217289.0,324799.0
2025-06-18 11:17:12.205357,769.35,217289.0,324799.0
2025-06-18 11:17:12.832717,769.35,217315.0,324835.0
2025-06-18 11:17:13.933041,769.35,217483.0,324860.0
2025-06-18 11:17:15.030805,769.35,217740.0,324864.0
2025-06-18 11:17:15.209304,769.5,217740.0,324864.0
2025-06-18 11:17:16.034769,769.1,217865.0,324880.0
2025-06-18 11:17:16.205462,769.1,217865.0,324880.0
2025-06-18 11:17:17.135569,769.1,218035.0,324919.0
2025-06-18 11:17:18.251195,769.1,218086.0,324547.0
2025-06-18 11:17:19.334248,769.1,218058.0,324753.0
2025-06-18 11:17:20.335559,769.1,218126.0,324810.0
2025-06-18 11:17:21.336499,769.1,216843.0,325160.0
2025-06-18 11:17:22.207939,769.4,216843.0,325160.0
2025-06-18 11:17:22.440369,769.4,217067.0,325202.0
2025-06-18 11:17:23.441494,769.4,216915.0,325251.0
2025-06-18 11:17:24.206122,769.4,216915.0,325251.0
2025-06-18 11:17:24.441436,769.4,217000.0,325100.0
2025-06-18 11:17:25.445478,769.4,217028.0,324929.0
2025-06-18 11:17:26.208830,769.4,217028.0,324929.0
2025-06-18 11:17:26.541117,769.4,217091.0,325138.0
2025-06-18 11:17:28.441261,769.4,216405.0,325109.0
2025-06-18 11:17:29.209060,769.2,216405.0,325109.0
2025-06-18 11:17:29.442757,769.2,216415.0,325122.0
2025-06-18 11:17:30.343196,769.3,216476.0,325103.0
2025-06-18 11:17:31.208438,769.3,216476.0,325103.0
2025-06-18 11:17:31.442150,769.3,216442.0,324727.0
2025-06-18 11:17:32.446190,769.4,216475.0,324704.0
2025-06-18 11:17:33.210038,769.3,216475.0,324704.0
2025-06-18 11:17:33.549586,769.3,216505.0,324703.0
2025-06-18 11:17:34.655283,769.3,216788.0,324703.0
2025-06-18 11:17:35.209262,769.4,216788.0,324703.0
2025-06-18 11:17:35.652105,769.4,217071.0,325346.0
2025-06-18 11:17:36.208943,769.4,217071.0,325346.0
2025-06-18 11:17:36.749504,769.15,217136.0,325407.0
2025-06-18 11:17:37.207727,769.4,217136.0,325407.0
2025-06-18 11:17:37.751610,769.4,217321.0,325227.0
2025-06-18 11:17:38.208004,769.4,217321.0,325227.0
2025-06-18 11:17:38.851080,769.4,217321.0,325261.0
2025-06-18 11:17:39.849864,769.4,217487.0,325393.0
2025-06-18 11:17:40.752667,769.4,217562.0,325359.0
2025-06-18 11:17:41.850336,769.4,217570.0,325394.0
2025-06-18 11:17:42.952258,769.4,217492.0,325409.0
2025-06-18 11:17:44.050787,769.15,217295.0,325277.0
2025-06-18 11:17:44.209479,769.15,217295.0,325277.0
2025-06-18 11:17:45.157650,769.15,217145.0,325205.0
2025-06-18 11:17:46.209479,769.4,217145.0,325205.0
2025-06-18 11:17:46.253131,769.4,216769.0,325784.0
2025-06-18 11:17:47.354689,769.15,217022.0,325910.0
2025-06-18 11:17:48.208421,769.15,217022.0,325910.0
2025-06-18 11:17:48.352478,769.15,217048.0,325914.0
2025-06-18 11:17:49.353441,769.15,217048.0,325914.0
2025-06-18 11:17:50.254099,769.15,217128.0,325891.0
2025-06-18 11:17:51.356971,769.15,217134.0,325976.0
2025-06-18 11:17:52.206968,769.4,217134.0,325976.0
2025-06-18 11:17:52.457815,769.4,217154.0,325964.0
2025-06-18 11:17:53.207302,769.4,217154.0,325964.0
2025-06-18 11:17:54.103948,769.25,217158.0,325961.0
2025-06-18 11:17:54.207985,769.25,217158.0,325961.0
2025-06-18 11:17:55.210380,769.4,217158.0,325961.0
2025-06-18 11:17:55.461117,769.4,217075.0,325742.0
2025-06-18 11:17:56.208353,769.15,217075.0,325742.0
2025-06-18 11:17:56.696229,769.15,217110.0,325809.0
2025-06-18 11:17:57.665070,769.15,217033.0,325768.0
2025-06-18 11:17:58.761840,769.15,217082.0,325768.0
2025-06-18 11:17:59.209864,769.15,217082.0,325768.0
2025-06-18 11:17:59.764373,769.15,217033.0,325513.0
2025-06-18 11:18:00.862709,769.15,217063.0,325694.0
2025-06-18 11:18:01.864092,769.15,217102.0,325694.0
2025-06-18 11:18:06.218463,769.4,217102.0,325694.0
2025-06-18 11:18:06.667251,769.15,217269.0,325821.0
2025-06-18 11:18:08.237400,769.4,217269.0,325821.0
2025-06-18 11:18:11.576125,769.25,216898.0,325335.0
2025-06-18 11:18:13.242531,769.15,216898.0,325335.0
2025-06-18 11:18:17.375232,769.15,213081.0,328389.0
2025-06-18 11:18:23.180019,769.15,215883.0,327375.0
2025-06-18 11:18:23.211848,769.15,215883.0,327375.0
2025-06-18 11:18:25.216077,769.25,215883.0,327375.0
2025-06-18 11:18:27.213262,769.0,215883.0,327375.0
2025-06-18 11:18:28.383851,769.0,215917.0,327512.0
2025-06-18 11:18:31.216133,769.05,215917.0,327512.0
2025-06-18 11:18:33.241685,769.25,215917.0,327512.0
2025-06-18 11:18:33.486833,769.25,216214.0,328041.0
2025-06-18 11:18:35.219425,769.3,216214.0,328041.0
2025-06-18 11:18:37.220553,769.3,216214.0,328041.0
2025-06-18 11:18:38.688365,769.3,216637.0,327465.0
2025-06-18 11:18:39.216010,769.3,216637.0,327465.0
2025-06-18 11:18:43.217399,768.95,216637.0,327465.0
2025-06-18 11:18:43.487985,768.95,216043.0,327940.0
2025-06-18 11:18:47.234761,769.25,216043.0,327940.0
2025-06-18 11:18:48.188449,769.25,215138.0,328006.0
2025-06-18 11:18:48.476707,769.25,215138.0,328006.0
2025-06-18 11:18:49.597250,769.25,215138.0,328006.0
2025-06-18 11:18:50.475856,769.25,215138.0,328006.0
2025-06-18 11:18:51.410842,769.25,215138.0,328006.0
2025-06-18 11:18:52.262280,769.25,215138.0,328006.0
2025-06-18 11:18:52.793616,769.25,214003.0,328177.0
2025-06-18 11:18:53.043642,769.25,214003.0,328177.0
2025-06-18 11:18:53.215916,769.25,214003.0,328177.0
2025-06-18 11:18:54.049347,769.25,214003.0,328177.0
2025-06-18 11:18:55.038663,769.25,214003.0,328177.0
2025-06-18 11:18:55.215219,768.85,214003.0,328177.0
2025-06-18 11:18:55.522188,768.85,214003.0,328177.0
2025-06-18 11:18:56.786560,768.85,214003.0,328177.0
2025-06-18 11:18:57.217418,769.2,214003.0,328177.0
2025-06-18 11:18:57.695242,769.2,213902.0,327384.0
2025-06-18 11:18:58.036478,769.2,213902.0,327384.0
2025-06-18 11:18:59.216667,769.2,213902.0,327384.0
2025-06-18 11:19:00.285214,769.2,213902.0,327384.0
2025-06-18 11:19:01.220786,769.3,213902.0,327384.0
2025-06-18 11:19:01.572960,769.3,213902.0,327384.0
2025-06-18 11:19:02.398364,769.3,217291.0,325101.0
2025-06-18 11:19:02.717920,769.3,217291.0,325101.0
2025-06-18 11:19:04.191726,769.3,217291.0,325101.0
2025-06-18 11:19:05.219120,769.2,217291.0,325101.0
2025-06-18 11:19:07.219833,769.3,217291.0,325101.0
2025-06-18 11:19:07.999585,769.3,217604.0,326996.0
2025-06-18 11:19:09.217031,769.3,217604.0,326996.0
2025-06-18 11:19:11.214417,769.1,217604.0,326996.0
2025-06-18 11:19:13.152818,769.1,217561.0,326626.0
2025-06-18 11:19:15.216595,769.1,217561.0,326626.0
2025-06-18 11:19:17.220966,769.3,217561.0,326626.0
2025-06-18 11:19:18.216667,769.3,217524.0,327097.0
2025-06-18 11:19:19.217975,769.1,217524.0,327097.0
2025-06-18 11:19:23.218525,769.25,217524.0,327097.0
2025-06-18 11:19:23.611882,769.25,216152.0,327808.0
2025-06-18 11:19:25.218847,769.25,216152.0,327808.0
2025-06-18 11:19:27.221752,769.25,216152.0,327808.0
2025-06-18 11:19:28.516678,769.25,217328.0,327593.0
2025-06-18 11:19:31.219550,769.25,217328.0,327593.0
2025-06-18 11:19:33.516383,769.25,217535.0,327839.0
2025-06-18 11:19:35.225238,769.25,217535.0,327839.0
2025-06-18 11:19:37.221141,769.3,217535.0,327839.0
2025-06-18 11:19:38.418454,769.3,218082.0,325836.0
2025-06-18 11:19:39.229453,769.3,218082.0,325836.0
2025-06-18 11:19:41.218362,769.3,218082.0,325836.0
2025-06-18 11:19:43.321619,769.3,216640.0,326556.0
2025-06-18 11:19:45.218632,768.95,216640.0,326556.0
2025-06-18 11:19:47.226160,768.9,216640.0,326556.0
2025-06-18 11:19:48.322950,768.9,214740.0,328279.0
2025-06-18 11:19:49.280278,769.25,214740.0,328279.0
2025-06-18 11:19:53.230722,769.3,214740.0,328279.0
2025-06-18 11:19:53.629370,769.3,216178.0,327188.0
2025-06-18 11:19:55.226451,769.15,216178.0,327188.0
2025-06-18 11:19:57.220145,769.15,216178.0,327188.0
2025-06-18 11:20:00.476237,769.15,214296.0,329244.0
2025-06-18 11:20:03.937560,769.15,214535.0,328951.0
2025-06-18 11:20:06.218061,769.15,214535.0,328951.0
2025-06-18 11:20:07.219697,769.15,214535.0,328951.0
2025-06-18 11:20:08.218222,769.15,214535.0,328951.0
2025-06-18 11:20:08.844675,769.15,215727.0,328334.0
2025-06-18 11:20:11.217631,769.05,215727.0,328334.0
2025-06-18 11:20:12.218293,768.8,215727.0,328334.0
2025-06-18 11:20:13.347492,768.8,215110.0,328634.0
2025-06-18 11:20:14.215684,768.85,215110.0,328634.0
2025-06-18 11:20:17.951593,768.8,214703.0,329056.0
2025-06-18 11:20:18.224721,768.8,214703.0,329056.0
2025-06-18 11:20:22.218009,769.15,214703.0,329056.0
2025-06-18 11:20:22.957246,769.1,215357.0,328607.0
2025-06-18 11:20:23.251968,769.1,215357.0,328607.0
2025-06-18 11:20:24.217189,769.1,215357.0,328607.0
2025-06-18 11:20:25.217815,768.75,215357.0,328607.0
2025-06-18 11:20:26.220338,769.1,215357.0,328607.0
2025-06-18 11:20:28.166380,768.75,213787.0,330573.0
2025-06-18 11:20:28.217759,768.75,213787.0,330573.0
2025-06-18 11:20:29.225325,769.05,213787.0,330573.0
2025-06-18 11:20:30.224764,768.9,213787.0,330573.0
2025-06-18 11:20:32.223211,768.55,213787.0,330573.0
2025-06-18 11:20:33.063505,768.55,212162.0,331242.0
2025-06-18 11:20:34.223085,768.8,212162.0,331242.0
2025-06-18 11:20:36.222825,768.8,212162.0,331242.0
2025-06-18 11:20:37.219300,768.9,212162.0,331242.0
2025-06-18 11:20:37.967118,768.9,212848.0,331913.0
2025-06-18 11:20:38.219332,768.9,212848.0,331913.0
2025-06-18 11:20:39.217663,768.55,212848.0,331913.0
2025-06-18 11:20:42.219845,768.55,212848.0,331913.0
2025-06-18 11:20:42.768974,768.55,212602.0,332112.0
2025-06-18 11:20:46.220550,768.9,212602.0,332112.0
2025-06-18 11:20:47.774093,768.9,213014.0,331479.0
2025-06-18 11:20:48.218820,768.55,213014.0,331479.0
2025-06-18 11:20:49.219569,768.55,213014.0,331479.0
2025-06-18 11:20:52.216779,768.95,213014.0,331479.0
2025-06-18 11:20:52.775331,768.95,214611.0,330256.0
2025-06-18 11:20:53.224185,768.9,214611.0,330256.0
2025-06-18 11:20:54.226074,768.95,214611.0,330256.0
2025-06-18 11:20:55.220346,768.95,214611.0,330256.0
2025-06-18 11:20:56.258258,768.95,214611.0,330256.0
2025-06-18 11:20:57.876837,768.95,215153.0,330588.0
2025-06-18 11:21:02.478786,768.95,214622.0,330926.0
2025-06-18 11:21:05.221702,768.65,214622.0,330926.0
2025-06-18 11:21:06.226278,768.95,214622.0,330926.0
2025-06-18 11:21:07.217588,768.95,214622.0,330926.0
2025-06-18 11:21:07.382842,768.95,213588.0,330798.0
2025-06-18 11:21:08.218122,768.65,213588.0,330798.0
2025-06-18 11:21:11.222029,768.8,213588.0,330798.0
2025-06-18 11:21:12.284606,768.8,212938.0,330653.0
2025-06-18 11:21:14.215990,768.8,212938.0,330653.0
2025-06-18 11:21:15.235554,768.65,212938.0,330653.0
2025-06-18 11:21:16.220360,768.9,212938.0,330653.0
2025-06-18 11:21:16.987568,768.9,213235.0,330671.0
2025-06-18 11:21:18.221037,768.65,213235.0,330671.0
2025-06-18 11:21:21.692589,768.65,213141.0,329396.0
2025-06-18 11:21:22.221915,768.9,213141.0,329396.0
2025-06-18 11:21:23.218557,768.9,213141.0,329396.0
2025-06-18 11:21:24.235993,768.9,213141.0,329396.0
2025-06-18 11:21:26.220874,768.9,213141.0,329396.0
2025-06-18 11:21:26.891610,768.9,213213.0,330731.0
2025-06-18 11:21:28.220786,768.65,213213.0,330731.0
2025-06-18 11:21:29.219785,768.65,213213.0,330731.0
2025-06-18 11:21:31.894865,768.65,213541.0,330785.0
2025-06-18 11:21:33.220755,768.75,213541.0,330785.0
2025-06-18 11:21:35.221572,768.9,213541.0,330785.0
2025-06-18 11:21:36.218928,768.9,213541.0,330785.0
2025-06-18 11:21:36.897868,768.9,213757.0,330649.0
2025-06-18 11:21:37.223019,768.9,213757.0,330649.0
2025-06-18 11:21:38.228390,768.75,213757.0,330649.0
2025-06-18 11:21:40.222604,768.75,213757.0,330649.0
2025-06-18 11:21:41.402346,768.75,213808.0,330819.0
2025-06-18 11:21:43.227339,768.75,213808.0,330819.0
2025-06-18 11:21:46.005448,768.85,209828.0,333277.0
2025-06-18 11:21:46.236044,768.85,209828.0,333277.0
2025-06-18 11:21:47.235917,768.75,209828.0,333277.0
2025-06-18 11:21:48.227189,768.65,209828.0,333277.0
2025-06-18 11:21:49.088155,768.65,209828.0,333277.0
2025-06-18 11:21:50.222509,768.65,209828.0,333277.0
2025-06-18 11:21:50.808855,768.85,211697.0,333855.0
2025-06-18 11:21:51.060110,768.85,211697.0,333855.0
2025-06-18 11:21:51.253961,768.85,211697.0,333855.0
2025-06-18 11:21:52.587665,768.85,211697.0,333855.0
2025-06-18 11:21:52.597040,768.85,211697.0,333855.0
2025-06-18 11:21:52.856996,768.85,211697.0,333855.0
2025-06-18 11:21:53.665764,768.85,211697.0,333855.0
2025-06-18 11:21:54.222710,768.85,211697.0,333855.0
2025-06-18 11:21:54.672207,768.85,211697.0,333855.0
2025-06-18 11:21:55.216710,768.85,211697.0,333855.0
2025-06-18 11:21:55.242934,768.85,211697.0,333855.0
2025-06-18 11:21:55.649401,768.85,211697.0,333855.0
2025-06-18 11:21:55.910203,768.85,212025.0,332418.0
2025-06-18 11:21:56.134980,768.85,212025.0,332418.0
2025-06-18 11:21:56.219206,768.85,212025.0,332418.0
2025-06-18 11:21:56.487594,768.85,212025.0,332418.0
2025-06-18 11:21:57.367605,768.85,212025.0,332418.0
2025-06-18 11:21:58.706912,768.85,212025.0,332418.0
2025-06-18 11:21:59.515474,768.85,212025.0,332418.0
2025-06-18 11:22:00.914620,768.85,212025.0,332418.0
2025-06-18 11:22:01.127293,768.85,212231.0,332798.0
2025-06-18 11:22:02.020129,768.85,212231.0,332798.0
2025-06-18 11:22:02.227132,768.85,212231.0,332798.0
2025-06-18 11:22:03.399165,768.85,212231.0,332798.0
2025-06-18 11:22:05.227577,768.85,212231.0,332798.0
2025-06-18 11:22:05.917709,768.8,212288.0,331938.0
2025-06-18 11:22:06.225525,768.8,212288.0,331938.0
2025-06-18 11:22:07.223604,768.8,212288.0,331938.0
2025-06-18 11:22:08.223247,768.8,212288.0,331938.0
2025-06-18 11:22:10.222704,768.55,212288.0,331938.0
2025-06-18 11:22:11.021422,768.55,211225.0,334332.0
2025-06-18 11:22:15.226534,768.25,211225.0,334332.0
2025-06-18 11:22:16.026098,768.55,212132.0,333230.0
2025-06-18 11:22:16.234356,768.55,212132.0,333230.0
2025-06-18 11:22:20.230225,768.55,212132.0,333230.0
2025-06-18 11:22:21.030856,768.55,212434.0,333422.0
2025-06-18 11:22:22.251966,768.55,212434.0,333422.0
2025-06-18 11:22:23.226820,768.55,212434.0,333422.0
2025-06-18 11:22:24.229544,768.55,212434.0,333422.0
2025-06-18 11:22:25.932585,768.55,211328.0,333995.0
2025-06-18 11:22:26.235161,768.55,211328.0,333995.0
2025-06-18 11:22:29.223301,768.55,211328.0,333995.0
2025-06-18 11:22:30.857109,768.55,211228.0,333848.0
2025-06-18 11:22:32.250224,768.4,211228.0,333848.0
2025-06-18 11:22:35.227834,768.55,211228.0,333848.0
2025-06-18 11:22:35.734264,768.55,211254.0,333769.0
2025-06-18 11:22:36.228214,768.55,211254.0,333769.0
2025-06-18 11:22:37.223749,768.55,211254.0,333769.0
2025-06-18 11:22:40.837634,768.55,210941.0,333701.0
2025-06-18 11:22:45.131528,768.3,210941.0,333701.0
2025-06-18 11:22:46.040628,768.55,212122.0,333838.0
2025-06-18 11:22:46.232013,768.55,212122.0,333838.0
2025-06-18 11:22:47.225795,768.55,212122.0,333838.0
2025-06-18 11:22:51.451099,768.55,216633.0,331273.0
2025-06-18 11:22:52.259417,768.85,216633.0,331273.0
2025-06-18 11:22:53.232751,768.9,216633.0,331273.0
2025-06-18 11:22:54.232297,768.6,216633.0,331273.0
2025-06-18 11:22:55.227378,768.9,216633.0,331273.0
2025-06-18 11:22:56.193440,768.9,215774.0,331045.0
2025-06-18 11:22:56.231385,768.9,215774.0,331045.0
2025-06-18 11:22:57.226360,768.6,215774.0,331045.0
2025-06-18 11:23:00.854114,768.6,215187.0,331745.0
2025-06-18 11:23:05.755160,768.8,212709.0,332374.0
2025-06-18 11:23:06.238887,768.6,212709.0,332374.0
2025-06-18 11:23:07.229087,768.85,212709.0,332374.0
2025-06-18 11:23:08.232104,768.85,212709.0,332374.0
2025-06-18 11:23:10.754916,768.85,212587.0,333101.0
2025-06-18 11:23:12.574669,768.7,212587.0,333101.0
2025-06-18 11:23:13.243039,768.3,212587.0,333101.0
2025-06-18 11:23:14.238384,768.35,212587.0,333101.0
2025-06-18 11:23:15.235533,768.65,212587.0,333101.0
2025-06-18 11:23:15.559127,768.65,211647.0,332913.0
2025-06-18 11:23:18.231399,768.45,211647.0,332913.0
2025-06-18 11:23:21.063966,768.45,211891.0,333231.0
2025-06-18 11:23:21.226730,768.45,211891.0,333231.0
2025-06-18 11:23:24.260600,768.65,211891.0,333231.0
2025-06-18 11:23:25.261293,768.55,211891.0,333231.0
2025-06-18 11:23:26.566254,768.55,211894.0,334435.0
2025-06-18 11:23:27.237358,768.65,211894.0,334435.0
2025-06-18 11:23:29.254207,768.45,211894.0,334435.0
2025-06-18 11:23:31.281174,768.55,211894.0,334435.0
2025-06-18 11:23:31.873906,768.55,211690.0,333358.0
2025-06-18 11:23:33.238536,768.55,211690.0,333358.0
2025-06-18 11:23:35.232938,768.7,211690.0,333358.0
2025-06-18 11:23:37.078470,768.7,212416.0,333236.0
2025-06-18 11:23:37.238360,768.7,212416.0,333236.0
2025-06-18 11:23:39.236438,768.55,212416.0,333236.0
2025-06-18 11:23:41.980982,768.55,213435.0,333031.0
2025-06-18 11:23:45.235965,768.7,213435.0,333031.0
2025-06-18 11:23:46.883549,768.7,213544.0,333088.0
2025-06-18 11:23:47.235668,768.7,213544.0,333088.0
2025-06-18 11:23:49.351497,768.55,213544.0,333088.0
2025-06-18 11:23:51.697560,768.55,213457.0,334361.0
2025-06-18 11:23:53.238489,768.7,213457.0,334361.0
2025-06-18 11:23:55.240197,768.7,213457.0,334361.0
2025-06-18 11:23:56.387701,768.7,213411.0,332928.0
2025-06-18 11:23:57.251828,768.7,213411.0,332928.0
2025-06-18 11:23:59.250040,768.5,213411.0,332928.0
2025-06-18 11:24:01.239096,768.55,213411.0,332928.0
2025-06-18 11:24:01.488991,768.55,213003.0,333345.0
2025-06-18 11:24:05.242719,768.55,213003.0,333345.0
2025-06-18 11:24:06.393553,768.5,212950.0,333098.0
2025-06-18 11:24:07.245411,768.7,212950.0,333098.0
2025-06-18 11:24:09.242610,768.5,212950.0,333098.0
2025-06-18 11:24:11.248127,768.6,212950.0,333098.0
2025-06-18 11:24:11.397172,768.6,213303.0,334048.0
2025-06-18 11:24:13.237547,768.6,213303.0,334048.0
2025-06-18 11:24:15.240992,768.6,213303.0,334048.0
2025-06-18 11:24:17.286676,768.7,213357.0,334170.0
2025-06-18 11:24:17.361420,768.7,213357.0,334170.0
2025-06-18 11:24:19.280253,768.6,213357.0,334170.0
2025-06-18 11:24:21.213671,768.6,213439.0,334010.0
2025-06-18 11:24:23.263478,768.7,213439.0,334010.0
2025-06-18 11:24:25.236684,768.5,213439.0,334010.0
2025-06-18 11:24:26.414023,768.5,211411.0,335699.0
2025-06-18 11:24:29.249505,768.05,211411.0,335699.0
2025-06-18 11:24:31.264991,768.15,211411.0,335699.0
2025-06-18 11:24:31.606452,768.15,209598.0,338745.0
2025-06-18 11:24:33.281449,768.4,209598.0,338745.0
2025-06-18 11:24:35.244545,768.5,209598.0,338745.0
2025-06-18 11:24:36.406239,768.5,213488.0,336269.0
2025-06-18 11:24:37.263489,768.55,213488.0,336269.0
2025-06-18 11:24:39.272119,768.55,213488.0,336269.0
2025-06-18 11:24:41.210593,768.5,212891.0,335863.0
2025-06-18 11:24:41.237352,768.5,212891.0,335863.0
2025-06-18 11:24:43.236705,768.25,212891.0,335863.0
2025-06-18 11:24:46.214281,768.25,212920.0,335893.0
2025-06-18 11:24:47.243486,768.25,212920.0,335893.0
2025-06-18 11:24:49.518033,768.25,212920.0,335893.0
2025-06-18 11:24:50.604752,768.25,212920.0,335893.0
2025-06-18 11:24:51.254963,768.25,212920.0,335893.0
2025-06-18 11:24:51.415225,768.3,214104.0,335809.0
2025-06-18 11:24:51.486042,768.3,214104.0,335809.0
2025-06-18 11:24:52.448080,768.3,214104.0,335809.0
2025-06-18 11:24:53.237403,768.5,214104.0,335809.0
2025-06-18 11:24:53.274761,768.5,214104.0,335809.0
2025-06-18 11:24:54.052035,768.5,214104.0,335809.0
2025-06-18 11:24:55.071842,768.5,214104.0,335809.0
2025-06-18 11:24:55.312978,768.5,214104.0,335809.0
2025-06-18 11:24:55.652683,768.5,214104.0,335809.0
2025-06-18 11:24:56.057655,768.5,214104.0,335809.0
2025-06-18 11:24:56.220651,768.5,213728.0,335438.0
2025-06-18 11:24:56.532254,768.5,213728.0,335438.0
2025-06-18 11:24:57.233342,768.5,213728.0,335438.0
2025-06-18 11:24:57.792384,768.5,213728.0,335438.0
2025-06-18 11:24:59.040494,768.5,213728.0,335438.0
2025-06-18 11:24:59.239778,768.5,213728.0,335438.0
2025-06-18 11:24:59.909555,768.5,213728.0,335438.0
2025-06-18 11:25:01.019775,768.5,213247.0,335442.0
2025-06-18 11:25:01.286986,768.5,213247.0,335442.0
2025-06-18 11:25:02.424047,768.5,213247.0,335442.0
2025-06-18 11:25:03.240243,768.55,213247.0,335442.0
2025-06-18 11:25:03.551393,768.55,213247.0,335442.0
2025-06-18 11:25:05.020254,768.55,213247.0,335442.0
2025-06-18 11:25:05.246909,768.25,213247.0,335442.0
2025-06-18 11:25:06.030347,768.25,215138.0,336559.0
2025-06-18 11:25:07.238138,768.55,215138.0,336559.0
2025-06-18 11:25:09.232559,768.55,215138.0,336559.0
2025-06-18 11:25:11.268438,768.55,215138.0,336559.0
2025-06-18 11:25:11.633111,768.4,215194.0,336701.0
2025-06-18 11:25:13.260212,768.4,215194.0,336701.0
2025-06-18 11:25:15.234019,768.4,215194.0,336701.0
2025-06-18 11:25:17.033517,768.4,214725.0,335190.0
2025-06-18 11:25:17.233643,768.4,214725.0,335190.0
2025-06-18 11:25:19.233866,768.3,214725.0,335190.0
2025-06-18 11:25:21.232174,768.55,214725.0,335190.0
2025-06-18 11:25:22.340830,768.55,213064.0,338109.0
2025-06-18 11:25:23.370525,768.55,213064.0,338109.0
2025-06-18 11:25:25.238514,768.4,213064.0,338109.0
2025-06-18 11:25:27.236042,768.4,213064.0,338109.0
2025-06-18 11:25:27.342968,768.4,213291.0,338170.0
2025-06-18 11:25:31.237376,768.45,213291.0,338170.0
2025-06-18 11:25:32.265194,768.45,213470.0,337878.0
2025-06-18 11:25:37.235865,768.55,213470.0,337878.0
2025-06-18 11:25:37.343492,768.55,212095.0,338306.0
2025-06-18 11:25:39.938740,768.4,212095.0,338306.0
2025-06-18 11:25:42.158663,768.4,212024.0,338497.0
2025-06-18 11:25:46.847989,768.55,212829.0,337137.0
2025-06-18 11:25:47.239901,768.55,212829.0,337137.0
2025-06-18 11:25:49.258586,768.4,212829.0,337137.0
2025-06-18 11:25:51.237161,768.4,212829.0,337137.0
2025-06-18 11:25:52.229786,768.4,212429.0,339024.0
2025-06-18 11:25:53.239401,768.5,212429.0,339024.0
2025-06-18 11:25:55.245977,768.5,212429.0,339024.0
2025-06-18 11:25:57.247184,768.5,212429.0,339024.0
2025-06-18 11:25:57.350115,768.5,212383.0,336915.0
2025-06-18 11:25:59.231348,768.35,212383.0,336915.0
2025-06-18 11:26:01.247517,768.15,212383.0,336915.0
2025-06-18 11:26:01.752391,768.15,211930.0,338336.0
2025-06-18 11:26:02.756782,768.15,211974.0,338062.0
2025-06-18 11:26:03.853901,768.15,211935.0,338003.0
2025-06-18 11:26:04.973956,768.15,210353.0,336992.0
2025-06-18 11:26:05.858023,768.45,210406.0,337616.0
2025-06-18 11:26:06.239312,768.45,210406.0,337616.0
2025-06-18 11:26:06.857140,768.2,210821.0,338714.0
2025-06-18 11:26:07.231589,768.45,210821.0,338714.0
2025-06-18 11:26:07.955702,768.45,210465.0,339495.0
2025-06-18 11:26:09.093485,768.45,210494.0,340621.0
2025-06-18 11:26:10.246517,768.45,210371.0,339764.0
2025-06-18 11:26:11.066579,768.3,210633.0,339795.0
2025-06-18 11:26:11.399320,768.3,210633.0,339795.0
2025-06-18 11:26:12.069282,768.3,210627.0,339795.0
2025-06-18 11:26:13.175953,768.3,210664.0,339776.0
2025-06-18 11:26:14.264558,768.3,211253.0,339831.0
2025-06-18 11:26:15.238970,768.45,211253.0,339831.0
2025-06-18 11:26:15.272894,768.45,211465.0,339235.0
2025-06-18 11:26:16.262211,768.45,211465.0,339235.0
2025-06-18 11:26:16.271172,768.45,211775.0,338849.0
2025-06-18 11:26:17.365997,768.45,211765.0,338773.0
2025-06-18 11:26:18.363067,768.45,211735.0,338676.0
2025-06-18 11:26:19.248843,768.25,211735.0,338676.0
2025-06-18 11:26:19.269000,768.25,212145.0,338341.0
2025-06-18 11:26:20.452464,768.25,212168.0,338229.0
2025-06-18 11:26:21.367382,768.25,212205.0,338269.0
2025-06-18 11:26:22.227553,768.5,212205.0,338269.0
2025-06-18 11:26:22.267350,768.5,211934.0,338708.0
2025-06-18 11:26:23.266835,768.5,211934.0,338708.0
2025-06-18 11:26:23.274180,768.5,212056.0,338047.0
2025-06-18 11:26:24.233648,768.45,212056.0,338047.0
2025-06-18 11:26:24.369089,768.45,211923.0,339298.0
2025-06-18 11:26:25.368945,768.25,211763.0,336931.0
2025-06-18 11:26:26.255482,768.5,211763.0,336931.0
2025-06-18 11:26:26.369305,768.5,211741.0,338083.0
2025-06-18 11:26:27.235643,768.25,211741.0,338083.0
2025-06-18 11:26:27.368278,768.25,213191.0,337914.0
2025-06-18 11:26:28.369783,768.25,213199.0,338020.0
2025-06-18 11:26:29.372303,768.25,213630.0,338082.0
2025-06-18 11:26:30.268880,768.25,213832.0,337532.0
2025-06-18 11:26:31.269632,768.25,213992.0,337565.0
2025-06-18 11:26:32.229749,768.35,213992.0,337565.0
2025-06-18 11:26:32.272300,768.35,214057.0,337734.0
2025-06-18 11:26:33.236995,768.35,214057.0,337734.0
2025-06-18 11:26:33.272099,768.35,214052.0,337705.0
2025-06-18 11:26:34.187336,768.35,214147.0,337739.0
2025-06-18 11:26:35.185647,768.35,214431.0,337256.0
2025-06-18 11:26:35.229255,768.35,214431.0,337256.0
2025-06-18 11:26:36.244888,768.55,214431.0,337256.0
2025-06-18 11:26:36.276261,768.55,214261.0,337180.0
2025-06-18 11:26:37.245207,768.35,214261.0,337180.0
2025-06-18 11:26:37.376790,768.55,213957.0,337488.0
2025-06-18 11:26:38.239240,768.35,213957.0,337488.0
2025-06-18 11:26:38.378507,768.35,214638.0,336056.0
2025-06-18 11:26:39.475831,768.35,214793.0,337375.0
2025-06-18 11:26:40.249967,768.35,214793.0,337375.0
2025-06-18 11:26:40.377940,768.35,214897.0,337346.0
2025-06-18 11:26:41.380548,768.35,214829.0,337080.0
2025-06-18 11:26:42.477761,768.35,214858.0,337095.0
2025-06-18 11:26:43.579064,768.35,214858.0,337095.0
2025-06-18 11:26:45.692919,768.55,214829.0,337262.0
2025-06-18 11:26:46.248371,768.55,214829.0,337262.0
2025-06-18 11:26:46.779433,768.55,214900.0,337254.0
2025-06-18 11:26:47.884331,768.35,215183.0,336022.0
2025-06-18 11:26:48.233107,768.35,215183.0,336022.0
2025-06-18 11:26:48.983999,768.35,214244.0,337329.0
2025-06-18 11:26:49.981991,768.35,213755.0,337451.0
2025-06-18 11:26:51.084796,768.35,213726.0,337568.0
2025-06-18 11:26:52.197707,768.5,213479.0,337675.0
2025-06-18 11:26:52.241581,768.5,213479.0,337675.0
2025-06-18 11:26:53.236829,768.55,213479.0,337675.0
2025-06-18 11:26:53.284401,768.55,214324.0,336282.0
2025-06-18 11:26:54.252642,768.55,214324.0,336282.0
2025-06-18 11:26:54.385167,768.45,213657.0,336171.0
2025-06-18 11:26:55.237310,768.55,213657.0,336171.0
2025-06-18 11:26:55.288976,768.55,213190.0,337398.0
2025-06-18 11:26:56.231294,768.55,213190.0,337398.0
2025-06-18 11:26:56.389448,768.55,213503.0,337387.0
2025-06-18 11:26:57.488917,768.55,213554.0,337387.0
2025-06-18 11:26:58.489094,768.55,213595.0,337223.0
2025-06-18 11:26:59.491199,768.55,213929.0,337506.0
2025-06-18 11:27:00.247146,768.55,213929.0,337506.0
2025-06-18 11:27:00.391753,768.55,214144.0,337274.0
2025-06-18 11:27:01.898458,768.55,214193.0,337274.0
2025-06-18 11:27:02.796035,768.55,214185.0,337485.0
2025-06-18 11:27:03.236498,768.55,214185.0,337485.0
2025-06-18 11:27:03.795567,768.55,214246.0,337516.0
2025-06-18 11:27:04.801172,768.55,213991.0,337414.0
2025-06-18 11:27:05.799089,768.55,214004.0,337289.0
2025-06-18 11:27:06.268752,768.55,214004.0,337289.0
2025-06-18 11:27:06.906122,768.55,214043.0,337449.0
2025-06-18 11:27:07.245092,768.55,214043.0,337449.0
2025-06-18 11:27:07.900200,768.55,214018.0,337570.0
2025-06-18 11:27:08.253483,768.55,214018.0,337570.0
2025-06-18 11:27:09.000163,768.55,214284.0,337570.0
2025-06-18 11:27:09.245193,768.55,214284.0,337570.0
2025-06-18 11:27:10.003337,768.55,214323.0,337567.0
2025-06-18 11:27:11.105527,768.55,214114.0,337516.0
2025-06-18 11:27:12.209904,768.55,214113.0,337556.0
2025-06-18 11:27:13.302152,768.55,214021.0,337386.0
2025-06-18 11:27:14.403195,768.55,214025.0,337587.0
2025-06-18 11:27:15.248215,768.55,214025.0,337587.0
2025-06-18 11:27:15.402808,768.55,214105.0,337374.0
2025-06-18 11:27:16.253742,768.55,214105.0,337374.0
2025-06-18 11:27:16.503619,768.55,213864.0,337421.0
2025-06-18 11:27:17.611822,768.55,213752.0,336900.0
2025-06-18 11:27:18.718056,768.55,213863.0,337509.0
2025-06-18 11:27:20.484353,768.55,213904.0,337511.0
2025-06-18 11:27:20.718319,768.6,214165.0,337041.0
2025-06-18 11:27:21.237821,768.6,214165.0,337041.0
2025-06-18 11:27:21.807311,768.6,214218.0,337321.0
2025-06-18 11:27:22.257838,768.65,214218.0,337321.0
2025-06-18 11:27:22.807844,768.65,214192.0,337309.0
2025-06-18 11:27:23.279541,768.6,214192.0,337309.0
2025-06-18 11:27:23.807724,768.65,214226.0,337229.0
2025-06-18 11:27:24.258242,768.55,214226.0,337229.0
2025-06-18 11:27:24.718867,768.55,214212.0,337217.0
2025-06-18 11:27:25.809026,768.65,214283.0,337472.0
2025-06-18 11:27:26.272461,768.65,214283.0,337472.0
2025-06-18 11:27:26.813453,768.65,214311.0,337501.0
2025-06-18 11:27:27.809574,768.65,214198.0,337538.0
2025-06-18 11:27:28.270892,768.65,214198.0,337538.0
2025-06-18 11:27:28.811327,768.65,214477.0,336104.0
2025-06-18 11:27:29.719526,768.65,215550.0,336557.0
2025-06-18 11:27:30.815918,768.7,216460.0,334038.0
2025-06-18 11:27:31.283081,768.7,216460.0,334038.0
2025-06-18 11:27:31.911029,768.7,216458.0,334301.0
2025-06-18 11:27:33.016118,768.7,215840.0,334274.0
2025-06-18 11:27:34.012746,768.8,217205.0,334587.0
2025-06-18 11:27:34.243196,768.8,217205.0,334587.0
2025-06-18 11:27:35.114113,768.8,217256.0,335804.0
2025-06-18 11:27:35.255127,768.8,217256.0,335804.0
2025-06-18 11:27:36.218737,768.8,217273.0,335347.0
2025-06-18 11:27:36.241136,768.8,217273.0,335347.0
2025-06-18 11:27:37.239584,768.8,217273.0,335347.0
2025-06-18 11:27:37.313297,768.8,217229.0,334285.0
2025-06-18 11:27:38.414679,768.8,217127.0,334200.0
2025-06-18 11:27:39.516937,768.8,217008.0,334049.0
2025-06-18 11:27:40.515853,768.8,216185.0,334146.0
2025-06-18 11:27:41.617588,768.8,216283.0,334147.0
2025-06-18 11:27:43.314601,768.8,216311.0,334189.0
2025-06-18 11:27:44.241832,768.8,216311.0,334189.0
2025-06-18 11:27:44.417315,768.8,216245.0,334215.0
2025-06-18 11:27:45.320669,768.8,216311.0,334215.0
2025-06-18 11:27:46.241605,768.5,216311.0,334215.0
2025-06-18 11:27:46.418525,768.5,214305.0,334819.0
2025-06-18 11:27:47.520283,768.5,214636.0,335087.0
2025-06-18 11:27:48.237813,768.4,214636.0,335087.0
2025-06-18 11:27:48.618564,768.4,214487.0,335366.0
2025-06-18 11:27:49.618225,768.4,214557.0,335466.0
2025-06-18 11:27:49.949720,768.4,214557.0,335466.0
2025-06-18 11:27:50.619515,768.5,214358.0,336218.0
2025-06-18 11:27:51.004800,768.5,214358.0,336218.0
2025-06-18 11:27:51.236489,768.5,214358.0,336218.0
2025-06-18 11:27:51.522371,768.5,214358.0,336108.0
2025-06-18 11:27:51.918909,768.5,214358.0,336108.0
2025-06-18 11:27:52.236875,768.7,214358.0,336108.0
2025-06-18 11:27:52.621379,768.7,213899.0,335865.0
2025-06-18 11:27:52.855524,768.7,213899.0,335865.0
2025-06-18 11:27:53.241530,768.7,213899.0,335865.0
2025-06-18 11:27:53.622926,768.5,213845.0,336417.0
2025-06-18 11:27:53.764877,768.5,213845.0,336417.0
2025-06-18 11:27:54.238469,768.7,213845.0,336417.0
2025-06-18 11:27:54.496199,768.7,213845.0,336417.0
2025-06-18 11:27:54.622119,768.7,213920.0,336235.0
2025-06-18 11:27:55.244065,768.75,213920.0,336235.0
2025-06-18 11:27:55.515502,768.75,213920.0,336235.0
2025-06-18 11:27:55.622480,768.75,213924.0,336191.0
2025-06-18 11:27:56.071438,768.75,213924.0,336191.0
2025-06-18 11:27:56.239574,768.75,213924.0,336191.0
2025-06-18 11:27:56.475900,768.75,213924.0,336191.0
2025-06-18 11:27:56.621451,768.75,213955.0,336224.0
2025-06-18 11:27:56.953896,768.75,213955.0,336224.0
2025-06-18 11:27:57.241432,768.75,213955.0,336224.0
2025-06-18 11:27:57.345150,768.75,213955.0,336224.0
2025-06-18 11:27:57.524687,768.75,213955.0,336178.0
2025-06-18 11:27:58.260800,768.75,213955.0,336178.0
2025-06-18 11:27:58.267265,768.5,213955.0,336178.0
2025-06-18 11:27:58.623192,768.5,213732.0,336279.0
2025-06-18 11:27:59.463488,768.5,213732.0,336279.0
2025-06-18 11:27:59.623121,768.5,213408.0,336335.0
2025-06-18 11:28:00.254915,768.25,213408.0,336335.0
2025-06-18 11:28:00.323615,768.25,213408.0,336335.0
2025-06-18 11:28:00.733225,768.25,213207.0,336510.0
2025-06-18 11:28:01.240912,768.35,213207.0,336510.0
2025-06-18 11:28:01.725304,768.35,213207.0,336510.0
2025-06-18 11:28:02.857296,768.35,213207.0,336510.0
2025-06-18 11:28:03.972092,768.35,213207.0,336510.0
2025-06-18 11:28:04.127820,768.35,213164.0,337275.0
2025-06-18 11:28:05.242692,768.35,213164.0,337275.0
2025-06-18 11:28:05.607569,768.35,213164.0,337275.0
2025-06-18 11:28:07.243150,768.35,213164.0,337275.0
2025-06-18 11:28:10.482440,768.65,213465.0,337934.0
2025-06-18 11:28:10.490481,768.35,213465.0,337934.0
2025-06-18 11:28:13.248844,768.35,213465.0,337934.0
2025-06-18 11:28:13.738082,768.35,213624.0,337795.0
2025-06-18 11:28:15.248476,768.35,213624.0,337795.0
2025-06-18 11:28:17.267218,768.65,213624.0,337795.0
2025-06-18 11:28:18.742626,768.65,213996.0,338162.0
2025-06-18 11:28:19.246065,768.65,213996.0,338162.0
2025-06-18 11:28:21.245345,768.7,213996.0,338162.0
2025-06-18 11:28:23.250281,768.7,213996.0,338162.0
2025-06-18 11:28:24.246040,768.7,215349.0,336193.0
2025-06-18 11:28:25.249913,768.7,215349.0,336193.0
2025-06-18 11:28:27.248042,768.7,215349.0,336193.0
2025-06-18 11:28:29.444959,768.7,215309.0,336688.0
2025-06-18 11:28:33.249805,768.55,215309.0,336688.0
2025-06-18 11:28:34.345764,768.55,214164.0,336811.0
2025-06-18 11:28:35.248765,768.7,214164.0,336811.0
2025-06-18 11:28:37.249196,768.7,214164.0,336811.0
2025-06-18 11:28:39.250102,768.7,214164.0,336811.0
2025-06-18 11:28:39.254113,768.7,214456.0,337395.0
2025-06-18 11:28:41.249656,768.8,214456.0,337395.0
2025-06-18 11:28:43.256022,768.55,214456.0,337395.0
2025-06-18 11:28:44.355289,768.55,216357.0,335746.0
2025-06-18 11:28:47.343963,768.55,216357.0,335746.0
2025-06-18 11:28:49.246282,768.55,216357.0,335746.0
2025-06-18 11:28:49.358020,768.55,215399.0,336552.0
2025-06-18 11:28:51.251371,768.65,215399.0,336552.0
2025-06-18 11:28:53.249333,768.8,215399.0,336552.0
2025-06-18 11:28:54.262598,768.8,215668.0,336910.0
2025-06-18 11:28:55.249172,768.45,215668.0,336910.0
2025-06-18 11:28:58.963598,768.45,215678.0,336824.0
2025-06-18 11:29:01.249267,768.45,215678.0,336824.0
2025-06-18 11:29:03.708806,768.45,215549.0,336772.0
2025-06-18 11:29:07.253197,768.75,215549.0,336772.0
2025-06-18 11:29:08.472911,768.75,215843.0,336263.0
2025-06-18 11:29:09.278955,768.8,215843.0,336263.0
2025-06-18 11:29:11.270596,768.75,215843.0,336263.0
2025-06-18 11:29:13.770795,768.75,216173.0,336179.0
2025-06-18 11:29:15.273561,768.8,216173.0,336179.0
2025-06-18 11:29:17.255304,768.8,216173.0,336179.0
2025-06-18 11:29:19.082392,768.8,216150.0,335793.0
2025-06-18 11:29:21.255383,768.55,216150.0,335793.0
2025-06-18 11:29:23.253749,768.8,216150.0,335793.0
2025-06-18 11:29:24.380269,768.8,215840.0,336237.0
2025-06-18 11:29:25.269201,768.8,215840.0,336237.0
2025-06-18 11:29:27.250074,768.8,215840.0,336237.0
2025-06-18 11:29:29.249978,768.75,215840.0,336237.0
2025-06-18 11:29:29.707420,768.75,215206.0,336702.0
2025-06-18 11:29:31.247934,768.65,215206.0,336702.0
2025-06-18 11:29:34.989078,768.65,215465.0,335592.0
2025-06-18 11:29:35.260753,768.8,215465.0,335592.0
2025-06-18 11:29:37.246922,768.8,215465.0,335592.0
2025-06-18 11:29:39.251706,768.8,215465.0,335592.0
2025-06-18 11:29:40.388565,768.8,215005.0,335576.0
2025-06-18 11:29:41.262409,768.65,215005.0,335576.0
2025-06-18 11:29:43.250985,768.65,215005.0,335576.0
2025-06-18 11:29:45.494625,768.8,214883.0,336453.0
2025-06-18 11:29:47.250312,768.65,214883.0,336453.0
2025-06-18 11:29:49.246659,768.65,214883.0,336453.0
2025-06-18 11:29:50.218741,768.65,214231.0,338512.0
2025-06-18 11:29:51.250434,768.7,214231.0,338512.0
2025-06-18 11:29:53.248313,768.5,214231.0,338512.0
2025-06-18 11:29:55.220647,768.65,213544.0,338554.0
2025-06-18 11:29:55.265014,768.65,213544.0,338554.0
2025-06-18 11:29:57.268560,768.5,213544.0,338554.0
2025-06-18 11:29:59.251806,768.5,213544.0,338554.0
2025-06-18 11:30:00.407950,768.15,212849.0,338813.0
2025-06-18 11:30:01.250130,768.15,212849.0,338813.0
2025-06-18 11:30:04.252878,768.15,212849.0,338813.0
2025-06-18 11:30:05.514863,768.5,212235.0,339129.0
2025-06-18 11:30:07.255351,768.5,212235.0,339129.0
2025-06-18 11:30:10.251707,768.5,212235.0,339129.0
2025-06-18 11:30:11.014234,768.3,212547.0,339184.0
2025-06-18 11:30:13.257973,768.3,212547.0,339184.0
2025-06-18 11:30:16.255311,768.3,212547.0,339184.0
2025-06-18 11:30:16.513443,768.3,212740.0,338620.0
2025-06-18 11:30:19.256855,768.15,212740.0,338620.0
2025-06-18 11:30:21.822044,768.5,212456.0,338987.0
2025-06-18 11:30:22.250578,768.55,212456.0,338987.0
2025-06-18 11:30:25.273438,768.1,212456.0,338987.0
2025-06-18 11:30:27.519644,768.5,212272.0,338958.0
2025-06-18 11:30:28.251847,768.2,212272.0,338958.0
2025-06-18 11:30:31.252865,768.35,212272.0,338958.0
2025-06-18 11:30:32.658599,768.35,212715.0,339407.0
2025-06-18 11:30:33.253585,768.35,212715.0,339407.0
2025-06-18 11:30:37.315014,768.5,212715.0,339407.0
2025-06-18 11:30:37.829274,768.5,212894.0,339312.0
2025-06-18 11:30:39.273444,768.35,212894.0,339312.0
2025-06-18 11:30:41.275635,768.5,212894.0,339312.0
2025-06-18 11:30:43.236499,768.5,212985.0,338961.0
2025-06-18 11:30:45.276400,768.35,212985.0,338961.0
2025-06-18 11:30:47.289872,768.5,212985.0,338961.0
2025-06-18 11:30:48.634974,768.5,212924.0,339794.0
2025-06-18 11:30:49.256560,768.35,212924.0,339794.0
2025-06-18 11:30:50.344835,768.35,212924.0,339794.0
2025-06-18 11:30:51.426464,768.35,212924.0,339794.0
2025-06-18 11:30:52.374652,768.35,212924.0,339794.0
2025-06-18 11:30:53.262129,768.5,212924.0,339794.0
2025-06-18 11:30:53.299245,768.5,212924.0,339794.0
2025-06-18 11:30:53.646536,768.5,213056.0,340020.0
2025-06-18 11:30:54.170270,768.5,213056.0,340020.0
2025-06-18 11:30:55.265206,768.5,213056.0,340020.0
2025-06-18 11:30:55.984436,768.5,213056.0,340020.0
2025-06-18 11:30:56.554229,768.5,213056.0,340020.0
2025-06-18 11:30:57.265869,768.5,213056.0,340020.0
2025-06-18 11:30:57.458662,768.5,213056.0,340020.0
2025-06-18 11:30:58.758233,768.5,213056.0,340020.0
2025-06-18 11:30:58.766755,768.5,213129.0,339607.0
2025-06-18 11:30:59.964964,768.5,213129.0,339607.0
2025-06-18 11:31:00.834482,768.5,213129.0,339607.0
2025-06-18 11:31:01.263792,768.35,213129.0,339607.0
2025-06-18 11:31:02.257163,768.35,213129.0,339607.0
2025-06-18 11:31:03.356340,768.35,213129.0,339607.0
2025-06-18 11:31:03.449039,768.35,213109.0,339394.0
2025-06-18 11:31:04.496798,768.35,213109.0,339394.0
2025-06-18 11:31:05.267922,768.4,213109.0,339394.0
2025-06-18 11:31:05.979306,768.4,213109.0,339394.0
2025-06-18 11:31:07.279997,768.5,213109.0,339394.0
2025-06-18 11:31:08.450213,768.5,212494.0,340044.0
2025-06-18 11:31:11.297606,768.5,212494.0,340044.0
2025-06-18 11:31:13.672335,768.5,212770.0,339849.0
2025-06-18 11:31:15.261368,768.5,212770.0,339849.0
2025-06-18 11:31:17.271176,768.35,212770.0,339849.0
2025-06-18 11:31:18.859694,768.4,212630.0,339032.0
2025-06-18 11:31:19.465098,768.15,212630.0,339032.0
2025-06-18 11:31:21.268254,768.1,212630.0,339032.0
2025-06-18 11:31:23.273864,768.4,212630.0,339032.0
2025-06-18 11:31:24.274887,768.35,210770.0,340183.0
2025-06-18 11:31:25.269644,768.35,210770.0,340183.0
2025-06-18 11:31:27.259765,768.05,210770.0,340183.0
2025-06-18 11:31:29.775585,768.3,210752.0,340998.0
2025-06-18 11:31:31.269060,768.3,210752.0,340998.0
2025-06-18 11:31:35.072108,768.3,210969.0,340901.0
2025-06-18 11:31:35.268597,768.3,210969.0,340901.0
2025-06-18 11:31:37.262103,768.3,210969.0,340901.0
2025-06-18 11:31:39.315352,768.1,210969.0,340901.0
2025-06-18 11:31:40.182006,768.3,210686.0,341451.0
2025-06-18 11:31:41.265962,768.1,210686.0,341451.0
2025-06-18 11:31:45.274527,768.1,210686.0,341451.0
2025-06-18 11:31:45.299069,768.1,207640.0,344588.0
2025-06-18 11:31:47.312266,767.95,207640.0,344588.0
2025-06-18 11:31:50.388155,767.95,199052.0,344123.0
2025-06-18 11:31:51.275723,767.9,199052.0,344123.0
2025-06-18 11:31:53.273565,767.9,199052.0,344123.0
2025-06-18 11:31:55.265104,767.9,199052.0,344123.0
2025-06-18 11:31:55.389366,767.95,206723.0,345195.0
2025-06-18 11:31:57.448567,767.9,206723.0,345195.0
2025-06-18 11:31:59.267673,767.9,206723.0,345195.0
2025-06-18 11:32:00.393063,767.95,206584.0,344579.0
2025-06-18 11:32:02.267966,767.7,206584.0,344579.0
2025-06-18 11:32:05.208940,767.95,206706.0,343983.0
2025-06-18 11:32:06.256471,767.6,206706.0,343983.0
2025-06-18 11:32:10.264947,767.6,206706.0,343983.0
2025-06-18 11:32:11.102532,767.55,204978.0,348591.0
2025-06-18 11:32:15.277437,767.5,204978.0,348591.0
2025-06-18 11:32:17.108296,767.6,205897.0,349087.0
2025-06-18 11:32:18.263814,767.6,205897.0,349087.0
2025-06-18 11:32:21.263353,767.45,205897.0,349087.0
2025-06-18 11:32:22.513276,767.6,206722.0,347304.0
2025-06-18 11:32:24.270923,767.5,206722.0,347304.0
2025-06-18 11:32:27.267721,767.25,206722.0,347304.0
2025-06-18 11:32:28.319630,767.25,205580.0,348689.0
2025-06-18 11:32:30.261953,767.25,205580.0,348689.0
2025-06-18 11:32:33.264682,767.15,205580.0,348689.0
2025-06-18 11:32:34.025394,767.1,206084.0,348801.0
2025-06-18 11:32:36.272658,767.1,206084.0,348801.0
2025-06-18 11:32:39.259988,767.15,206084.0,348801.0
2025-06-18 11:32:39.937183,767.15,206591.0,347191.0
2025-06-18 11:32:42.265266,767.1,206591.0,347191.0
2025-06-18 11:32:45.264810,767.1,206591.0,347191.0
2025-06-18 11:32:45.531330,767.1,207179.0,347952.0
2025-06-18 11:32:48.273882,767.1,207179.0,347952.0
2025-06-18 11:32:50.740655,767.15,205216.0,345644.0
2025-06-18 11:32:51.264540,767.25,205216.0,345644.0
2025-06-18 11:32:54.263625,767.3,205216.0,345644.0
2025-06-18 11:32:55.839297,767.65,212160.0,341087.0
2025-06-18 11:32:57.279392,767.85,212160.0,341087.0
2025-06-18 11:33:00.268004,767.75,212160.0,341087.0
2025-06-18 11:33:01.239568,767.6,210483.0,345847.0
2025-06-18 11:33:03.260551,767.6,210483.0,345847.0
2025-06-18 11:33:06.260149,767.6,210483.0,345847.0
2025-06-18 11:33:06.642374,767.6,207088.0,348075.0
2025-06-18 11:33:09.264226,767.25,207088.0,348075.0
2025-06-18 11:33:12.252027,767.45,209940.0,346110.0
2025-06-18 11:33:12.266693,767.45,209940.0,346110.0
2025-06-18 11:33:15.266787,767.6,209940.0,346110.0
2025-06-18 11:33:17.551047,767.6,209677.0,346109.0
2025-06-18 11:33:18.263847,767.45,209677.0,346109.0
2025-06-18 11:33:21.272258,767.2,209677.0,346109.0
2025-06-18 11:33:22.650082,767.65,210303.0,345155.0
2025-06-18 11:33:24.267240,767.2,210303.0,345155.0
2025-06-18 11:33:28.059365,767.2,207264.0,348146.0
2025-06-18 11:33:30.275508,767.0,207264.0,348146.0
2025-06-18 11:33:33.279706,767.1,207264.0,348146.0
2025-06-18 11:33:33.857326,767.25,207036.0,348601.0
2025-06-18 11:33:36.265263,767.3,207036.0,348601.0
2025-06-18 11:33:39.272253,767.3,207036.0,348601.0
2025-06-18 11:33:39.757950,767.3,206424.0,348290.0
2025-06-18 11:33:42.268531,766.95,206424.0,348290.0
2025-06-18 11:33:45.267600,766.95,206424.0,348290.0
2025-06-18 11:33:45.762360,767.3,206157.0,348932.0
2025-06-18 11:33:48.267616,766.95,206157.0,348932.0
2025-06-18 11:33:51.122067,766.95,206157.0,348932.0
2025-06-18 11:33:51.269445,767.1,206157.0,348932.0
2025-06-18 11:33:51.564728,767.1,205419.0,349130.0
2025-06-18 11:33:52.237122,767.1,205419.0,349130.0
2025-06-18 11:33:53.152623,767.1,205419.0,349130.0
2025-06-18 11:33:54.109842,767.1,205419.0,349130.0
2025-06-18 11:33:54.299860,767.25,205419.0,349130.0
2025-06-18 11:33:54.986502,767.25,205419.0,349130.0
2025-06-18 11:33:55.794996,767.25,205419.0,349130.0
2025-06-18 11:33:56.901297,767.25,205419.0,349130.0
2025-06-18 11:33:57.266678,767.1,205419.0,349130.0
2025-06-18 11:33:57.273772,767.1,207821.0,347734.0
2025-06-18 11:33:57.471350,767.1,207821.0,347734.0
2025-06-18 11:33:58.368114,767.1,207821.0,347734.0
2025-06-18 11:33:59.742261,767.1,207821.0,347734.0
2025-06-18 11:34:00.273534,767.3,207821.0,347734.0
2025-06-18 11:34:00.888686,767.3,207821.0,347734.0
2025-06-18 11:34:01.761246,767.3,207821.0,347734.0
2025-06-18 11:34:03.142944,767.3,207821.0,347734.0
2025-06-18 11:34:03.287561,767.3,201000.0,348538.0
2025-06-18 11:34:04.277052,767.3,201000.0,348538.0
2025-06-18 11:34:05.545874,767.3,201000.0,348538.0
2025-06-18 11:34:06.297724,767.3,201000.0,348538.0
2025-06-18 11:34:06.889935,767.3,201000.0,348538.0
2025-06-18 11:34:08.883629,767.3,206077.0,348935.0
2025-06-18 11:34:09.273825,767.3,206077.0,348935.0
2025-06-18 11:34:12.286863,767.15,206077.0,348935.0
2025-06-18 11:34:14.187464,767.15,206023.0,348752.0
2025-06-18 11:34:18.282104,767.05,206023.0,348752.0
2025-06-18 11:34:19.387754,767.05,199731.0,350924.0
2025-06-18 11:34:21.285796,766.8,199731.0,350924.0
2025-06-18 11:34:24.290905,766.8,199731.0,350924.0
2025-06-18 11:34:24.695545,766.9,202470.0,352514.0
2025-06-18 11:34:27.286612,766.8,202470.0,352514.0
2025-06-18 11:34:30.098260,766.6,202943.0,351649.0
2025-06-18 11:34:30.300096,766.6,202943.0,351649.0
2025-06-18 11:34:33.292874,766.7,202943.0,351649.0
2025-06-18 11:34:34.275840,766.6,202943.0,351649.0
2025-06-18 11:34:35.302518,766.6,202294.0,353523.0
2025-06-18 11:34:38.274938,766.6,202294.0,353523.0
2025-06-18 11:34:40.206422,766.5,202478.0,356214.0
2025-06-18 11:34:41.280702,766.45,202478.0,356214.0
2025-06-18 11:34:45.006730,766.45,202141.0,354621.0
2025-06-18 11:34:45.281043,766.45,202141.0,354621.0
2025-06-18 11:34:47.283773,766.15,202141.0,354621.0
2025-06-18 11:34:48.276116,766.15,202141.0,354621.0
2025-06-18 11:34:50.277318,766.2,202141.0,354621.0
2025-06-18 11:34:50.509064,766.2,204747.0,353681.0
2025-06-18 11:34:52.272349,766.45,204747.0,353681.0
2025-06-18 11:34:54.294958,766.6,204747.0,353681.0
2025-06-18 11:34:56.011573,766.95,210018.0,349012.0
2025-06-18 11:34:57.303874,766.95,210018.0,349012.0
2025-06-18 11:35:01.281817,766.95,208162.0,350423.0
2025-06-18 11:35:02.271656,766.6,208162.0,350423.0
2025-06-18 11:35:02.913761,766.6,207792.0,350445.0
2025-06-18 11:35:03.275797,766.6,207792.0,350445.0
2025-06-18 11:35:04.285064,766.4,207792.0,350445.0
2025-06-18 11:35:04.513880,766.4,193623.0,351162.0
2025-06-18 11:35:05.276686,766.75,193623.0,351162.0
2025-06-18 11:35:05.513404,766.5,207787.0,351108.0
2025-06-18 11:35:06.291143,766.5,207787.0,351108.0
2025-06-18 11:35:06.516012,766.5,207489.0,351242.0
2025-06-18 11:35:07.326396,766.8,207489.0,351242.0
2025-06-18 11:35:07.516320,766.8,207452.0,350214.0
2025-06-18 11:35:08.328354,766.4,207452.0,350214.0
2025-06-18 11:35:08.616379,766.35,206662.0,350607.0
2025-06-18 11:35:09.280214,766.35,206662.0,350607.0
2025-06-18 11:35:09.617226,766.35,207103.0,350551.0
2025-06-18 11:35:10.280233,766.35,207103.0,350551.0
2025-06-18 11:35:10.616813,766.55,208088.0,350086.0
2025-06-18 11:35:11.289143,766.55,208088.0,350086.0
2025-06-18 11:35:11.617018,766.55,208105.0,351190.0
2025-06-18 11:35:12.617994,766.55,206571.0,350582.0
2025-06-18 11:35:13.292927,766.55,206571.0,350582.0
2025-06-18 11:35:13.615488,766.55,207002.0,351312.0
2025-06-18 11:35:14.617433,766.55,207781.0,348146.0
2025-06-18 11:35:15.291896,766.55,207781.0,348146.0
2025-06-18 11:35:15.921688,766.8,208167.0,351218.0
2025-06-18 11:35:16.314216,766.8,208167.0,351218.0
2025-06-18 11:35:17.019575,766.55,202612.0,351730.0
2025-06-18 11:35:17.301262,766.55,202612.0,351730.0
2025-06-18 11:35:18.020329,766.55,207734.0,351794.0
2025-06-18 11:35:18.288571,766.55,207734.0,351794.0
2025-06-18 11:35:19.332888,766.55,207734.0,351794.0
2025-06-18 11:35:19.746277,766.55,205895.0,352376.0
2025-06-18 11:35:20.733548,766.55,206214.0,353666.0
2025-06-18 11:35:21.746987,766.55,206315.0,353666.0
2025-06-18 11:35:22.293220,766.55,206315.0,353666.0
2025-06-18 11:35:22.734546,766.35,206705.0,353593.0
2025-06-18 11:35:23.283456,766.35,206705.0,353593.0
2025-06-18 11:35:23.734919,766.35,206370.0,353377.0
2025-06-18 11:35:24.320411,766.35,206370.0,353377.0
2025-06-18 11:35:24.746624,766.35,206196.0,353469.0
2025-06-18 11:35:25.310173,766.35,206196.0,353469.0
2025-06-18 11:35:25.823844,766.55,200562.0,349484.0
2025-06-18 11:35:26.324373,766.55,200562.0,349484.0
2025-06-18 11:35:26.749706,766.55,209840.0,349708.0
2025-06-18 11:35:27.825563,766.55,209860.0,349908.0
2025-06-18 11:35:28.827038,766.55,209756.0,349570.0
2025-06-18 11:35:29.827927,766.55,208132.0,351632.0
2025-06-18 11:35:30.305129,766.55,208132.0,351632.0
2025-06-18 11:35:30.824232,766.7,208344.0,351714.0
2025-06-18 11:35:31.286262,766.7,208344.0,351714.0
2025-06-18 11:35:31.826661,766.7,208160.0,350402.0
2025-06-18 11:35:32.293411,766.7,208160.0,350402.0
2025-06-18 11:35:32.737011,766.7,208164.0,350614.0
2025-06-18 11:35:33.730674,766.7,208237.0,350339.0
2025-06-18 11:35:34.737689,766.7,208314.0,350525.0
2025-06-18 11:35:35.284731,766.7,208314.0,350525.0
2025-06-18 11:35:35.738807,766.5,208660.0,349610.0
2025-06-18 11:35:36.284276,766.5,208660.0,349610.0
2025-06-18 11:35:36.742228,766.5,208424.0,348556.0
2025-06-18 11:35:37.295050,766.75,208424.0,348556.0
2025-06-18 11:35:37.742856,766.75,208622.0,348945.0
2025-06-18 11:35:38.276486,766.75,208622.0,348945.0
2025-06-18 11:35:38.739705,766.75,208622.0,348947.0
2025-06-18 11:35:39.745055,766.75,209574.0,348711.0
2025-06-18 11:35:40.276210,766.75,209574.0,348711.0
2025-06-18 11:35:40.757537,766.75,209583.0,348741.0
2025-06-18 11:35:41.747903,766.75,209352.0,348503.0
2025-06-18 11:35:42.747111,766.75,209332.0,348784.0
2025-06-18 11:35:43.278521,766.55,209332.0,348784.0
2025-06-18 11:35:43.740503,766.55,208912.0,349861.0
2025-06-18 11:35:44.634134,766.55,207943.0,349592.0
2025-06-18 11:35:45.274430,766.55,207943.0,349592.0
2025-06-18 11:35:45.637483,766.75,208014.0,349700.0
2025-06-18 11:35:46.286459,766.75,208014.0,349700.0
2025-06-18 11:35:46.751091,766.55,208031.0,350044.0
2025-06-18 11:35:47.274251,766.55,208031.0,350044.0
2025-06-18 11:35:47.938592,766.55,208113.0,349911.0
2025-06-18 11:35:48.276611,766.55,208113.0,349911.0
2025-06-18 11:35:49.038237,766.55,208036.0,350095.0
2025-06-18 11:35:49.283713,766.75,208036.0,350095.0
2025-06-18 11:35:50.039375,766.75,208229.0,348859.0
2025-06-18 11:35:50.941298,766.75,208537.0,349850.0
2025-06-18 11:35:51.941367,766.65,208200.0,349944.0
2025-06-18 11:35:52.303511,766.75,208200.0,349944.0
2025-06-18 11:35:52.947355,766.75,208201.0,349952.0
2025-06-18 11:35:53.272822,766.65,208201.0,349952.0
2025-06-18 11:35:53.941027,766.75,208286.0,350173.0
2025-06-18 11:35:54.271956,766.75,208286.0,350173.0
2025-06-18 11:35:54.843721,766.65,207972.0,350068.0
2025-06-18 11:35:55.331995,766.65,207972.0,350068.0
2025-06-18 11:35:55.943039,766.65,199694.0,349606.0
2025-06-18 11:35:57.043486,766.65,207638.0,349933.0
2025-06-18 11:35:57.284447,766.55,207638.0,349933.0
2025-06-18 11:35:58.148392,766.55,208721.0,349658.0
2025-06-18 11:35:58.281362,766.55,208721.0,349658.0
2025-06-18 11:35:59.250488,766.55,208794.0,348473.0
2025-06-18 11:36:00.253096,766.9,209239.0,348114.0
2025-06-18 11:36:00.276262,766.9,209239.0,348114.0
2025-06-18 11:36:01.285570,766.55,209239.0,348114.0
2025-06-18 11:36:04.762822,766.9,209422.0,349036.0
2025-06-18 11:36:05.281897,766.9,209422.0,349036.0
2025-06-18 11:36:07.281437,766.55,209422.0,349036.0
2025-06-18 11:36:09.628502,766.6,209422.0,349036.0
2025-06-18 11:36:10.553332,767.1,212680.0,344479.0
2025-06-18 11:36:12.276338,767.15,212680.0,344479.0
2025-06-18 11:36:15.279140,767.2,212680.0,344479.0
2025-06-18 11:36:16.158533,767.2,211182.0,346505.0
2025-06-18 11:36:17.283586,766.75,211182.0,346505.0
2025-06-18 11:36:19.290709,766.75,211182.0,346505.0
2025-06-18 11:36:21.860096,766.75,212460.0,346164.0
2025-06-18 11:36:22.285338,767.25,212460.0,346164.0
2025-06-18 11:36:24.279684,767.25,212460.0,346164.0
2025-06-18 11:36:26.280161,767.25,212460.0,346164.0
2025-06-18 11:36:27.363304,767.0,212359.0,344549.0
2025-06-18 11:36:28.275303,767.0,212359.0,344549.0
2025-06-18 11:36:32.862987,767.0,212091.0,346927.0
2025-06-18 11:36:33.288202,766.95,212091.0,346927.0
2025-06-18 11:36:35.295705,766.95,212091.0,346927.0
2025-06-18 11:36:37.283203,766.95,212091.0,346927.0
2025-06-18 11:36:38.177321,766.95,211173.0,346570.0
2025-06-18 11:36:39.281551,766.95,211173.0,346570.0
2025-06-18 11:36:41.319222,767.0,211173.0,346570.0
2025-06-18 11:36:43.368853,766.95,212065.0,346546.0
2025-06-18 11:36:44.277541,766.95,212065.0,346546.0
2025-06-18 11:36:47.284454,767.2,212065.0,346546.0
2025-06-18 11:36:48.775749,767.2,213718.0,345601.0
2025-06-18 11:36:49.282048,767.0,213718.0,345601.0
2025-06-18 11:36:51.347666,767.0,213718.0,345601.0
2025-06-18 11:36:52.464861,767.0,213718.0,345601.0
2025-06-18 11:36:53.285132,767.1,213718.0,345601.0
2025-06-18 11:36:53.400312,767.1,213718.0,345601.0
2025-06-18 11:36:54.076827,767.1,213249.0,345431.0
2025-06-18 11:36:54.352563,767.1,213249.0,345431.0
2025-06-18 11:36:55.246325,767.1,213249.0,345431.0
2025-06-18 11:36:55.283791,767.1,213249.0,345431.0
2025-06-18 11:36:56.045452,767.1,213249.0,345431.0
2025-06-18 11:36:57.102185,767.1,213249.0,345431.0
2025-06-18 11:36:57.286823,767.2,213249.0,345431.0
2025-06-18 11:36:57.682235,767.2,213249.0,345431.0
2025-06-18 11:36:58.085172,767.2,213249.0,345431.0
2025-06-18 11:36:59.284236,767.0,213249.0,345431.0
2025-06-18 11:36:59.575667,767.0,213300.0,345414.0
2025-06-18 11:36:59.825343,767.0,213300.0,345414.0
2025-06-18 11:37:01.085783,767.0,213300.0,345414.0
2025-06-18 11:37:01.287028,767.2,213300.0,345414.0
2025-06-18 11:37:01.948820,767.2,213300.0,345414.0
2025-06-18 11:37:03.351706,767.0,213300.0,345414.0
2025-06-18 11:37:03.359035,767.0,213300.0,345414.0
2025-06-18 11:37:04.493212,767.0,213300.0,345414.0
2025-06-18 11:37:04.780559,767.15,211988.0,345872.0
2025-06-18 11:37:05.290201,767.0,211988.0,345872.0
2025-06-18 11:37:05.701589,767.0,211988.0,345872.0
2025-06-18 11:37:07.104697,767.0,211988.0,345872.0
2025-06-18 11:37:07.284954,767.2,211988.0,345872.0
2025-06-18 11:37:09.284425,766.9,211988.0,345872.0
2025-06-18 11:37:09.883089,766.9,211641.0,346549.0
2025-06-18 11:37:11.311696,766.95,211641.0,346549.0
2025-06-18 11:37:13.291438,766.85,211641.0,346549.0
2025-06-18 11:37:15.083478,766.85,211759.0,346609.0
2025-06-18 11:37:17.290251,766.85,211759.0,346609.0
2025-06-18 11:37:19.295636,767.15,211759.0,346609.0
2025-06-18 11:37:20.088860,767.15,211930.0,346342.0
2025-06-18 11:37:21.313650,766.85,211930.0,346342.0
2025-06-18 11:37:23.330244,766.85,211930.0,346342.0
2025-06-18 11:37:24.892722,767.1,211826.0,347232.0
2025-06-18 11:37:25.288251,767.1,211826.0,347232.0
2025-06-18 11:37:27.287849,766.7,211826.0,347232.0
2025-06-18 11:37:29.286232,766.7,211826.0,347232.0
2025-06-18 11:37:29.894456,766.7,211536.0,347737.0
2025-06-18 11:37:31.290635,766.85,211536.0,347737.0
2025-06-18 11:37:33.290019,766.85,211536.0,347737.0
2025-06-18 11:37:35.305817,766.85,211984.0,346867.0
2025-06-18 11:37:37.531417,767.1,211984.0,346867.0
2025-06-18 11:37:39.292039,766.9,211984.0,346867.0
2025-06-18 11:37:41.013418,766.9,212674.0,346934.0
2025-06-18 11:37:43.304946,766.9,212674.0,346934.0
2025-06-18 11:37:45.294756,766.9,212674.0,346934.0
2025-06-18 11:37:46.208150,767.1,198641.0,347085.0
2025-06-18 11:37:47.294176,767.1,198641.0,347085.0
2025-06-18 11:37:51.287341,766.95,198641.0,347085.0
2025-06-18 11:37:51.709195,766.95,211380.0,347092.0
2025-06-18 11:37:53.293035,766.95,211380.0,347092.0
2025-06-18 11:37:55.291998,766.95,211380.0,347092.0
2025-06-18 11:37:57.013126,766.95,212167.0,346554.0
2025-06-18 11:37:58.293418,766.95,212167.0,346554.0
2025-06-18 11:38:01.285675,767.1,212167.0,346554.0
2025-06-18 11:38:02.515680,767.1,214118.0,345965.0
2025-06-18 11:38:04.294666,767.1,214118.0,345965.0
2025-06-18 11:38:07.285138,767.3,214118.0,345965.0
2025-06-18 11:38:08.221280,767.3,213630.0,344479.0
2025-06-18 11:38:10.292004,767.35,213630.0,344479.0
2025-06-18 11:38:13.918048,767.15,213186.0,345313.0
2025-06-18 11:38:14.308721,767.35,213186.0,345313.0
2025-06-18 11:38:16.287151,767.2,213186.0,345313.0
2025-06-18 11:38:19.236815,767.2,214965.0,343166.0
2025-06-18 11:38:20.290032,767.2,214965.0,343166.0
2025-06-18 11:38:22.288501,767.35,214965.0,343166.0
2025-06-18 11:38:24.311324,767.35,214965.0,343166.0
2025-06-18 11:38:24.429682,767.35,214406.0,343086.0
2025-06-18 11:38:26.308512,767.35,214406.0,343086.0
2025-06-18 11:38:28.293663,767.25,214406.0,343086.0
2025-06-18 11:38:29.742861,767.25,214350.0,344315.0
2025-06-18 11:38:34.291438,767.3,214350.0,344315.0
2025-06-18 11:38:35.136121,767.55,214508.0,344286.0
2025-06-18 11:38:36.291856,767.55,214508.0,344286.0
2025-06-18 11:38:38.293437,767.55,214508.0,344286.0
2025-06-18 11:38:40.338868,767.55,214508.0,344286.0
2025-06-18 11:38:40.343203,767.55,213887.0,344339.0
2025-06-18 11:38:44.293237,767.45,213887.0,344339.0
2025-06-18 11:38:45.443407,767.55,213786.0,343680.0
2025-06-18 11:38:46.296675,767.55,213786.0,343680.0
2025-06-18 11:38:48.296454,767.45,213786.0,343680.0
2025-06-18 11:38:50.544254,767.45,214557.0,343984.0
2025-06-18 11:38:52.298993,767.7,214557.0,343984.0
2025-06-18 11:38:54.296366,767.55,214557.0,343984.0
2025-06-18 11:38:55.551456,767.55,213338.0,344049.0
2025-06-18 11:38:57.479238,767.5,213338.0,344049.0
2025-06-18 11:38:58.298072,767.5,213338.0,344049.0
2025-06-18 11:39:00.292850,767.55,213338.0,344049.0
2025-06-18 11:39:00.555343,767.55,213401.0,344194.0
2025-06-18 11:39:05.295258,767.55,213401.0,344194.0
2025-06-18 11:39:05.462054,767.55,213740.0,343924.0
2025-06-18 11:39:06.443818,767.55,213740.0,343924.0
2025-06-18 11:39:08.311845,767.7,213740.0,343924.0
2025-06-18 11:39:10.299587,767.7,213740.0,343924.0
2025-06-18 11:39:11.167474,767.7,214643.0,342935.0
2025-06-18 11:39:12.296411,767.7,214643.0,342935.0
2025-06-18 11:39:14.296270,767.65,214643.0,342935.0
2025-06-18 11:39:16.299983,767.7,214643.0,342935.0
2025-06-18 11:39:17.485278,767.7,215357.0,342402.0
2025-06-18 11:39:18.298517,767.8,215357.0,342402.0
2025-06-18 11:39:20.320636,767.8,215357.0,342402.0
2025-06-18 11:39:22.269733,767.8,215750.0,341995.0
2025-06-18 11:39:22.302762,767.8,215750.0,341995.0
2025-06-18 11:39:24.304555,767.8,215750.0,341995.0
2025-06-18 11:39:27.293185,767.8,215750.0,341995.0
2025-06-18 11:39:27.473214,767.8,214800.0,343229.0
2025-06-18 11:39:28.301169,767.5,214800.0,343229.0
2025-06-18 11:39:30.295462,767.55,214800.0,343229.0
2025-06-18 11:39:32.292012,767.45,214800.0,343229.0
2025-06-18 11:39:32.576804,767.5,214603.0,343810.0
2025-06-18 11:39:34.302960,767.5,214603.0,343810.0
2025-06-18 11:39:36.297696,767.65,214603.0,343810.0
2025-06-18 11:39:37.980265,767.65,214715.0,343589.0
2025-06-18 11:39:38.294899,767.5,214715.0,343589.0
2025-06-18 11:39:43.282305,767.5,215004.0,343596.0
2025-06-18 11:39:44.305517,767.5,215004.0,343596.0
2025-06-18 11:39:46.297113,767.45,215004.0,343596.0
2025-06-18 11:39:48.295034,767.45,215004.0,343596.0
2025-06-18 11:39:48.384919,767.45,215063.0,345176.0
2025-06-18 11:39:50.303045,767.5,215063.0,345176.0
2025-06-18 11:39:51.770673,767.5,215063.0,345176.0
2025-06-18 11:39:52.302175,767.5,215063.0,345176.0
2025-06-18 11:39:53.303133,767.5,215063.0,345176.0
2025-06-18 11:39:53.890301,767.5,214449.0,344554.0
2025-06-18 11:39:54.230952,767.5,214449.0,344554.0
2025-06-18 11:39:54.299189,767.45,214449.0,344554.0
2025-06-18 11:39:55.190949,767.45,214449.0,344554.0
2025-06-18 11:39:56.055403,767.45,214449.0,344554.0
2025-06-18 11:39:56.298745,767.5,214449.0,344554.0
2025-06-18 11:39:56.872505,767.5,214449.0,344554.0
2025-06-18 11:39:57.942365,767.5,214449.0,344554.0
2025-06-18 11:39:58.297376,767.2,214449.0,344554.0
2025-06-18 11:39:58.510828,767.2,214449.0,344554.0
2025-06-18 11:39:59.299305,767.2,214508.0,343684.0
2025-06-18 11:39:59.410945,767.2,214508.0,343684.0
2025-06-18 11:40:00.296768,767.3,214508.0,343684.0
2025-06-18 11:40:00.680059,767.3,214508.0,343684.0
2025-06-18 11:40:01.940489,767.3,214508.0,343684.0
2025-06-18 11:40:02.301470,767.2,214508.0,343684.0
2025-06-18 11:40:02.802466,767.2,214508.0,343684.0
2025-06-18 11:40:04.205127,767.2,214508.0,343684.0
2025-06-18 11:40:04.302300,767.5,214508.0,343684.0
2025-06-18 11:40:04.394709,767.5,214563.0,344556.0
2025-06-18 11:40:05.347549,767.5,214563.0,344556.0
2025-06-18 11:40:06.298803,767.2,214563.0,344556.0
2025-06-18 11:40:06.484107,767.2,214563.0,344556.0
2025-06-18 11:40:07.991613,767.2,214563.0,344556.0
2025-06-18 11:40:08.297981,767.2,214563.0,344556.0
2025-06-18 11:40:09.498173,767.2,214565.0,343963.0
2025-06-18 11:40:10.299503,767.15,214565.0,343963.0
2025-06-18 11:40:14.303481,767.2,214565.0,343963.0
2025-06-18 11:40:14.500323,767.2,216609.0,342539.0
2025-06-18 11:40:16.304793,767.45,216609.0,342539.0
2025-06-18 11:40:18.302367,767.45,216609.0,342539.0
2025-06-18 11:40:19.803227,767.45,213276.0,343471.0
2025-06-18 11:40:22.301021,767.45,213276.0,343471.0
2025-06-18 11:40:24.304989,767.5,213276.0,343471.0
2025-06-18 11:40:25.311430,767.2,211766.0,344374.0
2025-06-18 11:40:26.307107,767.45,211766.0,344374.0
2025-06-18 11:40:28.302628,767.2,211766.0,344374.0
2025-06-18 11:40:30.921749,767.2,213367.0,344503.0
2025-06-18 11:40:32.340439,767.45,213367.0,344503.0
2025-06-18 11:40:34.300152,767.3,213367.0,344503.0
2025-06-18 11:40:36.301762,767.3,213367.0,344503.0
2025-06-18 11:40:36.319884,767.3,214047.0,344309.0
2025-06-18 11:40:38.302357,767.3,214047.0,344309.0
2025-06-18 11:40:40.312620,767.45,214047.0,344309.0
2025-06-18 11:40:41.621305,767.15,213477.0,344635.0
