timestamp,ltp,bid_qty,ask_qty
2025-06-18 11:01:36.665976,4388.4,42492.0,84644.0
2025-06-18 11:01:37.141924,4387.8,42492.0,84644.0
2025-06-18 11:01:41.340435,4387.8,42474.0,84673.0
2025-06-18 11:01:46.345354,4387.8,42052.0,84414.0
2025-06-18 11:01:51.145103,4389.2,42052.0,84414.0
2025-06-18 11:01:52.048637,4389.2,42961.0,84770.0
2025-06-18 11:01:53.137186,4388.7,42961.0,84770.0
2025-06-18 11:01:57.508220,4388.7,42522.0,84866.0
2025-06-18 11:02:01.133501,4387.9,42522.0,84866.0
2025-06-18 11:02:02.664843,4387.5,42225.0,84996.0
2025-06-18 11:02:03.141941,4387.5,42225.0,84996.0
2025-06-18 11:02:07.977066,4387.3,42231.0,85167.0
2025-06-18 11:02:09.137763,4387.3,42231.0,85167.0
2025-06-18 11:02:11.142590,4388.9,42231.0,85167.0
2025-06-18 11:02:13.145783,4387.3,42231.0,85167.0
2025-06-18 11:02:13.364548,4387.3,42081.0,85193.0
2025-06-18 11:02:18.671478,4387.0,40604.0,85283.0
2025-06-18 11:02:19.136562,4387.0,40604.0,85283.0
2025-06-18 11:02:23.142667,4387.0,40604.0,85283.0
2025-06-18 11:02:23.874314,4387.0,42256.0,85230.0
2025-06-18 11:02:27.145648,4387.0,42256.0,85230.0
2025-06-18 11:02:28.874625,4388.6,41996.0,85315.0
2025-06-18 11:02:29.143018,4388.6,41996.0,85315.0
2025-06-18 11:02:31.139806,4388.0,41996.0,85315.0
2025-06-18 11:02:33.144983,4387.7,41996.0,85315.0
2025-06-18 11:02:34.184908,4387.6,42285.0,85110.0
2025-06-18 11:02:35.151181,4387.6,42285.0,85110.0
2025-06-18 11:02:37.143417,4387.6,42285.0,85110.0
2025-06-18 11:02:39.146599,4388.6,42285.0,85110.0
2025-06-18 11:02:39.586145,4388.6,42705.0,84843.0
2025-06-18 11:02:44.788220,4388.6,42705.0,84946.0
2025-06-18 11:02:47.152273,4388.0,42705.0,84946.0
2025-06-18 11:02:49.147377,4390.4,42705.0,84946.0
2025-06-18 11:02:50.086243,4390.4,42444.0,84653.0
2025-06-18 11:02:55.147313,4390.5,42444.0,84653.0
2025-06-18 11:02:55.390628,4390.5,42357.0,84741.0
2025-06-18 11:02:57.149594,4388.0,42357.0,84741.0
2025-06-18 11:02:59.147035,4387.9,42357.0,84741.0
2025-06-18 11:03:00.599012,4387.9,42347.0,84894.0
2025-06-18 11:03:05.801162,4389.9,41987.0,84858.0
2025-06-18 11:03:07.145590,4389.9,41987.0,84858.0
2025-06-18 11:03:11.104573,4387.7,42135.0,84940.0
2025-06-18 11:03:11.147926,4387.7,42135.0,84940.0
2025-06-18 11:03:13.144729,4388.0,42135.0,84940.0
2025-06-18 11:03:16.303898,4388.0,40598.0,84865.0
2025-06-18 11:03:17.148578,4388.0,40598.0,84865.0
2025-06-18 11:03:21.508015,4388.0,41786.0,85138.0
2025-06-18 11:03:25.146957,4389.1,41786.0,85138.0
2025-06-18 11:03:26.710039,4389.1,42138.0,84875.0
2025-06-18 11:03:29.149768,4390.0,42138.0,84875.0
2025-06-18 11:03:32.016358,4390.0,42049.0,85046.0
2025-06-18 11:03:33.148293,4389.7,42049.0,85046.0
2025-06-18 11:03:37.152212,4388.7,42049.0,85046.0
2025-06-18 11:03:37.717448,4388.7,42111.0,84936.0
2025-06-18 11:03:42.919941,4388.7,42063.0,84852.0
2025-06-18 11:03:43.156247,4388.7,42063.0,84852.0
2025-06-18 11:03:45.167856,4388.7,42063.0,84852.0
2025-06-18 11:03:46.059776,4388.7,42063.0,84852.0
2025-06-18 11:03:47.122350,4388.7,42063.0,84852.0
2025-06-18 11:03:47.720980,4388.7,41719.0,84948.0
2025-06-18 11:03:47.994300,4388.7,41719.0,84948.0
2025-06-18 11:03:48.903847,4388.7,41719.0,84948.0
2025-06-18 11:03:49.771458,4388.7,41719.0,84948.0
2025-06-18 11:03:50.560341,4388.7,41719.0,84948.0
2025-06-18 11:03:51.168752,4388.4,41719.0,84948.0
2025-06-18 11:03:51.594155,4388.4,41719.0,84948.0
2025-06-18 11:03:52.230371,4388.4,41719.0,84948.0
2025-06-18 11:03:52.525031,4388.4,42408.0,84776.0
2025-06-18 11:03:52.570436,4388.4,42408.0,84776.0
2025-06-18 11:03:53.076066,4388.4,42408.0,84776.0
2025-06-18 11:03:54.473485,4388.4,42408.0,84776.0
2025-06-18 11:03:55.168713,4388.9,42408.0,84776.0
2025-06-18 11:03:55.731266,4388.9,42408.0,84776.0
2025-06-18 11:03:56.588772,4388.9,42408.0,84776.0
2025-06-18 11:04:00.457820,4388.9,40494.0,84935.0
2025-06-18 11:04:00.502563,4388.9,40494.0,84935.0
2025-06-18 11:04:00.544727,4388.9,40494.0,84935.0
2025-06-18 11:04:00.583003,4388.9,40494.0,84935.0
2025-06-18 11:04:01.430218,4388.9,42018.0,84936.0
2025-06-18 11:04:01.926503,4388.9,42018.0,84936.0
2025-06-18 11:04:02.429342,4388.9,42018.0,84928.0
2025-06-18 11:04:03.184721,4388.9,42018.0,84928.0
2025-06-18 11:04:03.432520,4388.9,42018.0,84934.0
2025-06-18 11:04:04.430806,4388.9,42023.0,84944.0
2025-06-18 11:04:05.434252,4388.9,42010.0,84920.0
2025-06-18 11:04:06.431322,4388.9,42012.0,84921.0
2025-06-18 11:04:07.151793,4388.9,42012.0,84921.0
2025-06-18 11:04:07.533731,4388.9,42012.0,84912.0
2025-06-18 11:04:08.534979,4388.9,42022.0,84875.0
2025-06-18 11:04:09.148064,4388.9,42022.0,84875.0
2025-06-18 11:04:09.637778,4388.9,42021.0,84887.0
2025-06-18 11:04:10.153164,4388.9,42021.0,84887.0
2025-06-18 11:04:10.641978,4388.9,40520.0,84904.0
2025-06-18 11:04:11.737104,4388.9,42021.0,84904.0
2025-06-18 11:04:12.844454,4388.9,40522.0,84904.0
2025-06-18 11:04:13.938833,4388.9,42121.0,84905.0
2025-06-18 11:04:14.151242,4388.9,42121.0,84905.0
2025-06-18 11:04:15.040081,4388.9,41946.0,84934.0
2025-06-18 11:04:16.039854,4389.0,41726.0,84728.0
2025-06-18 11:04:16.152156,4389.0,41726.0,84728.0
2025-06-18 11:04:17.042055,4389.0,40595.0,84710.0
2025-06-18 11:04:17.939445,4389.0,42126.0,84725.0
2025-06-18 11:04:18.941828,4389.0,42124.0,84721.0
2025-06-18 11:04:19.184133,4389.0,42124.0,84721.0
2025-06-18 11:04:20.052444,4389.0,42144.0,84693.0
2025-06-18 11:04:21.189320,4389.0,42182.0,84843.0
2025-06-18 11:04:22.254317,4389.0,42166.0,84883.0
2025-06-18 11:04:23.356114,4389.0,42178.0,84878.0
2025-06-18 11:04:24.356099,4389.0,42167.0,84861.0
2025-06-18 11:04:25.463582,4389.0,42206.0,84653.0
2025-06-18 11:04:26.557760,4389.0,42182.0,84701.0
2025-06-18 11:04:27.152023,4390.0,42182.0,84701.0
2025-06-18 11:04:27.661439,4389.0,42178.0,84771.0
2025-06-18 11:04:28.150047,4389.0,42178.0,84771.0
2025-06-18 11:04:28.560608,4389.0,42190.0,84794.0
2025-06-18 11:04:29.151827,4389.0,42190.0,84794.0
2025-06-18 11:04:29.560468,4389.0,42172.0,84817.0
2025-06-18 11:04:30.663015,4389.0,42237.0,84789.0
2025-06-18 11:04:31.661957,4389.0,42249.0,84782.0
2025-06-18 11:04:32.762367,4389.0,42247.0,84780.0
2025-06-18 11:04:33.762868,4389.0,42245.0,84768.0
2025-06-18 11:04:34.157224,4389.0,42245.0,84768.0
2025-06-18 11:04:34.862896,4389.0,42262.0,84793.0
2025-06-18 11:04:35.973566,4389.0,42262.0,84803.0
2025-06-18 11:04:36.153748,4390.0,42262.0,84803.0
2025-06-18 11:04:37.066100,4390.0,42262.0,84720.0
2025-06-18 11:04:38.148123,4389.0,42262.0,84720.0
2025-06-18 11:04:38.166261,4389.0,42278.0,84833.0
2025-06-18 11:04:39.198905,4389.0,42283.0,84833.0
2025-06-18 11:04:40.172203,4389.0,42283.0,84833.0
2025-06-18 11:04:41.269517,4389.0,42278.0,84806.0
2025-06-18 11:04:42.366464,4389.0,42276.0,84819.0
2025-06-18 11:04:43.154780,4389.0,42276.0,84819.0
2025-06-18 11:04:43.483908,4389.0,42108.0,84848.0
2025-06-18 11:04:44.753983,4389.0,42263.0,84856.0
2025-06-18 11:04:45.668990,4389.0,42263.0,84821.0
2025-06-18 11:04:46.686163,4389.0,42275.0,84819.0
2025-06-18 11:04:47.157317,4390.0,42275.0,84819.0
2025-06-18 11:04:47.667929,4390.0,42307.0,84705.0
2025-06-18 11:04:48.568897,4390.0,40807.0,84649.0
2025-06-18 11:04:49.669584,4390.0,40780.0,84704.0
2025-06-18 11:04:50.156745,4390.0,40780.0,84704.0
2025-06-18 11:04:50.770621,4390.0,42278.0,84719.0
2025-06-18 11:04:51.152493,4389.0,42278.0,84719.0
2025-06-18 11:04:51.770477,4389.0,42280.0,84568.0
2025-06-18 11:04:52.872275,4389.0,42280.0,84718.0
2025-06-18 11:04:53.872510,4388.9,42396.0,84544.0
2025-06-18 11:04:54.157531,4388.9,42396.0,84544.0
2025-06-18 11:04:54.871721,4388.9,42395.0,84572.0
2025-06-18 11:04:55.874277,4388.9,42394.0,84578.0
2025-06-18 11:04:56.990578,4388.9,42334.0,84695.0
2025-06-18 11:04:58.075801,4388.9,42334.0,84701.0
2025-06-18 11:04:59.181374,4388.9,42152.0,84701.0
2025-06-18 11:05:00.278883,4388.9,42293.0,84775.0
2025-06-18 11:05:05.122428,4388.9,40793.0,84788.0
2025-06-18 11:05:07.578601,4388.9,42274.0,84896.0
2025-06-18 11:05:09.187966,4390.0,42274.0,84896.0
2025-06-18 11:05:12.681093,4389.4,40648.0,84935.0
2025-06-18 11:05:13.156706,4389.4,40648.0,84935.0
2025-06-18 11:05:17.165219,4389.5,40648.0,84935.0
2025-06-18 11:05:18.284061,4388.1,41964.0,84934.0
2025-06-18 11:05:19.191322,4388.1,41964.0,84934.0
2025-06-18 11:05:23.390398,4388.1,42132.0,84957.0
2025-06-18 11:05:28.200965,4389.2,40626.0,84851.0
2025-06-18 11:05:29.161708,4389.2,40626.0,84851.0
2025-06-18 11:05:31.161288,4389.1,40626.0,84851.0
2025-06-18 11:05:33.203236,4388.1,40626.0,84851.0
2025-06-18 11:05:33.209655,4388.1,41963.0,85242.0
2025-06-18 11:05:35.211372,4388.1,41963.0,85242.0
2025-06-18 11:05:38.696807,4388.1,41985.0,84996.0
2025-06-18 11:05:43.800676,4388.1,42076.0,84972.0
2025-06-18 11:05:48.703128,4388.1,41925.0,84839.0
2025-06-18 11:05:51.161968,4388.9,41925.0,84839.0
2025-06-18 11:05:53.158788,4388.9,41925.0,84839.0
2025-06-18 11:05:53.909496,4388.9,42060.0,85174.0
2025-06-18 11:05:59.013040,4388.9,41864.0,85313.0
2025-06-18 11:06:01.164324,4388.1,41864.0,85313.0
2025-06-18 11:06:03.716632,4388.1,41316.0,85436.0
2025-06-18 11:06:05.157405,4388.1,41316.0,85436.0
2025-06-18 11:06:08.527717,4388.1,41829.0,85387.0
2025-06-18 11:06:11.203884,4388.1,41829.0,85387.0
2025-06-18 11:06:13.171428,4388.4,41829.0,85387.0
2025-06-18 11:06:13.525638,4388.4,42007.0,85369.0
2025-06-18 11:06:18.623179,4388.4,41842.0,85417.0
2025-06-18 11:06:19.160415,4388.4,41842.0,85417.0
2025-06-18 11:06:21.159703,4388.1,41842.0,85417.0
2025-06-18 11:06:23.168118,4388.4,41842.0,85417.0
2025-06-18 11:06:23.535747,4388.4,40652.0,85272.0
2025-06-18 11:06:27.163869,4388.1,40652.0,85272.0
2025-06-18 11:06:28.326802,4388.1,39199.0,85438.0
2025-06-18 11:06:31.168118,4388.4,39199.0,85438.0
2025-06-18 11:06:33.035912,4388.4,40506.0,85430.0
2025-06-18 11:06:37.837944,4388.4,39306.0,85595.0
2025-06-18 11:06:43.043577,4388.4,39307.0,85625.0
2025-06-18 11:06:45.160642,4388.4,39307.0,85625.0
2025-06-18 11:06:46.763456,4388.4,39307.0,85625.0
2025-06-18 11:06:47.168316,4388.4,39307.0,85625.0
2025-06-18 11:06:47.622307,4388.4,39307.0,85625.0
2025-06-18 11:06:47.840580,4388.4,39583.0,85728.0
2025-06-18 11:06:48.561438,4388.4,39583.0,85728.0
2025-06-18 11:06:49.799784,4388.4,39583.0,85728.0
2025-06-18 11:06:50.288562,4388.4,39583.0,85728.0
2025-06-18 11:06:51.060776,4388.4,39583.0,85728.0
2025-06-18 11:06:51.158390,4388.4,39583.0,85728.0
2025-06-18 11:06:52.044260,4388.4,39583.0,85728.0
2025-06-18 11:06:52.845455,4388.4,39591.0,85742.0
2025-06-18 11:06:53.011664,4388.4,39591.0,85742.0
2025-06-18 11:06:53.522283,4388.4,39591.0,85742.0
2025-06-18 11:06:54.762567,4388.4,39591.0,85742.0
2025-06-18 11:06:55.163222,4388.9,39591.0,85742.0
2025-06-18 11:06:56.272301,4388.9,39591.0,85742.0
2025-06-18 11:06:57.108949,4388.9,39591.0,85742.0
2025-06-18 11:06:57.160719,4388.4,39591.0,85742.0
2025-06-18 11:06:57.847247,4388.4,39795.0,85585.0
2025-06-18 11:06:58.544234,4388.4,39795.0,85585.0
2025-06-18 11:06:59.667578,4388.4,39795.0,85585.0
2025-06-18 11:07:00.835547,4388.4,39795.0,85585.0
2025-06-18 11:07:01.156264,4387.0,39795.0,85585.0
2025-06-18 11:07:02.294584,4387.0,39795.0,85585.0
2025-06-18 11:07:02.657706,4387.0,39242.0,85701.0
2025-06-18 11:07:10.434367,4387.0,39469.0,85558.0
2025-06-18 11:07:10.576769,4387.2,39469.0,85558.0
2025-06-18 11:07:13.171539,4388.7,39469.0,85558.0
2025-06-18 11:07:13.359106,4388.7,39307.0,85983.0
2025-06-18 11:07:16.168578,4388.7,39307.0,85983.0
2025-06-18 11:07:18.667860,4388.7,39475.0,85978.0
2025-06-18 11:07:19.166366,4388.7,39475.0,85978.0
2025-06-18 11:07:22.207302,4387.3,39475.0,85978.0
2025-06-18 11:07:23.862539,4387.3,39513.0,85991.0
2025-06-18 11:07:27.172644,4388.7,39513.0,85991.0
2025-06-18 11:07:28.763464,4388.7,39381.0,86091.0
2025-06-18 11:07:31.172045,4388.7,39381.0,86091.0
2025-06-18 11:07:33.670218,4388.7,39331.0,86091.0
2025-06-18 11:07:35.163811,4388.5,39331.0,86091.0
2025-06-18 11:07:37.170275,4387.3,39331.0,86091.0
2025-06-18 11:07:38.568683,4387.3,37977.0,86071.0
2025-06-18 11:07:44.755792,4387.3,39175.0,86122.0
2025-06-18 11:07:45.172989,4387.3,39175.0,86122.0
2025-06-18 11:07:47.178340,4387.3,39175.0,86122.0
2025-06-18 11:07:49.074328,4388.0,37871.0,86201.0
2025-06-18 11:07:49.171288,4388.0,37871.0,86201.0
2025-06-18 11:07:52.176790,4387.0,37871.0,86201.0
2025-06-18 11:07:54.177559,4387.0,38914.0,86312.0
2025-06-18 11:07:55.167089,4385.2,38914.0,86312.0
2025-06-18 11:07:59.276202,4385.2,38782.0,86333.0
2025-06-18 11:08:02.196420,4385.6,38782.0,86333.0
2025-06-18 11:08:04.182483,4385.5,38782.0,86333.0
2025-06-18 11:08:04.519010,4385.5,38773.0,86217.0
2025-06-18 11:08:08.181627,4386.7,38773.0,86217.0
2025-06-18 11:08:09.792391,4386.8,38600.0,86106.0
2025-06-18 11:08:10.193970,4386.8,38600.0,86106.0
2025-06-18 11:08:12.254369,4386.8,38600.0,86106.0
2025-06-18 11:08:14.193779,4385.6,38600.0,86106.0
2025-06-18 11:08:15.389873,4385.6,38529.0,86171.0
2025-06-18 11:08:20.494950,4385.6,38529.0,86171.0
2025-06-18 11:08:20.540905,4386.8,38529.0,86171.0
2025-06-18 11:08:20.569277,4386.8,38617.0,85866.0
2025-06-18 11:08:22.171476,4387.4,38617.0,85866.0
2025-06-18 11:08:25.700116,4387.4,37699.0,85332.0
2025-06-18 11:08:28.172058,4388.0,37699.0,85332.0
2025-06-18 11:08:30.174520,4388.3,37699.0,85332.0
2025-06-18 11:08:31.403428,4388.4,39660.0,84293.0
2025-06-18 11:08:32.171258,4388.4,39660.0,84293.0
2025-06-18 11:08:36.709000,4388.4,39535.0,84570.0
2025-06-18 11:08:40.185539,4388.1,39535.0,84570.0
2025-06-18 11:08:41.909243,4388.1,39039.0,84628.0
2025-06-18 11:08:47.210421,4387.9,39515.0,84811.0
2025-06-18 11:08:48.172323,4387.9,39515.0,84811.0
2025-06-18 11:08:52.411397,4387.9,39250.0,84717.0
2025-06-18 11:08:57.616486,4387.9,39148.0,84870.0
2025-06-18 11:09:00.172320,4387.9,39148.0,84870.0
2025-06-18 11:09:02.518991,4387.9,39438.0,84848.0
2025-06-18 11:09:07.419449,4387.9,38107.0,84684.0
2025-06-18 11:09:12.167416,4388.9,38107.0,84684.0
2025-06-18 11:09:14.303482,4388.9,39737.0,84503.0
2025-06-18 11:09:16.167383,4389.3,39737.0,84503.0
2025-06-18 11:09:18.870716,4389.3,39737.0,84503.0
2025-06-18 11:09:18.878856,4389.3,39852.0,84417.0
2025-06-18 11:09:24.132326,4389.3,38449.0,84443.0
2025-06-18 11:09:24.174241,4389.3,38449.0,84443.0
2025-06-18 11:09:28.178090,4389.3,38449.0,84443.0
2025-06-18 11:09:29.430842,4389.3,38494.0,84414.0
2025-06-18 11:09:32.178828,4389.3,38494.0,84414.0
2025-06-18 11:09:34.836560,4389.3,39866.0,84447.0
2025-06-18 11:09:38.203974,4389.3,39866.0,84447.0
2025-06-18 11:09:40.038152,4389.3,40148.0,84374.0
2025-06-18 11:09:42.177749,4389.8,40148.0,84374.0
2025-06-18 11:09:44.190646,4391.2,40148.0,84374.0
2025-06-18 11:09:45.341015,4391.2,40038.0,84258.0
2025-06-18 11:09:47.186226,4391.2,40038.0,84258.0
2025-06-18 11:09:48.229827,4391.2,40038.0,84258.0
2025-06-18 11:09:49.138367,4391.2,40038.0,84258.0
2025-06-18 11:09:50.028510,4391.2,40038.0,84258.0
2025-06-18 11:09:50.545035,4391.2,39944.0,84514.0
2025-06-18 11:09:50.869049,4391.2,39944.0,84514.0
2025-06-18 11:09:51.670184,4391.2,39944.0,84514.0
2025-06-18 11:09:52.175707,4390.7,39944.0,84514.0
2025-06-18 11:09:52.674483,4390.7,39944.0,84514.0
2025-06-18 11:09:53.212762,4390.7,39944.0,84514.0
2025-06-18 11:09:54.126323,4390.7,39944.0,84514.0
2025-06-18 11:09:55.344559,4390.7,39944.0,84514.0
2025-06-18 11:09:56.154017,4390.7,38667.0,84585.0
2025-06-18 11:09:56.597054,4390.7,38667.0,84585.0
2025-06-18 11:09:57.567059,4390.7,38667.0,84585.0
2025-06-18 11:09:58.976735,4390.7,38667.0,84585.0
2025-06-18 11:10:00.123372,4390.7,38667.0,84585.0
2025-06-18 11:10:00.171712,4390.7,38667.0,84585.0
2025-06-18 11:10:01.045875,4390.7,39913.0,84472.0
2025-06-18 11:10:01.252397,4390.7,39913.0,84472.0
2025-06-18 11:10:02.151355,4390.7,39913.0,84530.0
2025-06-18 11:10:02.749870,4390.7,39913.0,84530.0
2025-06-18 11:10:03.245124,4390.7,40037.0,84395.0
2025-06-18 11:10:04.351620,4390.7,40025.0,84259.0
2025-06-18 11:10:05.171607,4389.6,40025.0,84259.0
2025-06-18 11:10:05.449280,4389.6,40035.0,84519.0
2025-06-18 11:10:06.551083,4389.6,38574.0,84421.0
2025-06-18 11:10:07.657116,4389.6,39767.0,84413.0
2025-06-18 11:10:09.506613,4389.6,39767.0,84407.0
2025-06-18 11:10:09.513419,4391.0,39767.0,84407.0
2025-06-18 11:10:09.654723,4391.0,39911.0,84386.0
2025-06-18 11:10:10.651734,4391.0,39922.0,84363.0
2025-06-18 11:10:11.660130,4391.0,39922.0,84146.0
2025-06-18 11:10:12.666469,4391.0,38572.0,84296.0
2025-06-18 11:10:13.180751,4389.2,38572.0,84296.0
2025-06-18 11:10:13.658188,4389.2,39670.0,84378.0
2025-06-18 11:10:14.661719,4389.2,39740.0,84426.0
2025-06-18 11:10:15.853308,4391.0,39722.0,84407.0
2025-06-18 11:10:16.176997,4391.0,39722.0,84407.0
2025-06-18 11:10:16.854387,4391.0,38475.0,84424.0
2025-06-18 11:10:17.185906,4391.0,38475.0,84424.0
2025-06-18 11:10:17.955179,4391.0,39854.0,84433.0
2025-06-18 11:10:19.055550,4391.0,39811.0,84481.0
2025-06-18 11:10:20.056119,4390.0,40006.0,84454.0
2025-06-18 11:10:20.174604,4390.0,40006.0,84454.0
2025-06-18 11:10:21.060617,4390.0,40204.0,84474.0
2025-06-18 11:10:21.956251,4390.0,38743.0,84478.0
2025-06-18 11:10:22.956975,4390.0,40154.0,84468.0
2025-06-18 11:10:23.176851,4391.0,40154.0,84468.0
2025-06-18 11:10:23.956115,4391.0,39013.0,84411.0
2025-06-18 11:10:24.185013,4391.0,39013.0,84411.0
2025-06-18 11:10:24.957383,4391.0,40214.0,83505.0
2025-06-18 11:10:25.957867,4392.0,40300.0,84390.0
2025-06-18 11:10:26.179364,4392.0,40300.0,84390.0
2025-06-18 11:10:26.956314,4392.0,40322.0,84323.0
2025-06-18 11:10:27.859604,4392.0,40316.0,84343.0
2025-06-18 11:10:28.185833,4392.6,40316.0,84343.0
2025-06-18 11:10:28.858529,4392.6,39553.0,84146.0
2025-06-18 11:10:29.860817,4390.3,40029.0,84786.0
2025-06-18 11:10:30.174515,4390.3,40029.0,84786.0
2025-06-18 11:10:30.861823,4391.0,40815.0,84455.0
2025-06-18 11:10:31.185502,4391.0,40815.0,84455.0
2025-06-18 11:10:31.863590,4391.0,40495.0,84620.0
2025-06-18 11:10:32.863262,4391.0,39243.0,84600.0
2025-06-18 11:10:33.865186,4391.0,40665.0,84577.0
2025-06-18 11:10:34.867313,4391.0,39886.0,84906.0
2025-06-18 11:10:35.177033,4391.0,39886.0,84906.0
2025-06-18 11:10:35.868153,4390.9,39063.0,84726.0
2025-06-18 11:10:36.173290,4390.9,39063.0,84726.0
2025-06-18 11:10:36.867199,4390.9,39063.0,84878.0
2025-06-18 11:10:37.866944,4390.9,40674.0,84897.0
2025-06-18 11:10:38.177061,4390.9,40674.0,84897.0
2025-06-18 11:10:38.870281,4390.9,40641.0,84893.0
2025-06-18 11:10:39.969707,4390.9,40539.0,84724.0
2025-06-18 11:10:40.970964,4390.9,40664.0,84800.0
2025-06-18 11:10:41.968373,4390.9,39165.0,84806.0
2025-06-18 11:10:42.970352,4388.8,39121.0,85693.0
2025-06-18 11:10:43.177310,4388.8,39121.0,85693.0
2025-06-18 11:10:43.970598,4388.8,39714.0,85923.0
2025-06-18 11:10:44.970277,4388.8,38364.0,85886.0
2025-06-18 11:10:46.070843,4388.8,39547.0,85917.0
2025-06-18 11:10:47.174665,4388.5,39547.0,85917.0
2025-06-18 11:10:47.178297,4388.5,38371.0,86003.0
2025-06-18 11:10:48.213489,4388.5,39590.0,86028.0
2025-06-18 11:10:49.274110,4388.5,39717.0,86015.0
2025-06-18 11:10:50.372941,4388.5,39769.0,86000.0
2025-06-18 11:10:51.475002,4388.5,39919.0,85994.0
2025-06-18 11:10:52.180213,4388.3,39919.0,85994.0
2025-06-18 11:10:52.477249,4388.3,39772.0,86046.0
2025-06-18 11:10:53.577201,4388.3,39772.0,86035.0
2025-06-18 11:10:54.580399,4388.3,39790.0,86033.0
2025-06-18 11:10:55.579423,4390.0,39680.0,85184.0
2025-06-18 11:10:56.174594,4390.0,39680.0,85184.0
2025-06-18 11:10:56.580583,4390.0,40288.0,85281.0
2025-06-18 11:10:57.581204,4390.0,39653.0,85424.0
2025-06-18 11:10:58.584997,4390.0,40065.0,85633.0
2025-06-18 11:10:59.532204,4390.0,40204.0,85613.0
2025-06-18 11:11:00.485307,4388.3,40186.0,85395.0
2025-06-18 11:11:01.488774,4388.3,40260.0,85314.0
2025-06-18 11:11:02.199250,4388.3,40260.0,85314.0
2025-06-18 11:11:02.586779,4388.3,40268.0,85304.0
2025-06-18 11:11:03.587182,4388.3,40269.0,85311.0
2025-06-18 11:11:04.587457,4388.3,40223.0,85347.0
2025-06-18 11:11:05.602119,4388.3,40233.0,85335.0
2025-06-18 11:11:06.590250,4388.3,38748.0,85336.0
2025-06-18 11:11:07.694893,4388.3,38748.0,85336.0
2025-06-18 11:11:08.696070,4388.3,40248.0,85179.0
2025-06-18 11:11:09.795375,4388.3,40238.0,85349.0
2025-06-18 11:11:10.696231,4389.5,40031.0,85236.0
2025-06-18 11:11:11.178263,4389.5,40031.0,85236.0
2025-06-18 11:11:11.803703,4389.5,40143.0,85294.0
2025-06-18 11:11:12.174645,4389.9,40143.0,85294.0
2025-06-18 11:11:12.897064,4389.9,40595.0,85238.0
2025-06-18 11:11:13.180173,4389.9,40595.0,85238.0
2025-06-18 11:11:14.002677,4389.9,40680.0,85113.0
2025-06-18 11:11:15.505282,4389.9,40663.0,85112.0
2025-06-18 11:11:16.506246,4389.9,40663.0,85119.0
2025-06-18 11:11:18.203739,4389.9,40405.0,85179.0
2025-06-18 11:11:19.208347,4389.9,40572.0,85027.0
2025-06-18 11:11:20.216843,4389.9,39059.0,85207.0
2025-06-18 11:11:21.107037,4389.9,40561.0,85226.0
2025-06-18 11:11:22.180169,4390.2,40561.0,85226.0
2025-06-18 11:11:22.209576,4390.2,40508.0,85260.0
2025-06-18 11:11:23.171806,4388.3,40508.0,85260.0
2025-06-18 11:11:23.204494,4388.3,39897.0,86238.0
2025-06-18 11:11:24.204172,4388.3,39845.0,86051.0
2025-06-18 11:11:25.220841,4388.3,38471.0,86174.0
2025-06-18 11:11:26.208328,4388.3,39999.0,86026.0
2025-06-18 11:11:27.173367,4388.1,39999.0,86026.0
2025-06-18 11:11:27.299940,4388.1,40010.0,86037.0
2025-06-18 11:11:28.178617,4388.3,40010.0,86037.0
2025-06-18 11:11:28.300941,4388.3,39712.0,86054.0
2025-06-18 11:11:29.191579,4388.3,39712.0,86054.0
2025-06-18 11:11:29.300954,4388.3,39968.0,86007.0
2025-06-18 11:11:30.301597,4388.3,39832.0,86003.0
2025-06-18 11:11:31.303589,4388.3,39991.0,85963.0
2025-06-18 11:11:32.304643,4388.3,40014.0,85966.0
2025-06-18 11:11:33.418949,4388.3,39714.0,85953.0
2025-06-18 11:11:34.518416,4388.3,39883.0,85903.0
2025-06-18 11:11:35.610324,4388.3,40041.0,85686.0
2025-06-18 11:11:36.519321,4388.3,40044.0,85635.0
2025-06-18 11:11:37.610481,4388.3,40151.0,85545.0
2025-06-18 11:11:38.181086,4389.0,40151.0,85545.0
2025-06-18 11:11:38.711338,4389.0,40141.0,85599.0
2025-06-18 11:11:39.811008,4389.0,40141.0,85611.0
2025-06-18 11:11:41.810247,4389.0,40141.0,85618.0
2025-06-18 11:11:42.811100,4389.0,40137.0,85617.0
2025-06-18 11:11:43.811544,4389.0,40129.0,85611.0
2025-06-18 11:11:44.817243,4389.0,40127.0,85640.0
2025-06-18 11:11:45.812625,4389.0,40146.0,85630.0
2025-06-18 11:11:46.814135,4389.0,39847.0,85639.0
2025-06-18 11:11:47.813100,4389.0,40147.0,85640.0
2025-06-18 11:11:48.815328,4389.0,40125.0,85641.0
2025-06-18 11:11:49.912154,4389.0,39829.0,85618.0
2025-06-18 11:11:50.180366,4389.0,39829.0,85618.0
2025-06-18 11:11:50.818835,4389.0,40126.0,85617.0
2025-06-18 11:11:51.819194,4388.1,39820.0,85617.0
2025-06-18 11:11:52.185089,4388.1,39820.0,85617.0
2025-06-18 11:11:53.194842,4389.0,39820.0,85617.0
2025-06-18 11:11:53.417621,4389.0,40285.0,85461.0
2025-06-18 11:11:54.530294,4389.0,40278.0,85463.0
2025-06-18 11:11:55.624341,4389.0,40292.0,85467.0
2025-06-18 11:11:56.536469,4389.0,40292.0,85468.0
2025-06-18 11:11:57.723691,4389.0,40292.0,85473.0
2025-06-18 11:11:58.823131,4389.0,40279.0,85431.0
2025-06-18 11:11:59.924042,4389.0,40298.0,85431.0
2025-06-18 11:12:01.225231,4389.0,40538.0,85213.0
2025-06-18 11:12:04.182133,4390.0,40538.0,85213.0
2025-06-18 11:12:05.927536,4392.2,40982.0,84469.0
2025-06-18 11:12:06.179421,4392.2,40982.0,84469.0
2025-06-18 11:12:10.831893,4392.2,40950.0,84226.0
2025-06-18 11:12:16.038154,4392.2,41013.0,84512.0
2025-06-18 11:12:21.340538,4392.2,41030.0,84578.0
2025-06-18 11:12:26.250118,4391.5,40768.0,84738.0
2025-06-18 11:12:28.180188,4391.1,40768.0,84738.0
2025-06-18 11:12:31.348929,4391.1,40158.0,84883.0
2025-06-18 11:12:34.183625,4391.3,40158.0,84883.0
2025-06-18 11:12:36.655954,4391.3,39195.0,85070.0
2025-06-18 11:12:38.184766,4391.3,39195.0,85070.0
2025-06-18 11:12:41.958802,4390.6,40633.0,85109.0
2025-06-18 11:12:42.180203,4390.6,40633.0,85109.0
2025-06-18 11:12:46.861685,4390.6,40459.0,85264.0
2025-06-18 11:12:47.567012,4390.6,40459.0,85264.0
2025-06-18 11:12:48.634074,4390.6,40459.0,85264.0
2025-06-18 11:12:49.541171,4390.6,40459.0,85264.0
2025-06-18 11:12:50.454229,4390.6,40459.0,85264.0
2025-06-18 11:12:51.344207,4390.6,40459.0,85264.0
2025-06-18 11:12:52.082211,4390.6,40459.0,85264.0
2025-06-18 11:12:52.165726,4389.9,40916.0,84626.0
2025-06-18 11:12:52.180136,4389.9,40916.0,84626.0
2025-06-18 11:12:53.111194,4389.9,40916.0,84626.0
2025-06-18 11:12:54.051382,4389.9,40916.0,84626.0
2025-06-18 11:12:54.184053,4392.2,40916.0,84626.0
2025-06-18 11:12:54.530577,4392.2,40916.0,84626.0
2025-06-18 11:12:55.802604,4392.2,40916.0,84626.0
2025-06-18 11:12:57.056246,4392.2,40916.0,84626.0
2025-06-18 11:12:57.768804,4394.5,41818.0,83651.0
2025-06-18 11:12:57.887360,4394.5,41818.0,83651.0
2025-06-18 11:12:58.188787,4394.5,41818.0,83651.0
2025-06-18 11:12:59.291847,4394.5,41818.0,83651.0
2025-06-18 11:13:00.402183,4394.5,41818.0,83651.0
2025-06-18 11:13:01.470746,4394.5,41628.0,83951.0
2025-06-18 11:13:01.580091,4394.5,41628.0,83951.0
2025-06-18 11:13:02.179557,4392.6,41628.0,83951.0
2025-06-18 11:13:02.470985,4392.6,41289.0,84253.0
2025-06-18 11:13:03.040358,4392.6,41289.0,84253.0
2025-06-18 11:13:03.571526,4392.6,41296.0,84326.0
2025-06-18 11:13:04.673836,4392.8,39794.0,84286.0
2025-06-18 11:13:05.181178,4392.8,39794.0,84286.0
2025-06-18 11:13:05.672742,4392.8,41336.0,84269.0
2025-06-18 11:13:06.773895,4392.8,41187.0,84271.0
2025-06-18 11:13:07.774943,4392.8,41238.0,84138.0
2025-06-18 11:13:08.775846,4392.8,41381.0,84278.0
2025-06-18 11:13:09.776658,4392.8,41380.0,84280.0
2025-06-18 11:13:10.777084,4392.8,41391.0,84191.0
2025-06-18 11:13:11.679792,4392.8,41391.0,84264.0
2025-06-18 11:13:12.791303,4392.8,41390.0,84292.0
2025-06-18 11:13:13.877658,4392.8,41333.0,84343.0
2025-06-18 11:13:14.979269,4392.8,41185.0,84472.0
2025-06-18 11:13:16.080619,4392.8,41366.0,84516.0
2025-06-18 11:13:17.188190,4392.8,41424.0,84535.0
2025-06-18 11:13:18.080342,4392.8,41138.0,84385.0
2025-06-18 11:13:19.082602,4392.8,41441.0,84531.0
2025-06-18 11:13:20.082815,4392.8,41198.0,84534.0
2025-06-18 11:13:21.188555,4392.8,41168.0,84638.0
2025-06-18 11:13:22.087090,4392.8,41184.0,84631.0
2025-06-18 11:13:23.084567,4392.8,39683.0,84697.0
2025-06-18 11:13:24.095151,4392.8,41124.0,84737.0
2025-06-18 11:13:25.086875,4391.4,41161.0,84772.0
2025-06-18 11:13:25.184425,4391.4,41161.0,84772.0
2025-06-18 11:13:26.087507,4391.4,41185.0,84740.0
2025-06-18 11:13:27.087494,4391.4,41162.0,84865.0
2025-06-18 11:13:28.088569,4391.4,41162.0,84859.0
2025-06-18 11:13:29.088789,4391.4,41220.0,84768.0
2025-06-18 11:13:30.187718,4391.7,41220.0,84768.0
2025-06-18 11:13:30.198057,4391.7,41056.0,84646.0
2025-06-18 11:13:31.184441,4391.7,41056.0,84646.0
2025-06-18 11:13:31.201170,4391.7,41013.0,84863.0
2025-06-18 11:13:32.191863,4391.7,39697.0,84869.0
2025-06-18 11:13:33.290811,4391.7,40595.0,84873.0
2025-06-18 11:13:34.395262,4391.7,40946.0,84604.0
2025-06-18 11:13:35.183441,4391.7,40946.0,84604.0
2025-06-18 11:13:35.892506,4391.7,41123.0,84781.0
2025-06-18 11:13:36.894609,4391.4,41123.0,84838.0
2025-06-18 11:13:37.183755,4391.4,41123.0,84838.0
2025-06-18 11:13:37.895024,4391.4,40932.0,84468.0
2025-06-18 11:13:38.895205,4391.4,41121.0,84601.0
2025-06-18 11:13:39.995363,4391.4,41090.0,84406.0
2025-06-18 11:13:41.095317,4391.4,41075.0,84552.0
2025-06-18 11:13:42.096214,4391.4,41095.0,84486.0
2025-06-18 11:13:42.184506,4391.4,41095.0,84486.0
2025-06-18 11:13:43.097510,4391.4,41081.0,84615.0
2025-06-18 11:13:44.100180,4391.4,40953.0,84507.0
2025-06-18 11:13:45.102537,4391.4,41103.0,84651.0
2025-06-18 11:13:46.098118,4391.4,40866.0,84576.0
2025-06-18 11:13:47.101022,4391.4,40866.0,84600.0
2025-06-18 11:13:48.098375,4391.4,40968.0,84594.0
2025-06-18 11:13:49.204860,4391.4,40971.0,84691.0
2025-06-18 11:13:50.296894,4391.4,40950.0,84706.0
2025-06-18 11:13:51.399412,4391.4,40439.0,84689.0
2025-06-18 11:13:52.298583,4391.4,40943.0,84681.0
2025-06-18 11:13:53.186206,4391.7,40943.0,84681.0
2025-06-18 11:13:53.300187,4391.4,41093.0,84496.0
2025-06-18 11:13:54.187065,4391.4,41093.0,84496.0
2025-06-18 11:13:54.300500,4391.4,39692.0,84532.0
2025-06-18 11:13:55.299595,4391.4,41178.0,84380.0
2025-06-18 11:13:56.402031,4391.4,40947.0,84531.0
2025-06-18 11:13:57.303956,4391.4,39700.0,84435.0
2025-06-18 11:13:58.185174,4393.3,39700.0,84435.0
2025-06-18 11:13:58.304304,4393.3,41050.0,84420.0
2025-06-18 11:13:59.304010,4393.3,41053.0,84410.0
2025-06-18 11:14:00.403868,4393.3,41056.0,84427.0
2025-06-18 11:14:01.706697,4392.1,41566.0,84387.0
2025-06-18 11:14:02.185854,4392.1,41566.0,84387.0
2025-06-18 11:14:02.707222,4392.1,41567.0,84393.0
2025-06-18 11:14:03.806532,4392.1,40259.0,84348.0
2025-06-18 11:14:04.187325,4392.1,40259.0,84348.0
2025-06-18 11:14:04.808545,4392.1,40147.0,83860.0
2025-06-18 11:14:05.808856,4392.1,41661.0,83854.0
2025-06-18 11:14:06.914052,4393.9,41735.0,83849.0
2025-06-18 11:14:07.184693,4393.9,41735.0,83849.0
2025-06-18 11:14:07.809969,4393.9,41871.0,83701.0
2025-06-18 11:14:08.186415,4393.9,41871.0,83701.0
2025-06-18 11:14:08.912088,4393.9,40375.0,83880.0
2025-06-18 11:14:10.021127,4393.9,41710.0,83872.0
2025-06-18 11:14:11.111389,4393.9,41882.0,83890.0
2025-06-18 11:14:12.215832,4393.9,41644.0,83905.0
2025-06-18 11:14:13.223164,4393.3,41644.0,83905.0
2025-06-18 11:14:13.912691,4393.3,41556.0,84275.0
2025-06-18 11:14:14.189443,4393.3,41556.0,84275.0
2025-06-18 11:14:14.912434,4393.3,41511.0,84365.0
2025-06-18 11:14:15.913364,4393.3,41691.0,84384.0
2025-06-18 11:14:16.913780,4393.3,41702.0,84390.0
2025-06-18 11:14:17.916835,4393.3,41538.0,84416.0
2025-06-18 11:14:19.031885,4393.3,40221.0,84420.0
2025-06-18 11:14:20.119373,4393.3,40211.0,84402.0
2025-06-18 11:14:21.218454,4393.3,41560.0,84413.0
2025-06-18 11:14:22.242478,4393.3,40301.0,83879.0
2025-06-18 11:14:23.320344,4393.3,41850.0,83770.0
2025-06-18 11:14:24.190660,4393.0,41850.0,83770.0
2025-06-18 11:14:24.422644,4393.2,42335.0,83122.0
2025-06-18 11:14:25.188142,4393.2,42335.0,83122.0
2025-06-18 11:14:25.551772,4395.3,40909.0,82856.0
2025-06-18 11:14:26.187427,4395.3,40909.0,82856.0
2025-06-18 11:14:26.622580,4395.3,42425.0,83204.0
2025-06-18 11:14:27.188920,4395.6,42425.0,83204.0
2025-06-18 11:14:27.723805,4395.6,42184.0,83060.0
2025-06-18 11:14:28.724100,4395.6,42043.0,83238.0
2025-06-18 11:14:29.827928,4395.6,42299.0,83113.0
2025-06-18 11:14:30.925509,4395.6,40805.0,83246.0
2025-06-18 11:14:31.925993,4395.6,40677.0,82994.0
2025-06-18 11:14:33.126091,4395.6,42206.0,83324.0
2025-06-18 11:14:34.040815,4395.6,42216.0,83278.0
2025-06-18 11:14:35.127504,4395.5,42336.0,83208.0
2025-06-18 11:14:35.189322,4395.5,42336.0,83208.0
2025-06-18 11:14:36.190806,4395.6,42336.0,83208.0
2025-06-18 11:14:36.229049,4395.6,40811.0,83238.0
2025-06-18 11:14:37.210000,4393.3,40811.0,83238.0
2025-06-18 11:14:37.331346,4393.3,40770.0,83152.0
2025-06-18 11:14:38.330062,4393.3,42309.0,83398.0
2025-06-18 11:14:39.430035,4393.3,42411.0,82993.0
2025-06-18 11:14:40.540447,4393.3,42104.0,83077.0
2025-06-18 11:14:41.634072,4393.3,42429.0,83062.0
2025-06-18 11:14:42.187874,4395.3,42429.0,83062.0
2025-06-18 11:14:42.732686,4395.3,42371.0,83143.0
2025-06-18 11:14:43.199931,4393.3,42371.0,83143.0
2025-06-18 11:14:43.734399,4395.3,42203.0,82948.0
2025-06-18 11:14:44.188018,4395.3,42203.0,82948.0
2025-06-18 11:14:45.137855,4395.3,42294.0,83034.0
2025-06-18 11:14:46.138162,4395.3,42303.0,83205.0
2025-06-18 11:14:46.190014,4395.3,42303.0,83205.0
2025-06-18 11:14:47.148577,4395.2,42312.0,83031.0
2025-06-18 11:14:47.192286,4395.2,42312.0,83031.0
2025-06-18 11:14:48.143833,4395.2,42300.0,83178.0
2025-06-18 11:14:49.237334,4395.2,42026.0,83149.0
2025-06-18 11:14:50.188820,4394.9,42026.0,83149.0
2025-06-18 11:14:50.342229,4394.9,40997.0,83144.0
2025-06-18 11:14:51.340066,4394.9,42485.0,83162.0
2025-06-18 11:14:52.442067,4394.9,40985.0,83161.0
2025-06-18 11:14:53.548416,4394.9,42487.0,83174.0
2025-06-18 11:14:54.443658,4394.9,40918.0,83120.0
2025-06-18 11:14:55.444712,4394.9,42432.0,83373.0
2025-06-18 11:14:56.444513,4394.9,41814.0,83402.0
2025-06-18 11:14:57.448490,4394.9,40969.0,83259.0
2025-06-18 11:14:58.552372,4394.9,40224.0,83441.0
2025-06-18 11:14:59.190093,4394.5,40224.0,83441.0
2025-06-18 11:14:59.653127,4394.5,42345.0,83488.0
2025-06-18 11:15:00.748967,4394.5,42328.0,83442.0
2025-06-18 11:15:02.058430,4394.5,42298.0,83486.0
2025-06-18 11:15:02.188267,4394.5,42298.0,83486.0
2025-06-18 11:15:03.055101,4394.5,42276.0,83461.0
2025-06-18 11:15:04.082210,4394.5,42327.0,83597.0
2025-06-18 11:15:04.953947,4394.5,42321.0,83596.0
2025-06-18 11:15:06.917398,4394.5,41945.0,83682.0
2025-06-18 11:15:07.056628,4394.5,42248.0,83495.0
2025-06-18 11:15:08.052775,4394.5,40774.0,83491.0
2025-06-18 11:15:10.472907,4394.5,41675.0,83642.0
2025-06-18 11:15:10.477713,4394.5,42265.0,83709.0
2025-06-18 11:15:11.058072,4394.5,42379.0,83574.0
2025-06-18 11:15:11.191797,4394.5,42379.0,83574.0
2025-06-18 11:15:12.059737,4394.5,42362.0,83625.0
2025-06-18 11:15:13.162648,4394.5,40857.0,83623.0
2025-06-18 11:15:14.160330,4394.5,42357.0,83619.0
2025-06-18 11:15:14.189162,4394.5,42357.0,83619.0
2025-06-18 11:15:15.161303,4394.5,42333.0,83651.0
2025-06-18 11:15:16.194253,4394.5,42333.0,83651.0
2025-06-18 11:15:16.259557,4394.5,42366.0,83643.0
2025-06-18 11:15:17.189528,4394.5,42366.0,83643.0
2025-06-18 11:15:17.361881,4394.5,42366.0,83640.0
2025-06-18 11:15:18.193128,4394.8,42366.0,83640.0
2025-06-18 11:15:18.560055,4394.8,42298.0,83753.0
2025-06-18 11:15:19.660718,4394.8,42284.0,83766.0
2025-06-18 11:15:20.761114,4394.8,42267.0,83791.0
2025-06-18 11:15:21.861464,4394.8,42272.0,83944.0
2025-06-18 11:15:22.191605,4394.4,42272.0,83944.0
2025-06-18 11:15:22.863712,4394.4,42275.0,83979.0
2025-06-18 11:15:23.964816,4394.4,41405.0,84552.0
2025-06-18 11:15:24.964330,4394.4,42061.0,84484.0
2025-06-18 11:15:26.064661,4393.0,39922.0,84957.0
2025-06-18 11:15:26.193320,4393.0,39922.0,84957.0
2025-06-18 11:15:27.170892,4393.0,41302.0,84939.0
2025-06-18 11:15:28.267644,4393.0,41547.0,84914.0
2025-06-18 11:15:29.367772,4393.0,41471.0,84965.0
2025-06-18 11:15:30.468583,4393.0,41337.0,84968.0
2025-06-18 11:15:31.190045,4392.8,41337.0,84968.0
2025-06-18 11:15:31.568350,4392.8,41507.0,84866.0
2025-06-18 11:15:32.193036,4392.0,41507.0,84866.0
2025-06-18 11:15:32.670347,4392.0,41428.0,85005.0
2025-06-18 11:15:33.192964,4391.9,41428.0,85005.0
2025-06-18 11:15:33.770998,4391.9,41193.0,85435.0
2025-06-18 11:15:34.874578,4391.9,41193.0,85421.0
2025-06-18 11:15:35.190717,4391.9,41193.0,85421.0
2025-06-18 11:15:35.976476,4392.5,41729.0,84494.0
2025-06-18 11:15:36.191041,4392.5,41729.0,84494.0
2025-06-18 11:15:36.980096,4392.5,41739.0,84282.0
2025-06-18 11:15:38.077327,4392.5,40243.0,84384.0
2025-06-18 11:15:38.199173,4393.2,40243.0,84384.0
2025-06-18 11:15:39.088874,4393.2,41732.0,84347.0
2025-06-18 11:15:40.077858,4393.2,40256.0,84208.0
2025-06-18 11:15:41.080114,4393.2,41717.0,84156.0
2025-06-18 11:15:42.079360,4393.2,41563.0,84171.0
2025-06-18 11:15:43.083069,4393.2,40251.0,84174.0
2025-06-18 11:15:44.183261,4393.2,41729.0,84030.0
2025-06-18 11:15:45.280467,4393.2,41483.0,83994.0
2025-06-18 11:15:46.280962,4393.2,40344.0,84013.0
2025-06-18 11:15:47.194567,4393.2,40344.0,84013.0
2025-06-18 11:15:47.380849,4393.2,41469.0,84092.0
2025-06-18 11:15:48.074488,4393.2,41469.0,84092.0
2025-06-18 11:15:48.480834,4393.2,41806.0,84186.0
2025-06-18 11:15:49.099331,4393.2,41806.0,84186.0
2025-06-18 11:15:49.582463,4394.4,41882.0,84043.0
2025-06-18 11:15:49.998883,4394.4,41882.0,84043.0
2025-06-18 11:15:50.195288,4394.4,41882.0,84043.0
2025-06-18 11:15:50.581892,4394.4,41919.0,84233.0
2025-06-18 11:15:50.942931,4394.4,41919.0,84233.0
2025-06-18 11:15:51.583166,4394.4,41914.0,84462.0
2025-06-18 11:15:51.783231,4394.4,41914.0,84462.0
2025-06-18 11:15:52.573618,4394.4,41914.0,84462.0
2025-06-18 11:15:52.600506,4394.4,41546.0,84455.0
2025-06-18 11:15:53.580570,4394.4,41546.0,84455.0
2025-06-18 11:15:53.687117,4394.4,41583.0,84431.0
2025-06-18 11:15:54.139087,4394.4,41583.0,84431.0
2025-06-18 11:15:54.194861,4393.9,41583.0,84431.0
2025-06-18 11:15:54.538783,4393.9,41583.0,84431.0
2025-06-18 11:15:54.786041,4393.9,41603.0,84607.0
2025-06-18 11:15:55.039851,4393.9,41603.0,84607.0
2025-06-18 11:15:55.785296,4393.9,41709.0,84765.0
2025-06-18 11:15:56.297370,4393.9,41709.0,84765.0
2025-06-18 11:15:56.885679,4393.9,41880.0,84708.0
2025-06-18 11:15:57.588403,4393.9,41880.0,84708.0
2025-06-18 11:15:58.384400,4393.9,41917.0,84355.0
2025-06-18 11:15:58.414176,4393.9,41917.0,84355.0
2025-06-18 11:15:59.384752,4393.9,41979.0,84379.0
2025-06-18 11:16:00.116461,4393.9,41979.0,84379.0
2025-06-18 11:16:00.487509,4393.9,41971.0,84462.0
2025-06-18 11:16:01.280942,4393.9,41971.0,84462.0
2025-06-18 11:16:01.386392,4393.9,41931.0,84442.0
2025-06-18 11:16:02.195855,4392.9,41931.0,84442.0
2025-06-18 11:16:02.287598,4392.9,41555.0,84676.0
2025-06-18 11:16:02.403021,4392.9,41555.0,84676.0
2025-06-18 11:16:03.387443,4392.9,41871.0,84709.0
2025-06-18 11:16:03.887516,4392.9,41871.0,84709.0
2025-06-18 11:16:04.388131,4392.9,41724.0,84753.0
2025-06-18 11:16:05.199553,4391.1,41724.0,84753.0
2025-06-18 11:16:05.387482,4391.1,40365.0,84749.0
2025-06-18 11:16:06.388763,4391.1,41868.0,84777.0
2025-06-18 11:16:07.290361,4391.1,41868.0,84773.0
2025-06-18 11:16:08.734479,4391.1,40566.0,84440.0
2025-06-18 11:16:09.191181,4391.1,40697.0,84450.0
2025-06-18 11:16:10.437568,4392.9,40541.0,84584.0
2025-06-18 11:16:10.439679,4392.9,40541.0,84584.0
2025-06-18 11:16:11.196006,4392.9,42129.0,84607.0
2025-06-18 11:16:12.202612,4392.9,41786.0,86324.0
2025-06-18 11:16:13.093673,4392.9,41519.0,86313.0
2025-06-18 11:16:13.992865,4392.9,41541.0,86341.0
2025-06-18 11:16:14.997553,4392.5,41265.0,86340.0
2025-06-18 11:16:15.194004,4392.5,41265.0,86340.0
2025-06-18 11:16:15.896387,4391.5,41555.0,86405.0
2025-06-18 11:16:16.206516,4391.5,41555.0,86405.0
2025-06-18 11:16:16.897240,4391.5,41255.0,86406.0
2025-06-18 11:16:17.896604,4391.5,41184.0,86397.0
2025-06-18 11:16:18.897106,4391.5,41791.0,86403.0
2025-06-18 11:16:19.896893,4391.5,41621.0,86422.0
2025-06-18 11:16:20.997777,4391.5,41603.0,86440.0
2025-06-18 11:16:22.097353,4392.4,41644.0,86351.0
2025-06-18 11:16:22.197408,4392.4,41644.0,86351.0
2025-06-18 11:16:23.098816,4392.4,41687.0,86433.0
2025-06-18 11:16:23.999277,4392.4,40230.0,86432.0
2025-06-18 11:16:25.000637,4392.4,41723.0,86473.0
2025-06-18 11:16:25.903508,4391.5,41662.0,86474.0
2025-06-18 11:16:26.197144,4391.5,41662.0,86474.0
2025-06-18 11:16:26.904113,4391.5,41051.0,86504.0
2025-06-18 11:16:28.007115,4390.8,40539.0,87444.0
2025-06-18 11:16:28.202147,4390.8,40539.0,87444.0
2025-06-18 11:16:28.917188,4390.8,40761.0,87608.0
2025-06-18 11:16:30.108477,4390.8,40843.0,87285.0
2025-06-18 11:16:31.108695,4390.8,40830.0,87290.0
2025-06-18 11:16:32.212716,4390.8,40816.0,87341.0
2025-06-18 11:16:33.199405,4390.0,40816.0,87341.0
2025-06-18 11:16:33.209949,4390.0,40621.0,87748.0
2025-06-18 11:16:34.122737,4389.0,38224.0,87827.0
2025-06-18 11:16:34.199457,4389.0,38224.0,87827.0
2025-06-18 11:16:35.116417,4389.0,40491.0,87718.0
2025-06-18 11:16:36.331593,4389.0,40468.0,87697.0
2025-06-18 11:16:37.112992,4389.0,40493.0,87822.0
2025-06-18 11:16:38.116784,4389.0,40492.0,87822.0
2025-06-18 11:16:40.287424,4389.0,40493.0,87822.0
2025-06-18 11:16:40.328335,4389.0,39743.0,88073.0
2025-06-18 11:16:40.328522,4389.0,39743.0,88073.0
2025-06-18 11:16:41.132493,4389.0,40045.0,88063.0
2025-06-18 11:16:42.115463,4389.0,40330.0,88218.0
2025-06-18 11:16:43.115320,4389.0,40366.0,87932.0
2025-06-18 11:16:44.115363,4388.2,40075.0,87934.0
2025-06-18 11:16:44.198911,4388.2,40075.0,87934.0
2025-06-18 11:16:45.016970,4388.8,40373.0,87926.0
2025-06-18 11:16:45.199393,4388.8,40373.0,87926.0
2025-06-18 11:16:46.188109,4388.8,39917.0,87690.0
2025-06-18 11:16:47.118704,4388.8,40079.0,87721.0
2025-06-18 11:16:48.117667,4388.2,40234.0,87763.0
2025-06-18 11:16:48.215138,4388.2,40234.0,87763.0
2025-06-18 11:16:49.121687,4388.2,40151.0,87772.0
2025-06-18 11:16:50.237848,4388.2,40277.0,87772.0
2025-06-18 11:16:51.199595,4388.8,40277.0,87772.0
2025-06-18 11:16:51.222176,4388.8,39841.0,87920.0
2025-06-18 11:16:52.225404,4388.8,40101.0,87870.0
2025-06-18 11:16:53.220405,4388.8,40030.0,87873.0
2025-06-18 11:16:54.198936,4388.8,40030.0,87873.0
2025-06-18 11:16:54.223569,4388.8,40022.0,87936.0
2025-06-18 11:16:55.201161,4388.2,40022.0,87936.0
2025-06-18 11:16:55.323157,4388.2,40204.0,87901.0
2025-06-18 11:16:56.324466,4388.2,40220.0,87738.0
2025-06-18 11:16:57.423077,4388.2,38865.0,87868.0
2025-06-18 11:16:58.202809,4388.8,38865.0,87868.0
2025-06-18 11:16:58.524274,4388.8,40009.0,87828.0
2025-06-18 11:17:00.445382,4388.8,40068.0,87836.0
2025-06-18 11:17:00.625754,4388.8,40374.0,87833.0
2025-06-18 11:17:02.128822,4388.8,40116.0,87832.0
2025-06-18 11:17:03.201528,4388.8,40116.0,87832.0
2025-06-18 11:17:03.229198,4388.8,40418.0,87718.0
2025-06-18 11:17:04.209828,4388.2,40418.0,87718.0
2025-06-18 11:17:04.230182,4388.2,40411.0,87852.0
2025-06-18 11:17:05.224794,4388.2,40429.0,87852.0
2025-06-18 11:17:06.131473,4388.8,40411.0,87844.0
2025-06-18 11:17:06.207829,4388.8,40411.0,87844.0
2025-06-18 11:17:07.129930,4388.8,40445.0,87827.0
2025-06-18 11:17:08.244944,4388.8,38885.0,87713.0
2025-06-18 11:17:09.204786,4388.2,38885.0,87713.0
2025-06-18 11:17:09.328902,4388.2,38832.0,87472.0
2025-06-18 11:17:10.227102,4388.2,40350.0,86346.0
2025-06-18 11:17:11.228896,4388.2,40370.0,86340.0
2025-06-18 11:17:12.330065,4388.2,40375.0,86482.0
2025-06-18 11:17:13.330948,4388.2,40378.0,86333.0
2025-06-18 11:17:14.206815,4388.2,40378.0,86333.0
2025-06-18 11:17:14.430827,4388.2,40252.0,86505.0
2025-06-18 11:17:15.431248,4388.2,40377.0,86502.0
2025-06-18 11:17:16.533146,4388.2,39039.0,86490.0
2025-06-18 11:17:17.633347,4388.2,40523.0,86458.0
2025-06-18 11:17:18.243997,4388.8,40523.0,86458.0
2025-06-18 11:17:18.732607,4388.8,40951.0,85886.0
2025-06-18 11:17:19.205882,4388.8,40951.0,85886.0
2025-06-18 11:17:19.834804,4388.8,40965.0,85993.0
2025-06-18 11:17:20.836615,4388.8,40965.0,86027.0
2025-06-18 11:17:21.836342,4388.8,40964.0,86025.0
2025-06-18 11:17:22.837842,4388.8,40962.0,86040.0
2025-06-18 11:17:23.843548,4388.8,40962.0,86040.0
2025-06-18 11:17:24.844895,4388.8,40967.0,85975.0
2025-06-18 11:17:25.844534,4390.4,39757.0,85390.0
2025-06-18 11:17:26.207894,4390.4,39757.0,85390.0
2025-06-18 11:17:26.842983,4390.4,41246.0,85499.0
2025-06-18 11:17:27.840669,4390.4,41246.0,85499.0
2025-06-18 11:17:28.839772,4390.4,40953.0,85499.0
2025-06-18 11:17:29.840687,4390.4,41098.0,85446.0
2025-06-18 11:17:30.746621,4390.4,41253.0,85441.0
2025-06-18 11:17:31.745445,4390.4,39888.0,85471.0
2025-06-18 11:17:32.847744,4390.4,41087.0,85478.0
2025-06-18 11:17:34.048911,4390.4,41407.0,85484.0
2025-06-18 11:17:35.174177,4390.4,40838.0,85409.0
2025-06-18 11:17:36.056097,4390.4,41436.0,85451.0
2025-06-18 11:17:36.208182,4391.1,41436.0,85451.0
2025-06-18 11:17:37.155782,4391.1,41430.0,85529.0
2025-06-18 11:17:38.248559,4391.1,40825.0,85522.0
2025-06-18 11:17:39.248944,4391.1,40711.0,85687.0
2025-06-18 11:17:40.251192,4391.1,40873.0,85659.0
2025-06-18 11:17:41.251382,4391.1,40562.0,85777.0
2025-06-18 11:17:42.208576,4390.2,40562.0,85777.0
2025-06-18 11:17:42.349339,4390.2,40556.0,86753.0
2025-06-18 11:17:43.451872,4390.2,40670.0,86503.0
2025-06-18 11:17:44.549850,4390.2,40648.0,86603.0
2025-06-18 11:17:45.654132,4390.2,40695.0,86553.0
2025-06-18 11:17:46.208413,4388.2,40695.0,86553.0
2025-06-18 11:17:46.754140,4388.2,40643.0,86665.0
2025-06-18 11:17:47.752356,4388.2,39116.0,86648.0
2025-06-18 11:17:48.755675,4388.2,40632.0,86620.0
2025-06-18 11:17:49.752915,4389.6,40560.0,86339.0
2025-06-18 11:17:50.208413,4389.6,40560.0,86339.0
2025-06-18 11:17:50.755027,4389.6,40711.0,86336.0
2025-06-18 11:17:51.856003,4389.6,40711.0,86220.0
2025-06-18 11:17:52.965089,4389.6,40698.0,86374.0
2025-06-18 11:17:53.990388,4388.2,40377.0,86306.0
2025-06-18 11:17:54.207360,4388.2,40377.0,86306.0
2025-06-18 11:17:54.860224,4388.2,40677.0,86329.0
2025-06-18 11:17:55.207013,4388.2,40677.0,86329.0
2025-06-18 11:17:55.865164,4388.2,40739.0,85970.0
2025-06-18 11:17:57.069880,4388.2,40737.0,86095.0
2025-06-18 11:17:58.164868,4388.2,39267.0,86097.0
2025-06-18 11:17:59.261278,4388.2,39284.0,86092.0
2025-06-18 11:18:00.237010,4388.2,39284.0,86092.0
2025-06-18 11:18:00.261813,4388.2,40742.0,86013.0
2025-06-18 11:18:02.072033,4391.1,40837.0,83267.0
2025-06-18 11:18:02.243120,4391.1,40837.0,83267.0
2025-06-18 11:18:03.074423,4394.5,42616.0,84268.0
2025-06-18 11:18:03.208856,4394.5,42616.0,84268.0
2025-06-18 11:18:04.072770,4394.5,42677.0,84078.0
2025-06-18 11:18:04.968864,4394.5,42652.0,84036.0
2025-06-18 11:18:05.966898,4394.5,42799.0,84271.0
2025-06-18 11:18:07.075542,4393.1,42744.0,84296.0
2025-06-18 11:18:07.213620,4393.1,42744.0,84296.0
2025-06-18 11:18:08.169694,4392.2,42357.0,84507.0
2025-06-18 11:18:08.233255,4392.2,42357.0,84507.0
2025-06-18 11:18:09.078763,4392.2,42082.0,84647.0
2025-06-18 11:18:10.483864,4392.2,41066.0,85068.0
2025-06-18 11:18:11.105011,4392.2,37057.0,85489.0
2025-06-18 11:18:12.075748,4392.2,39633.0,85508.0
2025-06-18 11:18:13.175652,4390.4,40455.0,85549.0
2025-06-18 11:18:13.238296,4390.4,40455.0,85549.0
2025-06-18 11:18:14.173754,4390.4,40170.0,85783.0
2025-06-18 11:18:15.271934,4390.4,38707.0,85977.0
2025-06-18 11:18:16.372438,4390.4,40082.0,86025.0
2025-06-18 11:18:17.374230,4390.4,40470.0,85786.0
2025-06-18 11:18:18.376102,4390.4,39835.0,85882.0
2025-06-18 11:18:19.375571,4390.4,39909.0,85825.0
2025-06-18 11:18:20.375371,4390.4,40067.0,85809.0
2025-06-18 11:18:21.375923,4390.4,40748.0,85760.0
2025-06-18 11:18:22.377314,4390.4,40880.0,85639.0
2025-06-18 11:18:23.378831,4390.4,40879.0,85783.0
2025-06-18 11:18:24.380901,4390.5,40878.0,85806.0
2025-06-18 11:18:25.209211,4390.5,40878.0,85806.0
2025-06-18 11:18:25.379156,4390.5,40878.0,85805.0
2025-06-18 11:18:26.380311,4390.5,40879.0,85799.0
2025-06-18 11:18:27.381029,4390.5,39502.0,85410.0
2025-06-18 11:18:28.382650,4390.5,40780.0,85489.0
2025-06-18 11:18:29.483977,4390.5,40938.0,85472.0
2025-06-18 11:18:30.207734,4390.4,40938.0,85472.0
2025-06-18 11:18:30.595232,4390.4,40948.0,85485.0
2025-06-18 11:18:31.594786,4390.4,41567.0,85108.0
2025-06-18 11:18:32.213357,4390.4,41567.0,85108.0
2025-06-18 11:18:32.594419,4390.4,40169.0,85094.0
2025-06-18 11:18:33.685192,4390.4,41729.0,85059.0
2025-06-18 11:18:34.963090,4390.4,40179.0,85223.0
2025-06-18 11:18:35.212445,4392.1,40179.0,85223.0
2025-06-18 11:18:35.786648,4392.1,41709.0,85209.0
2025-06-18 11:18:36.890028,4392.1,40199.0,85178.0
2025-06-18 11:18:37.987514,4392.1,40378.0,84919.0
2025-06-18 11:18:38.992362,4392.1,41872.0,84888.0
2025-06-18 11:18:39.997058,4392.1,41572.0,84861.0
2025-06-18 11:18:40.208537,4390.6,41572.0,84861.0
2025-06-18 11:18:41.098869,4390.6,41897.0,84901.0
2025-06-18 11:18:42.188526,4390.6,41880.0,84903.0
2025-06-18 11:18:43.109313,4390.6,41922.0,84620.0
2025-06-18 11:18:44.687022,4390.6,41323.0,84896.0
2025-06-18 11:18:45.206419,4392.1,41323.0,84896.0
2025-06-18 11:18:45.786999,4392.1,40409.0,84943.0
2025-06-18 11:18:46.790093,4392.1,40373.0,84868.0
2025-06-18 11:18:47.887420,4392.1,41807.0,84700.0
2025-06-18 11:18:48.478339,4392.1,41807.0,84700.0
2025-06-18 11:18:48.989616,4392.1,42140.0,84708.0
2025-06-18 11:18:49.598145,4392.1,42140.0,84708.0
2025-06-18 11:18:50.100361,4392.1,42123.0,84751.0
2025-06-18 11:18:50.208353,4392.1,42123.0,84751.0
2025-06-18 11:18:50.477624,4392.1,42123.0,84751.0
2025-06-18 11:18:51.102007,4392.1,42104.0,84819.0
2025-06-18 11:18:51.411528,4392.1,42104.0,84819.0
2025-06-18 11:18:52.192066,4392.1,42137.0,84799.0
2025-06-18 11:18:52.215091,4392.1,42137.0,84799.0
2025-06-18 11:18:52.262910,4392.1,42137.0,84799.0
2025-06-18 11:18:53.044415,4392.1,42137.0,84799.0
2025-06-18 11:18:53.195329,4392.1,41502.0,84847.0
2025-06-18 11:18:54.050545,4392.1,41502.0,84847.0
2025-06-18 11:18:54.291475,4392.1,41650.0,84882.0
2025-06-18 11:18:54.625872,4392.1,41650.0,84882.0
2025-06-18 11:18:55.039541,4392.1,41650.0,84882.0
2025-06-18 11:18:55.192431,4392.1,41634.0,84856.0
2025-06-18 11:18:55.523335,4392.1,41634.0,84856.0
2025-06-18 11:18:56.194296,4392.1,41820.0,84853.0
2025-06-18 11:18:56.215519,4392.1,41820.0,84853.0
2025-06-18 11:18:56.787540,4392.1,41820.0,84853.0
2025-06-18 11:18:57.105006,4392.1,41781.0,84727.0
2025-06-18 11:18:58.037131,4392.1,41781.0,84727.0
2025-06-18 11:18:58.105983,4392.1,41789.0,84727.0
2025-06-18 11:18:58.900818,4392.1,41789.0,84727.0
2025-06-18 11:18:59.192543,4392.1,41793.0,84864.0
2025-06-18 11:19:00.205564,4392.1,41826.0,84860.0
2025-06-18 11:19:00.209317,4392.1,41826.0,84860.0
2025-06-18 11:19:00.285515,4392.1,41826.0,84860.0
2025-06-18 11:19:01.293920,4392.1,42014.0,84822.0
2025-06-18 11:19:01.578399,4392.1,42014.0,84822.0
2025-06-18 11:19:02.395850,4392.1,42215.0,84798.0
2025-06-18 11:19:02.718467,4392.1,42215.0,84798.0
2025-06-18 11:19:03.493005,4392.1,42247.0,84808.0
2025-06-18 11:19:04.192486,4392.1,42247.0,84808.0
2025-06-18 11:19:04.496787,4392.1,42250.0,84807.0
2025-06-18 11:19:05.399796,4392.1,42220.0,84831.0
2025-06-18 11:19:06.396798,4392.1,42235.0,84831.0
2025-06-18 11:19:09.199422,4392.1,41925.0,84857.0
2025-06-18 11:19:10.205047,4392.1,41925.0,84857.0
2025-06-18 11:19:10.298151,4392.1,41631.0,84735.0
2025-06-18 11:19:11.200033,4392.1,41911.0,84898.0
2025-06-18 11:19:12.300169,4392.1,42223.0,84882.0
2025-06-18 11:19:13.209231,4392.1,42223.0,84882.0
2025-06-18 11:19:13.403519,4392.1,42224.0,84899.0
2025-06-18 11:19:14.505556,4392.1,42303.0,84857.0
2025-06-18 11:19:15.505001,4392.1,42303.0,84879.0
2025-06-18 11:19:16.509656,4392.1,42303.0,84884.0
2025-06-18 11:19:17.507957,4392.1,42301.0,84864.0
2025-06-18 11:19:18.507734,4392.1,42223.0,84930.0
2025-06-18 11:19:19.208326,4392.1,42223.0,84930.0
2025-06-18 11:19:19.508419,4392.1,42237.0,84936.0
2025-06-18 11:19:20.510322,4392.1,42202.0,84972.0
2025-06-18 11:19:21.508429,4392.1,42210.0,84980.0
2025-06-18 11:19:22.509821,4392.1,42193.0,84804.0
2025-06-18 11:19:23.205745,4391.5,42193.0,84804.0
2025-06-18 11:19:23.510438,4391.5,42209.0,84762.0
2025-06-18 11:19:24.612702,4391.5,42195.0,84921.0
2025-06-18 11:19:25.711028,4391.5,42195.0,84937.0
2025-06-18 11:19:26.713868,4391.5,42199.0,84934.0
2025-06-18 11:19:27.812511,4391.5,42196.0,84941.0
2025-06-18 11:19:28.912599,4392.1,42201.0,85000.0
2025-06-18 11:19:29.209672,4392.1,42201.0,85000.0
2025-06-18 11:19:30.014113,4392.1,42224.0,84977.0
2025-06-18 11:19:31.015590,4392.1,42202.0,84977.0
2025-06-18 11:19:33.415149,4392.1,42228.0,84978.0
2025-06-18 11:19:34.419338,4392.1,42309.0,84952.0
2025-06-18 11:19:35.208191,4391.5,42309.0,84952.0
2025-06-18 11:19:35.513126,4391.5,42294.0,84993.0
2025-06-18 11:19:36.514910,4391.5,42268.0,85008.0
2025-06-18 11:19:37.617663,4391.5,42285.0,84932.0
2025-06-18 11:19:38.717105,4392.1,42190.0,84910.0
2025-06-18 11:19:39.212734,4392.1,42190.0,84910.0
2025-06-18 11:19:39.717070,4392.1,42189.0,84923.0
2025-06-18 11:19:40.632199,4392.1,42190.0,84920.0
2025-06-18 11:19:41.620237,4392.1,42175.0,84919.0
2025-06-18 11:19:42.719393,4392.1,42176.0,84932.0
2025-06-18 11:19:43.720155,4392.1,42173.0,84936.0
2025-06-18 11:19:44.218036,4392.1,42173.0,84936.0
2025-06-18 11:19:44.720417,4392.1,42171.0,84917.0
2025-06-18 11:19:45.721107,4392.1,42173.0,84913.0
2025-06-18 11:19:46.206046,4393.2,42173.0,84913.0
2025-06-18 11:19:46.720185,4393.2,42164.0,84904.0
2025-06-18 11:19:47.720555,4393.2,42256.0,84903.0
2025-06-18 11:19:48.728498,4392.1,42253.0,84919.0
2025-06-18 11:19:49.242597,4392.1,42253.0,84919.0
2025-06-18 11:19:49.723730,4392.1,42279.0,84924.0
2025-06-18 11:19:50.722831,4392.1,42278.0,84931.0
2025-06-18 11:19:51.722447,4392.1,42278.0,84933.0
2025-06-18 11:19:52.725245,4392.1,42278.0,84938.0
2025-06-18 11:19:53.727091,4392.1,42271.0,84953.0
2025-06-18 11:19:54.728347,4392.1,42288.0,84957.0
2025-06-18 11:19:55.834350,4391.5,41361.0,85794.0
2025-06-18 11:19:56.205869,4390.9,41361.0,85794.0
2025-06-18 11:19:57.015525,4390.9,41637.0,85873.0
2025-06-18 11:19:57.731136,4390.9,41616.0,85883.0
2025-06-18 11:19:58.212363,4390.4,41616.0,85883.0
2025-06-18 11:20:00.435394,4390.4,41578.0,85925.0
2025-06-18 11:20:00.514064,4390.4,40279.0,85916.0
2025-06-18 11:20:01.533809,4390.4,40235.0,85678.0
2025-06-18 11:20:06.440707,4390.4,41639.0,85695.0
2025-06-18 11:20:07.213563,4390.0,41639.0,85695.0
2025-06-18 11:20:11.149408,4388.3,41365.0,85938.0
2025-06-18 11:20:11.215088,4388.3,41365.0,85938.0
2025-06-18 11:20:12.212169,4388.3,41365.0,85938.0
2025-06-18 11:20:15.211498,4390.9,41365.0,85938.0
2025-06-18 11:20:15.846203,4390.9,40545.0,84953.0
2025-06-18 11:20:17.212004,4389.8,40545.0,84953.0
2025-06-18 11:20:18.221118,4389.4,40545.0,84953.0
2025-06-18 11:20:19.242880,4389.9,40545.0,84953.0
2025-06-18 11:20:20.451830,4389.9,41653.0,85357.0
2025-06-18 11:20:21.235406,4389.1,41653.0,85357.0
2025-06-18 11:20:25.756964,4389.1,40083.0,85431.0
2025-06-18 11:20:27.216907,4389.9,40083.0,85431.0
2025-06-18 11:20:30.663099,4389.9,41567.0,85634.0
2025-06-18 11:20:35.214512,4389.9,41567.0,85634.0
2025-06-18 11:20:35.666140,4389.9,41449.0,85738.0
2025-06-18 11:20:40.223796,4389.9,41449.0,85738.0
2025-06-18 11:20:40.566433,4389.9,41764.0,85763.0
2025-06-18 11:20:44.215772,4389.9,41764.0,85763.0
2025-06-18 11:20:45.370932,4389.9,42333.0,85766.0
2025-06-18 11:20:50.373412,4389.9,41595.0,85733.0
2025-06-18 11:20:51.226395,4389.9,41595.0,85733.0
2025-06-18 11:20:52.211094,4389.9,41595.0,85733.0
2025-06-18 11:20:53.218762,4390.9,41595.0,85733.0
2025-06-18 11:20:55.476166,4390.9,40421.0,85658.0
2025-06-18 11:20:56.254073,4391.2,40421.0,85658.0
2025-06-18 11:20:57.220950,4391.2,40421.0,85658.0
2025-06-18 11:21:00.375027,4391.2,41556.0,85674.0
2025-06-18 11:21:01.274367,4391.2,41845.0,85696.0
2025-06-18 11:21:05.380922,4391.2,41796.0,85606.0
2025-06-18 11:21:06.677305,4391.2,41219.0,85588.0
2025-06-18 11:21:07.779308,4391.2,41841.0,85669.0
2025-06-18 11:21:08.210412,4391.0,41841.0,85669.0
2025-06-18 11:21:08.781489,4391.0,40503.0,85678.0
2025-06-18 11:21:09.782710,4391.0,41872.0,85693.0
2025-06-18 11:21:10.781459,4391.0,41595.0,85696.0
2025-06-18 11:21:11.886113,4391.0,41911.0,85565.0
2025-06-18 11:21:12.986492,4389.2,41744.0,85700.0
2025-06-18 11:21:13.245196,4389.2,41744.0,85700.0
2025-06-18 11:21:14.090982,4389.2,41860.0,85741.0
2025-06-18 11:21:14.985967,4389.2,41901.0,85797.0
2025-06-18 11:21:15.987041,4389.2,40399.0,85806.0
2025-06-18 11:21:17.092347,4389.2,41780.0,85913.0
2025-06-18 11:21:18.190626,4389.2,41778.0,85688.0
2025-06-18 11:21:19.092092,4389.2,41765.0,85884.0
2025-06-18 11:21:20.093770,4389.2,41864.0,85676.0
2025-06-18 11:21:21.092125,4389.2,41874.0,85609.0
2025-06-18 11:21:22.187193,4389.2,41877.0,85768.0
2025-06-18 11:21:23.189025,4389.2,41727.0,85691.0
2025-06-18 11:21:24.091970,4389.2,41878.0,85840.0
2025-06-18 11:21:25.190449,4389.2,41730.0,85846.0
2025-06-18 11:21:26.289793,4389.2,41725.0,85640.0
2025-06-18 11:21:27.294691,4390.0,40265.0,86037.0
2025-06-18 11:21:28.210030,4389.9,40265.0,86037.0
2025-06-18 11:21:28.290818,4389.9,41762.0,85899.0
2025-06-18 11:21:29.291752,4389.9,41760.0,85907.0
2025-06-18 11:21:30.390033,4389.9,40206.0,85925.0
2025-06-18 11:21:31.491909,4389.9,41655.0,85953.0
2025-06-18 11:21:32.492803,4389.9,41709.0,85979.0
2025-06-18 11:21:33.492369,4389.9,41718.0,85960.0
2025-06-18 11:21:34.395357,4389.9,41567.0,85965.0
2025-06-18 11:21:35.495685,4389.9,41707.0,85987.0
2025-06-18 11:21:36.675916,4389.9,41107.0,85901.0
2025-06-18 11:21:37.697854,4389.9,41406.0,85987.0
2025-06-18 11:21:38.796922,4387.9,41117.0,86551.0
2025-06-18 11:21:39.241409,4387.9,41117.0,86551.0
2025-06-18 11:21:39.697718,4387.9,41104.0,86587.0
2025-06-18 11:21:40.699001,4387.9,41119.0,86586.0
2025-06-18 11:21:41.703469,4387.9,41116.0,86607.0
2025-06-18 11:21:42.700578,4387.9,41116.0,86472.0
2025-06-18 11:21:43.611229,4387.9,41042.0,86601.0
2025-06-18 11:21:44.216287,4387.9,41042.0,86601.0
2025-06-18 11:21:44.701947,4387.9,41033.0,86736.0
2025-06-18 11:21:45.210984,4387.4,41033.0,86736.0
2025-06-18 11:21:45.702504,4387.4,40880.0,86887.0
2025-06-18 11:21:46.702032,4387.0,40868.0,86940.0
2025-06-18 11:21:47.228997,4387.0,40868.0,86940.0
2025-06-18 11:21:47.802566,4387.0,40864.0,86941.0
2025-06-18 11:21:48.801059,4387.0,40861.0,86935.0
2025-06-18 11:21:49.088795,4387.0,40861.0,86935.0
2025-06-18 11:21:49.213279,4387.4,40861.0,86935.0
2025-06-18 11:21:49.902998,4387.4,40868.0,86791.0
2025-06-18 11:21:50.223246,4387.4,40868.0,86791.0
2025-06-18 11:21:50.903338,4387.4,40824.0,86822.0
2025-06-18 11:21:51.060744,4387.4,40824.0,86822.0
2025-06-18 11:21:51.250520,4386.0,40824.0,86822.0
2025-06-18 11:21:52.577369,4386.0,40277.0,86998.0
2025-06-18 11:21:52.589157,4386.0,40277.0,86998.0
2025-06-18 11:21:52.592771,4386.0,40277.0,86998.0
2025-06-18 11:21:52.857952,4386.0,40277.0,86998.0
2025-06-18 11:21:52.904655,4386.0,40323.0,86933.0
2025-06-18 11:21:53.692840,4386.0,40323.0,86933.0
2025-06-18 11:21:53.906521,4386.0,40410.0,86726.0
2025-06-18 11:21:54.672992,4386.0,40410.0,86726.0
2025-06-18 11:21:54.907705,4386.0,39085.0,86888.0
2025-06-18 11:21:55.218212,4386.0,39085.0,86888.0
2025-06-18 11:21:55.909166,4386.0,40413.0,86886.0
2025-06-18 11:21:56.135719,4386.0,40413.0,86886.0
2025-06-18 11:21:56.910788,4386.0,40588.0,86972.0
2025-06-18 11:21:57.368227,4386.0,40588.0,86972.0
2025-06-18 11:21:57.911076,4386.0,40623.0,86952.0
2025-06-18 11:21:58.708053,4386.0,40623.0,86952.0
2025-06-18 11:21:58.912754,4386.0,40623.0,86952.0
2025-06-18 11:21:59.516324,4386.0,40623.0,86952.0
2025-06-18 11:21:59.911731,4386.0,40624.0,86952.0
2025-06-18 11:22:00.915248,4386.0,40624.0,86952.0
2025-06-18 11:22:02.020616,4386.0,40624.0,86952.0
2025-06-18 11:22:02.223846,4386.0,40619.0,86947.0
2025-06-18 11:22:03.217989,4386.0,40619.0,86947.0
2025-06-18 11:22:03.225343,4386.0,40568.0,87001.0
2025-06-18 11:22:03.400674,4386.0,40568.0,87001.0
2025-06-18 11:22:05.186816,4386.0,40596.0,87002.0
2025-06-18 11:22:05.228040,4386.0,40596.0,87002.0
2025-06-18 11:22:05.315901,4386.0,40560.0,86978.0
2025-06-18 11:22:06.517108,4386.0,40589.0,86979.0
2025-06-18 11:22:07.654693,4386.0,40589.0,86955.0
2025-06-18 11:22:08.552942,4386.0,40567.0,86956.0
2025-06-18 11:22:09.630401,4386.0,40543.0,86962.0
2025-06-18 11:22:10.643982,4386.0,39876.0,87129.0
2025-06-18 11:22:11.633047,4386.0,39769.0,87192.0
2025-06-18 11:22:12.634044,4386.0,39735.0,87179.0
2025-06-18 11:22:13.718308,4386.0,39776.0,87128.0
2025-06-18 11:22:14.218299,4386.0,39776.0,87128.0
2025-06-18 11:22:14.720726,4386.0,39758.0,87148.0
2025-06-18 11:22:15.822152,4386.0,39771.0,87148.0
2025-06-18 11:22:17.323593,4386.0,40252.0,87109.0
2025-06-18 11:22:18.218519,4387.1,40252.0,87109.0
2025-06-18 11:22:18.326205,4387.1,40398.0,87121.0
2025-06-18 11:22:19.362224,4387.1,40415.0,87101.0
2025-06-18 11:22:20.217277,4386.0,40415.0,87101.0
2025-06-18 11:22:20.327674,4386.0,40390.0,87157.0
2025-06-18 11:22:21.328090,4386.0,40392.0,87166.0
2025-06-18 11:22:22.328250,4386.0,40442.0,87166.0
2025-06-18 11:22:23.255097,4386.0,39972.0,86831.0
2025-06-18 11:22:24.219398,4386.0,39972.0,86831.0
2025-06-18 11:22:24.260861,4386.0,40296.0,87086.0
2025-06-18 11:22:25.234609,4386.0,40148.0,86920.0
2025-06-18 11:22:26.328709,4386.0,39859.0,87074.0
2025-06-18 11:22:27.430663,4386.0,40434.0,87061.0
2025-06-18 11:22:28.242790,4387.1,40434.0,87061.0
2025-06-18 11:22:28.431807,4387.1,40278.0,86876.0
2025-06-18 11:22:29.217706,4386.0,40278.0,86876.0
2025-06-18 11:22:29.429715,4386.0,40431.0,86913.0
2025-06-18 11:22:30.532694,4386.0,40263.0,87006.0
2025-06-18 11:22:32.246077,4386.5,40263.0,87006.0
2025-06-18 11:22:32.273373,4386.5,39322.0,86839.0
2025-06-18 11:22:33.253722,4386.5,40691.0,86860.0
2025-06-18 11:22:34.333340,4386.5,40527.0,86729.0
2025-06-18 11:22:35.332598,4386.5,40665.0,86856.0
2025-06-18 11:22:36.335968,4386.5,39205.0,86887.0
2025-06-18 11:22:37.217606,4386.5,39205.0,86887.0
2025-06-18 11:22:37.335772,4386.5,40437.0,86729.0
2025-06-18 11:22:38.336797,4386.5,39067.0,86653.0
2025-06-18 11:22:39.337777,4386.5,40574.0,86818.0
2025-06-18 11:22:40.220291,4386.4,40574.0,86818.0
2025-06-18 11:22:40.391991,4386.4,40599.0,86935.0
2025-06-18 11:22:41.338540,4386.4,40601.0,86858.0
2025-06-18 11:22:42.339802,4386.4,40664.0,86768.0
2025-06-18 11:22:43.218511,4387.1,40664.0,86768.0
2025-06-18 11:22:43.340925,4386.4,41254.0,86647.0
2025-06-18 11:22:45.129306,4387.2,41254.0,86647.0
2025-06-18 11:22:45.185746,4387.2,41413.0,86541.0
2025-06-18 11:22:45.342669,4387.2,41071.0,86573.0
2025-06-18 11:22:46.227163,4387.0,41071.0,86573.0
2025-06-18 11:22:46.342029,4387.0,40820.0,86488.0
2025-06-18 11:22:47.440346,4387.2,41147.0,86467.0
2025-06-18 11:22:48.226469,4386.9,41147.0,86467.0
2025-06-18 11:22:48.443771,4386.9,40979.0,86539.0
2025-06-18 11:22:49.345778,4387.9,41076.0,86528.0
2025-06-18 11:22:50.224035,4387.9,41076.0,86528.0
2025-06-18 11:22:50.345790,4387.9,39518.0,86377.0
2025-06-18 11:22:51.348642,4387.9,40691.0,86539.0
2025-06-18 11:22:52.350189,4387.9,40827.0,86568.0
2025-06-18 11:22:53.350208,4387.9,39629.0,86569.0
2025-06-18 11:22:54.461296,4387.9,40525.0,86582.0
2025-06-18 11:22:55.553228,4387.9,40914.0,86494.0
2025-06-18 11:22:56.215975,4387.9,40914.0,86494.0
2025-06-18 11:22:56.555067,4387.9,39431.0,86618.0
2025-06-18 11:22:57.706141,4387.9,40285.0,86428.0
2025-06-18 11:22:58.694452,4387.9,39376.0,86486.0
2025-06-18 11:22:59.694336,4387.9,40278.0,86583.0
2025-06-18 11:23:00.684706,4388.7,40428.0,86425.0
2025-06-18 11:23:01.219294,4388.7,40428.0,86425.0
2025-06-18 11:23:02.054750,4388.7,39052.0,86566.0
2025-06-18 11:23:03.052177,4388.7,40553.0,86577.0
2025-06-18 11:23:03.953290,4388.7,40566.0,86582.0
2025-06-18 11:23:05.053090,4387.1,40261.0,86815.0
2025-06-18 11:23:05.218077,4387.1,40261.0,86815.0
2025-06-18 11:23:06.167158,4387.1,40382.0,86925.0
2025-06-18 11:23:07.253748,4387.1,40246.0,86806.0
2025-06-18 11:23:08.255902,4387.1,39957.0,86869.0
2025-06-18 11:23:09.253086,4387.1,40077.0,86905.0
2025-06-18 11:23:10.255676,4387.1,38871.0,86864.0
2025-06-18 11:23:11.354721,4387.1,40062.0,86988.0
2025-06-18 11:23:12.568978,4387.2,40062.0,86988.0
2025-06-18 11:23:12.580006,4387.2,39694.0,87110.0
2025-06-18 11:23:13.355319,4387.2,39684.0,87126.0
2025-06-18 11:23:14.455932,4387.2,39600.0,87274.0
2025-06-18 11:23:15.557326,4387.2,39393.0,87213.0
2025-06-18 11:23:16.673370,4387.2,39840.0,87248.0
2025-06-18 11:23:17.760981,4387.2,39383.0,87118.0
2025-06-18 11:23:18.219100,4386.7,39383.0,87118.0
2025-06-18 11:23:18.761910,4386.7,39422.0,87192.0
2025-06-18 11:23:19.760767,4386.7,39422.0,87192.0
2025-06-18 11:23:20.868171,4386.7,39393.0,87225.0
2025-06-18 11:23:21.962590,4386.7,39395.0,87206.0
2025-06-18 11:23:22.221594,4383.9,39395.0,87206.0
2025-06-18 11:23:22.961122,4383.9,37855.0,87683.0
2025-06-18 11:23:23.220509,4383.0,37855.0,87683.0
2025-06-18 11:23:23.862773,4383.0,37858.0,87938.0
2025-06-18 11:23:24.220812,4381.4,37858.0,87938.0
2025-06-18 11:23:24.964687,4381.9,38337.0,87907.0
2025-06-18 11:23:25.220743,4382.4,38337.0,87907.0
2025-06-18 11:23:25.872125,4382.5,39049.0,87540.0
2025-06-18 11:23:26.219875,4382.5,39049.0,87540.0
2025-06-18 11:23:26.975500,4382.5,38760.0,87669.0
2025-06-18 11:23:27.222217,4382.5,38760.0,87669.0
2025-06-18 11:23:28.071968,4382.5,38762.0,87625.0
2025-06-18 11:23:29.072533,4382.5,39132.0,87237.0
2025-06-18 11:23:30.071844,4382.5,38834.0,87264.0
2025-06-18 11:23:30.223213,4383.7,38834.0,87264.0
2025-06-18 11:23:31.236078,4382.2,37956.0,87140.0
2025-06-18 11:23:31.237577,4382.2,37956.0,87140.0
2025-06-18 11:23:32.185699,4382.2,38975.0,87235.0
2025-06-18 11:23:33.184901,4382.2,37784.0,87082.0
2025-06-18 11:23:34.186485,4382.2,39290.0,87212.0
2025-06-18 11:23:35.076497,4383.7,37699.0,87249.0
2025-06-18 11:23:35.226150,4383.7,37699.0,87249.0
2025-06-18 11:23:36.076119,4383.7,38933.0,87239.0
2025-06-18 11:23:36.230097,4383.7,38933.0,87239.0
2025-06-18 11:23:37.077228,4383.7,38952.0,87249.0
2025-06-18 11:23:38.079081,4383.7,38951.0,87244.0
2025-06-18 11:23:39.081715,4383.7,37659.0,87174.0
2025-06-18 11:23:40.079636,4382.3,38997.0,87215.0
2025-06-18 11:23:40.224768,4382.3,38997.0,87215.0
2025-06-18 11:23:41.193310,4382.3,38952.0,87124.0
2025-06-18 11:23:42.211504,4382.3,38786.0,87239.0
2025-06-18 11:23:43.193077,4382.2,38958.0,87240.0
2025-06-18 11:23:43.225253,4382.2,38958.0,87240.0
2025-06-18 11:23:44.248761,4382.2,38976.0,87159.0
2025-06-18 11:23:44.250105,4382.2,38976.0,87159.0
2025-06-18 11:23:45.080353,4382.2,37656.0,87189.0
2025-06-18 11:23:46.079843,4382.2,37668.0,87156.0
2025-06-18 11:23:47.080702,4382.2,39158.0,87239.0
2025-06-18 11:23:49.296999,4382.2,37682.0,87188.0
2025-06-18 11:23:49.346103,4382.2,37668.0,87197.0
2025-06-18 11:23:50.081888,4382.2,39172.0,87203.0
2025-06-18 11:23:51.083471,4382.2,37673.0,87203.0
2025-06-18 11:23:52.085063,4382.2,39266.0,87115.0
2025-06-18 11:23:52.229514,4383.2,39266.0,87115.0
2025-06-18 11:23:53.227532,4383.2,39293.0,86934.0
2025-06-18 11:23:54.088200,4383.2,39293.0,86953.0
2025-06-18 11:23:55.086148,4383.2,39263.0,87024.0
2025-06-18 11:23:56.284940,4383.2,37361.0,87297.0
2025-06-18 11:23:57.231019,4380.6,37361.0,87297.0
2025-06-18 11:23:57.385887,4380.6,38719.0,87533.0
2025-06-18 11:23:58.251452,4382.5,38719.0,87533.0
2025-06-18 11:23:58.485136,4382.5,38150.0,87228.0
2025-06-18 11:23:59.386276,4380.7,38752.0,87174.0
2025-06-18 11:24:00.230903,4380.7,38752.0,87174.0
2025-06-18 11:24:00.386568,4380.7,38914.0,87198.0
2025-06-18 11:24:01.588933,4380.7,38820.0,87214.0
2025-06-18 11:24:02.590657,4380.7,38462.0,87214.0
2025-06-18 11:24:03.692949,4380.7,38319.0,87243.0
2025-06-18 11:24:04.234130,4380.6,38319.0,87243.0
2025-06-18 11:24:04.593979,4380.6,39039.0,87236.0
2025-06-18 11:24:05.700048,4380.7,39064.0,87279.0
2025-06-18 11:24:06.268083,4385.0,39064.0,87279.0
2025-06-18 11:24:06.803820,4385.6,40460.0,85469.0
2025-06-18 11:24:07.231745,4385.5,40460.0,85469.0
2025-06-18 11:24:07.894933,4386.5,40447.0,85338.0
2025-06-18 11:24:08.229992,4387.1,40447.0,85338.0
2025-06-18 11:24:08.999636,4387.1,39282.0,85266.0
2025-06-18 11:24:10.097609,4387.1,40736.0,85380.0
2025-06-18 11:24:11.211680,4387.1,40780.0,85284.0
2025-06-18 11:24:12.242208,4390.0,40780.0,85284.0
2025-06-18 11:24:12.297352,4390.0,40966.0,85255.0
2025-06-18 11:24:13.299605,4390.0,40915.0,85471.0
2025-06-18 11:24:14.236078,4386.8,40915.0,85471.0
2025-06-18 11:24:14.302067,4386.8,38855.0,86206.0
2025-06-18 11:24:17.075586,4386.8,40204.0,86364.0
2025-06-18 11:24:17.286465,4386.8,40194.0,86365.0
2025-06-18 11:24:17.362775,4386.8,40124.0,86267.0
2025-06-18 11:24:18.383841,4386.8,40121.0,86436.0
2025-06-18 11:24:19.301348,4386.8,38917.0,86437.0
2025-06-18 11:24:20.402222,4386.8,38903.0,86451.0
2025-06-18 11:24:21.400683,4386.8,38939.0,86289.0
2025-06-18 11:24:22.410704,4386.8,38681.0,86595.0
2025-06-18 11:24:23.501184,4384.1,40124.0,86486.0
2025-06-18 11:24:24.236370,4384.4,40124.0,86486.0
2025-06-18 11:24:24.499848,4384.4,40209.0,86800.0
2025-06-18 11:24:25.502479,4384.4,39578.0,86843.0
2025-06-18 11:24:26.500559,4384.4,39955.0,86825.0
2025-06-18 11:24:27.228671,4383.6,39955.0,86825.0
2025-06-18 11:24:27.500092,4383.6,39791.0,86946.0
2025-06-18 11:24:28.502514,4383.6,40882.0,87079.0
2025-06-18 11:24:29.602297,4383.6,40719.0,87081.0
2025-06-18 11:24:30.620455,4383.6,40800.0,87032.0
2025-06-18 11:24:31.708055,4383.6,39311.0,86993.0
2025-06-18 11:24:32.803737,4383.6,39186.0,87058.0
2025-06-18 11:24:33.275057,4383.6,39186.0,87058.0
2025-06-18 11:24:33.806217,4383.6,40671.0,87037.0
2025-06-18 11:24:34.805605,4383.6,39206.0,86826.0
2025-06-18 11:24:35.906056,4383.6,40715.0,87021.0
2025-06-18 11:24:37.007662,4383.6,40481.0,86799.0
2025-06-18 11:24:37.258484,4383.6,40481.0,86799.0
2025-06-18 11:24:38.108376,4385.9,41375.0,86220.0
2025-06-18 11:24:38.245091,4385.9,41375.0,86220.0
2025-06-18 11:24:39.109503,4385.9,41350.0,86158.0
2025-06-18 11:24:40.207152,4385.9,41235.0,86240.0
2025-06-18 11:24:41.305979,4385.9,39767.0,86224.0
2025-06-18 11:24:42.408677,4385.9,41257.0,86142.0
2025-06-18 11:24:43.409532,4384.2,39812.0,86178.0
2025-06-18 11:24:44.232723,4384.2,39812.0,86178.0
2025-06-18 11:24:44.409167,4384.2,39880.0,86189.0
2025-06-18 11:24:45.510715,4384.2,41316.0,86311.0
2025-06-18 11:24:46.609884,4384.2,40731.0,86189.0
2025-06-18 11:24:47.710020,4383.8,41366.0,86260.0
2025-06-18 11:24:48.224802,4383.8,41366.0,86260.0
2025-06-18 11:24:49.407939,4383.8,39717.0,86267.0
2025-06-18 11:24:49.520177,4383.8,39717.0,86267.0
2025-06-18 11:24:49.920727,4383.8,41015.0,86399.0
2025-06-18 11:24:50.605499,4383.8,41015.0,86399.0
2025-06-18 11:24:51.016465,4384.7,40344.0,86409.0
2025-06-18 11:24:51.248310,4384.7,40344.0,86409.0
2025-06-18 11:24:51.512754,4384.7,40344.0,86409.0
2025-06-18 11:24:52.117022,4383.4,40450.0,86379.0
2025-06-18 11:24:52.224700,4383.4,40450.0,86379.0
2025-06-18 11:24:52.448945,4383.4,40450.0,86379.0
2025-06-18 11:24:53.218350,4383.4,40981.0,86366.0
2025-06-18 11:24:53.275312,4383.4,40981.0,86366.0
2025-06-18 11:24:54.062110,4383.4,40981.0,86366.0
2025-06-18 11:24:54.119167,4383.4,39480.0,86426.0
2025-06-18 11:24:55.073294,4383.4,39480.0,86426.0
2025-06-18 11:24:55.307615,4383.4,40908.0,86434.0
2025-06-18 11:24:55.654030,4383.4,40908.0,86434.0
2025-06-18 11:24:56.058410,4383.4,40908.0,86434.0
2025-06-18 11:24:56.219892,4383.4,40893.0,86456.0
2025-06-18 11:24:56.532651,4383.4,40893.0,86456.0
2025-06-18 11:24:57.224088,4385.3,40893.0,86456.0
2025-06-18 11:24:57.318915,4385.3,41060.0,86296.0
2025-06-18 11:24:57.792861,4385.3,41060.0,86296.0
2025-06-18 11:24:58.320179,4385.3,40421.0,86346.0
2025-06-18 11:24:59.041698,4385.3,40421.0,86346.0
2025-06-18 11:24:59.422143,4385.3,40820.0,86347.0
2025-06-18 11:24:59.910781,4385.3,40820.0,86347.0
2025-06-18 11:25:00.520434,4385.3,40791.0,86385.0
2025-06-18 11:25:01.287775,4385.3,40791.0,86385.0
2025-06-18 11:25:02.246197,4385.3,39319.0,86544.0
2025-06-18 11:25:02.424673,4385.3,39319.0,86544.0
2025-06-18 11:25:03.129033,4384.0,40850.0,86384.0
2025-06-18 11:25:03.223613,4384.0,40850.0,86384.0
2025-06-18 11:25:03.552461,4384.0,40850.0,86384.0
2025-06-18 11:25:04.125286,4384.0,40984.0,86509.0
2025-06-18 11:25:05.021171,4384.0,40984.0,86509.0
2025-06-18 11:25:05.028099,4384.0,40953.0,86548.0
2025-06-18 11:25:05.940949,4384.0,40963.0,86554.0
2025-06-18 11:25:06.222340,4384.0,40963.0,86554.0
2025-06-18 11:25:06.826749,4384.0,40664.0,86546.0
2025-06-18 11:25:07.224458,4382.5,40664.0,86546.0
2025-06-18 11:25:07.727502,4382.5,39037.0,86665.0
2025-06-18 11:25:08.632224,4381.7,40595.0,86644.0
2025-06-18 11:25:09.222610,4381.7,40595.0,86644.0
2025-06-18 11:25:09.728527,4381.7,40581.0,86494.0
2025-06-18 11:25:10.632107,4383.4,40581.0,86613.0
2025-06-18 11:25:11.262136,4383.4,40581.0,86613.0
2025-06-18 11:25:11.530699,4383.4,40594.0,86618.0
2025-06-18 11:25:12.430053,4383.4,40780.0,86486.0
2025-06-18 11:25:13.331559,4383.4,40851.0,86395.0
2025-06-18 11:25:14.331036,4383.4,39193.0,86366.0
2025-06-18 11:25:15.222674,4385.1,39193.0,86366.0
2025-06-18 11:25:15.235027,4385.1,41069.0,86233.0
2025-06-18 11:25:16.138078,4385.1,41224.0,86119.0
2025-06-18 11:25:17.032776,4385.1,41241.0,86107.0
2025-06-18 11:25:17.942917,4385.1,41240.0,85991.0
2025-06-18 11:25:18.832912,4384.5,41259.0,86160.0
2025-06-18 11:25:19.221510,4384.5,41259.0,86160.0
2025-06-18 11:25:19.733347,4384.5,41135.0,86046.0
2025-06-18 11:25:20.834417,4384.5,41166.0,86224.0
2025-06-18 11:25:21.733831,4384.5,41135.0,86265.0
2025-06-18 11:25:22.736025,4384.5,41140.0,86261.0
2025-06-18 11:25:23.736757,4384.5,41143.0,86292.0
2025-06-18 11:25:24.737607,4384.5,39578.0,86283.0
2025-06-18 11:25:25.741812,4384.5,41058.0,86316.0
2025-06-18 11:25:26.745761,4385.1,41014.0,86312.0
2025-06-18 11:25:27.224890,4383.5,41014.0,86312.0
2025-06-18 11:25:27.805848,4383.5,40998.0,86207.0
2025-06-18 11:25:28.795596,4383.5,41090.0,86300.0
2025-06-18 11:25:29.742204,4383.5,41031.0,86337.0
2025-06-18 11:25:30.741566,4383.5,40569.0,86454.0
2025-06-18 11:25:31.738399,4383.5,39352.0,86250.0
2025-06-18 11:25:32.797230,4383.5,39371.0,86396.0
2025-06-18 11:25:33.749396,4383.5,39383.0,86265.0
2025-06-18 11:25:34.645839,4383.5,40762.0,86414.0
2025-06-18 11:25:35.749494,4381.9,40539.0,86419.0
2025-06-18 11:25:36.221809,4381.9,40539.0,86419.0
2025-06-18 11:25:36.742382,4381.9,40764.0,86551.0
2025-06-18 11:25:37.742838,4381.9,40782.0,86573.0
2025-06-18 11:25:39.903906,4381.9,40789.0,86540.0
2025-06-18 11:25:39.942131,4381.9,40751.0,86552.0
2025-06-18 11:25:40.744043,4381.9,40726.0,86570.0
2025-06-18 11:25:41.845022,4384.5,39323.0,87309.0
2025-06-18 11:25:42.223715,4384.5,39323.0,87309.0
2025-06-18 11:25:42.944042,4384.5,39322.0,87506.0
2025-06-18 11:25:44.045427,4384.5,40738.0,87381.0
2025-06-18 11:25:45.154445,4384.5,40707.0,87563.0
2025-06-18 11:25:46.251917,4384.5,40700.0,87536.0
2025-06-18 11:25:47.347884,4384.5,40722.0,87519.0
2025-06-18 11:25:48.448443,4384.5,40769.0,87508.0
2025-06-18 11:25:49.448310,4384.5,40769.0,87511.0
2025-06-18 11:25:50.548724,4384.5,40785.0,87519.0
2025-06-18 11:25:51.552632,4384.5,40779.0,87544.0
2025-06-18 11:25:52.548727,4384.5,40773.0,87545.0
2025-06-18 11:25:53.765024,4384.5,40783.0,87537.0
2025-06-18 11:25:54.656769,4384.5,40851.0,87374.0
2025-06-18 11:25:55.228848,4386.2,40851.0,87374.0
2025-06-18 11:25:55.748222,4386.2,39509.0,87283.0
2025-06-18 11:25:56.749513,4386.2,39542.0,87104.0
2025-06-18 11:25:57.749133,4386.2,41086.0,87235.0
2025-06-18 11:25:58.229198,4384.2,41086.0,87235.0
2025-06-18 11:25:58.852114,4384.2,41044.0,87215.0
2025-06-18 11:25:59.221209,4384.2,41044.0,87215.0
2025-06-18 11:25:59.852924,4383.7,40991.0,87278.0
2025-06-18 11:26:00.228921,4383.7,40991.0,87278.0
2025-06-18 11:26:00.851498,4383.7,40867.0,87305.0
2025-06-18 11:26:02.056886,4383.7,40973.0,87339.0
2025-06-18 11:26:03.190301,4383.7,40796.0,87372.0
2025-06-18 11:26:04.252512,4383.7,40781.0,87401.0
2025-06-18 11:26:05.183034,4384.0,40788.0,87412.0
2025-06-18 11:26:05.231901,4384.0,40788.0,87412.0
2025-06-18 11:26:06.180037,4384.0,40789.0,87413.0
2025-06-18 11:26:07.162967,4383.0,40788.0,87413.0
2025-06-18 11:26:07.225401,4383.0,40788.0,87413.0
2025-06-18 11:26:08.233695,4384.0,40788.0,87413.0
2025-06-18 11:26:08.265115,4384.0,40791.0,87351.0
2025-06-18 11:26:09.355787,4384.0,40789.0,87363.0
2025-06-18 11:26:10.360469,4384.0,40777.0,87363.0
2025-06-18 11:26:11.436871,4384.0,40774.0,87384.0
2025-06-18 11:26:12.228281,4382.4,40774.0,87384.0
2025-06-18 11:26:12.359949,4382.4,40785.0,87451.0
2025-06-18 11:26:13.462234,4382.4,40794.0,87380.0
2025-06-18 11:26:14.562846,4382.4,40680.0,87562.0
2025-06-18 11:26:15.565209,4382.4,40672.0,87578.0
2025-06-18 11:26:16.563315,4382.4,40696.0,87537.0
2025-06-18 11:26:17.569650,4382.4,40654.0,87540.0
2025-06-18 11:26:18.566112,4382.4,40703.0,87517.0
2025-06-18 11:26:19.234959,4383.5,40703.0,87517.0
2025-06-18 11:26:19.565815,4383.5,40672.0,87478.0
2025-06-18 11:26:20.445221,4381.9,40672.0,87478.0
2025-06-18 11:26:20.467958,4381.9,40677.0,87508.0
2025-06-18 11:26:21.566949,4381.9,40641.0,87520.0
2025-06-18 11:26:22.568101,4381.9,40652.0,87528.0
2025-06-18 11:26:24.066846,4381.9,40653.0,87527.0
2025-06-18 11:26:24.968089,4381.9,40670.0,87486.0
2025-06-18 11:26:25.969667,4383.5,40828.0,87380.0
2025-06-18 11:26:26.251787,4383.5,40828.0,87380.0
2025-06-18 11:26:26.968549,4383.5,41058.0,87328.0
2025-06-18 11:26:27.975322,4383.5,41102.0,87358.0
2025-06-18 11:26:28.969915,4383.5,41161.0,87377.0
2025-06-18 11:26:29.870164,4383.5,41098.0,87400.0
2025-06-18 11:26:30.872857,4383.5,41013.0,87407.0
2025-06-18 11:26:31.870971,4383.5,41002.0,87400.0
2025-06-18 11:26:32.225930,4383.5,41002.0,87400.0
2025-06-18 11:26:32.874043,4383.5,41010.0,87401.0
2025-06-18 11:26:33.874281,4383.5,40993.0,87401.0
2025-06-18 11:26:35.983654,4383.5,40999.0,87470.0
2025-06-18 11:26:37.078047,4383.5,41011.0,87534.0
2025-06-18 11:26:38.077125,4383.5,41004.0,87509.0
2025-06-18 11:26:39.235737,4384.0,41213.0,87211.0
2025-06-18 11:26:39.237948,4384.0,41213.0,87211.0
2025-06-18 11:26:40.075655,4384.0,41165.0,87246.0
2025-06-18 11:26:41.076113,4384.0,41156.0,87213.0
2025-06-18 11:26:42.189623,4384.0,41126.0,87266.0
2025-06-18 11:26:42.229292,4383.5,41126.0,87266.0
2025-06-18 11:26:43.276378,4383.5,41140.0,87222.0
2025-06-18 11:26:44.277354,4383.5,41170.0,87234.0
2025-06-18 11:26:45.384205,4383.5,41174.0,87237.0
2025-06-18 11:26:46.231346,4383.5,41174.0,87237.0
2025-06-18 11:26:46.479897,4383.5,41173.0,87265.0
2025-06-18 11:26:47.578423,4383.5,41209.0,87256.0
2025-06-18 11:26:48.694244,4383.5,41196.0,87274.0
2025-06-18 11:26:49.231256,4383.5,41196.0,87274.0
2025-06-18 11:26:49.693032,4383.5,40845.0,87437.0
2025-06-18 11:26:50.783901,4383.5,40716.0,87479.0
2025-06-18 11:26:51.885562,4383.5,40774.0,87482.0
2025-06-18 11:26:52.983277,4383.5,40780.0,87459.0
2025-06-18 11:26:54.085026,4383.5,40791.0,87563.0
2025-06-18 11:26:54.987976,4382.0,40788.0,87581.0
2025-06-18 11:26:55.229004,4382.0,40788.0,87581.0
2025-06-18 11:26:56.088834,4382.0,40730.0,87421.0
2025-06-18 11:26:57.200839,4382.0,40785.0,87565.0
2025-06-18 11:26:58.212434,4381.4,40690.0,87457.0
2025-06-18 11:26:58.238482,4381.4,40690.0,87457.0
2025-06-18 11:26:59.200964,4381.4,40678.0,87590.0
2025-06-18 11:27:00.091212,4381.4,40725.0,87356.0
2025-06-18 11:27:05.209650,4381.4,40614.0,87576.0
2025-06-18 11:27:07.259988,4381.7,40614.0,87576.0
2025-06-18 11:27:10.099868,4381.7,40680.0,87333.0
2025-06-18 11:27:13.239682,4383.0,40680.0,87333.0
2025-06-18 11:27:15.002855,4383.0,39115.0,87557.0
2025-06-18 11:27:17.252416,4382.1,39115.0,87557.0
2025-06-18 11:27:20.486284,4382.1,40565.0,87440.0
2025-06-18 11:27:23.287451,4383.0,40565.0,87440.0
2025-06-18 11:27:24.811211,4383.0,40570.0,87646.0
2025-06-18 11:27:29.286941,4381.7,40570.0,87646.0
2025-06-18 11:27:29.720966,4382.1,39254.0,87559.0
2025-06-18 11:27:31.283776,4382.1,39254.0,87559.0
2025-06-18 11:27:35.011564,4383.0,40512.0,87556.0
2025-06-18 11:27:35.257207,4383.0,40512.0,87556.0
2025-06-18 11:27:37.244841,4382.1,40512.0,87556.0
2025-06-18 11:27:40.118301,4382.1,41135.0,87555.0
2025-06-18 11:27:43.244894,4381.6,41135.0,87555.0
2025-06-18 11:27:45.617859,4381.6,40437.0,87657.0
2025-06-18 11:27:49.241562,4381.0,40437.0,87657.0
2025-06-18 11:27:49.950588,4381.0,40437.0,87657.0
2025-06-18 11:27:51.005036,4381.0,40437.0,87657.0
2025-06-18 11:27:51.821902,4382.4,40366.0,87866.0
2025-06-18 11:27:51.920019,4382.4,40366.0,87866.0
2025-06-18 11:27:52.856435,4382.4,40366.0,87866.0
2025-06-18 11:27:53.242337,4382.4,40366.0,87866.0
2025-06-18 11:27:53.765181,4382.4,40366.0,87866.0
2025-06-18 11:27:54.496726,4382.4,40366.0,87866.0
2025-06-18 11:27:55.245193,4381.0,40366.0,87866.0
2025-06-18 11:27:55.516128,4381.0,40366.0,87866.0
2025-06-18 11:27:56.071848,4381.0,40366.0,87866.0
2025-06-18 11:27:57.223791,4380.7,38814.0,88028.0
2025-06-18 11:27:57.242912,4380.7,38814.0,88028.0
2025-06-18 11:27:57.345885,4380.7,38814.0,88028.0
2025-06-18 11:27:58.261547,4380.7,38814.0,88028.0
2025-06-18 11:27:59.236155,4382.2,38814.0,88028.0
2025-06-18 11:27:59.463954,4382.2,38814.0,88028.0
2025-06-18 11:28:00.324311,4382.2,38814.0,88028.0
2025-06-18 11:28:01.233246,4380.7,38814.0,88028.0
2025-06-18 11:28:01.726315,4380.7,38814.0,88028.0
2025-06-18 11:28:01.829209,4380.7,40332.0,88045.0
2025-06-18 11:28:02.858196,4380.7,40332.0,88045.0
2025-06-18 11:28:03.973191,4380.7,40332.0,88045.0
2025-06-18 11:28:05.236946,4382.0,40332.0,88045.0
2025-06-18 11:28:05.608009,4382.0,40332.0,88045.0
2025-06-18 11:28:06.734507,4382.0,40437.0,87908.0
2025-06-18 11:28:11.241864,4380.6,40437.0,87908.0
2025-06-18 11:28:11.432990,4380.6,40397.0,87997.0
2025-06-18 11:28:13.244995,4382.0,40397.0,87997.0
2025-06-18 11:28:15.241738,4382.1,40397.0,87997.0
2025-06-18 11:28:16.242856,4382.1,40341.0,87846.0
2025-06-18 11:28:19.241538,4382.1,40341.0,87846.0
2025-06-18 11:28:21.441979,4382.0,40162.0,87857.0
2025-06-18 11:28:23.244724,4382.0,40162.0,87857.0
2025-06-18 11:28:26.942026,4382.0,40312.0,87637.0
2025-06-18 11:28:27.241444,4382.9,40312.0,87637.0
2025-06-18 11:28:29.244154,4382.3,40312.0,87637.0
2025-06-18 11:28:31.943613,4382.3,40579.0,87486.0
2025-06-18 11:28:36.846701,4382.7,40861.0,87546.0
2025-06-18 11:28:37.244355,4382.7,40861.0,87546.0
2025-06-18 11:28:41.246915,4382.3,40861.0,87546.0
2025-06-18 11:28:41.754421,4382.3,40691.0,87634.0
2025-06-18 11:28:43.239132,4383.7,40691.0,87634.0
2025-06-18 11:28:45.242761,4382.7,40691.0,87634.0
2025-06-18 11:28:46.856696,4382.7,40833.0,87616.0
2025-06-18 11:28:47.340590,4382.3,40833.0,87616.0
2025-06-18 11:28:51.246772,4383.7,40833.0,87616.0
2025-06-18 11:28:51.963507,4383.7,41136.0,87395.0
2025-06-18 11:28:53.240266,4383.2,41136.0,87395.0
2025-06-18 11:28:55.246874,4383.0,41136.0,87395.0
2025-06-18 11:28:56.673257,4383.0,41081.0,87417.0
2025-06-18 11:29:01.364862,4383.0,41074.0,87446.0
2025-06-18 11:29:03.256798,4383.1,41074.0,87446.0
2025-06-18 11:29:05.275305,4383.1,41074.0,87446.0
2025-06-18 11:29:06.065628,4383.1,40916.0,87509.0
2025-06-18 11:29:09.272598,4384.8,40916.0,87509.0
2025-06-18 11:29:11.068224,4384.8,41479.0,86943.0
2025-06-18 11:29:13.249215,4384.8,41479.0,86943.0
2025-06-18 11:29:16.475603,4384.8,41472.0,86951.0
2025-06-18 11:29:21.250617,4384.8,41472.0,86951.0
2025-06-18 11:29:21.914972,4384.8,41446.0,86847.0
2025-06-18 11:29:25.266378,4386.9,41446.0,86847.0
2025-06-18 11:29:27.193796,4386.9,41650.0,86748.0
2025-06-18 11:29:29.242505,4384.9,41650.0,86748.0
2025-06-18 11:29:32.422814,4384.9,41571.0,86783.0
2025-06-18 11:29:37.789650,4384.9,41610.0,86986.0
2025-06-18 11:29:39.246452,4386.3,41610.0,86986.0
2025-06-18 11:29:43.092756,4386.3,41364.0,86994.0
2025-06-18 11:29:47.246784,4386.2,41364.0,86994.0
2025-06-18 11:29:47.899558,4386.2,41216.0,86886.0
2025-06-18 11:29:49.244615,4386.2,41216.0,86886.0
2025-06-18 11:29:52.613886,4386.2,40976.0,86805.0
2025-06-18 11:29:57.258581,4386.2,40976.0,86805.0
2025-06-18 11:29:57.903128,4386.2,40966.0,86893.0
2025-06-18 11:30:03.009307,4386.2,41021.0,86831.0
2025-06-18 11:30:08.308821,4386.2,41540.0,86903.0
2025-06-18 11:30:12.257522,4384.8,41540.0,86903.0
2025-06-18 11:30:13.817877,4384.3,40793.0,87602.0
2025-06-18 11:30:15.252030,4384.3,40793.0,87602.0
2025-06-18 11:30:18.247816,4382.4,40793.0,87602.0
2025-06-18 11:30:19.332700,4382.4,40820.0,87698.0
2025-06-18 11:30:24.820937,4382.4,40823.0,87739.0
2025-06-18 11:30:30.233171,4382.4,40827.0,87679.0
2025-06-18 11:30:35.265429,4382.3,40827.0,87679.0
2025-06-18 11:30:35.322728,4382.3,40752.0,87716.0
2025-06-18 11:30:37.311437,4382.2,40752.0,87716.0
2025-06-18 11:30:40.527562,4382.5,40717.0,87666.0
2025-06-18 11:30:41.256317,4382.5,40717.0,87666.0
2025-06-18 11:30:45.935505,4382.5,40828.0,87385.0
2025-06-18 11:30:49.250752,4383.0,40828.0,87385.0
2025-06-18 11:30:50.346455,4383.0,40828.0,87385.0
2025-06-18 11:30:51.246167,4384.0,39857.0,87220.0
2025-06-18 11:30:51.266556,4384.0,39857.0,87220.0
2025-06-18 11:30:51.428251,4384.0,39857.0,87220.0
2025-06-18 11:30:52.375322,4384.0,39857.0,87220.0
2025-06-18 11:30:53.299746,4384.0,39857.0,87220.0
2025-06-18 11:30:54.170996,4384.0,39857.0,87220.0
2025-06-18 11:30:55.985316,4384.0,39857.0,87220.0
2025-06-18 11:30:56.338054,4384.0,40866.0,87387.0
2025-06-18 11:30:56.555342,4384.0,40866.0,87387.0
2025-06-18 11:30:57.459557,4384.0,40866.0,87387.0
2025-06-18 11:30:58.759537,4384.0,40866.0,87387.0
2025-06-18 11:30:59.293363,4382.9,40866.0,87387.0
2025-06-18 11:30:59.965476,4382.9,40866.0,87387.0
2025-06-18 11:31:00.835517,4382.9,40866.0,87387.0
2025-06-18 11:31:01.146756,4382.9,41309.0,87406.0
2025-06-18 11:31:02.257820,4382.9,41309.0,87406.0
2025-06-18 11:31:03.357083,4382.9,41309.0,87406.0
2025-06-18 11:31:04.497146,4382.9,41309.0,87406.0
2025-06-18 11:31:05.980687,4382.9,41309.0,87406.0
2025-06-18 11:31:06.045545,4382.9,41044.0,87626.0
2025-06-18 11:31:07.267249,4384.3,41044.0,87626.0
2025-06-18 11:31:09.253210,4385.1,41044.0,87626.0
2025-06-18 11:31:11.263871,4384.0,41044.0,87626.0
2025-06-18 11:31:11.299880,4384.0,41237.0,87399.0
2025-06-18 11:31:16.360548,4384.0,41443.0,87369.0
2025-06-18 11:31:19.268750,4384.0,41443.0,87369.0
2025-06-18 11:31:21.260589,4384.8,41443.0,87369.0
2025-06-18 11:31:21.564576,4384.8,41154.0,87318.0
2025-06-18 11:31:27.066916,4382.5,41025.0,87397.0
2025-06-18 11:31:27.256808,4382.5,41025.0,87397.0
2025-06-18 11:31:29.484860,4383.0,41025.0,87397.0
2025-06-18 11:31:31.261773,4383.1,41025.0,87397.0
2025-06-18 11:31:32.568493,4383.1,41236.0,87386.0
2025-06-18 11:31:35.265089,4382.5,41236.0,87386.0
2025-06-18 11:31:37.673920,4382.5,41216.0,87549.0
2025-06-18 11:31:41.258652,4383.1,41216.0,87549.0
2025-06-18 11:31:42.783525,4383.1,41060.0,87567.0
2025-06-18 11:31:47.982668,4383.1,41186.0,87715.0
2025-06-18 11:31:52.991523,4383.1,41202.0,87688.0
2025-06-18 11:31:53.262063,4383.2,41202.0,87688.0
2025-06-18 11:31:55.260169,4383.6,41202.0,87688.0
2025-06-18 11:31:57.413523,4380.6,41202.0,87688.0
2025-06-18 11:31:57.897581,4380.6,40449.0,88114.0
2025-06-18 11:32:01.282979,4380.6,40449.0,88114.0
2025-06-18 11:32:02.099229,4380.6,40265.0,88316.0
2025-06-18 11:32:02.998690,4380.6,40289.0,88312.0
2025-06-18 11:32:03.263807,4380.6,40289.0,88312.0
2025-06-18 11:32:03.899101,4380.6,40289.0,88333.0
2025-06-18 11:32:04.845470,4382.3,40282.0,88382.0
2025-06-18 11:32:05.255904,4382.3,40282.0,88382.0
2025-06-18 11:32:05.799577,4382.3,40257.0,88344.0
2025-06-18 11:32:06.803007,4382.3,38492.0,88313.0
2025-06-18 11:32:07.802322,4382.3,39990.0,88364.0
2025-06-18 11:32:08.799817,4382.3,39990.0,88374.0
2025-06-18 11:32:09.803752,4382.3,39990.0,88374.0
2025-06-18 11:32:10.262840,4380.0,39990.0,88374.0
2025-06-18 11:32:10.904487,4378.0,37716.0,88466.0
2025-06-18 11:32:11.258138,4380.0,37716.0,88466.0
2025-06-18 11:32:12.005342,4379.9,36499.0,88346.0
2025-06-18 11:32:12.265186,4380.6,36499.0,88346.0
2025-06-18 11:32:13.005239,4380.6,38095.0,88231.0
2025-06-18 11:32:13.260204,4378.5,38095.0,88231.0
2025-06-18 11:32:13.911519,4378.5,36979.0,88308.0
2025-06-18 11:32:15.010320,4378.5,38169.0,88461.0
2025-06-18 11:32:16.107879,4378.5,38460.0,88463.0
2025-06-18 11:32:17.236883,4380.2,38452.0,88465.0
2025-06-18 11:32:17.270946,4380.2,38452.0,88465.0
2025-06-18 11:32:18.261042,4380.1,38452.0,88465.0
2025-06-18 11:32:18.308295,4380.0,38565.0,88376.0
2025-06-18 11:32:19.282465,4380.1,38565.0,88376.0
2025-06-18 11:32:20.010697,4380.1,37172.0,88310.0
2025-06-18 11:32:20.276716,4380.0,37172.0,88310.0
2025-06-18 11:32:21.013785,4380.6,38721.0,88190.0
2025-06-18 11:32:21.260058,4380.6,38721.0,88190.0
2025-06-18 11:32:22.013584,4380.6,38712.0,88148.0
2025-06-18 11:32:23.016544,4380.6,38673.0,88172.0
2025-06-18 11:32:24.017620,4380.6,38348.0,88191.0
2025-06-18 11:32:25.020158,4380.6,38359.0,88309.0
2025-06-18 11:32:26.021637,4378.7,38371.0,88348.0
2025-06-18 11:32:26.263004,4378.4,38371.0,88348.0
2025-06-18 11:32:27.121458,4379.9,38461.0,88376.0
2025-06-18 11:32:27.265281,4379.9,38461.0,88376.0
2025-06-18 11:32:28.225043,4379.9,38475.0,88365.0
2025-06-18 11:32:29.327161,4379.9,36935.0,88392.0
2025-06-18 11:32:30.259017,4380.0,36935.0,88392.0
2025-06-18 11:32:30.422853,4380.0,38368.0,88344.0
2025-06-18 11:32:31.422299,4380.0,38612.0,88209.0
2025-06-18 11:32:32.259224,4379.9,38612.0,88209.0
2025-06-18 11:32:32.523783,4381.7,38629.0,88116.0
2025-06-18 11:32:33.259684,4381.7,38629.0,88116.0
2025-06-18 11:32:33.627802,4381.7,37032.0,88310.0
2025-06-18 11:32:34.626484,4381.7,37954.0,88305.0
2025-06-18 11:32:35.625542,4381.7,37031.0,88340.0
2025-06-18 11:32:36.269988,4379.9,37031.0,88340.0
2025-06-18 11:32:36.624587,4379.9,38243.0,88326.0
2025-06-18 11:32:37.628536,4379.9,38358.0,88272.0
2025-06-18 11:32:38.725893,4379.9,38612.0,88290.0
2025-06-18 11:32:39.747294,4379.9,38483.0,88287.0
2025-06-18 11:32:40.733611,4379.9,37064.0,88366.0
2025-06-18 11:32:41.739635,4379.9,38405.0,88395.0
2025-06-18 11:32:42.850757,4379.9,37062.0,88396.0
2025-06-18 11:32:43.939829,4379.9,36948.0,88401.0
2025-06-18 11:32:45.032043,4379.9,38475.0,88336.0
2025-06-18 11:32:46.130767,4379.9,38477.0,88337.0
2025-06-18 11:32:47.246238,4380.0,36950.0,88421.0
2025-06-18 11:32:47.270028,4380.0,36950.0,88421.0
2025-06-18 11:32:48.243147,4380.0,37929.0,88353.0
2025-06-18 11:32:48.266239,4380.0,37929.0,88353.0
2025-06-18 11:32:49.274272,4381.0,37929.0,88353.0
2025-06-18 11:32:49.339577,4381.0,38533.0,88287.0
2025-06-18 11:32:50.435852,4381.0,38537.0,88291.0
2025-06-18 11:32:51.260433,4381.0,38537.0,88291.0
2025-06-18 11:32:51.536786,4381.0,38561.0,88307.0
2025-06-18 11:32:52.634995,4381.0,38609.0,88319.0
2025-06-18 11:32:53.637401,4381.0,38587.0,88336.0
2025-06-18 11:32:54.745266,4381.0,38734.0,88336.0
2025-06-18 11:32:55.838973,4381.0,38703.0,88276.0
2025-06-18 11:32:56.945476,4381.0,38643.0,88397.0
2025-06-18 11:32:57.276918,4381.0,38643.0,88397.0
2025-06-18 11:32:58.044792,4380.0,38682.0,88353.0
2025-06-18 11:32:58.262073,4380.0,38682.0,88353.0
2025-06-18 11:32:59.822853,4380.0,38664.0,88353.0
2025-06-18 11:33:00.138305,4380.0,38708.0,88470.0
2025-06-18 11:33:01.259500,4381.0,38708.0,88470.0
2025-06-18 11:33:01.642725,4381.0,38915.0,88437.0
2025-06-18 11:33:02.747663,4381.0,38783.0,88437.0
2025-06-18 11:33:03.838876,4376.3,37173.0,89529.0
2025-06-18 11:33:04.264766,4379.0,37173.0,89529.0
2025-06-18 11:33:04.938783,4379.0,39201.0,88003.0
2025-06-18 11:33:05.267217,4379.0,39201.0,88003.0
2025-06-18 11:33:06.040552,4379.0,39128.0,88040.0
2025-06-18 11:33:07.642174,4379.0,39034.0,88281.0
2025-06-18 11:33:08.644001,4379.0,37701.0,88289.0
2025-06-18 11:33:09.544048,4379.0,39150.0,88259.0
2025-06-18 11:33:10.669718,4379.0,39479.0,88246.0
2025-06-18 11:33:11.742023,4379.0,39501.0,88246.0
2025-06-18 11:33:12.844342,4379.0,39501.0,88236.0
2025-06-18 11:33:13.946189,4379.0,39527.0,88236.0
2025-06-18 11:33:14.848426,4379.0,39415.0,88197.0
2025-06-18 11:33:16.047458,4379.0,39629.0,88148.0
2025-06-18 11:33:17.656537,4379.0,39255.0,88054.0
2025-06-18 11:33:18.656504,4379.0,38079.0,88036.0
2025-06-18 11:33:19.653512,4379.0,39778.0,88036.0
2025-06-18 11:33:20.265118,4380.8,39778.0,88036.0
2025-06-18 11:33:20.650768,4380.8,39645.0,88064.0
2025-06-18 11:33:21.747783,4380.8,38291.0,88067.0
2025-06-18 11:33:22.746714,4380.8,38291.0,88034.0
2025-06-18 11:33:23.746999,4380.8,39791.0,88034.0
2025-06-18 11:33:24.849844,4380.8,38069.0,88176.0
2025-06-18 11:33:25.951789,4380.8,38053.0,88306.0
2025-06-18 11:33:26.270394,4380.0,38053.0,88306.0
2025-06-18 11:33:27.052366,4380.0,39207.0,88467.0
2025-06-18 11:33:27.275919,4380.0,39207.0,88467.0
2025-06-18 11:33:28.160463,4380.0,39331.0,88699.0
2025-06-18 11:33:28.274269,4380.0,39331.0,88699.0
2025-06-18 11:33:29.253361,4380.0,39183.0,88469.0
2025-06-18 11:33:30.260003,4380.0,37785.0,88423.0
2025-06-18 11:33:31.153609,4380.2,39286.0,88434.0
2025-06-18 11:33:31.265265,4380.2,39286.0,88434.0
2025-06-18 11:33:32.265071,4380.2,37786.0,88433.0
2025-06-18 11:33:33.259360,4380.0,39105.0,88486.0
2025-06-18 11:33:33.275562,4380.0,39105.0,88486.0
2025-06-18 11:33:34.342599,4378.2,39327.0,88498.0
2025-06-18 11:33:34.345676,4378.2,39327.0,88498.0
2025-06-18 11:33:35.258696,4378.2,37857.0,88366.0
2025-06-18 11:33:36.256174,4378.7,36557.0,88846.0
2025-06-18 11:33:36.261537,4378.7,36557.0,88846.0
2025-06-18 11:33:37.259494,4379.6,37200.0,88680.0
2025-06-18 11:33:37.269042,4379.6,37200.0,88680.0
2025-06-18 11:33:38.264959,4380.0,37200.0,88680.0
2025-06-18 11:33:38.357302,4379.9,38961.0,88407.0
2025-06-18 11:33:39.269095,4380.0,38961.0,88407.0
2025-06-18 11:33:39.454230,4380.0,38970.0,88596.0
2025-06-18 11:33:40.556116,4380.0,39041.0,88558.0
2025-06-18 11:33:41.664434,4380.0,39122.0,88556.0
2025-06-18 11:33:42.557365,4380.0,39069.0,88637.0
2025-06-18 11:33:43.263942,4380.0,39069.0,88637.0
2025-06-18 11:33:43.558389,4380.0,38487.0,88559.0
2025-06-18 11:33:44.274239,4380.0,38487.0,88559.0
2025-06-18 11:33:44.559017,4380.0,39079.0,88366.0
2025-06-18 11:33:45.666962,4380.0,39141.0,88403.0
2025-06-18 11:33:46.761207,4380.0,39094.0,88483.0
2025-06-18 11:33:47.862366,4380.0,38817.0,88364.0
2025-06-18 11:33:48.265680,4380.0,38817.0,88364.0
2025-06-18 11:33:48.864885,4380.0,38794.0,88859.0
2025-06-18 11:33:49.266690,4379.8,38794.0,88859.0
2025-06-18 11:33:49.864179,4379.8,38732.0,88478.0
2025-06-18 11:33:50.865814,4376.7,38869.0,89056.0
2025-06-18 11:33:51.122574,4376.7,38869.0,89056.0
2025-06-18 11:33:51.268378,4380.0,38869.0,89056.0
2025-06-18 11:33:51.866824,4380.0,37767.0,88494.0
2025-06-18 11:33:52.237931,4380.0,37767.0,88494.0
2025-06-18 11:33:52.865189,4380.0,38592.0,88464.0
2025-06-18 11:33:53.155832,4380.0,38592.0,88464.0
2025-06-18 11:33:53.264845,4378.7,38592.0,88464.0
2025-06-18 11:33:53.866000,4378.7,38588.0,88567.0
2025-06-18 11:33:54.113121,4378.7,38588.0,88567.0
2025-06-18 11:33:54.766109,4378.7,39002.0,88656.0
2025-06-18 11:33:54.986995,4378.7,39002.0,88656.0
2025-06-18 11:33:55.767152,4378.7,38497.0,88723.0
2025-06-18 11:33:55.795236,4378.7,38497.0,88723.0
2025-06-18 11:33:56.768467,4378.7,36999.0,88121.0
2025-06-18 11:33:56.902047,4378.7,36999.0,88121.0
2025-06-18 11:33:57.472146,4378.7,36999.0,88121.0
2025-06-18 11:33:57.876938,4378.7,38774.0,88116.0
2025-06-18 11:33:58.369599,4378.7,38774.0,88116.0
2025-06-18 11:33:58.886406,4378.7,37878.0,88197.0
2025-06-18 11:33:59.743032,4378.7,37878.0,88197.0
2025-06-18 11:33:59.872718,4380.2,37916.0,88242.0
2025-06-18 11:34:00.271700,4380.2,37916.0,88242.0
2025-06-18 11:34:00.872833,4380.2,39450.0,88341.0
2025-06-18 11:34:00.889127,4380.2,39450.0,88341.0
2025-06-18 11:34:01.761950,4380.2,39450.0,88341.0
2025-06-18 11:34:02.077500,4380.2,39503.0,88444.0
2025-06-18 11:34:02.265357,4379.1,39503.0,88444.0
2025-06-18 11:34:03.080118,4379.1,39495.0,88286.0
2025-06-18 11:34:03.143686,4379.1,39495.0,88286.0
2025-06-18 11:34:03.271932,4379.2,39495.0,88286.0
2025-06-18 11:34:04.278345,4379.2,39495.0,88286.0
2025-06-18 11:34:04.285955,4379.2,39495.0,88286.0
2025-06-18 11:34:04.577201,4379.2,39575.0,88299.0
2025-06-18 11:34:05.547023,4379.2,39575.0,88299.0
2025-06-18 11:34:05.676328,4379.2,39340.0,88101.0
2025-06-18 11:34:06.678532,4379.2,39661.0,88119.0
2025-06-18 11:34:06.890646,4379.2,39661.0,88119.0
2025-06-18 11:34:07.681248,4379.2,39684.0,88219.0
2025-06-18 11:34:08.779604,4379.2,39708.0,88222.0
2025-06-18 11:34:09.880289,4379.2,38205.0,88222.0
2025-06-18 11:34:10.274896,4380.0,38205.0,88222.0
2025-06-18 11:34:10.998093,4380.0,39632.0,88257.0
2025-06-18 11:34:11.273205,4380.2,39632.0,88257.0
2025-06-18 11:34:11.980903,4380.2,39632.0,88210.0
2025-06-18 11:34:13.083684,4380.2,39598.0,88222.0
2025-06-18 11:34:14.185578,4380.2,39652.0,88222.0
2025-06-18 11:34:15.271315,4380.0,39652.0,88222.0
2025-06-18 11:34:15.292111,4380.0,39680.0,88269.0
2025-06-18 11:34:16.269994,4380.0,39680.0,88269.0
2025-06-18 11:34:16.385755,4380.0,39638.0,88245.0
2025-06-18 11:34:17.294162,4380.0,39633.0,88299.0
2025-06-18 11:34:18.385385,4380.0,39446.0,88436.0
2025-06-18 11:34:19.487123,4380.0,39318.0,88387.0
2025-06-18 11:34:20.589693,4380.0,39428.0,88373.0
2025-06-18 11:34:21.689134,4380.0,39435.0,88373.0
2025-06-18 11:34:22.689811,4380.0,39413.0,88415.0
2025-06-18 11:34:23.789504,4380.0,37880.0,88429.0
2025-06-18 11:34:24.791439,4380.0,39106.0,88415.0
2025-06-18 11:34:25.901369,4380.0,39440.0,88399.0
2025-06-18 11:34:26.893247,4380.0,39046.0,88384.0
2025-06-18 11:34:27.272709,4380.0,39046.0,88384.0
2025-06-18 11:34:27.793820,4380.0,39344.0,88426.0
2025-06-18 11:34:28.266336,4380.1,39344.0,88426.0
2025-06-18 11:34:28.897581,4380.1,39168.0,88636.0
2025-06-18 11:34:29.998108,4380.1,39202.0,88600.0
2025-06-18 11:34:31.102108,4380.1,39190.0,88644.0
2025-06-18 11:34:32.200957,4380.1,39190.0,88628.0
2025-06-18 11:34:33.096290,4380.1,39172.0,88564.0
2025-06-18 11:34:33.274548,4379.0,39172.0,88564.0
2025-06-18 11:34:34.098673,4379.0,39174.0,88559.0
2025-06-18 11:34:34.264644,4380.0,39174.0,88559.0
2025-06-18 11:34:35.198130,4380.0,39146.0,88545.0
2025-06-18 11:34:36.269935,4380.0,39146.0,88545.0
2025-06-18 11:34:36.315768,4380.0,39268.0,88412.0
2025-06-18 11:34:37.434971,4380.0,39305.0,88435.0
2025-06-18 11:34:38.265491,4379.0,39305.0,88435.0
2025-06-18 11:34:38.398234,4379.0,39312.0,88457.0
2025-06-18 11:34:39.268586,4380.1,39312.0,88457.0
2025-06-18 11:34:39.503359,4380.1,37781.0,88427.0
2025-06-18 11:34:40.599601,4380.1,37762.0,88336.0
2025-06-18 11:34:41.276109,4378.6,37762.0,88336.0
2025-06-18 11:34:41.706562,4378.6,39016.0,88495.0
2025-06-18 11:34:42.268283,4380.1,39016.0,88495.0
2025-06-18 11:34:42.709641,4380.1,39198.0,88472.0
2025-06-18 11:34:43.267006,4378.7,39198.0,88472.0
2025-06-18 11:34:43.802005,4378.7,39216.0,88197.0
2025-06-18 11:34:44.906390,4380.1,39109.0,88399.0
2025-06-18 11:34:45.264367,4380.1,39109.0,88399.0
2025-06-18 11:34:46.007651,4380.1,37733.0,88401.0
2025-06-18 11:34:47.105791,4380.1,38984.0,88398.0
2025-06-18 11:34:48.106581,4380.1,39153.0,88262.0
2025-06-18 11:34:48.262606,4379.1,39153.0,88262.0
2025-06-18 11:34:49.106280,4380.0,39022.0,88394.0
2025-06-18 11:34:49.265975,4380.0,39022.0,88394.0
2025-06-18 11:34:50.219778,4380.0,37693.0,88430.0
2025-06-18 11:34:51.307246,4380.0,39232.0,88411.0
2025-06-18 11:34:52.265315,4378.6,39232.0,88411.0
2025-06-18 11:34:52.408536,4378.6,37601.0,88526.0
2025-06-18 11:34:53.275622,4380.1,37601.0,88526.0
2025-06-18 11:34:53.409308,4380.1,39022.0,88290.0
2025-06-18 11:34:54.512757,4380.1,39068.0,88434.0
2025-06-18 11:34:55.512007,4380.1,39227.0,88446.0
2025-06-18 11:34:56.512371,4380.1,39134.0,88430.0
2025-06-18 11:34:57.613141,4380.1,39259.0,88334.0
2025-06-18 11:35:00.442256,4379.1,39259.0,88334.0
2025-06-18 11:35:00.483784,4379.1,39256.0,88285.0
2025-06-18 11:35:00.488073,4379.1,39256.0,88285.0
2025-06-18 11:35:00.493786,4380.0,39295.0,88142.0
2025-06-18 11:35:00.516012,4380.0,39295.0,88142.0
2025-06-18 11:35:00.813858,4380.0,39326.0,88173.0
2025-06-18 11:35:02.511291,4380.0,39328.0,88202.0
2025-06-18 11:35:03.725957,4380.0,37880.0,88203.0
2025-06-18 11:35:04.612402,4380.0,37870.0,88181.0
2025-06-18 11:35:05.613467,4380.0,37874.0,88093.0
2025-06-18 11:35:06.615908,4380.0,39382.0,88139.0
2025-06-18 11:35:07.727287,4380.0,39386.0,88145.0
2025-06-18 11:35:08.324611,4379.3,39386.0,88145.0
2025-06-18 11:35:08.813767,4379.3,39350.0,88145.0
2025-06-18 11:35:09.725104,4379.3,39413.0,88096.0
2025-06-18 11:35:10.275178,4380.1,39413.0,88096.0
2025-06-18 11:35:10.728105,4380.1,39484.0,88113.0
2025-06-18 11:35:11.727031,4380.1,39436.0,88112.0
2025-06-18 11:35:12.727726,4380.1,39014.0,88150.0
2025-06-18 11:35:13.726130,4380.1,39164.0,88150.0
2025-06-18 11:35:14.315869,4379.4,39164.0,88150.0
2025-06-18 11:35:14.729296,4379.0,39101.0,88276.0
2025-06-18 11:35:15.278829,4380.0,39101.0,88276.0
2025-06-18 11:35:15.619202,4380.0,37565.0,88139.0
2025-06-18 11:35:16.309265,4380.1,37565.0,88139.0
2025-06-18 11:35:16.729308,4380.1,38552.0,88347.0
2025-06-18 11:35:17.820814,4380.1,39215.0,88278.0
2025-06-18 11:35:18.821398,4380.1,39240.0,88418.0
