timestamp,ltp,bid_qty,ask_qty
2025-06-18 11:01:36.651437,646.75,430102.0,452954.0
2025-06-18 11:01:38.738711,646.8,430076.0,453707.0
2025-06-18 11:01:39.137310,646.8,430076.0,453707.0
2025-06-18 11:01:43.135137,646.75,430076.0,453707.0
2025-06-18 11:01:43.654222,646.75,429727.0,453369.0
2025-06-18 11:01:45.161415,646.75,429727.0,453369.0
2025-06-18 11:01:47.147273,646.8,429727.0,453369.0
2025-06-18 11:01:49.047033,646.8,434929.0,449410.0
2025-06-18 11:01:53.142633,646.8,434929.0,449410.0
2025-06-18 11:01:54.661867,646.8,434419.0,450763.0
2025-06-18 11:01:59.145142,646.8,434419.0,450763.0
2025-06-18 11:02:00.053082,646.9,432994.0,450494.0
2025-06-18 11:02:01.148127,646.9,432994.0,450494.0
2025-06-18 11:02:03.144586,646.85,432994.0,450494.0
2025-06-18 11:02:05.205701,646.85,432994.0,450494.0
2025-06-18 11:02:05.206352,646.85,433882.0,450200.0
2025-06-18 11:02:10.487534,646.85,435340.0,449791.0
2025-06-18 11:02:13.148999,646.85,435340.0,449791.0
2025-06-18 11:02:15.989340,646.85,435142.0,449883.0
2025-06-18 11:02:19.140731,646.85,435142.0,449883.0
2025-06-18 11:02:21.141053,646.9,435142.0,449883.0
2025-06-18 11:02:21.171474,646.9,435124.0,450433.0
2025-06-18 11:02:23.146308,646.9,435124.0,450433.0
2025-06-18 11:02:26.275594,646.9,434580.0,449964.0
2025-06-18 11:02:27.151927,646.9,434580.0,449964.0
2025-06-18 11:02:29.153473,646.9,434580.0,449964.0
2025-06-18 11:02:31.144120,646.9,434580.0,449964.0
2025-06-18 11:02:31.275740,646.9,434746.0,449923.0
2025-06-18 11:02:33.150564,646.85,434746.0,449923.0
2025-06-18 11:02:36.787617,646.85,435108.0,449913.0
2025-06-18 11:02:42.013437,646.9,434785.0,449843.0
2025-06-18 11:02:43.153543,646.85,434785.0,449843.0
2025-06-18 11:02:45.150166,646.9,434785.0,449843.0
2025-06-18 11:02:47.156896,646.9,434785.0,449843.0
2025-06-18 11:02:47.289152,646.9,434698.0,450707.0
2025-06-18 11:02:49.154045,646.9,434698.0,450707.0
2025-06-18 11:02:52.591642,646.9,434549.0,450745.0
2025-06-18 11:02:53.153763,646.85,434549.0,450745.0
2025-06-18 11:02:55.150925,646.85,434549.0,450745.0
2025-06-18 11:02:57.893907,646.85,430607.0,450669.0
2025-06-18 11:02:59.153388,646.85,430607.0,450669.0
2025-06-18 11:03:03.044802,646.85,430367.0,450792.0
2025-06-18 11:03:03.147591,646.85,430367.0,450792.0
2025-06-18 11:03:08.403461,646.85,427715.0,452362.0
2025-06-18 11:03:09.153148,646.9,427715.0,452362.0
2025-06-18 11:03:12.145721,646.9,427715.0,452362.0
2025-06-18 11:03:13.148863,646.85,427715.0,452362.0
2025-06-18 11:03:13.606618,646.85,427551.0,452201.0
2025-06-18 11:03:15.145695,646.9,427551.0,452201.0
2025-06-18 11:03:17.154622,646.9,427551.0,452201.0
2025-06-18 11:03:18.805332,646.9,427848.0,452236.0
2025-06-18 11:03:21.211663,646.9,427848.0,452236.0
2025-06-18 11:03:24.107389,646.85,428139.0,452138.0
2025-06-18 11:03:24.152326,646.85,428139.0,452138.0
2025-06-18 11:03:29.156097,646.9,428139.0,452138.0
2025-06-18 11:03:29.310394,646.9,427481.0,448890.0
2025-06-18 11:03:31.158910,646.95,427481.0,448890.0
2025-06-18 11:03:33.152828,646.85,427481.0,448890.0
2025-06-18 11:03:34.816639,646.85,425989.0,450525.0
2025-06-18 11:03:37.157720,646.9,425989.0,450525.0
2025-06-18 11:03:39.153965,646.85,425989.0,450525.0
2025-06-18 11:03:40.216801,646.85,427081.0,450556.0
2025-06-18 11:03:43.169438,646.85,427081.0,450556.0
2025-06-18 11:03:45.220590,646.85,427226.0,450639.0
2025-06-18 11:03:46.060024,646.85,427226.0,450639.0
2025-06-18 11:03:47.122549,646.85,427226.0,450639.0
2025-06-18 11:03:47.177796,646.85,427226.0,450639.0
2025-06-18 11:03:47.994453,646.85,427226.0,450639.0
2025-06-18 11:03:48.904031,646.85,427226.0,450639.0
2025-06-18 11:03:49.169547,646.9,427226.0,450639.0
2025-06-18 11:03:49.771601,646.9,427226.0,450639.0
2025-06-18 11:03:50.022838,646.9,428025.0,450607.0
2025-06-18 11:03:50.560570,646.9,428025.0,450607.0
2025-06-18 11:03:51.171343,646.9,428025.0,450607.0
2025-06-18 11:03:51.594381,646.9,428025.0,450607.0
2025-06-18 11:03:52.230560,646.9,428025.0,450607.0
2025-06-18 11:03:53.076283,646.9,428025.0,450607.0
2025-06-18 11:03:53.203899,646.85,428025.0,450607.0
2025-06-18 11:03:53.446357,646.85,428025.0,450607.0
2025-06-18 11:03:54.473804,646.85,428025.0,450607.0
2025-06-18 11:03:54.826847,646.9,427444.0,450784.0
2025-06-18 11:03:55.172581,646.85,427444.0,450784.0
2025-06-18 11:03:55.731576,646.85,427444.0,450784.0
2025-06-18 11:03:56.588944,646.85,427444.0,450784.0
2025-06-18 11:04:00.502871,646.85,427444.0,450784.0
2025-06-18 11:04:00.545072,646.85,427444.0,450784.0
2025-06-18 11:04:00.547705,646.9,427549.0,449175.0
2025-06-18 11:04:00.583077,646.9,427549.0,449175.0
2025-06-18 11:04:01.185157,646.9,427549.0,449175.0
2025-06-18 11:04:01.926754,646.9,427549.0,449175.0
2025-06-18 11:04:03.215487,646.85,427549.0,449175.0
2025-06-18 11:04:05.233288,646.85,431361.0,449289.0
2025-06-18 11:04:07.201101,646.85,431361.0,449289.0
2025-06-18 11:04:10.341012,646.85,425344.0,452163.0
2025-06-18 11:04:13.158993,646.85,425344.0,452163.0
2025-06-18 11:04:15.342005,646.85,424307.0,453478.0
2025-06-18 11:04:19.190695,646.9,424307.0,453478.0
2025-06-18 11:04:20.854390,646.85,425422.0,452918.0
2025-06-18 11:04:21.188804,646.85,425422.0,452918.0
2025-06-18 11:04:23.162424,646.85,425422.0,452918.0
2025-06-18 11:04:25.163431,646.9,425422.0,452918.0
2025-06-18 11:04:25.964875,646.85,427586.0,452685.0
2025-06-18 11:04:27.161272,646.85,427586.0,452685.0
2025-06-18 11:04:29.158174,646.9,427586.0,452685.0
2025-06-18 11:04:31.064826,646.9,426868.0,454028.0
2025-06-18 11:04:31.161195,646.9,426868.0,454028.0
2025-06-18 11:04:33.169855,647.2,426868.0,454028.0
2025-06-18 11:04:35.976032,647.15,430188.0,441191.0
2025-06-18 11:04:37.176794,647.25,430188.0,441191.0
2025-06-18 11:04:39.164891,647.5,430188.0,441191.0
2025-06-18 11:04:40.874946,647.25,433180.0,438912.0
2025-06-18 11:04:41.155327,647.25,433180.0,438912.0
2025-06-18 11:04:43.175937,647.5,433180.0,438912.0
2025-06-18 11:04:45.198840,647.4,433180.0,438912.0
2025-06-18 11:04:45.873710,647.5,428653.0,438548.0
2025-06-18 11:04:47.172370,647.5,428653.0,438548.0
2025-06-18 11:04:49.162017,647.5,428653.0,438548.0
2025-06-18 11:04:50.772811,647.5,430670.0,437778.0
2025-06-18 11:04:51.163719,647.5,430670.0,437778.0
2025-06-18 11:04:53.159218,647.4,430670.0,437778.0
2025-06-18 11:04:55.163298,647.5,430670.0,437778.0
2025-06-18 11:04:55.578091,647.5,431008.0,438552.0
2025-06-18 11:04:57.213456,647.5,431008.0,438552.0
2025-06-18 11:04:59.163001,647.5,431008.0,438552.0
2025-06-18 11:05:00.280083,647.5,430878.0,438531.0
2025-06-18 11:05:01.183927,647.5,430878.0,438531.0
2025-06-18 11:05:05.169714,647.5,430878.0,438531.0
2025-06-18 11:05:05.176723,647.45,430971.0,440156.0
2025-06-18 11:05:05.207841,647.45,430971.0,440156.0
2025-06-18 11:05:07.391523,647.5,430971.0,440156.0
2025-06-18 11:05:09.199472,647.5,430971.0,440156.0
2025-06-18 11:05:09.880351,647.5,428985.0,441438.0
2025-06-18 11:05:11.163336,647.35,428985.0,441438.0
2025-06-18 11:05:13.163151,647.35,428985.0,441438.0
2025-06-18 11:05:15.166397,647.25,428985.0,441438.0
2025-06-18 11:05:15.384703,647.25,424449.0,445675.0
2025-06-18 11:05:17.174792,647.2,424449.0,445675.0
2025-06-18 11:05:19.203822,647.35,424449.0,445675.0
2025-06-18 11:05:20.790572,647.45,429387.0,441715.0
2025-06-18 11:05:21.187995,647.45,429387.0,441715.0
2025-06-18 11:05:25.157250,647.2,429387.0,441715.0
2025-06-18 11:05:25.690362,647.2,428704.0,446414.0
2025-06-18 11:05:27.181195,647.3,428704.0,446414.0
2025-06-18 11:05:29.173549,647.3,428704.0,446414.0
2025-06-18 11:05:30.398321,647.3,425162.0,445631.0
2025-06-18 11:05:32.169566,647.3,425162.0,445631.0
2025-06-18 11:05:35.212496,647.3,425162.0,445631.0
2025-06-18 11:05:35.796222,647.3,426814.0,445790.0
2025-06-18 11:05:37.174756,647.2,426814.0,445790.0
2025-06-18 11:05:39.279323,647.3,426814.0,445790.0
2025-06-18 11:05:41.167770,647.3,426814.0,445790.0
2025-06-18 11:05:41.198887,647.3,427374.0,446302.0
2025-06-18 11:05:45.164840,647.25,427374.0,446302.0
2025-06-18 11:05:46.200678,647.25,428738.0,449352.0
2025-06-18 11:05:49.181857,647.2,428738.0,449352.0
2025-06-18 11:05:51.177596,647.25,428738.0,449352.0
2025-06-18 11:05:51.206731,647.25,424574.0,450211.0
2025-06-18 11:05:53.164893,647.2,424574.0,450211.0
2025-06-18 11:05:55.170584,647.2,424574.0,450211.0
2025-06-18 11:05:56.414610,647.2,424869.0,451445.0
2025-06-18 11:05:57.192524,647.2,424869.0,451445.0
2025-06-18 11:05:59.169396,647.25,424869.0,451445.0
2025-06-18 11:06:01.115111,647.25,424902.0,451454.0
2025-06-18 11:06:03.164692,647.2,424902.0,451454.0
2025-06-18 11:06:05.163286,647.2,424902.0,451454.0
2025-06-18 11:06:05.918148,647.2,424096.0,453720.0
2025-06-18 11:06:07.169610,647.1,424096.0,453720.0
2025-06-18 11:06:09.171598,647.2,424096.0,453720.0
2025-06-18 11:06:10.823267,647.15,428136.0,452500.0
2025-06-18 11:06:11.210968,647.0,428136.0,452500.0
2025-06-18 11:06:13.192229,647.05,428136.0,452500.0
2025-06-18 11:06:15.193201,647.0,428136.0,452500.0
2025-06-18 11:06:15.921576,647.0,427820.0,453797.0
2025-06-18 11:06:17.173883,647.0,427820.0,453797.0
2025-06-18 11:06:19.165694,647.15,427820.0,453797.0
2025-06-18 11:06:20.928557,647.15,425691.0,455009.0
2025-06-18 11:06:25.177476,647.15,425691.0,455009.0
2025-06-18 11:06:25.833818,647.15,426200.0,454796.0
2025-06-18 11:06:27.170081,646.95,426200.0,454796.0
2025-06-18 11:06:29.176121,646.95,426200.0,454796.0
2025-06-18 11:06:30.535490,647.15,425547.0,455704.0
2025-06-18 11:06:31.194884,647.0,425547.0,455704.0
2025-06-18 11:06:33.174870,646.95,425547.0,455704.0
2025-06-18 11:06:35.236848,646.95,425066.0,455666.0
2025-06-18 11:06:37.167810,646.95,425066.0,455666.0
2025-06-18 11:06:39.171974,646.95,425066.0,455666.0
2025-06-18 11:06:40.238242,646.95,424557.0,454907.0
2025-06-18 11:06:43.171262,646.95,424557.0,454907.0
2025-06-18 11:06:45.341118,646.95,424096.0,456084.0
2025-06-18 11:06:46.763708,646.95,424096.0,456084.0
2025-06-18 11:06:47.622504,646.95,424096.0,456084.0
2025-06-18 11:06:48.561885,646.95,424096.0,456084.0
2025-06-18 11:06:49.800225,646.95,424096.0,456084.0
2025-06-18 11:06:50.247290,646.95,424333.0,456262.0
2025-06-18 11:06:50.288665,646.95,424333.0,456262.0
2025-06-18 11:06:51.079317,646.95,424333.0,456262.0
2025-06-18 11:06:52.044488,646.95,424333.0,456262.0
2025-06-18 11:06:53.167685,646.95,424333.0,456262.0
2025-06-18 11:06:53.522996,646.95,424333.0,456262.0
2025-06-18 11:06:54.762993,646.95,424333.0,456262.0
2025-06-18 11:06:55.246027,646.95,422999.0,456395.0
2025-06-18 11:06:56.272509,646.95,422999.0,456395.0
2025-06-18 11:06:57.109224,646.95,422999.0,456395.0
2025-06-18 11:06:58.544425,646.95,422999.0,456395.0
2025-06-18 11:06:59.667805,646.95,422999.0,456395.0
2025-06-18 11:07:00.149784,646.95,423121.0,456372.0
2025-06-18 11:07:00.835712,646.95,423121.0,456372.0
2025-06-18 11:07:02.294882,646.95,423121.0,456372.0
2025-06-18 11:07:03.166259,646.95,423121.0,456372.0
2025-06-18 11:07:05.116040,646.95,423124.0,456422.0
2025-06-18 11:07:05.177553,646.95,423124.0,456422.0
2025-06-18 11:07:10.485796,646.95,423124.0,456422.0
2025-06-18 11:07:10.580278,646.95,424472.0,455442.0
2025-06-18 11:07:11.166566,646.95,424472.0,455442.0
2025-06-18 11:07:14.163272,647.0,424472.0,455442.0
2025-06-18 11:07:15.963962,647.0,424563.0,455170.0
2025-06-18 11:07:17.173888,646.95,424563.0,455170.0
2025-06-18 11:07:21.260552,646.95,424608.0,454939.0
2025-06-18 11:07:23.166808,647.0,424608.0,454939.0
2025-06-18 11:07:26.258523,647.0,425029.0,454535.0
2025-06-18 11:07:31.068766,647.0,425043.0,454603.0
2025-06-18 11:07:33.176620,646.8,425043.0,454603.0
2025-06-18 11:07:35.164661,646.9,425043.0,454603.0
2025-06-18 11:07:35.971505,646.9,425450.0,459173.0
2025-06-18 11:07:39.210238,646.7,425450.0,459173.0
2025-06-18 11:07:41.072308,646.7,424687.0,459171.0
2025-06-18 11:07:41.174577,646.65,424687.0,459171.0
2025-06-18 11:07:43.176090,646.7,424687.0,459171.0
2025-06-18 11:07:45.177776,646.8,424687.0,459171.0
2025-06-18 11:07:46.482097,646.8,421734.0,457916.0
2025-06-18 11:07:50.173033,646.7,421734.0,457916.0
2025-06-18 11:07:51.578046,646.7,420053.0,456337.0
2025-06-18 11:07:53.172491,646.7,420053.0,456337.0
2025-06-18 11:07:56.179247,646.75,420053.0,456337.0
2025-06-18 11:07:56.574515,646.75,419891.0,456767.0
2025-06-18 11:07:59.171485,646.7,419891.0,456767.0
2025-06-18 11:08:00.440312,646.75,419891.0,456767.0
2025-06-18 11:08:01.494164,646.75,423705.0,456509.0
2025-06-18 11:08:03.172192,646.7,423705.0,456509.0
2025-06-18 11:08:04.187996,646.75,423705.0,456509.0
2025-06-18 11:08:06.992298,646.75,423714.0,457562.0
2025-06-18 11:08:10.201462,646.7,423714.0,457562.0
2025-06-18 11:08:12.387410,646.7,421558.0,459645.0
2025-06-18 11:08:16.202760,646.65,421558.0,459645.0
2025-06-18 11:08:20.488945,646.65,422130.0,461967.0
2025-06-18 11:08:20.498315,646.65,422130.0,461967.0
2025-06-18 11:08:22.697543,646.7,422584.0,458628.0
2025-06-18 11:08:23.182277,646.65,422584.0,458628.0
2025-06-18 11:08:26.170774,646.7,422584.0,458628.0
2025-06-18 11:08:28.520766,646.7,422758.0,459491.0
2025-06-18 11:08:29.170946,646.7,422758.0,459491.0
2025-06-18 11:08:30.181662,646.65,422758.0,459491.0
2025-06-18 11:08:33.907652,646.65,422080.0,459827.0
2025-06-18 11:08:34.177925,646.65,422080.0,459827.0
2025-06-18 11:08:36.178184,646.65,422080.0,459827.0
2025-06-18 11:08:39.208362,646.65,422461.0,459212.0
2025-06-18 11:08:42.185281,646.65,422461.0,459212.0
2025-06-18 11:08:44.186349,646.65,422461.0,459212.0
2025-06-18 11:08:44.410881,646.65,422288.0,460739.0
2025-06-18 11:08:49.611431,646.65,422635.0,462963.0
2025-06-18 11:08:50.175376,646.65,422635.0,462963.0
2025-06-18 11:08:52.179801,646.65,422635.0,462963.0
2025-06-18 11:08:54.181372,646.65,422635.0,462963.0
2025-06-18 11:08:54.823512,646.65,422889.0,462940.0
2025-06-18 11:08:58.176430,646.7,422889.0,462940.0
2025-06-18 11:08:59.916696,646.7,423181.0,462114.0
2025-06-18 11:09:00.175895,646.65,423181.0,462114.0
2025-06-18 11:09:02.213456,646.65,423181.0,462114.0
2025-06-18 11:09:04.189474,646.65,423181.0,462114.0
2025-06-18 11:09:04.820229,646.65,423058.0,463173.0
2025-06-18 11:09:06.177054,646.7,423058.0,463173.0
2025-06-18 11:09:08.178314,646.7,423058.0,463173.0
2025-06-18 11:09:09.924933,646.7,423923.0,462116.0
2025-06-18 11:09:14.306018,646.9,423923.0,462116.0
2025-06-18 11:09:14.348418,646.9,423923.0,462116.0
2025-06-18 11:09:15.828168,646.9,430440.0,448636.0
2025-06-18 11:09:16.174193,646.9,430440.0,448636.0
2025-06-18 11:09:18.873837,646.9,430440.0,448636.0
2025-06-18 11:09:20.199556,647.05,430440.0,448636.0
2025-06-18 11:09:21.326981,647.05,423492.0,453162.0
2025-06-18 11:09:22.170784,646.9,423492.0,453162.0
2025-06-18 11:09:24.177060,646.9,423492.0,453162.0
2025-06-18 11:09:26.183307,646.9,423492.0,453162.0
2025-06-18 11:09:26.635248,646.9,421985.0,455722.0
2025-06-18 11:09:28.185692,646.8,421985.0,455722.0
2025-06-18 11:09:30.189177,646.75,421985.0,455722.0
2025-06-18 11:09:31.932349,646.75,421776.0,458688.0
2025-06-18 11:09:32.218865,646.75,421776.0,458688.0
2025-06-18 11:09:34.179022,646.75,421776.0,458688.0
2025-06-18 11:09:37.238815,646.75,427146.0,457702.0
2025-06-18 11:09:42.185251,646.75,427146.0,457702.0
2025-06-18 11:09:42.541877,646.75,427205.0,458103.0
2025-06-18 11:09:44.209296,646.8,427205.0,458103.0
2025-06-18 11:09:47.186410,646.8,427205.0,458103.0
2025-06-18 11:09:47.842436,646.75,428750.0,465916.0
2025-06-18 11:09:48.188471,646.75,428750.0,465916.0
2025-06-18 11:09:48.230291,646.75,428750.0,465916.0
2025-06-18 11:09:49.138728,646.75,428750.0,465916.0
2025-06-18 11:09:50.028854,646.75,428750.0,465916.0
2025-06-18 11:09:51.670964,646.75,428750.0,465916.0
2025-06-18 11:09:52.178322,646.8,428750.0,465916.0
2025-06-18 11:09:52.674809,646.8,428750.0,465916.0
2025-06-18 11:09:53.213089,646.8,428750.0,465916.0
2025-06-18 11:09:53.245490,646.75,429215.0,468046.0
2025-06-18 11:09:53.606096,646.75,429215.0,468046.0
2025-06-18 11:09:54.126935,646.75,429215.0,468046.0
2025-06-18 11:09:54.217701,646.75,429215.0,468046.0
2025-06-18 11:09:54.465701,646.75,429215.0,468046.0
2025-06-18 11:09:55.344680,646.75,429215.0,468046.0
2025-06-18 11:09:56.178267,646.8,429215.0,468046.0
2025-06-18 11:09:56.616643,646.8,429215.0,468046.0
2025-06-18 11:09:57.567495,646.8,429215.0,468046.0
2025-06-18 11:09:58.446133,646.8,429371.0,467797.0
2025-06-18 11:09:58.977051,646.8,429371.0,467797.0
2025-06-18 11:10:00.123710,646.8,429371.0,467797.0
2025-06-18 11:10:00.177041,646.8,429371.0,467797.0
2025-06-18 11:10:01.252608,646.8,429371.0,467797.0
2025-06-18 11:10:02.180251,646.8,429371.0,467797.0
2025-06-18 11:10:02.750611,646.8,429371.0,467797.0
2025-06-18 11:10:03.547108,646.75,429763.0,469905.0
2025-06-18 11:10:04.175604,646.75,429763.0,469905.0
2025-06-18 11:10:06.180184,646.8,429763.0,469905.0
2025-06-18 11:10:09.500756,646.8,429763.0,469905.0
2025-06-18 11:10:09.504934,646.8,429988.0,469671.0
2025-06-18 11:10:10.191327,646.8,429988.0,469671.0
2025-06-18 11:10:12.179789,646.8,429988.0,469671.0
2025-06-18 11:10:14.163829,646.85,432711.0,463149.0
2025-06-18 11:10:14.187852,646.85,432711.0,463149.0
2025-06-18 11:10:16.180029,646.85,432711.0,463149.0
2025-06-18 11:10:18.181225,646.9,432711.0,463149.0
2025-06-18 11:10:19.358887,646.9,430186.0,465574.0
2025-06-18 11:10:20.178894,646.9,430186.0,465574.0
2025-06-18 11:10:22.179978,646.85,430186.0,465574.0
2025-06-18 11:10:24.457561,646.85,431162.0,465712.0
2025-06-18 11:10:25.180693,646.85,431162.0,465712.0
2025-06-18 11:10:28.187000,646.85,431162.0,465712.0
2025-06-18 11:10:30.061495,646.85,431946.0,465762.0
2025-06-18 11:10:31.188086,646.85,431946.0,465762.0
2025-06-18 11:10:34.182471,646.5,431946.0,465762.0
2025-06-18 11:10:35.569422,646.6,418458.0,470852.0
2025-06-18 11:10:37.177723,646.6,418458.0,470852.0
2025-06-18 11:10:38.180711,646.45,418458.0,470852.0
2025-06-18 11:10:40.178409,646.7,418458.0,470852.0
2025-06-18 11:10:41.185206,646.55,421310.0,470466.0
2025-06-18 11:10:42.186112,646.55,421310.0,470466.0
2025-06-18 11:10:44.179303,646.7,421310.0,470466.0
2025-06-18 11:10:46.176789,646.55,421310.0,470466.0
2025-06-18 11:10:46.474302,646.55,421088.0,471172.0
2025-06-18 11:10:48.211860,646.55,421088.0,471172.0
2025-06-18 11:10:50.184122,646.6,421088.0,471172.0
2025-06-18 11:10:51.575564,646.6,418666.0,473137.0
2025-06-18 11:10:52.183589,646.6,418666.0,473137.0
2025-06-18 11:10:54.189625,646.5,418666.0,473137.0
2025-06-18 11:10:56.178061,646.5,418666.0,473137.0
2025-06-18 11:10:56.780908,646.5,420222.0,472502.0
2025-06-18 11:10:58.180174,646.5,420222.0,472502.0
2025-06-18 11:11:01.887676,646.5,419021.0,471901.0
2025-06-18 11:11:02.201667,646.5,419021.0,471901.0
2025-06-18 11:11:02.987756,646.5,418841.0,472143.0
2025-06-18 11:11:03.175531,646.5,418841.0,472143.0
2025-06-18 11:11:03.988778,646.5,418887.0,472156.0
2025-06-18 11:11:04.889466,646.3,407268.0,479329.0
2025-06-18 11:11:05.173109,646.1,407268.0,479329.0
2025-06-18 11:11:05.891537,646.1,409713.0,477689.0
2025-06-18 11:11:06.179234,646.1,409713.0,477689.0
2025-06-18 11:11:06.893236,646.35,413959.0,476012.0
2025-06-18 11:11:07.176545,646.35,413959.0,476012.0
2025-06-18 11:11:08.041206,646.15,412044.0,478000.0
2025-06-18 11:11:08.184329,646.15,412044.0,478000.0
2025-06-18 11:11:09.002837,646.15,414117.0,478228.0
2025-06-18 11:11:10.003832,646.15,414213.0,478790.0
2025-06-18 11:11:11.107815,646.15,409346.0,478917.0
2025-06-18 11:11:11.179916,646.15,409346.0,478917.0
2025-06-18 11:11:12.097528,646.15,410869.0,478962.0
2025-06-18 11:11:13.182633,646.15,410869.0,478962.0
2025-06-18 11:11:13.203161,646.15,411311.0,478940.0
2025-06-18 11:11:14.294457,646.15,411391.0,478938.0
2025-06-18 11:11:15.173872,646.1,411391.0,478938.0
2025-06-18 11:11:15.294021,646.15,410959.0,478849.0
2025-06-18 11:11:16.173025,646.15,410959.0,478849.0
2025-06-18 11:11:16.294236,646.15,413518.0,478533.0
2025-06-18 11:11:17.296465,646.15,413714.0,478625.0
2025-06-18 11:11:18.185106,646.15,413714.0,478625.0
2025-06-18 11:11:18.403082,646.15,413815.0,478706.0
2025-06-18 11:11:19.180686,646.15,413815.0,478706.0
2025-06-18 11:11:19.397667,646.15,413905.0,478881.0
2025-06-18 11:11:20.396323,646.15,413905.0,479034.0
2025-06-18 11:11:21.297257,646.15,413946.0,478880.0
2025-06-18 11:11:22.182525,646.1,413946.0,478880.0
2025-06-18 11:11:22.400213,646.1,413801.0,478823.0
2025-06-18 11:11:23.174791,646.1,413801.0,478823.0
2025-06-18 11:11:23.400964,646.1,412375.0,478714.0
2025-06-18 11:11:24.399027,646.1,412714.0,478379.0
2025-06-18 11:11:25.398742,646.1,412714.0,478379.0
2025-06-18 11:11:26.400365,646.1,412714.0,478379.0
2025-06-18 11:11:27.181392,646.15,412714.0,478379.0
2025-06-18 11:11:27.509964,646.15,416773.0,477825.0
2025-06-18 11:11:28.189893,646.15,416773.0,477825.0
2025-06-18 11:11:28.537689,646.15,417201.0,477280.0
2025-06-18 11:11:29.512135,646.15,417247.0,477408.0
2025-06-18 11:11:30.523687,646.15,417207.0,477453.0
2025-06-18 11:11:31.516018,646.15,415871.0,477222.0
2025-06-18 11:11:32.182413,646.1,415871.0,477222.0
2025-06-18 11:11:32.534257,646.1,414509.0,477140.0
2025-06-18 11:11:33.177008,646.1,414509.0,477140.0
2025-06-18 11:11:33.607620,646.1,414591.0,477243.0
2025-06-18 11:11:34.708855,646.1,414942.0,477327.0
2025-06-18 11:11:35.808614,646.1,416534.0,477327.0
2025-06-18 11:11:36.710902,646.1,414926.0,477544.0
2025-06-18 11:11:37.193115,646.1,414926.0,477544.0
2025-06-18 11:11:37.811555,646.1,414997.0,477544.0
2025-06-18 11:11:38.912461,646.1,415024.0,477638.0
2025-06-18 11:11:40.026398,646.1,414961.0,477636.0
2025-06-18 11:11:40.911665,646.1,414985.0,477636.0
2025-06-18 11:11:42.021564,646.1,415251.0,477382.0
2025-06-18 11:11:43.036919,646.1,415177.0,477338.0
2025-06-18 11:11:43.194414,646.1,415177.0,477338.0
2025-06-18 11:11:44.038509,646.1,415262.0,477709.0
2025-06-18 11:11:45.093137,646.1,415200.0,477959.0
2025-06-18 11:11:46.036682,646.2,418560.0,475593.0
2025-06-18 11:11:46.177847,646.15,418560.0,475593.0
2025-06-18 11:11:47.033488,646.15,413894.0,476895.0
2025-06-18 11:11:48.025142,646.15,413702.0,476900.0
2025-06-18 11:11:49.038060,646.15,413744.0,476950.0
2025-06-18 11:11:50.029145,646.2,414261.0,476606.0
2025-06-18 11:11:50.186106,646.2,414261.0,476606.0
2025-06-18 11:11:51.027065,646.2,417960.0,476106.0
2025-06-18 11:11:52.117004,646.2,418319.0,476065.0
2025-06-18 11:11:53.217971,646.2,418056.0,476410.0
2025-06-18 11:11:54.318351,646.2,418195.0,476360.0
2025-06-18 11:11:55.420485,646.2,418637.0,476375.0
2025-06-18 11:11:56.321656,646.2,418637.0,476421.0
2025-06-18 11:11:57.325392,646.2,418797.0,476129.0
2025-06-18 11:11:58.407318,646.2,418797.0,476129.0
2025-06-18 11:11:58.448570,646.2,415193.0,476205.0
2025-06-18 11:11:59.553854,646.2,416696.0,475990.0
2025-06-18 11:12:00.178107,646.1,416696.0,475990.0
2025-06-18 11:12:00.627498,646.15,416775.0,474540.0
2025-06-18 11:12:02.336476,646.2,416775.0,474540.0
2025-06-18 11:12:03.427391,646.25,418985.0,471600.0
2025-06-18 11:12:04.185448,646.3,418985.0,471600.0
2025-06-18 11:12:06.183357,646.3,418985.0,471600.0
2025-06-18 11:12:08.236761,646.3,419022.0,472799.0
2025-06-18 11:12:13.336889,646.25,415762.0,473449.0
2025-06-18 11:12:14.186855,646.25,415762.0,473449.0
2025-06-18 11:12:16.186341,646.5,415762.0,473449.0
2025-06-18 11:12:18.642240,646.5,413417.0,473325.0
2025-06-18 11:12:22.181543,646.45,413417.0,473325.0
2025-06-18 11:12:23.651117,646.35,413287.0,474689.0
2025-06-18 11:12:24.188310,646.35,413287.0,474689.0
2025-06-18 11:12:28.655260,646.3,413811.0,477392.0
2025-06-18 11:12:29.178426,646.3,413811.0,477392.0
2025-06-18 11:12:30.194513,646.35,413811.0,477392.0
2025-06-18 11:12:33.851330,646.35,408891.0,478459.0
2025-06-18 11:12:34.187101,646.35,408891.0,478459.0
2025-06-18 11:12:36.205382,645.65,408891.0,478459.0
2025-06-18 11:12:38.191287,645.8,408891.0,478459.0
2025-06-18 11:12:39.054722,645.8,408258.0,484450.0
2025-06-18 11:12:40.187471,645.8,408258.0,484450.0
2025-06-18 11:12:42.186134,646.1,408258.0,484450.0
2025-06-18 11:12:44.163773,646.0,408742.0,484678.0
2025-06-18 11:12:44.199314,646.0,408742.0,484678.0
2025-06-18 11:12:46.184325,646.05,408742.0,484678.0
2025-06-18 11:12:47.567501,646.05,408742.0,484678.0
2025-06-18 11:12:48.187193,646.0,408742.0,484678.0
2025-06-18 11:12:48.634267,646.0,408742.0,484678.0
2025-06-18 11:12:49.164566,646.0,412542.0,482015.0
2025-06-18 11:12:49.541457,646.0,412542.0,482015.0
2025-06-18 11:12:50.454319,646.0,412542.0,482015.0
2025-06-18 11:12:51.344415,646.0,412542.0,482015.0
2025-06-18 11:12:52.082721,646.0,412542.0,482015.0
2025-06-18 11:12:52.188237,646.0,412542.0,482015.0
2025-06-18 11:12:53.111546,646.0,412542.0,482015.0
2025-06-18 11:12:54.051591,646.0,412542.0,482015.0
2025-06-18 11:12:54.187735,646.15,412542.0,482015.0
2025-06-18 11:12:54.531155,646.15,412542.0,482015.0
2025-06-18 11:12:54.869675,646.1,412201.0,478669.0
2025-06-18 11:12:54.882999,646.1,412201.0,478669.0
2025-06-18 11:12:55.802918,646.1,412201.0,478669.0
2025-06-18 11:12:56.187539,646.2,412201.0,478669.0
2025-06-18 11:12:57.056434,646.2,412201.0,478669.0
2025-06-18 11:12:57.887506,646.2,412201.0,478669.0
2025-06-18 11:12:58.191612,646.25,412201.0,478669.0
2025-06-18 11:12:59.292148,646.25,412201.0,478669.0
2025-06-18 11:13:00.195883,646.3,412201.0,478669.0
2025-06-18 11:13:00.371135,646.3,414456.0,477242.0
2025-06-18 11:13:00.402280,646.3,414456.0,477242.0
2025-06-18 11:13:01.580298,646.3,414456.0,477242.0
2025-06-18 11:13:01.873215,646.3,414394.0,477072.0
2025-06-18 11:13:02.772064,646.3,414562.0,477097.0
2025-06-18 11:13:03.040762,646.3,414562.0,477097.0
2025-06-18 11:13:03.212861,646.15,414562.0,477097.0
2025-06-18 11:13:03.877317,646.15,414271.0,477630.0
2025-06-18 11:13:04.184821,646.15,414271.0,477630.0
2025-06-18 11:13:04.974788,646.15,412925.0,477824.0
2025-06-18 11:13:05.185458,646.15,412925.0,477824.0
2025-06-18 11:13:05.979245,646.1,413224.0,477669.0
2025-06-18 11:13:06.183587,646.1,413224.0,477669.0
2025-06-18 11:13:07.075954,646.15,414389.0,477057.0
2025-06-18 11:13:07.184439,646.15,414389.0,477057.0
2025-06-18 11:13:08.077755,646.15,413351.0,477158.0
2025-06-18 11:13:09.077335,646.2,409407.0,478967.0
2025-06-18 11:13:09.183693,646.2,409407.0,478967.0
2025-06-18 11:13:10.079419,646.2,412878.0,478274.0
2025-06-18 11:13:10.183788,646.2,412878.0,478274.0
2025-06-18 11:13:11.079061,646.2,413006.0,478641.0
2025-06-18 11:13:11.186891,646.15,413006.0,478641.0
2025-06-18 11:13:12.079823,646.2,412573.0,478625.0
2025-06-18 11:13:12.188023,646.2,412573.0,478625.0
2025-06-18 11:13:13.078199,646.15,412654.0,478638.0
2025-06-18 11:13:13.186265,646.15,412654.0,478638.0
2025-06-18 11:13:14.177223,646.15,412654.0,478546.0
2025-06-18 11:13:15.278824,646.15,412694.0,479091.0
2025-06-18 11:13:16.280545,646.15,412662.0,479175.0
2025-06-18 11:13:17.187929,646.15,412662.0,479175.0
2025-06-18 11:13:17.281406,646.15,411005.0,479513.0
2025-06-18 11:13:18.882400,646.15,411252.0,479555.0
2025-06-18 11:13:19.883166,646.15,410722.0,479673.0
2025-06-18 11:13:20.186839,646.15,410722.0,479673.0
2025-06-18 11:13:20.882130,646.2,410775.0,479430.0
2025-06-18 11:13:21.183631,646.2,410775.0,479430.0
2025-06-18 11:13:21.985630,646.2,410818.0,479472.0
2025-06-18 11:13:22.886696,646.15,410835.0,479723.0
2025-06-18 11:13:23.184532,646.15,410835.0,479723.0
2025-06-18 11:13:23.886149,646.15,407829.0,480879.0
2025-06-18 11:13:24.884219,646.15,410524.0,480870.0
2025-06-18 11:13:25.884882,646.15,410700.0,480793.0
2025-06-18 11:13:27.185305,646.15,410700.0,480793.0
2025-06-18 11:13:27.410055,646.15,410734.0,481167.0
2025-06-18 11:13:28.398049,646.15,410683.0,481167.0
2025-06-18 11:13:29.395342,646.15,410649.0,481422.0
2025-06-18 11:13:30.490917,646.15,410649.0,481295.0
2025-06-18 11:13:31.490062,646.15,410695.0,481212.0
2025-06-18 11:13:32.489875,646.15,410741.0,481479.0
2025-06-18 11:13:33.191734,646.15,410741.0,481479.0
2025-06-18 11:13:33.589376,646.15,410804.0,480972.0
2025-06-18 11:13:34.187977,646.15,410804.0,480972.0
2025-06-18 11:13:34.689739,646.15,410623.0,481427.0
2025-06-18 11:13:35.692565,646.15,412205.0,480658.0
2025-06-18 11:13:36.694825,646.15,412350.0,480082.0
2025-06-18 11:13:37.692820,646.15,411843.0,480318.0
2025-06-18 11:13:38.694956,646.15,412750.0,480663.0
2025-06-18 11:13:39.187782,646.15,412750.0,480663.0
2025-06-18 11:13:39.694804,646.15,412786.0,480580.0
2025-06-18 11:13:40.795192,646.15,412750.0,480590.0
2025-06-18 11:13:41.189647,646.15,412750.0,480590.0
2025-06-18 11:13:41.896557,646.15,412716.0,480901.0
2025-06-18 11:13:42.188867,646.15,412716.0,480901.0
2025-06-18 11:13:42.897799,646.15,412645.0,480899.0
2025-06-18 11:13:43.189591,646.15,412645.0,480899.0
2025-06-18 11:13:43.898363,646.15,412782.0,480803.0
2025-06-18 11:13:44.897864,646.15,412770.0,480529.0
2025-06-18 11:13:45.186464,646.15,412770.0,480529.0
2025-06-18 11:13:45.898501,646.2,412804.0,480802.0
2025-06-18 11:13:46.191573,646.2,412804.0,480802.0
2025-06-18 11:13:46.899217,646.2,412804.0,480553.0
2025-06-18 11:13:47.898075,646.2,411997.0,480707.0
2025-06-18 11:13:48.898982,646.2,412206.0,480707.0
2025-06-18 11:13:49.187143,646.05,412206.0,480707.0
2025-06-18 11:13:50.000813,646.05,409371.0,481117.0
2025-06-18 11:13:51.099889,646.05,409124.0,481102.0
2025-06-18 11:13:52.005985,646.05,409255.0,481015.0
2025-06-18 11:13:53.099400,646.05,411248.0,480810.0
2025-06-18 11:13:54.102419,646.05,412941.0,481108.0
2025-06-18 11:13:55.100402,646.1,411676.0,480607.0
2025-06-18 11:13:55.187917,646.1,411676.0,480607.0
2025-06-18 11:13:56.101808,646.1,411351.0,481075.0
2025-06-18 11:13:57.200806,646.1,411374.0,480745.0
2025-06-18 11:13:58.103131,646.05,411111.0,480900.0
2025-06-18 11:13:58.188130,646.05,411111.0,480900.0
2025-06-18 11:13:59.104392,646.2,410459.0,480831.0
2025-06-18 11:13:59.184461,646.2,410459.0,480831.0
2025-06-18 11:14:00.208899,646.2,410459.0,480856.0
2025-06-18 11:14:05.107781,646.2,412285.0,480552.0
2025-06-18 11:14:08.196124,646.0,412285.0,480552.0
2025-06-18 11:14:10.113034,646.05,413558.0,480411.0
2025-06-18 11:14:10.194750,646.05,413558.0,480411.0
2025-06-18 11:14:12.191419,646.0,413558.0,480411.0
2025-06-18 11:14:14.196164,646.2,413558.0,480411.0
2025-06-18 11:14:15.213246,646.2,413458.0,479598.0
2025-06-18 11:14:20.120173,646.2,413674.0,480074.0
2025-06-18 11:14:22.240687,646.3,413674.0,480074.0
2025-06-18 11:14:24.921222,646.2,419226.0,474336.0
2025-06-18 11:14:25.190559,646.3,419226.0,474336.0
2025-06-18 11:14:27.191005,646.3,419226.0,474336.0
2025-06-18 11:14:28.195157,646.6,419226.0,474336.0
2025-06-18 11:14:30.228056,646.6,424482.0,469253.0
2025-06-18 11:14:32.206062,646.5,424482.0,469253.0
2025-06-18 11:14:34.203294,646.5,424482.0,469253.0
2025-06-18 11:14:35.544940,646.5,424625.0,469638.0
2025-06-18 11:14:36.202249,646.6,424625.0,469638.0
2025-06-18 11:14:40.195044,646.75,424625.0,469638.0
2025-06-18 11:14:40.634146,646.75,422684.0,469555.0
2025-06-18 11:14:45.839368,646.75,422776.0,469118.0
2025-06-18 11:14:46.197711,646.55,422776.0,469118.0
2025-06-18 11:14:50.203014,646.55,422776.0,469118.0
2025-06-18 11:14:51.441248,646.55,423055.0,470194.0
2025-06-18 11:14:56.198380,646.75,423055.0,470194.0
2025-06-18 11:14:56.848087,646.65,422397.0,470141.0
2025-06-18 11:14:58.214965,646.65,422397.0,470141.0
2025-06-18 11:15:00.195599,646.75,422397.0,470141.0
2025-06-18 11:15:02.156596,646.65,420278.0,470392.0
2025-06-18 11:15:02.200058,646.65,420278.0,470392.0
2025-06-18 11:15:04.197398,646.65,420278.0,470392.0
2025-06-18 11:15:07.452616,646.65,420711.0,470892.0
2025-06-18 11:15:12.663721,646.65,420894.0,471014.0
2025-06-18 11:15:14.208857,646.65,420894.0,471014.0
2025-06-18 11:15:17.660315,646.65,421320.0,470327.0
2025-06-18 11:15:22.564058,646.65,421436.0,470415.0
2025-06-18 11:15:24.202432,646.65,421436.0,470415.0
2025-06-18 11:15:26.200469,646.65,421436.0,470415.0
2025-06-18 11:15:27.770159,646.6,418708.0,473241.0
2025-06-18 11:15:28.208789,646.6,418708.0,473241.0
2025-06-18 11:15:30.201486,646.7,418708.0,473241.0
2025-06-18 11:15:32.201083,646.65,418708.0,473241.0
2025-06-18 11:15:33.470374,646.6,419963.0,472073.0
2025-06-18 11:15:34.216162,646.65,419963.0,472073.0
2025-06-18 11:15:38.779031,646.65,420020.0,472715.0
2025-06-18 11:15:42.201159,646.6,420020.0,472715.0
2025-06-18 11:15:43.878803,646.65,420764.0,472087.0
2025-06-18 11:15:44.205731,646.65,420764.0,472087.0
2025-06-18 11:15:46.218261,646.65,420764.0,472087.0
2025-06-18 11:15:48.074755,646.65,420764.0,472087.0
2025-06-18 11:15:49.099512,646.65,420764.0,472087.0
2025-06-18 11:15:49.282695,646.6,421325.0,472175.0
2025-06-18 11:15:49.999354,646.6,421325.0,472175.0
2025-06-18 11:15:50.205844,646.65,421325.0,472175.0
2025-06-18 11:15:50.943196,646.65,421325.0,472175.0
2025-06-18 11:15:51.783541,646.65,421325.0,472175.0
2025-06-18 11:15:52.573784,646.65,421325.0,472175.0
2025-06-18 11:15:53.580884,646.65,421325.0,472175.0
2025-06-18 11:15:54.139275,646.65,421325.0,472175.0
2025-06-18 11:15:54.201732,646.6,421325.0,472175.0
2025-06-18 11:15:54.539055,646.6,421325.0,472175.0
2025-06-18 11:15:54.786727,646.6,421501.0,471753.0
2025-06-18 11:15:55.040055,646.6,421501.0,471753.0
2025-06-18 11:15:56.297665,646.6,421501.0,471753.0
2025-06-18 11:15:57.588560,646.6,421501.0,471753.0
2025-06-18 11:15:58.414341,646.6,421501.0,471753.0
2025-06-18 11:15:59.988783,646.6,421082.0,472174.0
2025-06-18 11:16:00.116818,646.6,421082.0,472174.0
2025-06-18 11:16:01.281114,646.6,421082.0,472174.0
2025-06-18 11:16:02.403557,646.6,421082.0,472174.0
2025-06-18 11:16:03.888066,646.6,421082.0,472174.0
2025-06-18 11:16:04.200463,646.6,421082.0,472174.0
2025-06-18 11:16:05.288715,646.6,421248.0,472630.0
2025-06-18 11:16:08.730884,646.65,421248.0,472630.0
2025-06-18 11:16:10.494790,646.6,415200.0,474957.0
2025-06-18 11:16:13.199085,646.5,415200.0,474957.0
2025-06-18 11:16:15.998949,646.5,416908.0,476977.0
2025-06-18 11:16:18.208829,646.25,416908.0,476977.0
2025-06-18 11:16:20.208044,646.15,416908.0,476977.0
2025-06-18 11:16:21.232513,646.15,416972.0,476805.0
2025-06-18 11:16:24.208792,646.1,416972.0,476805.0
2025-06-18 11:16:26.205573,646.25,416972.0,476805.0
2025-06-18 11:16:26.301959,646.25,416755.0,477198.0
2025-06-18 11:16:31.212715,646.25,416885.0,477419.0
2025-06-18 11:16:32.207667,646.25,416885.0,477419.0
2025-06-18 11:16:34.218228,646.2,416885.0,477419.0
2025-06-18 11:16:36.412801,646.2,416369.0,478179.0
2025-06-18 11:16:38.239520,646.1,416369.0,478179.0
2025-06-18 11:16:41.721977,646.1,415357.0,479464.0
2025-06-18 11:16:44.206923,646.15,415357.0,479464.0
2025-06-18 11:16:46.819528,646.15,416023.0,479753.0
2025-06-18 11:16:48.221037,646.1,416023.0,479753.0
2025-06-18 11:16:51.922041,646.1,414254.0,480196.0
2025-06-18 11:16:55.207326,646.15,414254.0,480196.0
2025-06-18 11:16:57.122375,646.15,410196.0,482431.0
2025-06-18 11:16:58.212659,646.15,410196.0,482431.0
2025-06-18 11:17:00.452633,646.1,410196.0,482431.0
2025-06-18 11:17:02.226396,646.1,414548.0,484474.0
2025-06-18 11:17:04.214882,646.1,414548.0,484474.0
2025-06-18 11:17:06.215887,646.05,414548.0,484474.0
2025-06-18 11:17:07.331607,646.05,415286.0,485046.0
2025-06-18 11:17:08.242417,646.0,415286.0,485046.0
2025-06-18 11:17:10.216020,646.0,415286.0,485046.0
2025-06-18 11:17:12.432488,646.0,415389.0,485004.0
2025-06-18 11:17:14.214142,646.0,415389.0,485004.0
2025-06-18 11:17:17.533383,646.0,415504.0,484726.0
2025-06-18 11:17:22.739058,646.0,415416.0,484808.0
2025-06-18 11:17:24.215326,646.0,415416.0,484808.0
2025-06-18 11:17:26.213017,646.0,415416.0,484808.0
2025-06-18 11:17:27.949119,646.0,415138.0,485929.0
2025-06-18 11:17:30.214235,646.0,415138.0,485929.0
2025-06-18 11:17:33.099023,646.0,415175.0,487181.0
2025-06-18 11:17:34.212618,646.0,415175.0,487181.0
2025-06-18 11:17:36.215441,645.95,415175.0,487181.0
2025-06-18 11:17:37.951055,645.95,414621.0,488027.0
2025-06-18 11:17:40.216867,645.9,414621.0,488027.0
2025-06-18 11:17:42.214736,645.75,414621.0,488027.0
2025-06-18 11:17:43.155203,645.75,417382.0,488971.0
2025-06-18 11:17:44.212613,645.8,417382.0,488971.0
2025-06-18 11:17:46.219374,645.85,417382.0,488971.0
2025-06-18 11:17:47.959116,645.8,414438.0,489322.0
2025-06-18 11:17:48.216042,645.65,414438.0,489322.0
2025-06-18 11:17:50.219597,645.8,414438.0,489322.0
2025-06-18 11:17:52.213029,645.8,414438.0,489322.0
2025-06-18 11:17:52.660752,645.8,415604.0,490255.0
2025-06-18 11:17:54.216359,645.7,415604.0,490255.0
2025-06-18 11:17:57.263096,645.7,419413.0,488253.0
2025-06-18 11:18:01.863597,645.8,418369.0,488748.0
2025-06-18 11:18:02.248814,645.8,418369.0,488748.0
2025-06-18 11:18:04.218215,645.75,418369.0,488748.0
2025-06-18 11:18:06.218199,645.75,418369.0,488748.0
2025-06-18 11:18:06.666420,645.75,417991.0,489168.0
2025-06-18 11:18:08.236748,645.7,417991.0,489168.0
2025-06-18 11:18:10.492701,645.7,417991.0,489168.0
2025-06-18 11:18:11.470567,645.55,375449.0,494703.0
2025-06-18 11:18:13.242365,645.45,375449.0,494703.0
2025-06-18 11:18:17.209501,645.45,375449.0,494703.0
2025-06-18 11:18:17.374910,645.45,402818.0,497372.0
2025-06-18 11:18:19.216034,645.5,402818.0,497372.0
2025-06-18 11:18:21.267072,645.5,402818.0,497372.0
2025-06-18 11:18:23.087976,645.45,403720.0,494679.0
2025-06-18 11:18:23.211389,645.45,403720.0,494679.0
2025-06-18 11:18:25.215800,645.5,403720.0,494679.0
2025-06-18 11:18:27.212754,645.5,403720.0,494679.0
2025-06-18 11:18:28.283747,645.4,403625.0,495799.0
2025-06-18 11:18:29.231899,645.5,403625.0,495799.0
2025-06-18 11:18:31.215659,645.35,403625.0,495799.0
2025-06-18 11:18:33.241565,645.5,403625.0,495799.0
2025-06-18 11:18:33.387590,645.5,404994.0,495594.0
2025-06-18 11:18:35.218810,645.5,404994.0,495594.0
2025-06-18 11:18:37.220065,645.4,404994.0,495594.0
2025-06-18 11:18:38.593937,645.4,405168.0,495311.0
2025-06-18 11:18:41.213647,645.5,405168.0,495311.0
2025-06-18 11:18:43.487150,645.5,405199.0,495066.0
2025-06-18 11:18:45.213057,645.5,405199.0,495066.0
2025-06-18 11:18:47.234527,645.5,405199.0,495066.0
2025-06-18 11:18:48.105668,645.5,404309.0,495427.0
2025-06-18 11:18:48.478898,645.5,404309.0,495427.0
2025-06-18 11:18:49.598459,645.5,404309.0,495427.0
2025-06-18 11:18:50.478045,645.5,404309.0,495427.0
2025-06-18 11:18:51.212550,645.4,404309.0,495427.0
2025-06-18 11:18:51.411734,645.4,404309.0,495427.0
2025-06-18 11:18:52.263128,645.4,404309.0,495427.0
2025-06-18 11:18:52.792656,645.5,403624.0,495155.0
2025-06-18 11:18:53.044604,645.5,403624.0,495155.0
2025-06-18 11:18:53.215584,645.5,403624.0,495155.0
2025-06-18 11:18:54.050845,645.5,403624.0,495155.0
2025-06-18 11:18:55.039773,645.5,403624.0,495155.0
2025-06-18 11:18:55.213984,645.5,403624.0,495155.0
2025-06-18 11:18:55.523601,645.5,403624.0,495155.0
2025-06-18 11:18:56.787804,645.5,403624.0,495155.0
2025-06-18 11:18:57.217103,645.5,403624.0,495155.0
2025-06-18 11:18:57.605251,645.5,403932.0,494319.0
2025-06-18 11:18:58.037387,645.5,403932.0,494319.0
2025-06-18 11:19:00.285610,645.5,403932.0,494319.0
2025-06-18 11:19:01.220282,645.4,403932.0,494319.0
2025-06-18 11:19:01.578945,645.4,403932.0,494319.0
2025-06-18 11:19:02.397285,645.4,405020.0,494744.0
2025-06-18 11:19:02.718974,645.4,405020.0,494744.0
2025-06-18 11:19:03.217318,645.4,405020.0,494744.0
2025-06-18 11:19:04.192645,645.4,405020.0,494744.0
2025-06-18 11:19:05.218621,645.45,405020.0,494744.0
2025-06-18 11:19:07.219507,645.45,405020.0,494744.0
2025-06-18 11:19:07.998776,645.4,404860.0,494210.0
2025-06-18 11:19:09.216683,645.4,404860.0,494210.0
2025-06-18 11:19:13.152344,645.35,407799.0,495060.0
2025-06-18 11:19:13.224688,645.35,407799.0,495060.0
2025-06-18 11:19:15.216011,645.35,407799.0,495060.0
2025-06-18 11:19:17.220589,645.35,407799.0,495060.0
2025-06-18 11:19:18.216346,645.35,408707.0,495242.0
2025-06-18 11:19:19.217693,645.35,408707.0,495242.0
2025-06-18 11:19:21.218817,645.35,408707.0,495242.0
2025-06-18 11:19:23.218203,645.3,408707.0,495242.0
2025-06-18 11:19:23.511153,645.3,410088.0,494397.0
2025-06-18 11:19:25.218303,645.35,410088.0,494397.0
2025-06-18 11:19:27.221287,645.35,410088.0,494397.0
2025-06-18 11:19:28.515716,645.35,409249.0,494559.0
2025-06-18 11:19:29.217975,645.3,409249.0,494559.0
2025-06-18 11:19:33.218543,645.3,409249.0,494559.0
2025-06-18 11:19:33.417293,645.3,409742.0,494462.0
2025-06-18 11:19:35.224968,645.3,409742.0,494462.0
2025-06-18 11:19:38.315270,645.3,409585.0,496032.0
2025-06-18 11:19:39.229075,645.3,409585.0,496032.0
2025-06-18 11:19:41.218067,645.25,409585.0,496032.0
2025-06-18 11:19:43.259702,645.3,409585.0,496032.0
2025-06-18 11:19:43.320837,645.3,412016.0,496237.0
2025-06-18 11:19:45.217863,645.3,412016.0,496237.0
2025-06-18 11:19:47.225857,645.25,412016.0,496237.0
2025-06-18 11:19:48.231824,645.25,412468.0,496187.0
2025-06-18 11:19:49.279728,645.25,412468.0,496187.0
2025-06-18 11:19:51.258945,645.3,412468.0,496187.0
2025-06-18 11:19:53.230205,645.3,412468.0,496187.0
2025-06-18 11:19:53.628453,645.3,411329.0,492039.0
2025-06-18 11:19:55.225954,645.3,411329.0,492039.0
2025-06-18 11:19:57.219863,645.25,411329.0,492039.0
2025-06-18 11:20:00.475942,645.25,412616.0,492079.0
2025-06-18 11:20:00.485146,645.25,412616.0,492079.0
2025-06-18 11:20:01.229323,645.3,412616.0,492079.0
2025-06-18 11:20:03.221470,645.25,412616.0,492079.0
2025-06-18 11:20:03.936549,645.25,412607.0,492001.0
2025-06-18 11:20:07.219221,645.3,412607.0,492001.0
2025-06-18 11:20:08.218046,645.3,412607.0,492001.0
2025-06-18 11:20:08.750167,645.25,412961.0,491302.0
2025-06-18 11:20:09.219158,645.25,412961.0,491302.0
2025-06-18 11:20:10.218387,645.3,412961.0,491302.0
2025-06-18 11:20:11.217391,645.3,412961.0,491302.0
2025-06-18 11:20:12.218037,645.25,412961.0,491302.0
2025-06-18 11:20:13.222088,645.25,412961.0,491302.0
2025-06-18 11:20:13.346281,645.25,412591.0,491137.0
2025-06-18 11:20:14.215327,645.3,412591.0,491137.0
2025-06-18 11:20:17.220184,645.25,412591.0,491137.0
2025-06-18 11:20:17.950891,645.3,412950.0,491349.0
2025-06-18 11:20:18.224446,645.3,412950.0,491349.0
2025-06-18 11:20:22.956831,645.25,412710.0,491556.0
2025-06-18 11:20:23.251620,645.25,412710.0,491556.0
2025-06-18 11:20:24.216812,645.3,412710.0,491556.0
2025-06-18 11:20:25.217391,645.3,412710.0,491556.0
2025-06-18 11:20:26.219639,645.3,412710.0,491556.0
2025-06-18 11:20:28.165088,645.3,412926.0,491848.0
2025-06-18 11:20:31.219908,645.25,412926.0,491848.0
2025-06-18 11:20:32.222873,645.25,412926.0,491848.0
2025-06-18 11:20:33.060948,645.2,412478.0,493049.0
2025-06-18 11:20:33.216742,645.2,412478.0,493049.0
2025-06-18 11:20:34.222748,645.3,412478.0,493049.0
2025-06-18 11:20:37.965788,645.3,412712.0,492128.0
2025-06-18 11:20:40.227687,645.3,412712.0,492128.0
2025-06-18 11:20:41.218813,645.2,412712.0,492128.0
2025-06-18 11:20:42.768799,645.2,412066.0,492608.0
2025-06-18 11:20:47.773089,645.2,413945.0,492473.0
2025-06-18 11:20:48.218655,645.2,413945.0,492473.0
2025-06-18 11:20:50.225355,645.2,413945.0,492473.0
2025-06-18 11:20:52.674126,645.2,413870.0,492532.0
2025-06-18 11:20:53.223734,645.2,413870.0,492532.0
2025-06-18 11:20:54.225773,645.2,413870.0,492532.0
2025-06-18 11:20:56.257804,645.2,413870.0,492532.0
2025-06-18 11:20:57.876253,645.2,413846.0,492027.0
2025-06-18 11:20:59.221451,645.25,413846.0,492027.0
2025-06-18 11:21:01.225606,645.2,413846.0,492027.0
2025-06-18 11:21:02.477757,645.2,411683.0,492469.0
2025-06-18 11:21:03.239975,645.2,411683.0,492469.0
2025-06-18 11:21:04.219166,645.25,411683.0,492469.0
2025-06-18 11:21:07.381564,645.25,411558.0,492845.0
2025-06-18 11:21:09.218342,645.25,411558.0,492845.0
2025-06-18 11:21:10.218077,645.25,411558.0,492845.0
2025-06-18 11:21:12.185270,645.25,413913.0,492044.0
2025-06-18 11:21:13.251925,645.25,413913.0,492044.0
2025-06-18 11:21:16.220067,645.2,413913.0,492044.0
2025-06-18 11:21:16.891760,645.2,414222.0,492835.0
2025-06-18 11:21:17.263142,645.2,414222.0,492835.0
2025-06-18 11:21:18.220661,645.25,414222.0,492835.0
2025-06-18 11:21:19.218649,645.2,414222.0,492835.0
2025-06-18 11:21:20.220964,645.25,414222.0,492835.0
2025-06-18 11:21:21.230273,645.25,414222.0,492835.0
2025-06-18 11:21:21.691664,645.25,413478.0,492577.0
2025-06-18 11:21:22.221636,645.2,413478.0,492577.0
2025-06-18 11:21:23.218392,645.2,413478.0,492577.0
2025-06-18 11:21:24.235755,645.2,413478.0,492577.0
2025-06-18 11:21:26.220497,645.25,413478.0,492577.0
2025-06-18 11:21:26.791140,645.25,413279.0,492690.0
2025-06-18 11:21:28.220399,645.2,413279.0,492690.0
2025-06-18 11:21:31.220146,645.25,413279.0,492690.0
2025-06-18 11:21:31.893915,645.25,419181.0,492397.0
2025-06-18 11:21:32.218825,645.2,419181.0,492397.0
2025-06-18 11:21:33.220351,645.2,419181.0,492397.0
2025-06-18 11:21:36.896834,645.2,420270.0,492164.0
2025-06-18 11:21:41.302373,645.2,420151.0,492470.0
2025-06-18 11:21:43.227092,645.2,420151.0,492470.0
2025-06-18 11:21:46.005058,645.2,419917.0,492765.0
2025-06-18 11:21:48.226588,645.25,419917.0,492765.0
2025-06-18 11:21:49.088952,645.25,419917.0,492765.0
2025-06-18 11:21:50.223631,645.25,419917.0,492765.0
2025-06-18 11:21:50.808648,645.2,405489.0,496177.0
2025-06-18 11:21:51.060962,645.2,405489.0,496177.0
2025-06-18 11:21:51.253683,645.2,405489.0,496177.0
2025-06-18 11:21:52.589494,645.2,405489.0,496177.0
2025-06-18 11:21:52.858608,645.2,405489.0,496177.0
2025-06-18 11:21:53.255533,645.2,405489.0,496177.0
2025-06-18 11:21:53.693495,645.2,405489.0,496177.0
2025-06-18 11:21:54.222226,645.2,405489.0,496177.0
2025-06-18 11:21:54.673863,645.2,405489.0,496177.0
2025-06-18 11:21:55.218653,645.2,405489.0,496177.0
2025-06-18 11:21:55.242749,645.2,405489.0,496177.0
2025-06-18 11:21:55.650192,645.2,405489.0,496177.0
2025-06-18 11:21:55.810949,645.2,399437.0,498197.0
2025-06-18 11:21:56.135877,645.2,399437.0,498197.0
2025-06-18 11:21:56.219009,645.15,399437.0,498197.0
2025-06-18 11:21:56.493120,645.15,399437.0,498197.0
2025-06-18 11:21:57.232313,645.15,399437.0,498197.0
2025-06-18 11:21:57.368493,645.15,399437.0,498197.0
2025-06-18 11:21:58.226671,645.15,399437.0,498197.0
2025-06-18 11:21:58.708445,645.15,399437.0,498197.0
2025-06-18 11:21:59.516847,645.15,399437.0,498197.0
2025-06-18 11:22:00.918544,645.15,399437.0,498197.0
2025-06-18 11:22:01.126104,645.2,400064.0,498349.0
2025-06-18 11:22:01.220987,645.2,400064.0,498349.0
2025-06-18 11:22:02.020916,645.2,400064.0,498349.0
2025-06-18 11:22:02.226961,645.15,400064.0,498349.0
2025-06-18 11:22:03.230068,645.15,400064.0,498349.0
2025-06-18 11:22:03.401062,645.15,400064.0,498349.0
2025-06-18 11:22:05.228185,645.15,400064.0,498349.0
2025-06-18 11:22:05.815763,645.15,401322.0,498035.0
2025-06-18 11:22:08.222741,645.1,401322.0,498035.0
2025-06-18 11:22:09.222548,645.1,401322.0,498035.0
2025-06-18 11:22:10.917587,645.1,404067.0,497783.0
2025-06-18 11:22:12.226899,645.15,404067.0,497783.0
2025-06-18 11:22:13.229021,645.15,404067.0,497783.0
2025-06-18 11:22:16.023462,645.15,405111.0,495208.0
2025-06-18 11:22:16.233884,645.15,405111.0,495208.0
2025-06-18 11:22:20.229602,645.15,405111.0,495208.0
2025-06-18 11:22:21.030239,645.15,405765.0,496234.0
2025-06-18 11:22:21.223888,645.1,405765.0,496234.0
2025-06-18 11:22:23.226463,645.1,405765.0,496234.0
2025-06-18 11:22:25.932002,645.1,408919.0,496798.0
2025-06-18 11:22:26.234618,645.1,408919.0,496798.0
2025-06-18 11:22:28.248014,645.05,408919.0,496798.0
2025-06-18 11:22:29.222554,645.15,408919.0,496798.0
2025-06-18 11:22:30.225870,645.15,408919.0,496798.0
2025-06-18 11:22:30.856958,645.15,406147.0,496251.0
2025-06-18 11:22:31.228335,645.2,406147.0,496251.0
2025-06-18 11:22:32.249913,645.2,406147.0,496251.0
2025-06-18 11:22:33.229688,645.15,406147.0,496251.0
2025-06-18 11:22:34.249152,645.0,406147.0,496251.0
2025-06-18 11:22:35.227508,645.05,406147.0,496251.0
2025-06-18 11:22:35.732444,645.05,396525.0,501066.0
2025-06-18 11:22:37.223344,644.8,396525.0,501066.0
2025-06-18 11:22:40.837184,644.7,400563.0,498889.0
2025-06-18 11:22:41.233172,644.8,400563.0,498889.0
2025-06-18 11:22:42.228176,644.85,400563.0,498889.0
2025-06-18 11:22:45.131204,644.95,400563.0,498889.0
2025-06-18 11:22:45.246940,644.85,400563.0,498889.0
2025-06-18 11:22:46.039445,644.85,407110.0,497856.0
2025-06-18 11:22:47.225373,644.9,407110.0,497856.0
2025-06-18 11:22:48.234020,644.8,407110.0,497856.0
2025-06-18 11:22:51.350202,644.8,399918.0,500548.0
2025-06-18 11:22:53.232237,644.8,399918.0,500548.0
2025-06-18 11:22:56.193204,644.8,400086.0,500509.0
2025-06-18 11:22:57.225745,644.95,400086.0,500509.0
2025-06-18 11:22:58.233907,644.8,400086.0,500509.0
2025-06-18 11:23:00.853473,644.8,398792.0,499707.0
2025-06-18 11:23:02.166691,644.85,395317.0,500149.0
2025-06-18 11:23:02.234280,644.85,395317.0,500149.0
2025-06-18 11:23:03.058195,644.8,396211.0,500424.0
2025-06-18 11:23:03.224980,644.8,396211.0,500424.0
2025-06-18 11:23:04.053218,644.8,396219.0,500079.0
2025-06-18 11:23:05.167737,644.8,396137.0,500267.0
2025-06-18 11:23:06.252761,644.8,396091.0,500267.0
2025-06-18 11:23:07.353404,644.8,395786.0,500267.0
2025-06-18 11:23:08.354354,644.8,394737.0,500991.0
2025-06-18 11:23:09.355300,644.8,394249.0,499642.0
2025-06-18 11:23:10.222513,644.85,394249.0,499642.0
2025-06-18 11:23:10.452463,644.85,394632.0,499915.0
2025-06-18 11:23:11.220541,644.85,394632.0,499915.0
2025-06-18 11:23:11.555095,644.85,394636.0,499914.0
2025-06-18 11:23:12.669131,644.85,394593.0,500473.0
2025-06-18 11:23:13.221645,644.85,394593.0,500473.0
2025-06-18 11:23:13.557086,644.85,394591.0,500498.0
2025-06-18 11:23:14.221680,644.8,394591.0,500498.0
2025-06-18 11:23:14.758647,644.8,393295.0,503187.0
2025-06-18 11:23:15.222835,644.75,393295.0,503187.0
2025-06-18 11:23:15.757801,644.75,392175.0,502391.0
2025-06-18 11:23:16.224449,644.7,392175.0,502391.0
2025-06-18 11:23:16.860508,644.7,391298.0,503899.0
2025-06-18 11:23:17.229558,644.75,391298.0,503899.0
2025-06-18 11:23:17.958430,644.75,392025.0,505077.0
2025-06-18 11:23:18.860568,644.75,391902.0,505216.0
2025-06-18 11:23:19.963283,644.75,391980.0,505558.0
2025-06-18 11:23:21.061479,644.75,389981.0,506047.0
2025-06-18 11:23:22.188160,644.75,390916.0,506448.0
2025-06-18 11:23:23.168654,644.75,391119.0,507213.0
2025-06-18 11:23:23.227688,644.65,391119.0,507213.0
2025-06-18 11:23:24.217586,644.65,386878.0,508586.0
2025-06-18 11:23:24.256940,644.65,386878.0,508586.0
2025-06-18 11:23:25.190285,644.65,386842.0,508312.0
2025-06-18 11:23:25.222194,644.65,386842.0,508312.0
2025-06-18 11:23:26.177274,644.7,388777.0,507341.0
2025-06-18 11:23:26.221809,644.7,388777.0,507341.0
2025-06-18 11:23:27.225500,644.6,388777.0,507341.0
2025-06-18 11:23:27.266378,644.6,390397.0,507599.0
2025-06-18 11:23:28.233194,644.6,390397.0,507599.0
2025-06-18 11:23:28.872800,644.6,391623.0,505975.0
2025-06-18 11:23:29.770394,644.7,391181.0,505905.0
2025-06-18 11:23:30.224699,644.6,391181.0,505905.0
2025-06-18 11:23:30.974959,644.6,391227.0,506361.0
2025-06-18 11:23:31.239705,644.6,391227.0,506361.0
2025-06-18 11:23:31.970510,644.6,391136.0,506361.0
2025-06-18 11:23:32.241609,644.6,391136.0,506361.0
2025-06-18 11:23:32.972794,644.6,391233.0,506109.0
2025-06-18 11:23:33.973376,644.6,391314.0,506775.0
2025-06-18 11:23:34.878951,644.6,391218.0,506773.0
2025-06-18 11:23:35.227581,644.55,391218.0,506773.0
2025-06-18 11:23:35.875405,644.55,391500.0,507171.0
2025-06-18 11:23:36.877242,644.55,391418.0,508151.0
2025-06-18 11:23:37.230369,644.65,391418.0,508151.0
2025-06-18 11:23:37.875789,644.55,392093.0,507113.0
2025-06-18 11:23:38.230392,644.55,392093.0,507113.0
2025-06-18 11:23:38.877074,644.55,393379.0,508555.0
2025-06-18 11:23:39.877488,644.55,395672.0,506057.0
2025-06-18 11:23:40.878852,644.55,395740.0,506041.0
2025-06-18 11:23:41.233730,644.55,395740.0,506041.0
2025-06-18 11:23:41.979413,644.65,394330.0,506354.0
2025-06-18 11:23:42.231304,644.65,394330.0,506354.0
2025-06-18 11:23:42.979562,644.55,394034.0,506339.0
2025-06-18 11:23:43.233160,644.6,394034.0,506339.0
2025-06-18 11:23:43.977536,644.6,396382.0,504074.0
2025-06-18 11:23:44.878256,644.6,396580.0,503934.0
2025-06-18 11:23:45.878146,644.65,396694.0,504348.0
2025-06-18 11:23:46.232650,644.65,396694.0,504348.0
2025-06-18 11:23:46.882543,644.65,396004.0,503993.0
2025-06-18 11:23:47.227569,644.65,396004.0,503993.0
2025-06-18 11:23:47.878688,644.65,395956.0,504932.0
2025-06-18 11:23:49.345481,644.65,395791.0,505041.0
2025-06-18 11:23:49.347248,644.55,395791.0,505041.0
2025-06-18 11:23:49.880223,644.65,397050.0,504329.0
2025-06-18 11:23:50.228047,644.65,397050.0,504329.0
2025-06-18 11:23:50.882178,644.65,397050.0,504461.0
2025-06-18 11:23:51.233571,644.55,397050.0,504461.0
2025-06-18 11:23:52.232245,645.25,397050.0,504461.0
2025-06-18 11:23:52.386433,645.25,406543.0,492231.0
2025-06-18 11:23:53.228659,645.2,406543.0,492231.0
2025-06-18 11:23:53.485153,645.2,403514.0,493895.0
2025-06-18 11:23:54.237316,645.2,403514.0,493895.0
2025-06-18 11:23:54.392597,645.2,402047.0,494088.0
2025-06-18 11:23:55.888127,645.2,385976.0,496281.0
2025-06-18 11:23:56.991361,645.1,399912.0,496548.0
2025-06-18 11:23:57.232715,645.1,399912.0,496548.0
2025-06-18 11:23:58.087866,645.1,399817.0,496539.0
2025-06-18 11:23:59.086584,645.1,399998.0,495889.0
2025-06-18 11:24:00.092088,644.9,399838.0,496164.0
2025-06-18 11:24:00.232673,644.9,399838.0,496164.0
2025-06-18 11:24:01.238848,645.0,399838.0,496164.0
2025-06-18 11:24:01.390018,645.0,398962.0,494889.0
2025-06-18 11:24:03.239641,645.05,398962.0,494889.0
2025-06-18 11:24:05.242416,645.0,398962.0,494889.0
2025-06-18 11:24:06.393119,645.0,398272.0,495079.0
2025-06-18 11:24:09.242259,645.05,398272.0,495079.0
2025-06-18 11:24:11.247815,644.9,398272.0,495079.0
2025-06-18 11:24:11.298064,644.9,395433.0,501176.0
2025-06-18 11:24:13.237149,645.0,395433.0,501176.0
2025-06-18 11:24:17.206804,645.0,398345.0,498074.0
2025-06-18 11:24:17.361172,645.05,398345.0,498074.0
2025-06-18 11:24:19.279937,645.0,398345.0,498074.0
2025-06-18 11:24:21.212240,645.0,399315.0,498304.0
2025-06-18 11:24:21.264090,645.0,399315.0,498304.0
2025-06-18 11:24:23.263312,645.0,399315.0,498304.0
2025-06-18 11:24:26.413371,645.05,398050.0,499336.0
2025-06-18 11:24:27.255870,645.0,398050.0,499336.0
2025-06-18 11:24:29.249116,645.0,398050.0,499336.0
2025-06-18 11:24:31.264544,644.9,398050.0,499336.0
2025-06-18 11:24:31.605960,644.9,397590.0,499078.0
2025-06-18 11:24:33.281253,645.0,397590.0,499078.0
2025-06-18 11:24:35.243830,644.9,397590.0,499078.0
2025-06-18 11:24:36.306398,644.9,397488.0,499771.0
2025-06-18 11:24:37.263226,644.95,397488.0,499771.0
2025-06-18 11:24:39.271590,644.9,397488.0,499771.0
2025-06-18 11:24:41.108174,644.9,398490.0,499817.0
2025-06-18 11:24:41.235591,644.9,398490.0,499817.0
2025-06-18 11:24:43.236609,644.9,398490.0,499817.0
2025-06-18 11:24:46.113128,644.95,398634.0,499191.0
2025-06-18 11:24:47.243232,644.95,398634.0,499191.0
2025-06-18 11:24:49.452197,644.9,398634.0,499191.0
2025-06-18 11:24:49.520401,644.9,398634.0,499191.0
2025-06-18 11:24:50.605740,644.9,398634.0,499191.0
2025-06-18 11:24:51.254763,645.0,398634.0,499191.0
2025-06-18 11:24:51.314726,645.0,399530.0,497829.0
2025-06-18 11:24:51.513654,645.0,399530.0,497829.0
2025-06-18 11:24:52.449142,645.0,399530.0,497829.0
2025-06-18 11:24:53.236947,644.9,399530.0,497829.0
2025-06-18 11:24:53.275574,644.9,399530.0,497829.0
2025-06-18 11:24:54.079690,644.9,399530.0,497829.0
2025-06-18 11:24:55.073535,644.9,399530.0,497829.0
2025-06-18 11:24:56.058598,644.9,399530.0,497829.0
2025-06-18 11:24:56.119076,644.9,400468.0,499429.0
2025-06-18 11:24:56.533052,644.9,400468.0,499429.0
2025-06-18 11:24:57.233154,644.85,400468.0,499429.0
2025-06-18 11:24:57.793285,644.85,400468.0,499429.0
2025-06-18 11:24:59.041909,644.85,400468.0,499429.0
2025-06-18 11:24:59.239495,644.85,400468.0,499429.0
2025-06-18 11:24:59.911370,644.85,400468.0,499429.0
2025-06-18 11:25:00.943751,644.9,400832.0,498356.0
2025-06-18 11:25:01.233694,644.9,400832.0,498356.0
2025-06-18 11:25:01.288149,644.9,400832.0,498356.0
2025-06-18 11:25:02.424871,644.9,400832.0,498356.0
2025-06-18 11:25:03.240020,644.9,400832.0,498356.0
2025-06-18 11:25:03.552883,644.9,400832.0,498356.0
2025-06-18 11:25:05.021742,644.9,400832.0,498356.0
2025-06-18 11:25:06.029474,644.9,400540.0,498530.0
2025-06-18 11:25:07.237426,644.85,400540.0,498530.0
2025-06-18 11:25:09.232409,644.85,400540.0,498530.0
2025-06-18 11:25:11.267912,644.9,400540.0,498530.0
2025-06-18 11:25:11.533127,644.9,399563.0,498018.0
2025-06-18 11:25:15.233612,644.8,399563.0,498018.0
2025-06-18 11:25:16.949350,644.8,399987.0,500246.0
2025-06-18 11:25:19.233637,644.9,399987.0,500246.0
2025-06-18 11:25:22.244338,644.9,398447.0,502409.0
2025-06-18 11:25:23.370147,644.75,398447.0,502409.0
2025-06-18 11:25:27.249311,644.75,400275.0,501693.0
2025-06-18 11:25:29.236149,644.8,400275.0,501693.0
2025-06-18 11:25:32.264215,644.75,399874.0,500823.0
2025-06-18 11:25:33.236966,644.75,399874.0,500823.0
2025-06-18 11:25:35.247707,644.75,399874.0,500823.0
2025-06-18 11:25:37.250438,644.75,398248.0,502090.0
2025-06-18 11:25:41.229958,644.75,398248.0,502090.0
2025-06-18 11:25:42.053997,644.75,398901.0,502222.0
2025-06-18 11:25:43.235701,644.75,398901.0,502222.0
2025-06-18 11:25:46.846338,644.75,398884.0,501560.0
2025-06-18 11:25:47.239427,644.8,398884.0,501560.0
2025-06-18 11:25:49.257761,644.8,398884.0,501560.0
2025-06-18 11:25:52.228707,644.8,400766.0,501101.0
2025-06-18 11:25:53.239127,644.75,400766.0,501101.0
2025-06-18 11:25:55.245588,644.7,400766.0,501101.0
2025-06-18 11:25:57.246916,644.75,400766.0,501101.0
2025-06-18 11:25:57.349296,644.75,401439.0,501017.0
2025-06-18 11:25:59.230945,644.75,401439.0,501017.0
2025-06-18 11:26:02.752120,644.8,401361.0,501445.0
2025-06-18 11:26:03.259003,644.75,401361.0,501445.0
2025-06-18 11:26:07.238687,644.7,401361.0,501445.0
2025-06-18 11:26:07.759210,644.7,399118.0,502477.0
2025-06-18 11:26:09.256627,644.8,399118.0,502477.0
2025-06-18 11:26:12.563865,644.8,399285.0,500853.0
2025-06-18 11:26:15.253071,644.85,399285.0,500853.0
2025-06-18 11:26:17.465752,644.85,399538.0,502504.0
2025-06-18 11:26:22.370409,644.7,399994.0,502011.0
2025-06-18 11:26:23.272045,644.7,399994.0,502011.0
2025-06-18 11:26:25.277812,644.75,399994.0,502011.0
2025-06-18 11:26:27.211179,644.9,399782.0,500836.0
2025-06-18 11:26:27.254756,644.9,399782.0,500836.0
2025-06-18 11:26:29.262396,644.7,399782.0,500836.0
2025-06-18 11:26:32.273710,644.75,399315.0,501647.0
2025-06-18 11:26:33.269576,644.7,399315.0,501647.0
2025-06-18 11:26:36.978869,644.7,399072.0,502499.0
2025-06-18 11:26:39.275033,644.7,399072.0,502499.0
2025-06-18 11:26:42.195626,644.7,401830.0,500054.0
2025-06-18 11:26:43.263330,644.7,401830.0,500054.0
2025-06-18 11:26:45.233683,644.7,401830.0,500054.0
2025-06-18 11:26:47.243025,644.7,401830.0,500054.0
2025-06-18 11:26:47.480605,644.7,402009.0,500557.0
2025-06-18 11:26:52.286267,644.7,400672.0,501190.0
2025-06-18 11:26:53.244799,644.7,400672.0,501190.0
2025-06-18 11:26:55.243564,644.75,400672.0,501190.0
2025-06-18 11:26:57.289685,644.75,401931.0,501410.0
2025-06-18 11:26:59.250529,644.7,401931.0,501410.0
2025-06-18 11:27:01.244577,644.75,401931.0,501410.0
2025-06-18 11:27:02.597044,644.75,401866.0,501050.0
2025-06-18 11:27:03.241841,644.7,401866.0,501050.0
2025-06-18 11:27:07.498289,644.7,402067.0,500846.0
2025-06-18 11:27:09.279417,644.75,402067.0,500846.0
2025-06-18 11:27:11.258892,644.7,402067.0,500846.0
2025-06-18 11:27:12.403137,644.7,397843.0,501944.0
2025-06-18 11:27:13.245598,644.7,397843.0,501944.0
2025-06-18 11:27:17.256696,644.75,397843.0,501944.0
2025-06-18 11:27:17.303918,644.7,401983.0,500549.0
2025-06-18 11:27:20.479142,644.7,401983.0,500549.0
2025-06-18 11:27:21.260030,644.75,401983.0,500549.0
2025-06-18 11:27:22.306335,644.75,402528.0,500702.0
2025-06-18 11:27:23.291908,644.7,402528.0,500702.0
2025-06-18 11:27:25.296627,645.0,402528.0,500702.0
2025-06-18 11:27:27.109987,645.35,404156.0,489534.0
2025-06-18 11:27:27.303118,645.35,404156.0,489534.0
2025-06-18 11:27:29.295968,645.0,404156.0,489534.0
2025-06-18 11:27:31.299187,645.3,404156.0,489534.0
2025-06-18 11:27:32.219607,645.3,404414.0,489844.0
2025-06-18 11:27:33.261796,645.2,404414.0,489844.0
2025-06-18 11:27:37.256088,645.15,404414.0,489844.0
2025-06-18 11:27:37.511943,645.15,405989.0,492867.0
2025-06-18 11:27:39.245851,645.3,405989.0,492867.0
2025-06-18 11:27:42.418346,645.15,405548.0,492808.0
2025-06-18 11:27:43.251763,645.3,405548.0,492808.0
2025-06-18 11:27:47.245028,645.15,405548.0,492808.0
2025-06-18 11:27:48.730699,645.15,407234.0,493184.0
2025-06-18 11:27:49.245696,645.15,407234.0,493184.0
2025-06-18 11:27:49.950835,645.15,407234.0,493184.0
2025-06-18 11:27:51.005130,645.15,407234.0,493184.0
2025-06-18 11:27:51.920318,645.15,407234.0,493184.0
2025-06-18 11:27:52.856901,645.15,407234.0,493184.0
2025-06-18 11:27:53.245702,645.15,407234.0,493184.0
2025-06-18 11:27:53.765431,645.15,407234.0,493184.0
2025-06-18 11:27:54.421771,645.2,407805.0,491559.0
2025-06-18 11:27:54.496903,645.2,407805.0,491559.0
2025-06-18 11:27:55.247912,645.2,407805.0,491559.0
2025-06-18 11:27:55.516276,645.2,407805.0,491559.0
2025-06-18 11:27:56.071956,645.2,407805.0,491559.0
2025-06-18 11:27:57.346073,645.2,407805.0,491559.0
2025-06-18 11:27:58.261751,645.2,407805.0,491559.0
2025-06-18 11:27:59.243387,645.45,407805.0,491559.0
2025-06-18 11:27:59.426578,645.45,405847.0,492000.0
2025-06-18 11:27:59.464120,645.45,405847.0,492000.0
2025-06-18 11:28:00.324635,645.45,405847.0,492000.0
2025-06-18 11:28:01.726671,645.45,405847.0,492000.0
2025-06-18 11:28:02.858508,645.45,405847.0,492000.0
2025-06-18 11:28:03.245419,645.2,405847.0,492000.0
2025-06-18 11:28:03.973543,645.2,405847.0,492000.0
2025-06-18 11:28:04.029469,645.3,413510.0,491777.0
2025-06-18 11:28:05.242237,645.3,413510.0,491777.0
2025-06-18 11:28:05.608141,645.3,413510.0,491777.0
2025-06-18 11:28:07.242826,645.2,413510.0,491777.0
2025-06-18 11:28:10.481742,645.25,407602.0,490830.0
2025-06-18 11:28:10.490269,645.15,407602.0,490830.0
2025-06-18 11:28:13.248543,645.45,407602.0,490830.0
2025-06-18 11:28:13.637172,645.45,410525.0,489984.0
2025-06-18 11:28:15.248064,645.25,410525.0,489984.0
2025-06-18 11:28:17.267031,645.25,410525.0,489984.0
2025-06-18 11:28:18.742231,645.2,409514.0,490414.0
2025-06-18 11:28:19.245626,645.2,409514.0,490414.0
2025-06-18 11:28:23.249985,645.2,409514.0,490414.0
2025-06-18 11:28:24.245620,645.2,408921.0,491069.0
2025-06-18 11:28:27.247690,645.15,408921.0,491069.0
2025-06-18 11:28:29.250857,645.2,408921.0,491069.0
2025-06-18 11:28:29.344463,645.2,408284.0,491356.0
2025-06-18 11:28:33.248758,645.15,408284.0,491356.0
2025-06-18 11:28:34.264975,645.15,408042.0,491452.0
2025-06-18 11:28:35.248320,645.15,408042.0,491452.0
2025-06-18 11:28:37.248691,645.2,408042.0,491452.0
2025-06-18 11:28:39.249760,645.15,408042.0,491452.0
2025-06-18 11:28:39.253919,645.15,407928.0,491752.0
2025-06-18 11:28:43.255747,645.15,407928.0,491752.0
2025-06-18 11:28:44.254054,645.15,407976.0,491817.0
2025-06-18 11:28:47.343603,645.2,407976.0,491817.0
2025-06-18 11:28:49.261523,645.2,408666.0,491945.0
2025-06-18 11:28:53.248845,645.15,408666.0,491945.0
2025-06-18 11:28:54.262291,645.15,408590.0,492307.0
2025-06-18 11:28:57.267245,645.2,408590.0,492307.0
2025-06-18 11:28:58.867042,645.2,409152.0,492216.0
2025-06-18 11:28:59.248803,645.2,409152.0,492216.0
2025-06-18 11:29:03.263533,645.15,409152.0,492216.0
2025-06-18 11:29:03.566206,645.15,409744.0,491813.0
2025-06-18 11:29:08.472654,645.15,411718.0,491204.0
2025-06-18 11:29:09.277985,645.15,411718.0,491204.0
2025-06-18 11:29:13.252811,645.15,411718.0,491204.0
2025-06-18 11:29:13.695725,645.15,411642.0,492346.0
2025-06-18 11:29:17.255029,645.15,411642.0,492346.0
2025-06-18 11:29:19.081685,645.2,411601.0,492262.0
2025-06-18 11:29:19.260712,645.2,411601.0,492262.0
2025-06-18 11:29:23.253312,645.15,411601.0,492262.0
2025-06-18 11:29:24.379340,645.15,411515.0,492465.0
2025-06-18 11:29:29.249712,645.15,411515.0,492465.0
2025-06-18 11:29:29.707065,645.15,410814.0,492820.0
2025-06-18 11:29:31.247642,645.2,410814.0,492820.0
2025-06-18 11:29:33.257927,645.15,410814.0,492820.0
2025-06-18 11:29:34.987530,645.2,411074.0,492346.0
2025-06-18 11:29:35.260098,645.2,411074.0,492346.0
2025-06-18 11:29:37.246649,645.1,411074.0,492346.0
2025-06-18 11:29:39.251380,645.2,411074.0,492346.0
2025-06-18 11:29:40.294981,645.2,412391.0,492816.0
2025-06-18 11:29:41.262076,645.2,412391.0,492816.0
2025-06-18 11:29:43.249114,645.15,412391.0,492816.0
2025-06-18 11:29:45.493980,645.15,410687.0,492580.0
2025-06-18 11:29:50.106108,645.15,410682.0,494161.0
2025-06-18 11:29:53.248094,645.15,410682.0,494161.0
2025-06-18 11:29:55.100723,645.1,402695.0,498093.0
2025-06-18 11:29:55.264766,645.1,402695.0,498093.0
2025-06-18 11:29:59.251290,645.1,402695.0,498093.0
2025-06-18 11:30:00.406945,645.1,403581.0,498186.0
2025-06-18 11:30:04.250727,645.1,403581.0,498186.0
2025-06-18 11:30:05.514463,645.1,403587.0,498269.0
2025-06-18 11:30:07.254924,645.0,403587.0,498269.0
2025-06-18 11:30:11.012861,645.0,401194.0,503266.0
2025-06-18 11:30:13.257646,645.0,401194.0,503266.0
2025-06-18 11:30:16.254540,644.8,401194.0,503266.0
2025-06-18 11:30:16.413334,644.8,401247.0,503969.0
2025-06-18 11:30:19.256688,644.7,401247.0,503969.0
2025-06-18 11:30:21.821243,644.6,401619.0,503202.0
2025-06-18 11:30:22.250153,644.6,401619.0,503202.0
2025-06-18 11:30:25.272951,644.6,401619.0,503202.0
2025-06-18 11:30:27.518635,644.6,408037.0,502748.0
2025-06-18 11:30:29.255433,644.55,408037.0,502748.0
2025-06-18 11:30:31.252659,644.65,408037.0,502748.0
2025-06-18 11:30:32.657983,644.65,408126.0,502392.0
2025-06-18 11:30:33.253283,644.55,408126.0,502392.0
2025-06-18 11:30:37.314819,644.65,408126.0,502392.0
2025-06-18 11:30:37.739956,644.65,406459.0,500135.0
2025-06-18 11:30:39.273240,644.75,406459.0,500135.0
2025-06-18 11:30:41.274611,644.9,406459.0,500135.0
2025-06-18 11:30:43.129794,644.95,410947.0,496411.0
2025-06-18 11:30:43.275996,644.95,410947.0,496411.0
2025-06-18 11:30:45.275911,644.8,410947.0,496411.0
2025-06-18 11:30:47.289337,645.05,410947.0,496411.0
2025-06-18 11:30:48.536414,645.15,412702.0,491486.0
2025-06-18 11:30:49.256382,645.05,412702.0,491486.0
2025-06-18 11:30:50.346727,645.05,412702.0,491486.0
2025-06-18 11:30:51.273466,645.3,412702.0,491486.0
2025-06-18 11:30:51.428614,645.3,412702.0,491486.0
2025-06-18 11:30:52.375550,645.3,412702.0,491486.0
2025-06-18 11:30:53.299912,645.3,412702.0,491486.0
2025-06-18 11:30:53.646184,645.3,412064.0,494425.0
2025-06-18 11:30:54.171239,645.3,412064.0,494425.0
2025-06-18 11:30:55.985621,645.3,412064.0,494425.0
2025-06-18 11:30:56.555550,645.3,412064.0,494425.0
2025-06-18 11:30:57.265646,645.05,412064.0,494425.0
2025-06-18 11:30:57.459770,645.05,412064.0,494425.0
2025-06-18 11:30:58.759952,645.05,412064.0,494425.0
2025-06-18 11:30:58.766456,645.1,409311.0,493194.0
2025-06-18 11:30:59.296481,645.1,409311.0,493194.0
2025-06-18 11:30:59.965644,645.1,409311.0,493194.0
2025-06-18 11:31:00.835732,645.1,409311.0,493194.0
2025-06-18 11:31:02.258116,645.1,409311.0,493194.0
2025-06-18 11:31:03.357272,645.1,409311.0,493194.0
2025-06-18 11:31:03.447985,645.1,408988.0,492971.0
2025-06-18 11:31:04.497363,645.1,408988.0,492971.0
2025-06-18 11:31:05.267351,645.2,408988.0,492971.0
2025-06-18 11:31:05.980930,645.2,408988.0,492971.0
2025-06-18 11:31:07.279698,645.25,408988.0,492971.0
2025-06-18 11:31:08.449770,645.25,408756.0,492275.0
2025-06-18 11:31:11.297162,645.25,408756.0,492275.0
2025-06-18 11:31:13.269195,645.15,408756.0,492275.0
2025-06-18 11:31:13.671881,645.15,409555.0,492845.0
2025-06-18 11:31:15.261074,645.15,409555.0,492845.0
2025-06-18 11:31:17.270665,645.25,409555.0,492845.0
2025-06-18 11:31:18.762856,645.15,411732.0,489424.0
2025-06-18 11:31:19.464856,645.1,411732.0,489424.0
2025-06-18 11:31:21.267926,645.05,411732.0,489424.0
2025-06-18 11:31:23.273649,645.05,411732.0,489424.0
2025-06-18 11:31:24.273636,645.05,402465.0,494359.0
2025-06-18 11:31:29.489702,645.0,402465.0,494359.0
2025-06-18 11:31:29.774754,645.05,404637.0,495764.0
2025-06-18 11:31:31.268689,645.05,404637.0,495764.0
2025-06-18 11:31:33.261558,645.0,404637.0,495764.0
2025-06-18 11:31:35.070815,645.0,410123.0,495379.0
2025-06-18 11:31:37.261742,645.05,410123.0,495379.0
2025-06-18 11:31:39.314957,645.0,410123.0,495379.0
2025-06-18 11:31:40.078047,645.0,405853.0,496473.0
2025-06-18 11:31:45.273993,645.0,405853.0,496473.0
2025-06-18 11:31:45.298041,645.0,405220.0,497346.0
2025-06-18 11:31:47.311793,645.0,405220.0,497346.0
2025-06-18 11:31:49.286109,644.95,405220.0,497346.0
2025-06-18 11:31:50.288890,644.95,402792.0,499588.0
2025-06-18 11:31:53.273393,645.0,402792.0,499588.0
2025-06-18 11:31:55.264799,644.95,402792.0,499588.0
2025-06-18 11:31:55.287935,644.95,402819.0,499781.0
2025-06-18 11:31:57.448239,644.95,402819.0,499781.0
2025-06-18 11:32:00.308674,644.95,402272.0,500171.0
2025-06-18 11:32:05.208087,644.95,401962.0,501868.0
2025-06-18 11:32:06.255938,644.75,401962.0,501868.0
2025-06-18 11:32:10.264585,644.15,401962.0,501868.0
2025-06-18 11:32:11.005436,644.15,371715.0,510608.0
2025-06-18 11:32:15.276814,644.4,371715.0,510608.0
2025-06-18 11:32:17.107943,644.35,391425.0,505764.0
2025-06-18 11:32:18.263319,644.3,391425.0,505764.0
2025-06-18 11:32:21.262679,644.65,391425.0,505764.0
2025-06-18 11:32:22.415356,644.45,396087.0,503512.0
2025-06-18 11:32:24.270559,644.45,396087.0,503512.0
2025-06-18 11:32:27.267358,644.4,396087.0,503512.0
2025-06-18 11:32:28.226528,644.35,393830.0,504719.0
2025-06-18 11:32:30.261280,644.6,393830.0,504719.0
2025-06-18 11:32:33.264202,644.6,393830.0,504719.0
2025-06-18 11:32:33.931027,644.4,394762.0,504296.0
2025-06-18 11:32:36.272312,644.4,394762.0,504296.0
2025-06-18 11:32:39.259642,644.55,394762.0,504296.0
2025-06-18 11:32:39.832161,644.55,400940.0,503034.0
2025-06-18 11:32:42.264978,644.85,400940.0,503034.0
2025-06-18 11:32:45.264442,644.85,400940.0,503034.0
2025-06-18 11:32:45.529909,644.85,396372.0,500719.0
2025-06-18 11:32:48.273512,644.55,396372.0,500719.0
2025-06-18 11:32:50.740407,644.8,396088.0,500068.0
2025-06-18 11:32:51.264376,644.8,396088.0,500068.0
2025-06-18 11:32:54.263209,644.8,396088.0,500068.0
2025-06-18 11:32:55.839141,644.8,396594.0,501499.0
2025-06-18 11:33:00.267486,644.6,396594.0,501499.0
2025-06-18 11:33:01.838077,644.6,395746.0,502819.0
2025-06-18 11:33:02.940577,644.55,395579.0,503051.0
2025-06-18 11:33:03.257065,644.55,395579.0,503051.0
2025-06-18 11:33:03.938728,644.55,395389.0,502735.0
2025-06-18 11:33:05.040809,644.55,395395.0,502914.0
2025-06-18 11:33:06.142659,644.55,395309.0,503562.0
2025-06-18 11:33:07.245491,644.55,395559.0,503388.0
2025-06-18 11:33:08.243877,644.6,395867.0,503098.0
2025-06-18 11:33:08.258491,644.6,395867.0,503098.0
2025-06-18 11:33:09.243794,644.6,395867.0,503024.0
2025-06-18 11:33:09.262604,644.6,395867.0,503024.0
2025-06-18 11:33:10.242866,644.6,395861.0,503183.0
2025-06-18 11:33:10.262325,644.6,395861.0,503183.0
2025-06-18 11:33:11.340728,644.6,395083.0,503415.0
2025-06-18 11:33:12.443326,644.6,395457.0,503494.0
2025-06-18 11:33:13.260966,644.55,395457.0,503494.0
2025-06-18 11:33:13.446283,644.55,395978.0,503494.0
2025-06-18 11:33:14.546443,644.55,396019.0,503494.0
2025-06-18 11:33:15.547696,644.55,395124.0,503494.0
2025-06-18 11:33:16.649239,644.55,395083.0,503494.0
2025-06-18 11:33:17.749849,644.55,395508.0,503308.0
2025-06-18 11:33:18.261975,644.55,395508.0,503308.0
2025-06-18 11:33:18.749892,644.55,395614.0,503901.0
2025-06-18 11:33:19.750820,644.6,395469.0,503899.0
2025-06-18 11:33:20.266132,644.6,395469.0,503899.0
2025-06-18 11:33:20.747730,644.6,395624.0,503899.0
2025-06-18 11:33:21.848749,644.6,395279.0,503877.0
2025-06-18 11:33:22.846833,644.55,395580.0,503967.0
2025-06-18 11:33:23.272939,644.6,395580.0,503967.0
2025-06-18 11:33:23.847709,644.6,395587.0,503960.0
2025-06-18 11:33:24.263583,644.6,395587.0,503960.0
2025-06-18 11:33:24.948485,644.6,391644.0,505509.0
2025-06-18 11:33:26.053259,644.6,391604.0,505509.0
2025-06-18 11:33:27.158950,644.6,392437.0,506100.0
2025-06-18 11:33:28.259906,644.5,392830.0,505797.0
2025-06-18 11:33:28.276050,644.5,392830.0,505797.0
2025-06-18 11:33:29.350341,644.5,392872.0,507217.0
2025-06-18 11:33:30.350225,644.5,392530.0,507468.0
2025-06-18 11:33:31.258571,644.55,391895.0,507567.0
2025-06-18 11:33:31.266080,644.55,391895.0,507567.0
2025-06-18 11:33:32.276018,644.55,391895.0,507567.0
2025-06-18 11:33:32.352298,644.55,392529.0,507564.0
2025-06-18 11:33:33.277503,644.3,392529.0,507564.0
2025-06-18 11:33:33.351558,644.3,389213.0,508751.0
2025-06-18 11:33:34.347959,644.5,389213.0,508751.0
2025-06-18 11:33:34.354228,644.5,390069.0,508400.0
2025-06-18 11:33:35.353464,644.5,389985.0,508255.0
2025-06-18 11:33:36.353642,644.5,387106.0,509130.0
2025-06-18 11:33:37.351536,644.5,387437.0,509677.0
2025-06-18 11:33:38.266132,644.25,387437.0,509677.0
2025-06-18 11:33:38.453784,644.25,383361.0,511880.0
2025-06-18 11:33:39.554704,644.25,388653.0,511833.0
2025-06-18 11:33:40.263515,644.25,388653.0,511833.0
2025-06-18 11:33:40.665991,644.25,388948.0,511259.0
2025-06-18 11:33:41.269542,644.45,388948.0,511259.0
2025-06-18 11:33:41.761726,644.25,390571.0,508539.0
2025-06-18 11:33:42.266042,644.25,390571.0,508539.0
2025-06-18 11:33:42.666161,644.25,391485.0,508076.0
2025-06-18 11:33:43.264689,644.3,391485.0,508076.0
2025-06-18 11:33:43.661431,644.3,393848.0,505672.0
2025-06-18 11:33:44.274698,644.3,393848.0,505672.0
2025-06-18 11:33:44.665496,644.3,393366.0,505149.0
2025-06-18 11:33:45.266597,644.25,393366.0,505149.0
2025-06-18 11:33:45.761692,644.25,390329.0,508630.0
2025-06-18 11:33:46.862799,644.4,390538.0,508563.0
2025-06-18 11:33:47.280614,644.4,390538.0,508563.0
2025-06-18 11:33:47.963621,644.4,387919.0,509428.0
2025-06-18 11:33:48.964984,644.4,387446.0,509452.0
2025-06-18 11:33:49.965380,644.4,387410.0,509233.0
2025-06-18 11:33:50.276508,644.4,387410.0,509233.0
2025-06-18 11:33:50.972618,644.4,387686.0,509048.0
2025-06-18 11:33:51.122810,644.4,387686.0,509048.0
2025-06-18 11:33:51.972683,644.4,387938.0,508971.0
2025-06-18 11:33:52.238156,644.4,387938.0,508971.0
2025-06-18 11:33:52.966890,644.4,390054.0,509255.0
2025-06-18 11:33:53.156399,644.4,390054.0,509255.0
2025-06-18 11:33:53.966922,644.4,390319.0,509006.0
2025-06-18 11:33:54.113790,644.4,390319.0,509006.0
2025-06-18 11:33:54.867728,644.4,390401.0,509006.0
2025-06-18 11:33:54.987506,644.4,390401.0,509006.0
2025-06-18 11:33:55.796035,644.4,390401.0,509006.0
2025-06-18 11:33:55.868830,644.4,390271.0,509677.0
2025-06-18 11:33:56.871102,644.4,391397.0,507446.0
2025-06-18 11:33:56.902330,644.4,391397.0,507446.0
2025-06-18 11:33:57.472442,644.4,391397.0,507446.0
2025-06-18 11:33:57.971341,644.25,391526.0,507474.0
2025-06-18 11:33:58.290322,644.25,391526.0,507474.0
2025-06-18 11:33:58.369997,644.25,391526.0,507474.0
2025-06-18 11:33:58.972072,644.25,390765.0,507777.0
2025-06-18 11:33:59.743243,644.25,390765.0,507777.0
2025-06-18 11:33:59.973813,644.3,390965.0,507646.0
2025-06-18 11:34:00.272239,644.3,390965.0,507646.0
2025-06-18 11:34:00.889240,644.3,390965.0,507646.0
2025-06-18 11:34:01.762147,644.3,390965.0,507646.0
2025-06-18 11:34:03.143960,644.3,390965.0,507646.0
2025-06-18 11:34:03.188316,644.25,391115.0,507504.0
2025-06-18 11:34:03.278176,644.25,391115.0,507504.0
2025-06-18 11:34:04.278680,644.25,391115.0,507504.0
2025-06-18 11:34:05.547329,644.25,391115.0,507504.0
2025-06-18 11:34:06.297515,644.25,391115.0,507504.0
2025-06-18 11:34:06.890808,644.25,391115.0,507504.0
2025-06-18 11:34:08.781568,644.25,389848.0,509878.0
2025-06-18 11:34:12.286568,644.2,389848.0,509878.0
2025-06-18 11:34:14.186818,644.2,388744.0,508565.0
2025-06-18 11:34:18.281747,644.15,388744.0,508565.0
2025-06-18 11:34:19.386766,644.15,388372.0,509468.0
2025-06-18 11:34:24.290616,644.15,388372.0,509468.0
2025-06-18 11:34:24.593708,644.2,388138.0,508969.0
2025-06-18 11:34:27.286337,644.2,388138.0,508969.0
2025-06-18 11:34:30.097811,644.2,387912.0,508297.0
2025-06-18 11:34:30.299893,644.2,387912.0,508297.0
2025-06-18 11:34:33.292571,644.1,387912.0,508297.0
2025-06-18 11:34:35.203807,644.1,387980.0,507317.0
2025-06-18 11:34:38.274654,644.1,387980.0,507317.0
2025-06-18 11:34:40.205946,644.15,388218.0,507443.0
2025-06-18 11:34:41.280576,644.15,388218.0,507443.0
2025-06-18 11:34:44.279197,644.1,388218.0,507443.0
2025-06-18 11:34:45.006358,644.1,385721.0,509072.0
2025-06-18 11:34:50.276994,644.3,385721.0,509072.0
2025-06-18 11:34:50.508706,644.3,392598.0,503121.0
2025-06-18 11:34:52.272003,644.3,392598.0,503121.0
2025-06-18 11:34:54.294693,644.2,392598.0,503121.0
2025-06-18 11:34:55.913521,644.3,391888.0,504046.0
2025-06-18 11:34:56.292455,644.3,391888.0,504046.0
2025-06-18 11:35:00.480936,644.25,391888.0,504046.0
2025-06-18 11:35:00.521155,644.25,391888.0,504046.0
2025-06-18 11:35:01.281277,644.3,389731.0,504149.0
2025-06-18 11:35:02.277386,644.25,389731.0,504149.0
2025-06-18 11:35:04.297570,644.2,389731.0,504149.0
2025-06-18 11:35:06.916987,644.2,389653.0,504443.0
2025-06-18 11:35:08.335143,644.2,389653.0,504443.0
2025-06-18 11:35:12.619661,644.2,394531.0,504341.0
2025-06-18 11:35:14.324187,644.2,394531.0,504341.0
2025-06-18 11:35:17.319089,644.25,394531.0,504341.0
2025-06-18 11:35:18.321603,644.25,390690.0,504390.0
2025-06-18 11:35:20.511684,644.2,390690.0,504390.0
2025-06-18 11:35:23.925748,644.2,394468.0,504138.0
2025-06-18 11:35:24.334168,644.2,394468.0,504138.0
2025-06-18 11:35:27.300774,644.25,394468.0,504138.0
2025-06-18 11:35:28.338856,644.25,394468.0,504138.0
2025-06-18 11:35:29.829200,644.4,392354.0,503358.0
2025-06-18 11:35:30.322943,644.4,392354.0,503358.0
2025-06-18 11:35:33.282118,644.3,392354.0,503358.0
2025-06-18 11:35:35.531549,644.3,392583.0,503238.0
2025-06-18 11:35:39.279910,644.45,392583.0,503238.0
2025-06-18 11:35:41.541240,644.85,398806.0,494844.0
2025-06-18 11:35:42.320478,644.85,398806.0,494844.0
2025-06-18 11:35:45.277571,644.7,398806.0,494844.0
2025-06-18 11:35:47.538306,644.7,397910.0,497560.0
2025-06-18 11:35:48.278723,644.7,397910.0,497560.0
2025-06-18 11:35:51.272572,644.8,397910.0,497560.0
2025-06-18 11:35:53.248947,644.65,374535.0,499932.0
2025-06-18 11:35:54.274983,644.65,374535.0,499932.0
2025-06-18 11:35:57.292432,644.5,374535.0,499932.0
2025-06-18 11:35:58.858773,644.35,391381.0,502782.0
2025-06-18 11:36:00.279127,644.35,391381.0,502782.0
2025-06-18 11:36:01.285074,644.45,391381.0,502782.0
2025-06-18 11:36:03.281453,644.35,391381.0,502782.0
2025-06-18 11:36:04.659617,644.5,394163.0,498627.0
2025-06-18 11:36:05.281155,644.5,394163.0,498627.0
2025-06-18 11:36:09.628425,644.5,394163.0,498627.0
2025-06-18 11:36:10.454275,644.65,393712.0,499967.0
2025-06-18 11:36:12.276131,644.65,393712.0,499967.0
2025-06-18 11:36:13.280381,644.65,393712.0,499967.0
2025-06-18 11:36:16.157212,644.5,395437.0,496969.0
2025-06-18 11:36:17.283300,644.5,395437.0,496969.0
2025-06-18 11:36:19.290387,644.65,395437.0,496969.0
2025-06-18 11:36:21.856779,644.65,395314.0,499618.0
2025-06-18 11:36:24.279368,644.55,395314.0,499618.0
2025-06-18 11:36:26.280072,644.6,395314.0,499618.0
2025-06-18 11:36:27.361338,644.55,401063.0,493838.0
2025-06-18 11:36:28.274901,644.6,401063.0,493838.0
2025-06-18 11:36:31.294450,644.65,401063.0,493838.0
2025-06-18 11:36:32.862154,644.6,401312.0,494530.0
2025-06-18 11:36:33.287818,644.6,401312.0,494530.0
2025-06-18 11:36:35.295317,644.65,401312.0,494530.0
2025-06-18 11:36:38.065693,644.65,398748.0,496729.0
2025-06-18 11:36:43.273340,644.55,402406.0,497501.0
2025-06-18 11:36:44.277244,644.55,402406.0,497501.0
2025-06-18 11:36:48.675342,644.55,402349.0,497741.0
2025-06-18 11:36:51.334110,644.6,402349.0,497741.0
2025-06-18 11:36:51.348060,644.6,402349.0,497741.0
2025-06-18 11:36:52.466406,644.6,402349.0,497741.0
2025-06-18 11:36:53.284880,644.65,402349.0,497741.0
2025-06-18 11:36:53.401269,644.65,402349.0,497741.0
2025-06-18 11:36:54.076243,644.65,408437.0,496476.0
2025-06-18 11:36:54.353800,644.65,408437.0,496476.0
2025-06-18 11:36:55.247583,644.65,408437.0,496476.0
2025-06-18 11:36:55.283581,644.65,408437.0,496476.0
2025-06-18 11:36:56.046071,644.65,408437.0,496476.0
2025-06-18 11:36:57.102934,644.65,408437.0,496476.0
2025-06-18 11:36:57.286513,644.65,408437.0,496476.0
2025-06-18 11:36:57.683594,644.65,408437.0,496476.0
2025-06-18 11:36:58.085881,644.65,408437.0,496476.0
2025-06-18 11:36:59.283955,644.8,408437.0,496476.0
2025-06-18 11:36:59.475979,644.8,409342.0,493187.0
2025-06-18 11:36:59.826207,644.8,409342.0,493187.0
2025-06-18 11:37:01.086701,644.8,409342.0,493187.0
2025-06-18 11:37:03.351275,644.7,409342.0,493187.0
2025-06-18 11:37:03.359842,644.7,409342.0,493187.0
2025-06-18 11:37:04.496404,644.7,409342.0,493187.0
2025-06-18 11:37:04.680380,644.7,408143.0,493122.0
2025-06-18 11:37:05.702299,644.7,408143.0,493122.0
2025-06-18 11:37:07.106585,644.7,408143.0,493122.0
2025-06-18 11:37:09.284046,644.85,408143.0,493122.0
2025-06-18 11:37:09.882783,644.85,414754.0,488736.0
2025-06-18 11:37:13.290968,644.9,414754.0,488736.0
2025-06-18 11:37:15.082509,644.95,412958.0,489246.0
2025-06-18 11:37:15.285104,644.95,412958.0,489246.0
2025-06-18 11:37:19.295353,644.95,412958.0,489246.0
2025-06-18 11:37:19.993232,644.95,412947.0,489379.0
2025-06-18 11:37:21.313569,644.95,412947.0,489379.0
2025-06-18 11:37:23.329855,644.9,412947.0,489379.0
2025-06-18 11:37:24.892194,644.9,414418.0,489344.0
2025-06-18 11:37:29.894123,644.9,407472.0,489092.0
2025-06-18 11:37:31.290536,644.9,407472.0,489092.0
2025-06-18 11:37:33.289776,644.9,407472.0,489092.0
2025-06-18 11:37:35.200062,644.9,407545.0,489581.0
2025-06-18 11:37:35.290989,644.9,407545.0,489581.0
2025-06-18 11:37:37.531139,644.9,407545.0,489581.0
2025-06-18 11:37:39.291830,644.9,407545.0,489581.0
2025-06-18 11:37:40.910517,644.9,412754.0,489311.0
2025-06-18 11:37:41.328883,644.9,412754.0,489311.0
2025-06-18 11:37:43.304716,644.9,412754.0,489311.0
2025-06-18 11:37:45.294428,644.95,412754.0,489311.0
2025-06-18 11:37:46.109566,644.95,408702.0,489122.0
2025-06-18 11:37:51.708587,644.95,408361.0,489492.0
2025-06-18 11:37:53.292867,644.9,408361.0,489492.0
2025-06-18 11:37:55.291512,644.85,408361.0,489492.0
2025-06-18 11:37:57.011928,645.15,412848.0,482848.0
2025-06-18 11:37:58.293092,645.15,412848.0,482848.0
2025-06-18 11:38:01.285448,645.1,412848.0,482848.0
2025-06-18 11:38:02.414181,645.15,415389.0,475165.0
2025-06-18 11:38:04.294482,645.3,415389.0,475165.0
2025-06-18 11:38:08.118483,645.4,410415.0,483028.0
2025-06-18 11:38:08.296505,645.4,410415.0,483028.0
2025-06-18 11:38:10.291777,645.4,410415.0,483028.0
2025-06-18 11:38:13.827210,645.4,408630.0,483776.0
2025-06-18 11:38:14.308368,645.4,408630.0,483776.0
2025-06-18 11:38:16.286836,645.4,408630.0,483776.0
2025-06-18 11:38:18.295000,645.4,408630.0,483776.0
2025-06-18 11:38:19.236355,645.5,409069.0,483856.0
2025-06-18 11:38:20.289670,645.5,409069.0,483856.0
2025-06-18 11:38:22.287738,645.4,409069.0,483856.0
2025-06-18 11:38:24.311156,645.4,409069.0,483856.0
2025-06-18 11:38:24.428353,645.4,409591.0,482220.0
2025-06-18 11:38:29.634453,645.4,410941.0,481852.0
2025-06-18 11:38:30.301633,645.4,410941.0,481852.0
2025-06-18 11:38:34.291020,645.4,410941.0,481852.0
2025-06-18 11:38:35.036414,645.4,410899.0,482263.0
2025-06-18 11:38:36.291492,645.95,410899.0,482263.0
2025-06-18 11:38:40.338433,646.4,410899.0,482263.0
2025-06-18 11:38:40.341800,646.4,415801.0,469045.0
2025-06-18 11:38:42.295266,646.2,415801.0,469045.0
2025-06-18 11:38:45.442893,646.25,413125.0,473730.0
2025-06-18 11:38:46.296437,646.25,413125.0,473730.0
2025-06-18 11:38:48.296260,646.05,413125.0,473730.0
2025-06-18 11:38:50.293813,646.05,413125.0,473730.0
2025-06-18 11:38:50.543477,646.05,415770.0,471569.0
2025-06-18 11:38:54.296074,646.0,415770.0,471569.0
2025-06-18 11:38:55.550932,646.0,417892.0,471600.0
2025-06-18 11:38:58.297482,646.05,417892.0,471600.0
2025-06-18 11:39:00.292439,646.2,417892.0,471600.0
2025-06-18 11:39:00.554754,646.2,427264.0,466511.0
2025-06-18 11:39:01.660755,646.2,427578.0,467745.0
2025-06-18 11:39:02.664721,646.2,427446.0,467815.0
2025-06-18 11:39:03.285970,646.2,427446.0,467815.0
2025-06-18 11:39:03.765081,646.2,427851.0,467844.0
2025-06-18 11:39:04.771182,646.4,434397.0,461990.0
2025-06-18 11:39:05.293764,646.35,434397.0,461990.0
2025-06-18 11:39:05.793275,646.7,425942.0,462596.0
2025-06-18 11:39:06.399019,646.7,425942.0,462596.0
2025-06-18 11:39:06.769654,646.7,423676.0,463422.0
2025-06-18 11:39:07.770945,646.7,423913.0,463576.0
2025-06-18 11:39:08.288446,646.7,423913.0,463576.0
2025-06-18 11:39:08.788359,646.7,423833.0,464271.0
2025-06-18 11:39:09.772620,646.7,421573.0,464270.0
2025-06-18 11:39:10.291113,646.7,421573.0,464270.0
2025-06-18 11:39:10.859960,646.7,422583.0,464184.0
2025-06-18 11:39:11.289390,646.7,422583.0,464184.0
2025-06-18 11:39:11.962202,646.55,422565.0,464235.0
2025-06-18 11:39:12.290605,646.55,422565.0,464235.0
2025-06-18 11:39:13.064311,646.6,421645.0,463553.0
2025-06-18 11:39:13.293035,646.6,421645.0,463553.0
2025-06-18 11:39:14.063771,646.6,422490.0,463846.0
2025-06-18 11:39:15.065040,646.7,423612.0,463526.0
2025-06-18 11:39:15.296437,646.7,423612.0,463526.0
2025-06-18 11:39:16.065355,646.75,422351.0,463970.0
2025-06-18 11:39:16.292841,646.75,422351.0,463970.0
2025-06-18 11:39:17.526093,646.75,422369.0,464010.0
2025-06-18 11:39:18.271979,646.75,422064.0,464413.0
2025-06-18 11:39:18.293410,646.75,422064.0,464413.0
2025-06-18 11:39:19.276170,646.75,421719.0,464257.0
2025-06-18 11:39:20.290233,646.75,421719.0,464257.0
2025-06-18 11:39:20.370474,646.75,422070.0,464601.0
2025-06-18 11:39:21.290416,646.55,422070.0,464601.0
2025-06-18 11:39:21.468396,646.55,421910.0,464621.0
2025-06-18 11:39:22.296743,646.55,421910.0,464621.0
2025-06-18 11:39:22.570740,646.55,421880.0,464442.0
2025-06-18 11:39:23.678134,646.55,421869.0,466231.0
2025-06-18 11:39:24.295349,646.55,421869.0,466231.0
2025-06-18 11:39:24.672875,646.65,420618.0,466474.0
2025-06-18 11:39:25.290225,646.7,420618.0,466474.0
2025-06-18 11:39:25.674942,646.7,420567.0,465330.0
2025-06-18 11:39:26.816648,646.7,420302.0,466415.0
2025-06-18 11:39:27.875408,646.7,420302.0,466262.0
2025-06-18 11:39:28.294939,646.7,420302.0,466262.0
2025-06-18 11:39:28.976007,646.7,420835.0,465788.0
2025-06-18 11:39:30.076724,646.7,420806.0,465979.0
2025-06-18 11:39:30.290279,646.7,420806.0,465979.0
2025-06-18 11:39:31.180348,646.7,420888.0,465800.0
2025-06-18 11:39:32.276394,646.7,420887.0,465901.0
2025-06-18 11:39:33.379767,646.7,420858.0,466199.0
2025-06-18 11:39:34.479436,646.7,420858.0,466356.0
2025-06-18 11:39:35.479508,646.7,420980.0,466877.0
2025-06-18 11:39:36.289957,646.7,420980.0,466877.0
2025-06-18 11:39:36.579553,646.7,420480.0,466733.0
2025-06-18 11:39:37.682916,646.7,420442.0,466853.0
2025-06-18 11:39:38.287412,646.55,420442.0,466853.0
2025-06-18 11:39:38.784221,646.55,420463.0,466827.0
2025-06-18 11:39:40.478679,646.55,420400.0,466732.0
2025-06-18 11:39:41.484972,646.55,420419.0,466745.0
2025-06-18 11:39:42.581762,646.55,420419.0,466745.0
2025-06-18 11:39:43.686874,646.55,420329.0,466548.0
2025-06-18 11:39:44.301299,646.6,420329.0,466548.0
2025-06-18 11:39:44.785032,646.6,420304.0,466502.0
2025-06-18 11:39:45.883923,646.7,420754.0,466577.0
2025-06-18 11:39:46.290851,646.7,420754.0,466577.0
2025-06-18 11:39:46.983617,646.7,420747.0,466683.0
2025-06-18 11:39:48.084940,646.7,420808.0,466949.0
2025-06-18 11:39:49.185882,646.7,420415.0,466989.0
2025-06-18 11:39:50.286975,646.7,420745.0,467057.0
2025-06-18 11:39:50.292669,646.7,420745.0,467057.0
2025-06-18 11:39:51.186208,646.7,420709.0,467059.0
2025-06-18 11:39:51.773213,646.7,420709.0,467059.0
2025-06-18 11:39:52.289901,646.7,420735.0,467150.0
2025-06-18 11:39:53.303889,646.7,420735.0,467150.0
2025-06-18 11:39:53.385945,646.7,419830.0,467102.0
2025-06-18 11:39:54.231788,646.7,419830.0,467102.0
2025-06-18 11:39:54.294313,646.7,419830.0,467102.0
2025-06-18 11:39:54.488965,646.7,419852.0,466973.0
2025-06-18 11:39:55.193391,646.7,419852.0,466973.0
2025-06-18 11:39:55.290293,646.7,419852.0,466973.0
2025-06-18 11:39:55.589975,646.7,419508.0,467103.0
2025-06-18 11:39:56.055814,646.7,419508.0,467103.0
2025-06-18 11:39:56.692866,646.7,419996.0,467058.0
2025-06-18 11:39:56.873813,646.7,419996.0,467058.0
2025-06-18 11:39:57.793323,646.55,420594.0,467252.0
2025-06-18 11:39:57.943865,646.55,420594.0,467252.0
2025-06-18 11:39:58.293162,646.55,420594.0,467252.0
2025-06-18 11:39:58.511819,646.55,420594.0,467252.0
2025-06-18 11:39:58.893596,646.55,420665.0,467252.0
2025-06-18 11:39:58.910872,646.55,420665.0,467252.0
2025-06-18 11:39:59.411759,646.55,420665.0,467252.0
2025-06-18 11:39:59.994381,646.55,420672.0,467589.0
2025-06-18 11:40:00.681028,646.55,420672.0,467589.0
2025-06-18 11:40:01.941079,646.55,420672.0,467589.0
2025-06-18 11:40:02.301142,646.7,420672.0,467589.0
2025-06-18 11:40:02.803243,646.7,420672.0,467589.0
2025-06-18 11:40:04.206314,646.7,420672.0,467589.0
2025-06-18 11:40:04.302067,646.55,420672.0,467589.0
2025-06-18 11:40:04.304999,646.55,420539.0,467446.0
2025-06-18 11:40:05.349004,646.55,420539.0,467446.0
2025-06-18 11:40:06.484975,646.55,420539.0,467446.0
2025-06-18 11:40:07.992400,646.55,420539.0,467446.0
2025-06-18 11:40:08.297643,646.55,420539.0,467446.0
2025-06-18 11:40:09.399293,646.55,419554.0,468167.0
2025-06-18 11:40:10.299105,646.7,419554.0,468167.0
2025-06-18 11:40:14.302693,646.5,419554.0,468167.0
2025-06-18 11:40:14.399865,646.5,413217.0,469791.0
2025-06-18 11:40:16.304465,646.6,413217.0,469791.0
2025-06-18 11:40:18.302096,646.5,413217.0,469791.0
2025-06-18 11:40:19.802798,646.4,410295.0,474037.0
2025-06-18 11:40:20.303779,646.45,410295.0,474037.0
2025-06-18 11:40:22.300477,646.2,410295.0,474037.0
2025-06-18 11:40:25.207297,646.2,409258.0,475699.0
2025-06-18 11:40:26.306480,646.1,409258.0,475699.0
2025-06-18 11:40:28.302225,646.1,409258.0,475699.0
2025-06-18 11:40:30.330803,646.0,409258.0,475699.0
2025-06-18 11:40:30.921210,646.0,406553.0,475522.0
2025-06-18 11:40:32.339550,646.0,406553.0,475522.0
2025-06-18 11:40:36.301297,646.05,406553.0,475522.0
2025-06-18 11:40:36.317375,646.05,410859.0,475330.0
2025-06-18 11:40:38.301888,646.1,410859.0,475330.0
2025-06-18 11:40:40.312228,646.3,410859.0,475330.0
2025-06-18 11:40:41.621011,646.3,409996.0,475006.0
2025-06-18 11:40:42.309421,646.3,409996.0,475006.0
2025-06-18 11:40:45.296844,646.0,409996.0,475006.0
2025-06-18 11:40:47.024118,646.0,409055.0,477446.0
2025-06-18 11:40:48.317527,646.0,409055.0,477446.0
2025-06-18 11:40:52.227796,646.0,406039.0,478943.0
2025-06-18 11:40:54.305128,646.0,406039.0,478943.0
2025-06-18 11:40:57.734316,646.0,406405.0,478249.0
2025-06-18 11:40:58.304423,645.95,406405.0,478249.0
2025-06-18 11:41:00.302710,645.95,406405.0,478249.0
2025-06-18 11:41:02.935290,645.95,409022.0,478230.0
2025-06-18 11:41:04.308487,645.9,409022.0,478230.0
2025-06-18 11:41:06.312637,645.95,409022.0,478230.0
2025-06-18 11:41:08.268058,645.9,417765.0,478741.0
2025-06-18 11:41:08.307958,645.9,417765.0,478741.0
2025-06-18 11:41:10.310295,645.9,417765.0,478741.0
2025-06-18 11:41:12.306021,645.95,417765.0,478741.0
2025-06-18 11:41:13.540935,645.9,417129.0,478153.0
2025-06-18 11:41:14.304824,645.9,417129.0,478153.0
2025-06-18 11:41:18.319330,645.85,417129.0,478153.0
2025-06-18 11:41:18.642925,645.85,418374.0,478878.0
2025-06-18 11:41:22.316150,645.9,418374.0,478878.0
2025-06-18 11:41:23.545804,645.85,417916.0,479048.0
2025-06-18 11:41:24.307604,645.85,417916.0,479048.0
2025-06-18 11:41:26.318239,645.9,417916.0,479048.0
2025-06-18 11:41:28.315893,645.9,417916.0,479048.0
2025-06-18 11:41:28.550760,645.9,417105.0,479459.0
2025-06-18 11:41:30.307179,646.1,417105.0,479459.0
2025-06-18 11:41:32.308370,646.2,417105.0,479459.0
2025-06-18 11:41:33.954165,646.25,429379.0,465099.0
2025-06-18 11:41:34.308744,646.3,429379.0,465099.0
2025-06-18 11:41:38.304237,646.3,429379.0,465099.0
2025-06-18 11:41:39.670364,646.3,431835.0,464894.0
2025-06-18 11:41:40.319540,646.3,431835.0,464894.0
2025-06-18 11:41:42.346627,646.3,431835.0,464894.0
2025-06-18 11:41:44.310301,646.25,431835.0,464894.0
2025-06-18 11:41:44.960095,646.2,426009.0,466485.0
2025-06-18 11:41:46.310547,646.3,426009.0,466485.0
2025-06-18 11:41:48.312351,646.25,426009.0,466485.0
2025-06-18 11:41:49.962134,646.3,427101.0,463811.0
2025-06-18 11:41:50.309987,646.3,427101.0,463811.0
2025-06-18 11:41:52.311842,646.5,427101.0,463811.0
2025-06-18 11:41:55.071819,646.5,427002.0,463507.0
2025-06-18 11:41:56.308624,646.3,427002.0,463507.0
2025-06-18 11:41:59.872266,646.25,418358.0,472575.0
2025-06-18 11:42:00.316093,646.2,418358.0,472575.0
2025-06-18 11:42:04.678914,646.2,420825.0,473448.0
2025-06-18 11:42:08.311050,646.2,420825.0,473448.0
2025-06-18 11:42:10.452710,646.2,420469.0,473884.0
2025-06-18 11:42:14.312769,646.2,420469.0,473884.0
2025-06-18 11:42:14.883568,646.2,420705.0,473721.0
2025-06-18 11:42:19.886106,646.25,420911.0,472081.0
2025-06-18 11:42:20.325589,646.25,420911.0,472081.0
2025-06-18 11:42:24.329629,646.2,420911.0,472081.0
2025-06-18 11:42:25.194669,646.2,420837.0,472039.0
2025-06-18 11:42:26.323983,646.2,420837.0,472039.0
2025-06-18 11:42:28.372208,646.2,420837.0,472039.0
2025-06-18 11:42:30.339900,646.25,420837.0,472039.0
2025-06-18 11:42:30.392524,646.25,420232.0,471943.0
2025-06-18 11:42:34.321631,646.25,420232.0,471943.0
2025-06-18 11:42:35.306981,646.2,419690.0,472773.0
2025-06-18 11:42:36.828796,646.2,419690.0,472773.0
2025-06-18 11:42:40.323153,646.2,419690.0,472773.0
2025-06-18 11:42:40.706328,646.25,423014.0,470288.0
2025-06-18 11:42:42.326179,646.25,423014.0,470288.0
2025-06-18 11:42:44.313314,646.2,423014.0,470288.0
2025-06-18 11:42:46.350649,646.25,423014.0,470288.0
2025-06-18 11:42:46.405390,646.25,420395.0,471185.0
2025-06-18 11:42:50.318245,646.9,420395.0,471185.0
2025-06-18 11:42:52.010738,647.0,433483.0,454841.0
2025-06-18 11:42:52.297616,647.0,433483.0,454841.0
2025-06-18 11:42:52.520023,646.7,433483.0,454841.0
2025-06-18 11:42:53.359069,646.7,433483.0,454841.0
2025-06-18 11:42:54.563855,646.65,433483.0,454841.0
2025-06-18 11:42:54.600240,646.65,433483.0,454841.0
2025-06-18 11:42:55.504243,646.65,433483.0,454841.0
2025-06-18 11:42:56.399370,646.65,433483.0,454841.0
2025-06-18 11:42:57.229890,646.65,433483.0,454841.0
2025-06-18 11:42:57.343072,646.8,426407.0,460712.0
2025-06-18 11:42:58.303147,646.8,426407.0,460712.0
2025-06-18 11:42:58.339908,646.5,426407.0,460712.0
2025-06-18 11:42:58.880432,646.5,426407.0,460712.0
2025-06-18 11:42:59.299932,646.5,426407.0,460712.0
2025-06-18 11:43:00.161902,646.5,426407.0,460712.0
2025-06-18 11:43:00.316665,646.85,426407.0,460712.0
2025-06-18 11:43:01.047621,646.85,426407.0,460712.0
2025-06-18 11:43:02.328412,646.85,426407.0,460712.0
2025-06-18 11:43:02.347090,646.85,426407.0,460712.0
2025-06-18 11:43:02.359533,646.85,428613.0,461109.0
2025-06-18 11:43:03.178102,646.85,428613.0,461109.0
2025-06-18 11:43:04.338930,646.5,428613.0,461109.0
2025-06-18 11:43:04.582202,646.5,428613.0,461109.0
2025-06-18 11:43:05.738519,646.5,428613.0,461109.0
2025-06-18 11:43:06.325858,646.5,428613.0,461109.0
2025-06-18 11:43:06.877563,646.5,428613.0,461109.0
2025-06-18 11:43:07.419968,646.5,427981.0,463516.0
2025-06-18 11:43:08.406597,646.5,427981.0,463516.0
2025-06-18 11:43:08.447536,646.5,427981.0,463516.0
2025-06-18 11:43:10.326585,646.65,427981.0,463516.0
2025-06-18 11:43:12.358752,646.65,427981.0,463516.0
2025-06-18 11:43:12.722443,646.65,428689.0,462740.0
2025-06-18 11:43:16.328446,646.45,428689.0,462740.0
2025-06-18 11:43:18.363493,646.45,428689.0,462740.0
2025-06-18 11:43:18.364432,646.45,421324.0,467870.0
2025-06-18 11:43:22.321900,646.35,421324.0,467870.0
2025-06-18 11:43:23.528026,646.3,414965.0,471724.0
2025-06-18 11:43:24.349641,646.3,414965.0,471724.0
2025-06-18 11:43:28.370808,646.35,414965.0,471724.0
2025-06-18 11:43:28.632190,646.35,421589.0,467390.0
2025-06-18 11:43:34.036308,646.25,423359.0,466921.0
2025-06-18 11:43:34.327066,646.25,423359.0,466921.0
2025-06-18 11:43:36.330983,646.25,423359.0,466921.0
2025-06-18 11:43:38.330266,646.25,423359.0,466921.0
2025-06-18 11:43:39.238424,646.25,421370.0,467768.0
2025-06-18 11:43:44.389167,646.2,421370.0,467768.0
2025-06-18 11:43:44.742185,646.1,420445.0,468016.0
2025-06-18 11:43:46.330452,646.1,420445.0,468016.0
2025-06-18 11:43:49.927174,646.2,420445.0,468016.0
2025-06-18 11:43:50.151763,646.15,421453.0,467060.0
2025-06-18 11:43:50.319461,646.15,421453.0,467060.0
2025-06-18 11:43:54.314930,646.1,421453.0,467060.0
2025-06-18 11:43:55.558539,646.1,425217.0,467424.0
2025-06-18 11:43:58.313502,646.1,425217.0,467424.0
2025-06-18 11:44:00.313134,646.15,425217.0,467424.0
2025-06-18 11:44:00.664640,646.15,424134.0,467122.0
2025-06-18 11:44:04.319574,646.1,424134.0,467122.0
2025-06-18 11:44:05.859676,646.1,425246.0,468943.0
2025-06-18 11:44:06.319088,646.1,425246.0,468943.0
2025-06-18 11:44:10.328629,646.15,425246.0,468943.0
2025-06-18 11:44:10.671452,646.15,425754.0,468861.0
2025-06-18 11:44:15.175605,646.1,425754.0,468861.0
2025-06-18 11:44:15.796825,646.1,426489.0,468326.0
2025-06-18 11:44:20.329436,646.1,426489.0,468326.0
2025-06-18 11:44:21.176811,646.05,425468.0,470693.0
2025-06-18 11:44:22.337324,646.0,425468.0,470693.0
2025-06-18 11:44:26.083607,646.15,425766.0,470682.0
2025-06-18 11:44:26.367667,646.15,425766.0,470682.0
2025-06-18 11:44:28.326316,646.35,425766.0,470682.0
2025-06-18 11:44:30.317862,646.75,425766.0,470682.0
2025-06-18 11:44:30.979546,646.75,432198.0,458453.0
2025-06-18 11:44:32.318690,646.35,432198.0,458453.0
2025-06-18 11:44:35.791491,646.6,430582.0,461517.0
2025-06-18 11:44:36.332513,646.6,430582.0,461517.0
2025-06-18 11:44:40.342770,646.6,430582.0,461517.0
2025-06-18 11:44:41.083510,646.6,434600.0,459295.0
2025-06-18 11:44:46.319473,646.6,434600.0,459295.0
2025-06-18 11:44:46.385005,646.6,438674.0,458876.0
2025-06-18 11:44:48.352936,646.5,438674.0,458876.0
2025-06-18 11:44:50.325987,646.8,438674.0,458876.0
2025-06-18 11:44:51.392499,646.85,431316.0,458078.0
2025-06-18 11:44:52.321163,646.85,431316.0,458078.0
2025-06-18 11:44:54.347691,646.85,431316.0,458078.0
2025-06-18 11:44:57.625684,646.65,433586.0,457174.0
2025-06-18 11:44:57.682447,646.65,433586.0,457174.0
2025-06-18 11:45:00.510465,646.85,433586.0,457174.0
2025-06-18 11:45:01.096796,646.95,434119.0,458111.0
2025-06-18 11:45:01.314704,646.95,434119.0,458111.0
2025-06-18 11:45:02.304525,646.85,433425.0,458103.0
2025-06-18 11:45:02.314907,646.85,433425.0,458103.0
2025-06-18 11:45:03.198446,646.95,434763.0,458049.0
2025-06-18 11:45:03.317764,646.95,434763.0,458049.0
2025-06-18 11:45:04.298100,646.95,434760.0,458049.0
2025-06-18 11:45:05.300291,646.95,434793.0,458050.0
2025-06-18 11:45:06.317331,646.95,434793.0,458050.0
2025-06-18 11:45:06.396879,646.95,433169.0,459804.0
2025-06-18 11:45:07.321053,646.9,433169.0,459804.0
2025-06-18 11:45:07.396788,646.9,433324.0,459314.0
2025-06-18 11:45:08.998442,646.95,428985.0,458775.0
2025-06-18 11:45:09.310232,646.95,428985.0,458775.0
2025-06-18 11:45:10.097271,646.95,431838.0,462277.0
