timestamp,ltp,bid_qty,ask_qty
2025-06-18 11:01:36.665052,2315.8,115261.0,131693.0
2025-06-18 11:01:37.148160,2315.5,115261.0,131693.0
2025-06-18 11:01:39.039702,2316.0,115320.0,131706.0
2025-06-18 11:01:40.130349,2316.0,115320.0,131706.0
2025-06-18 11:01:43.956422,2316.0,116262.0,131102.0
2025-06-18 11:01:46.144543,2316.0,116262.0,131102.0
2025-06-18 11:01:49.348388,2316.0,117191.0,131299.0
2025-06-18 11:01:50.133753,2316.0,117191.0,131299.0
2025-06-18 11:01:55.049580,2316.0,117069.0,131009.0
2025-06-18 11:01:55.150757,2316.0,117069.0,131009.0
2025-06-18 11:01:57.154684,2316.0,117069.0,131009.0
2025-06-18 11:02:00.362093,2316.0,117122.0,130749.0
2025-06-18 11:02:03.145115,2315.9,117122.0,130749.0
2025-06-18 11:02:05.357373,2315.9,117093.0,131252.0
2025-06-18 11:02:07.146834,2315.9,117093.0,131252.0
2025-06-18 11:02:09.145745,2315.5,117093.0,131252.0
2025-06-18 11:02:10.764660,2315.5,117280.0,130722.0
2025-06-18 11:02:12.141351,2315.9,117280.0,130722.0
2025-06-18 11:02:15.169004,2315.9,117280.0,130722.0
2025-06-18 11:02:16.268188,2315.9,116760.0,131806.0
2025-06-18 11:02:17.149881,2315.9,116760.0,131806.0
2025-06-18 11:02:19.141334,2315.9,116760.0,131806.0
2025-06-18 11:02:21.369410,2315.9,116727.0,131827.0
2025-06-18 11:02:24.163472,2315.9,116727.0,131827.0
2025-06-18 11:02:26.575083,2315.9,116927.0,131616.0
2025-06-18 11:02:28.141419,2315.9,116927.0,131616.0
2025-06-18 11:02:29.154083,2315.9,116927.0,131616.0
2025-06-18 11:02:31.575656,2315.9,116708.0,131561.0
2025-06-18 11:02:35.155279,2315.5,116708.0,131561.0
2025-06-18 11:02:37.079748,2315.5,116379.0,131556.0
2025-06-18 11:02:39.198245,2315.9,116379.0,131556.0
2025-06-18 11:02:41.146667,2315.9,116379.0,131556.0
2025-06-18 11:02:42.286904,2315.9,115577.0,131642.0
2025-06-18 11:02:44.149993,2315.8,115577.0,131642.0
2025-06-18 11:02:47.158461,2315.8,115577.0,131642.0
2025-06-18 11:02:47.488294,2315.8,116194.0,131602.0
2025-06-18 11:02:52.891094,2315.8,116204.0,131402.0
2025-06-18 11:02:55.152363,2315.8,116204.0,131402.0
2025-06-18 11:02:58.095491,2315.6,117242.0,131300.0
2025-06-18 11:03:00.150082,2315.8,117242.0,131300.0
2025-06-18 11:03:03.199727,2315.8,116683.0,131557.0
2025-06-18 11:03:04.149779,2315.8,116683.0,131557.0
2025-06-18 11:03:08.150906,2315.8,116683.0,131557.0
2025-06-18 11:03:08.601580,2315.8,117339.0,131507.0
2025-06-18 11:03:09.153510,2315.8,117339.0,131507.0
2025-06-18 11:03:12.146371,2315.8,117339.0,131507.0
2025-06-18 11:03:13.905357,2315.8,117195.0,131489.0
2025-06-18 11:03:15.146206,2315.8,117195.0,131489.0
2025-06-18 11:03:17.155651,2315.8,117195.0,131489.0
2025-06-18 11:03:19.005629,2315.8,117220.0,131478.0
2025-06-18 11:03:19.155118,2315.8,117220.0,131478.0
2025-06-18 11:03:22.170356,2315.8,117220.0,131478.0
2025-06-18 11:03:24.308909,2315.8,117324.0,131645.0
2025-06-18 11:03:25.149743,2315.8,117324.0,131645.0
2025-06-18 11:03:27.151860,2315.8,117324.0,131645.0
2025-06-18 11:03:29.510114,2315.8,116706.0,131474.0
2025-06-18 11:03:30.146596,2315.8,116706.0,131474.0
2025-06-18 11:03:33.153259,2315.7,116706.0,131474.0
2025-06-18 11:03:35.015333,2315.7,116406.0,131747.0
2025-06-18 11:03:35.154087,2315.7,116406.0,131747.0
2025-06-18 11:03:39.154755,2315.0,116406.0,131747.0
2025-06-18 11:03:40.418837,2315.0,113890.0,133268.0
2025-06-18 11:03:41.173577,2315.0,113890.0,133268.0
2025-06-18 11:03:43.169954,2315.0,113890.0,133268.0
2025-06-18 11:03:45.169720,2315.1,113890.0,133268.0
2025-06-18 11:03:45.518154,2315.1,112663.0,132517.0
2025-06-18 11:03:46.060212,2315.1,112663.0,132517.0
2025-06-18 11:03:47.122943,2315.1,112663.0,132517.0
2025-06-18 11:03:47.178435,2315.0,112663.0,132517.0
2025-06-18 11:03:47.994629,2315.0,112663.0,132517.0
2025-06-18 11:03:48.904184,2315.0,112663.0,132517.0
2025-06-18 11:03:49.169645,2315.1,112663.0,132517.0
2025-06-18 11:03:49.771737,2315.1,112663.0,132517.0
2025-06-18 11:03:50.222810,2315.1,112220.0,132928.0
2025-06-18 11:03:50.560757,2315.1,112220.0,132928.0
2025-06-18 11:03:51.220724,2315.0,112220.0,132928.0
2025-06-18 11:03:51.594564,2315.0,112220.0,132928.0
2025-06-18 11:03:52.230764,2315.0,112220.0,132928.0
2025-06-18 11:03:53.076470,2315.0,112220.0,132928.0
2025-06-18 11:03:53.204638,2314.8,112220.0,132928.0
2025-06-18 11:03:53.446645,2314.8,112220.0,132928.0
2025-06-18 11:03:54.474134,2314.8,112220.0,132928.0
2025-06-18 11:03:55.024664,2315.0,112836.0,132654.0
2025-06-18 11:03:55.172831,2315.0,112836.0,132654.0
2025-06-18 11:03:55.731964,2315.0,112836.0,132654.0
2025-06-18 11:03:56.589140,2315.0,112836.0,132654.0
2025-06-18 11:04:00.455421,2315.0,112836.0,132654.0
2025-06-18 11:04:00.503218,2315.0,112836.0,132654.0
2025-06-18 11:04:00.513441,2315.0,112836.0,132654.0
2025-06-18 11:04:00.545389,2315.0,112836.0,132654.0
2025-06-18 11:04:00.549894,2314.8,114073.0,132270.0
2025-06-18 11:04:00.583151,2314.8,114073.0,132270.0
2025-06-18 11:04:01.186108,2314.8,114073.0,132270.0
2025-06-18 11:04:01.927009,2314.8,114073.0,132270.0
2025-06-18 11:04:03.216540,2314.9,114073.0,132270.0
2025-06-18 11:04:05.204201,2314.9,114073.0,132270.0
2025-06-18 11:04:05.434981,2314.9,114077.0,132678.0
2025-06-18 11:04:07.202258,2314.9,114077.0,132678.0
2025-06-18 11:04:10.645360,2314.9,114203.0,133840.0
2025-06-18 11:04:11.163685,2315.1,114203.0,133840.0
2025-06-18 11:04:13.160046,2315.1,114203.0,133840.0
2025-06-18 11:04:15.159770,2315.1,114203.0,133840.0
2025-06-18 11:04:15.541402,2315.1,114431.0,133252.0
2025-06-18 11:04:18.158159,2315.1,114431.0,133252.0
2025-06-18 11:04:21.059355,2315.1,114287.0,134373.0
2025-06-18 11:04:26.258029,2315.1,114445.0,133847.0
2025-06-18 11:04:30.152655,2315.1,114445.0,133847.0
2025-06-18 11:04:31.360936,2315.1,114432.0,134059.0
2025-06-18 11:04:35.167826,2315.0,114432.0,134059.0
2025-06-18 11:04:36.266156,2315.0,114356.0,134480.0
2025-06-18 11:04:37.178063,2315.0,114356.0,134480.0
2025-06-18 11:04:39.165691,2315.0,114356.0,134480.0
2025-06-18 11:04:41.067339,2314.9,113907.0,134693.0
2025-06-18 11:04:41.156511,2314.9,113907.0,134693.0
2025-06-18 11:04:43.176774,2315.0,113907.0,134693.0
2025-06-18 11:04:45.206237,2315.0,113907.0,134693.0
2025-06-18 11:04:46.178938,2315.0,114502.0,134636.0
2025-06-18 11:04:47.180347,2315.0,114502.0,134636.0
2025-06-18 11:04:51.071720,2314.9,114513.0,134442.0
2025-06-18 11:04:52.178287,2314.9,114513.0,134442.0
2025-06-18 11:04:53.160340,2315.0,114513.0,134442.0
2025-06-18 11:04:55.775684,2315.0,114488.0,134463.0
2025-06-18 11:04:57.214280,2315.0,114488.0,134463.0
2025-06-18 11:04:59.164529,2315.0,114488.0,134463.0
2025-06-18 11:05:00.577909,2315.0,114499.0,134425.0
2025-06-18 11:05:05.170996,2315.0,114499.0,134425.0
2025-06-18 11:05:05.178136,2315.0,114544.0,134596.0
2025-06-18 11:05:05.208085,2315.0,114544.0,134596.0
2025-06-18 11:05:07.393317,2314.8,114544.0,134596.0
2025-06-18 11:05:10.178768,2314.6,113894.0,134749.0
2025-06-18 11:05:11.165131,2314.6,113894.0,134749.0
2025-06-18 11:05:13.165330,2314.6,113894.0,134749.0
2025-06-18 11:05:15.167433,2314.8,113894.0,134749.0
2025-06-18 11:05:15.683190,2314.8,114161.0,134937.0
2025-06-18 11:05:21.085366,2314.8,114167.0,134894.0
2025-06-18 11:05:23.205810,2314.8,114167.0,134894.0
2025-06-18 11:05:25.894008,2314.8,114267.0,134820.0
2025-06-18 11:05:29.175003,2315.0,114267.0,134820.0
2025-06-18 11:05:30.694915,2314.6,113939.0,134891.0
2025-06-18 11:05:32.172459,2315.0,113939.0,134891.0
2025-06-18 11:05:36.097996,2314.9,113898.0,134957.0
2025-06-18 11:05:37.175586,2314.9,113898.0,134957.0
2025-06-18 11:05:39.280926,2315.0,113898.0,134957.0
2025-06-18 11:05:41.168622,2315.0,113898.0,134957.0
2025-06-18 11:05:41.507175,2315.0,113909.0,134934.0
2025-06-18 11:05:43.176387,2315.0,113909.0,134934.0
2025-06-18 11:05:45.165207,2315.0,113909.0,134934.0
2025-06-18 11:05:46.409924,2315.0,114049.0,134929.0
2025-06-18 11:05:49.183072,2314.8,114049.0,134929.0
2025-06-18 11:05:51.178789,2314.8,114049.0,134929.0
2025-06-18 11:05:51.416375,2314.8,114341.0,135333.0
2025-06-18 11:05:56.711752,2314.9,114858.0,135081.0
2025-06-18 11:05:57.194540,2314.9,114858.0,135081.0
2025-06-18 11:05:59.171570,2314.9,114858.0,135081.0
2025-06-18 11:06:01.314066,2314.9,114707.0,135089.0
2025-06-18 11:06:06.118367,2314.9,114769.0,134993.0
2025-06-18 11:06:08.164181,2314.8,114769.0,134993.0
2025-06-18 11:06:09.174069,2314.9,114769.0,134993.0
2025-06-18 11:06:11.121089,2314.9,114485.0,135351.0
2025-06-18 11:06:15.193598,2315.0,114485.0,135351.0
2025-06-18 11:06:16.121759,2315.0,114756.0,135234.0
2025-06-18 11:06:17.176928,2314.9,114756.0,135234.0
2025-06-18 11:06:19.167104,2314.9,114756.0,135234.0
2025-06-18 11:06:21.124741,2314.9,114598.0,135129.0
2025-06-18 11:06:26.131048,2314.9,114672.0,135424.0
2025-06-18 11:06:29.176858,2314.9,114672.0,135424.0
2025-06-18 11:06:30.831323,2314.5,114445.0,135219.0
2025-06-18 11:06:31.196181,2314.5,114445.0,135219.0
2025-06-18 11:06:33.176026,2314.5,114445.0,135219.0
2025-06-18 11:06:35.189842,2314.5,114445.0,135219.0
2025-06-18 11:06:35.541689,2314.5,114437.0,135466.0
2025-06-18 11:06:37.168896,2314.9,114437.0,135466.0
2025-06-18 11:06:39.173752,2314.9,114437.0,135466.0
2025-06-18 11:06:40.538663,2314.5,114346.0,135487.0
2025-06-18 11:06:41.168362,2314.5,114346.0,135487.0
2025-06-18 11:06:44.164020,2314.5,114346.0,135487.0
2025-06-18 11:06:45.164960,2314.9,114346.0,135487.0
2025-06-18 11:06:45.647125,2314.9,114475.0,135390.0
2025-06-18 11:06:46.763961,2314.9,114475.0,135390.0
2025-06-18 11:06:47.180068,2314.5,114475.0,135390.0
2025-06-18 11:06:47.622699,2314.5,114475.0,135390.0
2025-06-18 11:06:48.562173,2314.5,114475.0,135390.0
2025-06-18 11:06:49.800534,2314.5,114475.0,135390.0
2025-06-18 11:06:50.288764,2314.5,114475.0,135390.0
2025-06-18 11:06:50.541566,2314.5,114627.0,135393.0
2025-06-18 11:06:51.080135,2314.5,114627.0,135393.0
2025-06-18 11:06:52.044702,2314.5,114627.0,135393.0
2025-06-18 11:06:53.523620,2314.5,114627.0,135393.0
2025-06-18 11:06:54.763306,2314.5,114627.0,135393.0
2025-06-18 11:06:55.559844,2314.5,114636.0,135277.0
2025-06-18 11:06:56.272953,2314.5,114636.0,135277.0
2025-06-18 11:06:57.109577,2314.5,114636.0,135277.0
2025-06-18 11:06:57.165518,2314.5,114636.0,135277.0
2025-06-18 11:06:58.544696,2314.5,114636.0,135277.0
2025-06-18 11:06:59.668065,2314.5,114636.0,135277.0
2025-06-18 11:07:00.347257,2314.5,114666.0,135903.0
2025-06-18 11:07:00.835871,2314.5,114666.0,135903.0
2025-06-18 11:07:02.295521,2314.5,114666.0,135903.0
2025-06-18 11:07:05.084646,2314.5,114666.0,135903.0
2025-06-18 11:07:05.168755,2314.5,115081.0,135300.0
2025-06-18 11:07:10.486579,2314.0,115081.0,135300.0
2025-06-18 11:07:10.581494,2314.4,114785.0,135211.0
2025-06-18 11:07:11.167286,2314.4,114785.0,135211.0
2025-06-18 11:07:14.164548,2314.4,114785.0,135211.0
2025-06-18 11:07:16.261267,2314.4,114708.0,135084.0
2025-06-18 11:07:17.174598,2314.4,114708.0,135084.0
2025-06-18 11:07:21.460636,2314.4,114713.0,135183.0
2025-06-18 11:07:23.170009,2314.4,114713.0,135183.0
2025-06-18 11:07:26.223738,2314.0,114713.0,135183.0
2025-06-18 11:07:26.464271,2314.0,114938.0,136884.0
2025-06-18 11:07:31.181076,2314.0,114938.0,136884.0
2025-06-18 11:07:31.363176,2314.0,114925.0,136783.0
2025-06-18 11:07:36.269024,2314.0,114873.0,136703.0
2025-06-18 11:07:41.371252,2314.2,115239.0,136798.0
2025-06-18 11:07:42.171755,2314.2,115239.0,136798.0
2025-06-18 11:07:46.174932,2314.2,115239.0,136798.0
2025-06-18 11:07:46.775045,2314.2,115318.0,136982.0
2025-06-18 11:07:51.774277,2314.2,115357.0,136935.0
2025-06-18 11:07:53.173411,2314.2,115357.0,136935.0
2025-06-18 11:07:56.182628,2314.0,115357.0,136935.0
2025-06-18 11:07:56.776011,2314.2,115619.0,136961.0
2025-06-18 11:07:59.172238,2314.0,115619.0,136961.0
2025-06-18 11:08:00.474438,2314.2,115619.0,136961.0
2025-06-18 11:08:01.780280,2314.0,115392.0,136757.0
2025-06-18 11:08:03.173609,2314.0,115392.0,136757.0
2025-06-18 11:08:07.180860,2314.0,115392.0,136757.0
2025-06-18 11:08:07.190561,2314.0,115469.0,136961.0
2025-06-18 11:08:09.241058,2314.1,115469.0,136961.0
2025-06-18 11:08:10.221376,2314.0,115469.0,136961.0
2025-06-18 11:08:12.690534,2314.0,115265.0,136950.0
2025-06-18 11:08:13.177383,2314.0,115265.0,136950.0
2025-06-18 11:08:20.441596,2314.0,115265.0,136950.0
2025-06-18 11:08:20.490919,2314.0,113865.0,137597.0
2025-06-18 11:08:20.530721,2313.5,113865.0,137597.0
2025-06-18 11:08:21.180719,2314.0,113865.0,137597.0
2025-06-18 11:08:23.007999,2313.9,114262.0,137224.0
2025-06-18 11:08:23.183497,2313.9,114262.0,137224.0
2025-06-18 11:08:28.805636,2313.9,114363.0,137284.0
2025-06-18 11:08:30.181944,2314.1,114363.0,137284.0
2025-06-18 11:08:34.206414,2314.1,114697.0,137197.0
2025-06-18 11:08:38.180979,2314.0,114697.0,137197.0
2025-06-18 11:08:39.518841,2314.0,114735.0,137232.0
2025-06-18 11:08:40.191757,2314.0,114735.0,137232.0
2025-06-18 11:08:42.191228,2314.0,114735.0,137232.0
2025-06-18 11:08:44.709887,2314.0,114161.0,136993.0
2025-06-18 11:08:46.206164,2313.9,114161.0,136993.0
2025-06-18 11:08:48.176245,2313.5,114161.0,136993.0
2025-06-18 11:08:49.910783,2313.9,114184.0,136847.0
2025-06-18 11:08:50.178550,2313.9,114184.0,136847.0
2025-06-18 11:08:52.180784,2313.9,114184.0,136847.0
2025-06-18 11:08:55.113413,2313.9,114427.0,137228.0
2025-06-18 11:08:58.177118,2313.6,114427.0,137228.0
2025-06-18 11:09:00.122731,2313.6,114049.0,137884.0
2025-06-18 11:09:04.190370,2313.6,114049.0,137884.0
2025-06-18 11:09:05.021036,2313.6,114050.0,137676.0
2025-06-18 11:09:06.178826,2313.6,114050.0,137676.0
2025-06-18 11:09:10.182698,2313.6,114050.0,137676.0
2025-06-18 11:09:10.222350,2313.6,113745.0,137248.0
2025-06-18 11:09:14.306719,2313.5,113745.0,137248.0
2025-06-18 11:09:14.348775,2313.4,113745.0,137248.0
2025-06-18 11:09:16.124650,2313.4,114609.0,137047.0
2025-06-18 11:09:16.174995,2313.4,114609.0,137047.0
2025-06-18 11:09:18.874657,2313.5,114609.0,137047.0
2025-06-18 11:09:20.199949,2313.5,114609.0,137047.0
2025-06-18 11:09:21.625749,2313.5,114559.0,137241.0
2025-06-18 11:09:24.178743,2313.5,114559.0,137241.0
2025-06-18 11:09:26.933119,2313.5,113359.0,136557.0
2025-06-18 11:09:28.186285,2313.0,113359.0,136557.0
2025-06-18 11:09:30.189877,2313.1,113359.0,136557.0
2025-06-18 11:09:32.135382,2313.1,112240.0,136585.0
2025-06-18 11:09:34.179884,2313.0,112240.0,136585.0
2025-06-18 11:09:37.438610,2313.0,112513.0,136600.0
2025-06-18 11:09:38.224334,2313.0,112513.0,136600.0
2025-06-18 11:09:40.176188,2313.0,112513.0,136600.0
2025-06-18 11:09:42.186691,2313.1,112513.0,136600.0
2025-06-18 11:09:42.841506,2313.1,112834.0,136582.0
2025-06-18 11:09:44.210617,2313.1,112834.0,136582.0
2025-06-18 11:09:46.257001,2313.1,112834.0,136582.0
2025-06-18 11:09:47.186603,2313.1,112834.0,136582.0
2025-06-18 11:09:48.042723,2313.1,113222.0,136325.0
2025-06-18 11:09:48.230667,2313.1,113222.0,136325.0
2025-06-18 11:09:49.139058,2313.1,113222.0,136325.0
2025-06-18 11:09:50.029122,2313.1,113222.0,136325.0
2025-06-18 11:09:51.671403,2313.1,113222.0,136325.0
2025-06-18 11:09:52.198899,2313.1,113222.0,136325.0
2025-06-18 11:09:52.675061,2313.1,113222.0,136325.0
2025-06-18 11:09:53.220716,2313.1,113222.0,136325.0
2025-06-18 11:09:53.544490,2313.1,113471.0,136407.0
2025-06-18 11:09:53.606725,2313.1,113471.0,136407.0
2025-06-18 11:09:54.127400,2313.1,113471.0,136407.0
2025-06-18 11:09:54.218699,2313.0,113471.0,136407.0
2025-06-18 11:09:54.466207,2313.0,113471.0,136407.0
2025-06-18 11:09:55.344800,2313.0,113471.0,136407.0
2025-06-18 11:09:56.179266,2313.1,113471.0,136407.0
2025-06-18 11:09:56.617779,2313.1,113471.0,136407.0
2025-06-18 11:09:57.568028,2313.1,113471.0,136407.0
2025-06-18 11:09:58.745296,2313.1,113086.0,136024.0
2025-06-18 11:09:58.977492,2313.1,113086.0,136024.0
2025-06-18 11:10:00.123977,2313.1,113086.0,136024.0
2025-06-18 11:10:00.177641,2312.4,113086.0,136024.0
2025-06-18 11:10:01.252872,2312.4,113086.0,136024.0
2025-06-18 11:10:02.180668,2312.6,113086.0,136024.0
2025-06-18 11:10:02.750851,2312.6,113086.0,136024.0
2025-06-18 11:10:03.751774,2312.6,113521.0,135408.0
2025-06-18 11:10:04.176038,2312.6,113521.0,135408.0
2025-06-18 11:10:06.181765,2312.3,113521.0,135408.0
2025-06-18 11:10:09.502224,2312.9,113521.0,135408.0
2025-06-18 11:10:09.507708,2312.9,113650.0,135649.0
2025-06-18 11:10:13.180917,2312.9,113650.0,135649.0
2025-06-18 11:10:14.356247,2312.9,113386.0,136317.0
2025-06-18 11:10:16.180208,2312.3,113386.0,136317.0
2025-06-18 11:10:19.556605,2312.3,113563.0,136126.0
2025-06-18 11:10:22.180530,2312.6,113563.0,136126.0
2025-06-18 11:10:24.758528,2312.7,114021.0,136000.0
2025-06-18 11:10:25.181311,2312.7,114021.0,136000.0
2025-06-18 11:10:28.187569,2312.8,114021.0,136000.0
2025-06-18 11:10:30.361108,2312.8,114178.0,135606.0
2025-06-18 11:10:31.189200,2312.7,114178.0,135606.0
2025-06-18 11:10:34.187816,2312.7,114178.0,135606.0
2025-06-18 11:10:35.868940,2312.7,113874.0,135761.0
2025-06-18 11:10:37.178231,2312.7,113874.0,135761.0
2025-06-18 11:10:38.181362,2312.7,113874.0,135761.0
2025-06-18 11:10:40.178748,2312.7,113874.0,135761.0
2025-06-18 11:10:41.468480,2312.7,114196.0,134985.0
2025-06-18 11:10:44.179488,2312.7,114196.0,134985.0
2025-06-18 11:10:46.674383,2312.7,114122.0,135195.0
2025-06-18 11:10:47.174916,2312.7,114122.0,135195.0
2025-06-18 11:10:48.212173,2312.7,114122.0,135195.0
2025-06-18 11:10:51.787842,2312.7,114034.0,135035.0
2025-06-18 11:10:52.184270,2312.7,114034.0,135035.0
2025-06-18 11:10:54.190652,2312.7,114034.0,135035.0
2025-06-18 11:10:56.983545,2312.7,114273.0,135284.0
2025-06-18 11:11:00.178484,2312.7,114273.0,135284.0
2025-06-18 11:11:02.206488,2312.7,114273.0,135284.0
2025-06-18 11:11:02.207593,2312.7,114219.0,135072.0
2025-06-18 11:11:04.178817,2312.7,114219.0,135072.0
2025-06-18 11:11:06.183949,2312.7,114219.0,135072.0
2025-06-18 11:11:07.695804,2312.7,114264.0,134832.0
2025-06-18 11:11:10.181447,2312.7,114264.0,134832.0
2025-06-18 11:11:13.109848,2312.7,114400.0,135047.0
2025-06-18 11:11:16.178794,2312.8,114400.0,135047.0
2025-06-18 11:11:18.502573,2312.8,114145.0,135026.0
2025-06-18 11:11:20.188899,2312.6,114145.0,135026.0
2025-06-18 11:11:22.188800,2312.7,114145.0,135026.0
2025-06-18 11:11:23.600547,2312.7,113863.0,135020.0
2025-06-18 11:11:25.186594,2312.8,113863.0,135020.0
2025-06-18 11:11:26.189203,2312.8,113863.0,135020.0
2025-06-18 11:11:28.701614,2312.8,114451.0,134809.0
2025-06-18 11:11:32.191150,2312.8,114451.0,134809.0
2025-06-18 11:11:33.806174,2312.8,114560.0,134775.0
2025-06-18 11:11:34.183583,2312.8,114560.0,134775.0
2025-06-18 11:11:36.184904,2315.0,114560.0,134775.0
2025-06-18 11:11:38.193033,2314.2,114560.0,134775.0
2025-06-18 11:11:38.712237,2314.2,116834.0,132576.0
2025-06-18 11:11:40.182099,2313.1,116834.0,132576.0
2025-06-18 11:11:43.812149,2313.1,116477.0,132908.0
2025-06-18 11:11:46.182057,2313.9,116477.0,132908.0
2025-06-18 11:11:48.816108,2313.9,116528.0,132808.0
2025-06-18 11:11:50.218159,2313.9,116528.0,132808.0
2025-06-18 11:11:53.920289,2313.9,116538.0,132662.0
2025-06-18 11:11:56.198504,2313.4,116538.0,132662.0
2025-06-18 11:11:58.426885,2313.4,116538.0,132662.0
2025-06-18 11:11:59.037085,2313.4,116224.0,133094.0
2025-06-18 11:12:00.187430,2313.8,116224.0,133094.0
2025-06-18 11:12:02.336995,2313.8,116224.0,133094.0
2025-06-18 11:12:03.728160,2313.8,116251.0,132624.0
2025-06-18 11:12:06.184783,2313.1,116251.0,132624.0
2025-06-18 11:12:08.185771,2313.8,116251.0,132624.0
2025-06-18 11:12:08.543600,2313.8,116191.0,132589.0
2025-06-18 11:12:12.201279,2313.8,116191.0,132589.0
2025-06-18 11:12:13.547397,2313.8,116334.0,132513.0
2025-06-18 11:12:16.187599,2313.1,116334.0,132513.0
2025-06-18 11:12:18.215477,2313.7,116334.0,132513.0
2025-06-18 11:12:18.938348,2313.7,115916.0,133109.0
2025-06-18 11:12:20.182183,2313.7,115916.0,133109.0
2025-06-18 11:12:22.182552,2313.7,115916.0,133109.0
2025-06-18 11:12:23.942069,2314.0,116951.0,132134.0
2025-06-18 11:12:24.189306,2314.0,116951.0,132134.0
2025-06-18 11:12:26.187043,2313.8,116951.0,132134.0
2025-06-18 11:12:28.847017,2313.8,114650.0,133280.0
2025-06-18 11:12:29.178850,2313.8,114650.0,133280.0
2025-06-18 11:12:30.196013,2313.0,114650.0,133280.0
2025-06-18 11:12:32.209807,2313.8,114650.0,133280.0
2025-06-18 11:12:34.052655,2313.8,114928.0,132893.0
2025-06-18 11:12:36.206152,2313.8,114928.0,132893.0
2025-06-18 11:12:38.192549,2313.9,114928.0,132893.0
2025-06-18 11:12:39.355865,2313.9,114635.0,133047.0
2025-06-18 11:12:40.188907,2313.9,114635.0,133047.0
2025-06-18 11:12:44.200784,2313.9,114635.0,133047.0
2025-06-18 11:12:44.460039,2313.9,114355.0,132950.0
2025-06-18 11:12:46.185056,2313.9,114355.0,132950.0
2025-06-18 11:12:47.567813,2313.9,114355.0,132950.0
2025-06-18 11:12:48.634457,2313.9,114355.0,132950.0
2025-06-18 11:12:49.462298,2313.8,114430.0,133095.0
2025-06-18 11:12:49.541808,2313.8,114430.0,133095.0
2025-06-18 11:12:50.189589,2313.8,114430.0,133095.0
2025-06-18 11:12:50.454409,2313.8,114430.0,133095.0
2025-06-18 11:12:51.344632,2313.8,114430.0,133095.0
2025-06-18 11:12:52.083200,2313.8,114430.0,133095.0
2025-06-18 11:12:52.189068,2313.8,114430.0,133095.0
2025-06-18 11:12:53.111823,2313.8,114430.0,133095.0
2025-06-18 11:12:54.051816,2313.8,114430.0,133095.0
2025-06-18 11:12:55.067905,2313.8,114661.0,132810.0
2025-06-18 11:12:55.803222,2313.8,114661.0,132810.0
2025-06-18 11:12:56.188090,2313.8,114661.0,132810.0
2025-06-18 11:12:57.056601,2313.8,114661.0,132810.0
2025-06-18 11:12:57.887642,2313.8,114661.0,132810.0
2025-06-18 11:12:59.292606,2313.8,114661.0,132810.0
2025-06-18 11:13:00.402371,2313.8,114661.0,132810.0
2025-06-18 11:13:00.572014,2313.8,114421.0,133412.0
2025-06-18 11:13:01.580470,2313.8,114421.0,133412.0
2025-06-18 11:13:03.041051,2313.8,114421.0,133412.0
2025-06-18 11:13:05.576313,2313.8,114755.0,133398.0
2025-06-18 11:13:08.187989,2313.8,114755.0,133398.0
2025-06-18 11:13:10.187375,2313.8,114755.0,133398.0
2025-06-18 11:13:10.477341,2313.8,115035.0,132804.0
2025-06-18 11:13:12.191583,2313.8,115035.0,132804.0
2025-06-18 11:13:14.189619,2313.8,115035.0,132804.0
2025-06-18 11:13:15.279373,2313.8,114700.0,132488.0
2025-06-18 11:13:16.195830,2313.8,114700.0,132488.0
2025-06-18 11:13:20.083492,2313.8,114692.0,132652.0
2025-06-18 11:13:22.194729,2312.9,114692.0,132652.0
2025-06-18 11:13:24.192182,2312.3,114692.0,132652.0
2025-06-18 11:13:24.987437,2312.3,112516.0,137909.0
2025-06-18 11:13:26.192400,2312.3,112516.0,137909.0
2025-06-18 11:13:28.191964,2311.4,112516.0,137909.0
2025-06-18 11:13:29.988196,2311.4,109904.0,136919.0
2025-06-18 11:13:32.189067,2311.4,109904.0,136919.0
2025-06-18 11:13:34.195499,2310.4,109904.0,136919.0
2025-06-18 11:13:34.791826,2310.4,109789.0,137521.0
2025-06-18 11:13:36.192260,2310.4,109789.0,137521.0
2025-06-18 11:13:38.189431,2310.0,109789.0,137521.0
2025-06-18 11:13:40.095649,2310.0,110256.0,135065.0
2025-06-18 11:13:40.196249,2310.0,110256.0,135065.0
2025-06-18 11:13:42.194076,2310.9,110256.0,135065.0
2025-06-18 11:13:44.197072,2311.8,110256.0,135065.0
2025-06-18 11:13:45.298561,2311.8,112531.0,132762.0
2025-06-18 11:13:46.196041,2311.9,112531.0,132762.0
2025-06-18 11:13:48.193851,2312.0,112531.0,132762.0
2025-06-18 11:13:50.098015,2312.0,114661.0,131358.0
2025-06-18 11:13:52.195251,2312.8,114661.0,131358.0
2025-06-18 11:13:55.101369,2312.8,116266.0,130927.0
2025-06-18 11:13:55.188584,2312.8,116266.0,130927.0
2025-06-18 11:13:58.191494,2312.8,116266.0,130927.0
2025-06-18 11:14:00.506901,2312.8,116532.0,130936.0
2025-06-18 11:14:01.606301,2312.8,116618.0,130949.0
2025-06-18 11:14:02.184384,2312.8,116618.0,130949.0
2025-06-18 11:14:02.606309,2312.4,116522.0,131031.0
2025-06-18 11:14:03.186974,2312.4,116522.0,131031.0
2025-06-18 11:14:03.706916,2312.4,116437.0,130989.0
2025-06-18 11:14:05.806280,2312.4,116530.0,130833.0
2025-06-18 11:14:06.911111,2312.4,116297.0,130840.0
2025-06-18 11:14:08.519871,2312.4,116428.0,130844.0
2025-06-18 11:14:09.610142,2312.4,116441.0,130854.0
2025-06-18 11:14:10.710925,2312.4,116743.0,130854.0
2025-06-18 11:14:11.812042,2312.4,116832.0,130854.0
2025-06-18 11:14:13.229319,2313.0,116660.0,129249.0
2025-06-18 11:14:14.188957,2313.2,116660.0,129249.0
2025-06-18 11:14:14.311776,2313.2,116830.0,130711.0
2025-06-18 11:14:15.311672,2313.2,116751.0,130897.0
2025-06-18 11:14:16.186978,2313.2,116751.0,130897.0
2025-06-18 11:14:16.313402,2313.2,116881.0,130925.0
2025-06-18 11:14:17.313738,2313.2,116863.0,131007.0
2025-06-18 11:14:18.315781,2313.2,116864.0,131031.0
2025-06-18 11:14:19.416702,2313.2,116806.0,131036.0
2025-06-18 11:14:20.525056,2313.2,116867.0,131007.0
2025-06-18 11:14:21.621075,2313.2,116803.0,130801.0
2025-06-18 11:14:22.235391,2312.5,116803.0,130801.0
2025-06-18 11:14:22.620396,2312.5,116757.0,130951.0
2025-06-18 11:14:23.720709,2312.5,116717.0,130941.0
2025-06-18 11:14:24.819635,2312.5,117013.0,130890.0
2025-06-18 11:14:25.920045,2312.5,117012.0,129461.0
2025-06-18 11:14:27.051445,2312.5,116988.0,130388.0
2025-06-18 11:14:28.129251,2313.2,117008.0,130302.0
2025-06-18 11:14:28.188517,2313.2,117008.0,130302.0
2025-06-18 11:14:29.122424,2313.2,116907.0,130405.0
2025-06-18 11:14:30.227046,2313.2,117088.0,130610.0
2025-06-18 11:14:31.228559,2313.2,117302.0,130743.0
2025-06-18 11:14:32.326034,2313.2,117209.0,130504.0
2025-06-18 11:14:33.326499,2313.2,117309.0,130261.0
2025-06-18 11:14:35.038774,2313.2,117351.0,130457.0
2025-06-18 11:14:35.188054,2313.2,117351.0,130457.0
2025-06-18 11:14:36.130631,2313.2,117405.0,130551.0
2025-06-18 11:14:37.328046,2313.2,117416.0,130523.0
2025-06-18 11:14:39.828986,2313.2,117397.0,130502.0
2025-06-18 11:14:40.929694,2313.2,117545.0,130543.0
2025-06-18 11:14:42.042614,2313.2,116877.0,130748.0
2025-06-18 11:14:43.044741,2313.2,116827.0,130767.0
2025-06-18 11:14:44.045569,2313.2,116819.0,130820.0
2025-06-18 11:14:45.638490,2313.2,116819.0,130825.0
2025-06-18 11:14:46.654001,2313.2,116824.0,130835.0
2025-06-18 11:14:47.191338,2313.1,116824.0,130835.0
2025-06-18 11:14:47.645771,2313.1,116921.0,130855.0
2025-06-18 11:14:48.643674,2313.1,116965.0,130818.0
2025-06-18 11:14:49.188046,2313.1,116965.0,130818.0
2025-06-18 11:14:50.187723,2313.0,116965.0,130818.0
2025-06-18 11:14:50.239730,2313.0,116950.0,130852.0
2025-06-18 11:14:51.241358,2313.0,117084.0,131076.0
2025-06-18 11:14:52.343797,2313.0,117084.0,130881.0
2025-06-18 11:14:53.441740,2313.0,117068.0,130881.0
2025-06-18 11:14:54.344193,2313.0,117204.0,130854.0
2025-06-18 11:14:55.186135,2312.6,117204.0,130854.0
2025-06-18 11:14:55.345576,2313.1,117059.0,131288.0
2025-06-18 11:14:56.189909,2313.0,117059.0,131288.0
2025-06-18 11:14:56.344781,2313.0,117214.0,131330.0
2025-06-18 11:14:57.346936,2313.0,117214.0,131329.0
2025-06-18 11:14:58.447914,2313.0,117224.0,131330.0
2025-06-18 11:14:59.189434,2313.0,117224.0,131330.0
2025-06-18 11:14:59.553497,2313.0,117456.0,131299.0
2025-06-18 11:15:00.653222,2313.0,119469.0,131299.0
2025-06-18 11:15:02.201613,2312.4,119469.0,131299.0
2025-06-18 11:15:02.450533,2312.4,119088.0,131769.0
2025-06-18 11:15:04.198212,2312.9,119088.0,131769.0
2025-06-18 11:15:06.960288,2312.9,119088.0,131769.0
2025-06-18 11:15:07.753302,2312.9,118753.0,132312.0
2025-06-18 11:15:08.197387,2312.9,118753.0,132312.0
2025-06-18 11:15:10.513787,2313.0,118753.0,132312.0
2025-06-18 11:15:12.199547,2312.3,118753.0,132312.0
2025-06-18 11:15:12.858515,2312.3,116595.0,131930.0
2025-06-18 11:15:14.209493,2312.1,116595.0,131930.0
2025-06-18 11:15:17.861392,2312.1,116840.0,131966.0
2025-06-18 11:15:22.199702,2312.4,116840.0,131966.0
2025-06-18 11:15:22.769601,2312.4,116928.0,132003.0
2025-06-18 11:15:24.203778,2312.2,116928.0,132003.0
2025-06-18 11:15:28.075166,2312.2,117090.0,132360.0
2025-06-18 11:15:31.195863,2313.0,117090.0,132360.0
2025-06-18 11:15:33.679851,2313.0,117066.0,132483.0
2025-06-18 11:15:38.213238,2313.0,117066.0,132483.0
2025-06-18 11:15:39.090120,2313.0,117417.0,131858.0
2025-06-18 11:15:42.202608,2313.0,117417.0,131858.0
2025-06-18 11:15:44.080666,2313.0,117216.0,131839.0
2025-06-18 11:15:46.219723,2313.0,117216.0,131839.0
2025-06-18 11:15:48.075175,2313.0,117216.0,131839.0
2025-06-18 11:15:48.204027,2313.0,117216.0,131839.0
2025-06-18 11:15:49.099805,2313.0,117216.0,131839.0
2025-06-18 11:15:49.583148,2313.0,117422.0,131252.0
2025-06-18 11:15:49.999780,2313.0,117422.0,131252.0
2025-06-18 11:15:50.206658,2313.0,117422.0,131252.0
2025-06-18 11:15:50.943457,2313.0,117422.0,131252.0
2025-06-18 11:15:51.783857,2313.0,117422.0,131252.0
2025-06-18 11:15:52.202080,2313.0,117422.0,131252.0
2025-06-18 11:15:52.573931,2313.0,117422.0,131252.0
2025-06-18 11:15:53.581394,2313.0,117422.0,131252.0
2025-06-18 11:15:54.139446,2313.0,117422.0,131252.0
2025-06-18 11:15:54.987264,2313.0,117271.0,131728.0
2025-06-18 11:15:55.040250,2313.0,117271.0,131728.0
2025-06-18 11:15:56.204740,2313.0,117271.0,131728.0
2025-06-18 11:15:56.297953,2313.0,117271.0,131728.0
2025-06-18 11:15:57.588708,2313.0,117271.0,131728.0
2025-06-18 11:15:58.414560,2313.0,117271.0,131728.0
2025-06-18 11:16:00.117058,2313.0,117271.0,131728.0
2025-06-18 11:16:00.199174,2312.9,117271.0,131728.0
2025-06-18 11:16:00.284764,2312.9,116938.0,132319.0
2025-06-18 11:16:01.281285,2312.9,116938.0,132319.0
2025-06-18 11:16:02.403793,2312.9,116938.0,132319.0
2025-06-18 11:16:03.888497,2312.9,116938.0,132319.0
2025-06-18 11:16:05.589949,2312.9,116869.0,132306.0
2025-06-18 11:16:06.204073,2313.0,116869.0,132306.0
2025-06-18 11:16:08.731828,2312.9,116869.0,132306.0
2025-06-18 11:16:10.475025,2313.0,116869.0,132306.0
2025-06-18 11:16:10.794465,2313.0,116870.0,132093.0
2025-06-18 11:16:16.298127,2312.0,116393.0,132555.0
2025-06-18 11:16:17.203542,2312.0,116393.0,132555.0
2025-06-18 11:16:20.208222,2312.9,116393.0,132555.0
2025-06-18 11:16:21.499515,2312.9,116732.0,132334.0
2025-06-18 11:16:22.214411,2312.8,116732.0,132334.0
2025-06-18 11:16:26.505170,2312.8,117140.0,132126.0
2025-06-18 11:16:30.231997,2312.8,117140.0,132126.0
2025-06-18 11:16:31.508881,2312.8,117217.0,131893.0
2025-06-18 11:16:32.208025,2312.8,117217.0,131893.0
2025-06-18 11:16:34.218738,2312.8,117217.0,131893.0
2025-06-18 11:16:36.371444,2312.8,117217.0,131893.0
2025-06-18 11:16:36.714868,2312.8,116986.0,132154.0
2025-06-18 11:16:40.330756,2312.8,116986.0,132154.0
2025-06-18 11:16:42.014428,2312.8,117086.0,132107.0
2025-06-18 11:16:46.208963,2312.8,117086.0,132107.0
2025-06-18 11:16:47.119689,2312.8,117333.0,132268.0
2025-06-18 11:16:48.221554,2312.3,117333.0,132268.0
2025-06-18 11:16:52.225666,2312.3,117092.0,132321.0
2025-06-18 11:16:57.322567,2312.3,117033.0,132150.0
2025-06-18 11:17:02.214434,2312.7,117033.0,132150.0
2025-06-18 11:17:02.527033,2312.7,117317.0,132123.0
2025-06-18 11:17:06.216053,2312.7,117317.0,132123.0
2025-06-18 11:17:07.529260,2312.7,117269.0,132052.0
2025-06-18 11:17:10.216345,2312.3,117269.0,132052.0
2025-06-18 11:17:12.215259,2312.7,117269.0,132052.0
2025-06-18 11:17:12.634373,2312.7,117027.0,132049.0
2025-06-18 11:17:16.210265,2312.8,117027.0,132049.0
2025-06-18 11:17:17.738579,2312.3,117184.0,132262.0
2025-06-18 11:17:18.248759,2312.3,117184.0,132262.0
2025-06-18 11:17:20.215913,2312.3,117184.0,132262.0
2025-06-18 11:17:22.214324,2312.7,117184.0,132262.0
2025-06-18 11:17:23.040408,2312.7,116635.0,132945.0
2025-06-18 11:17:28.144974,2312.7,116582.0,132609.0
2025-06-18 11:17:28.214538,2312.2,116582.0,132609.0
2025-06-18 11:17:32.215025,2312.3,116582.0,132609.0
2025-06-18 11:17:33.149164,2312.3,116509.0,132475.0
2025-06-18 11:17:36.215749,2312.2,116509.0,132475.0
2025-06-18 11:17:38.250242,2312.2,116515.0,132740.0
2025-06-18 11:17:40.217314,2312.2,116515.0,132740.0
2025-06-18 11:17:42.214999,2312.3,116515.0,132740.0
2025-06-18 11:17:43.351768,2312.3,116563.0,132763.0
2025-06-18 11:17:44.212918,2312.3,116563.0,132763.0
2025-06-18 11:17:46.219816,2312.3,116563.0,132763.0
2025-06-18 11:17:48.158521,2312.3,116695.0,132832.0
2025-06-18 11:17:52.868169,2312.3,116957.0,132981.0
2025-06-18 11:17:57.464952,2312.3,117012.0,133066.0
2025-06-18 11:18:00.239187,2312.3,117012.0,133066.0
2025-06-18 11:18:02.073314,2312.2,116990.0,132959.0
2025-06-18 11:18:02.249846,2312.2,116990.0,132959.0
2025-06-18 11:18:04.218988,2312.2,116990.0,132959.0
2025-06-18 11:18:06.219877,2312.3,116990.0,132959.0
2025-06-18 11:18:06.877432,2312.3,117221.0,132954.0
2025-06-18 11:18:08.239002,2312.3,117221.0,132954.0
2025-06-18 11:18:10.493186,2312.3,117221.0,132954.0
2025-06-18 11:18:11.770734,2312.3,116760.0,133032.0
2025-06-18 11:18:17.211341,2312.2,116760.0,133032.0
2025-06-18 11:18:17.673574,2312.2,116118.0,132954.0
2025-06-18 11:18:20.212668,2312.3,116118.0,132954.0
2025-06-18 11:18:21.267534,2312.3,116118.0,132954.0
2025-06-18 11:18:23.213350,2312.3,116118.0,132954.0
2025-06-18 11:18:23.380369,2312.3,116080.0,134225.0
2025-06-18 11:18:25.216828,2312.0,116080.0,134225.0
2025-06-18 11:18:27.214893,2312.2,116080.0,134225.0
2025-06-18 11:18:28.590566,2312.0,115598.0,134220.0
2025-06-18 11:18:29.233733,2312.0,115598.0,134220.0
2025-06-18 11:18:31.217307,2312.2,115598.0,134220.0
2025-06-18 11:18:33.686519,2312.2,116221.0,133685.0
2025-06-18 11:18:35.221039,2312.0,116221.0,133685.0
2025-06-18 11:18:38.788496,2312.0,115124.0,134020.0
2025-06-18 11:18:41.215339,2311.2,115124.0,134020.0
2025-06-18 11:18:43.217915,2312.0,115124.0,134020.0
2025-06-18 11:18:43.693272,2312.0,114955.0,134837.0
2025-06-18 11:18:45.213906,2311.1,114955.0,134837.0
2025-06-18 11:18:47.236105,2312.0,114955.0,134837.0
2025-06-18 11:18:48.388771,2312.0,114839.0,134876.0
2025-06-18 11:18:48.479158,2312.0,114839.0,134876.0
2025-06-18 11:18:49.598732,2312.0,114839.0,134876.0
2025-06-18 11:18:50.478381,2312.0,114839.0,134876.0
2025-06-18 11:18:51.213193,2311.9,114839.0,134876.0
2025-06-18 11:18:51.412125,2311.9,114839.0,134876.0
2025-06-18 11:18:52.263322,2311.9,114839.0,134876.0
2025-06-18 11:18:52.992641,2311.9,114954.0,134887.0
2025-06-18 11:18:53.044764,2311.9,114954.0,134887.0
2025-06-18 11:18:54.051101,2311.9,114954.0,134887.0
2025-06-18 11:18:55.039959,2311.9,114954.0,134887.0
2025-06-18 11:18:56.788365,2311.9,114954.0,134887.0
2025-06-18 11:18:57.218670,2311.8,114954.0,134887.0
2025-06-18 11:18:57.793786,2311.8,115248.0,134550.0
2025-06-18 11:18:58.037738,2311.8,115248.0,134550.0
2025-06-18 11:19:00.285703,2311.8,115248.0,134550.0
2025-06-18 11:19:01.579268,2311.8,115248.0,134550.0
2025-06-18 11:19:02.604499,2311.8,116344.0,134016.0
2025-06-18 11:19:02.719286,2311.8,116344.0,134016.0
2025-06-18 11:19:03.218105,2311.8,116344.0,134016.0
2025-06-18 11:19:04.192808,2311.8,116344.0,134016.0
2025-06-18 11:19:08.210557,2311.8,116348.0,134289.0
2025-06-18 11:19:09.218082,2311.8,116348.0,134289.0
2025-06-18 11:19:13.225351,2311.7,116348.0,134289.0
2025-06-18 11:19:13.301649,2311.7,118043.0,134340.0
2025-06-18 11:19:17.222012,2311.2,118043.0,134340.0
2025-06-18 11:19:18.408460,2311.2,118062.0,134137.0
2025-06-18 11:19:19.219693,2311.2,118062.0,134137.0
2025-06-18 11:19:23.811580,2311.2,117974.0,134595.0
2025-06-18 11:19:25.220541,2311.4,117974.0,134595.0
2025-06-18 11:19:27.222572,2311.2,117974.0,134595.0
2025-06-18 11:19:28.713984,2311.2,115737.0,135783.0
2025-06-18 11:19:29.218691,2311.2,115737.0,135783.0
2025-06-18 11:19:31.220277,2311.2,115737.0,135783.0
2025-06-18 11:19:33.719500,2311.2,114859.0,135734.0
2025-06-18 11:19:35.226374,2311.0,114859.0,135734.0
2025-06-18 11:19:37.222502,2311.2,114859.0,135734.0
2025-06-18 11:19:38.619174,2311.2,114793.0,135598.0
2025-06-18 11:19:41.219240,2311.1,114793.0,135598.0
2025-06-18 11:19:43.260467,2311.0,114793.0,135598.0
2025-06-18 11:19:43.520727,2311.0,115255.0,135292.0
2025-06-18 11:19:48.524089,2311.0,115312.0,135175.0
2025-06-18 11:19:51.260147,2311.2,115312.0,135175.0
2025-06-18 11:19:53.929425,2311.2,114674.0,135468.0
2025-06-18 11:19:55.227219,2311.2,114674.0,135468.0
2025-06-18 11:20:00.478672,2311.2,114773.0,135600.0
2025-06-18 11:20:03.222576,2311.0,114773.0,135600.0
2025-06-18 11:20:04.141652,2311.2,114779.0,135764.0
2025-06-18 11:20:05.226673,2311.2,114779.0,135764.0
2025-06-18 11:20:08.218996,2311.1,114779.0,135764.0
2025-06-18 11:20:08.944131,2311.1,115224.0,135253.0
2025-06-18 11:20:10.218910,2311.2,115224.0,135253.0
2025-06-18 11:20:11.218338,2311.2,115224.0,135253.0
2025-06-18 11:20:13.546804,2311.1,115265.0,135456.0
2025-06-18 11:20:14.216214,2311.1,115265.0,135456.0
2025-06-18 11:20:16.219747,2311.1,115265.0,135456.0
2025-06-18 11:20:17.221225,2311.1,115265.0,135456.0
2025-06-18 11:20:18.156546,2311.0,114075.0,136709.0
2025-06-18 11:20:18.225121,2311.0,114075.0,136709.0
2025-06-18 11:20:22.218687,2311.2,114075.0,136709.0
2025-06-18 11:20:23.257350,2311.2,115153.0,136404.0
2025-06-18 11:20:26.222026,2310.5,115153.0,136404.0
2025-06-18 11:20:28.218393,2310.4,115153.0,136404.0
2025-06-18 11:20:28.359771,2310.4,114381.0,136703.0
2025-06-18 11:20:30.225248,2310.3,114381.0,136703.0
2025-06-18 11:20:33.361654,2310.3,113987.0,136920.0
2025-06-18 11:20:37.220023,2311.0,113987.0,136920.0
2025-06-18 11:20:38.220407,2311.0,113987.0,136920.0
2025-06-18 11:20:38.265059,2311.0,113934.0,137190.0
2025-06-18 11:20:41.219838,2311.0,113934.0,137190.0
2025-06-18 11:20:42.220430,2311.0,113934.0,137190.0
2025-06-18 11:20:42.967177,2311.0,113928.0,137347.0
2025-06-18 11:20:47.970054,2311.0,113618.0,137296.0
2025-06-18 11:20:49.220189,2311.2,113618.0,137296.0
2025-06-18 11:20:52.973285,2311.2,113887.0,137604.0
2025-06-18 11:20:56.259202,2310.4,113887.0,137604.0
2025-06-18 11:20:57.226270,2311.0,113887.0,137604.0
2025-06-18 11:20:58.174792,2311.0,114538.0,137532.0
2025-06-18 11:21:01.226512,2311.2,114538.0,137532.0
2025-06-18 11:21:02.217176,2311.2,114538.0,137532.0
2025-06-18 11:21:02.679850,2310.6,115077.0,137251.0
2025-06-18 11:21:03.241142,2310.6,115077.0,137251.0
2025-06-18 11:21:04.221899,2310.6,115077.0,137251.0
2025-06-18 11:21:07.584880,2310.6,114698.0,137238.0
2025-06-18 11:21:08.220132,2311.1,114698.0,137238.0
2025-06-18 11:21:10.218944,2310.5,114698.0,137238.0
2025-06-18 11:21:12.221402,2311.1,114698.0,137238.0
2025-06-18 11:21:12.484813,2311.1,114545.0,137606.0
2025-06-18 11:21:13.252496,2310.4,114545.0,137606.0
2025-06-18 11:21:14.216572,2310.4,114545.0,137606.0
2025-06-18 11:21:17.095988,2310.4,114522.0,138220.0
2025-06-18 11:21:21.894716,2310.4,114777.0,137881.0
2025-06-18 11:21:24.236870,2310.9,114777.0,137881.0
2025-06-18 11:21:27.095117,2310.9,115122.0,137945.0
2025-06-18 11:21:27.230547,2310.9,115122.0,137945.0
2025-06-18 11:21:28.221330,2310.9,115122.0,137945.0
2025-06-18 11:21:30.220636,2310.5,115122.0,137945.0
2025-06-18 11:21:31.220879,2310.9,115122.0,137945.0
2025-06-18 11:21:32.097795,2310.9,115418.0,137644.0
2025-06-18 11:21:35.223084,2310.9,115418.0,137644.0
2025-06-18 11:21:37.102153,2310.9,115822.0,137519.0
2025-06-18 11:21:37.223814,2310.9,115822.0,137519.0
2025-06-18 11:21:38.228999,2310.9,115822.0,137519.0
2025-06-18 11:21:41.635798,2310.9,116117.0,137539.0
2025-06-18 11:21:42.226313,2311.0,116117.0,137539.0
2025-06-18 11:21:46.210936,2311.0,116264.0,137144.0
2025-06-18 11:21:47.236259,2311.0,116264.0,137144.0
2025-06-18 11:21:48.227845,2311.0,116264.0,137144.0
2025-06-18 11:21:49.089209,2311.0,116264.0,137144.0
2025-06-18 11:21:50.224080,2311.0,116264.0,137144.0
2025-06-18 11:21:50.228603,2311.0,116264.0,137144.0
2025-06-18 11:21:51.009345,2311.0,115708.0,137247.0
2025-06-18 11:21:51.061274,2311.0,115708.0,137247.0
2025-06-18 11:21:52.642541,2310.9,115708.0,137247.0
2025-06-18 11:21:52.858885,2310.9,115708.0,137247.0
2025-06-18 11:21:53.256257,2310.5,115708.0,137247.0
2025-06-18 11:21:53.693837,2310.5,115708.0,137247.0
2025-06-18 11:21:54.674424,2310.5,115708.0,137247.0
2025-06-18 11:21:55.219074,2310.5,115708.0,137247.0
2025-06-18 11:21:55.243264,2310.7,115708.0,137247.0
2025-06-18 11:21:55.650533,2310.7,115708.0,137247.0
2025-06-18 11:21:56.136045,2310.7,115708.0,137247.0
2025-06-18 11:21:56.136616,2310.7,112214.0,137016.0
2025-06-18 11:21:56.493349,2310.7,112214.0,137016.0
2025-06-18 11:21:57.368772,2310.7,112214.0,137016.0
2025-06-18 11:21:58.227665,2311.1,112214.0,137016.0
2025-06-18 11:21:58.708922,2311.1,112214.0,137016.0
2025-06-18 11:21:59.517211,2311.1,112214.0,137016.0
2025-06-18 11:22:00.918863,2311.1,112214.0,137016.0
2025-06-18 11:22:01.218120,2311.0,112360.0,136864.0
2025-06-18 11:22:01.221889,2311.0,112360.0,136864.0
2025-06-18 11:22:02.021358,2311.0,112360.0,136864.0
2025-06-18 11:22:03.233944,2310.8,112360.0,136864.0
2025-06-18 11:22:03.401321,2310.8,112360.0,136864.0
2025-06-18 11:22:05.187484,2310.5,112360.0,136864.0
2025-06-18 11:22:05.228350,2310.5,112360.0,136864.0
2025-06-18 11:22:06.127756,2310.5,112380.0,137025.0
2025-06-18 11:22:07.228950,2310.5,112380.0,137025.0
2025-06-18 11:22:09.223246,2310.8,112380.0,137025.0
2025-06-18 11:22:11.305816,2310.8,112380.0,137025.0
2025-06-18 11:22:11.306296,2310.8,112669.0,136981.0
2025-06-18 11:22:13.229608,2310.6,112669.0,136981.0
2025-06-18 11:22:14.223498,2310.6,112669.0,136981.0
2025-06-18 11:22:16.235082,2310.5,112669.0,136981.0
2025-06-18 11:22:16.240708,2310.5,113394.0,137285.0
2025-06-18 11:22:21.259652,2310.5,113644.0,137058.0
2025-06-18 11:22:22.252786,2310.8,113644.0,137058.0
2025-06-18 11:22:24.230449,2311.0,113644.0,137058.0
2025-06-18 11:22:25.231266,2310.8,113644.0,137058.0
2025-06-18 11:22:26.149149,2311.0,113832.0,137156.0
2025-06-18 11:22:26.236352,2311.0,113832.0,137156.0
2025-06-18 11:22:29.224276,2310.4,113832.0,137156.0
2025-06-18 11:22:30.931676,2310.4,116476.0,137555.0
2025-06-18 11:22:35.934345,2310.7,116458.0,137429.0
2025-06-18 11:22:36.228644,2310.7,116458.0,137429.0
2025-06-18 11:22:37.225068,2310.7,116458.0,137429.0
2025-06-18 11:22:38.255666,2310.7,116458.0,137429.0
2025-06-18 11:22:39.230157,2310.7,116458.0,137429.0
2025-06-18 11:22:41.038860,2310.7,116885.0,136200.0
2025-06-18 11:22:43.223360,2310.8,116885.0,136200.0
2025-06-18 11:22:46.342416,2310.8,117596.0,136063.0
2025-06-18 11:22:47.226701,2310.8,117596.0,136063.0
2025-06-18 11:22:49.226545,2310.7,117596.0,136063.0
2025-06-18 11:22:50.230446,2310.8,117596.0,136063.0
2025-06-18 11:22:51.228372,2310.8,117596.0,136063.0
2025-06-18 11:22:51.549584,2310.8,117254.0,136505.0
2025-06-18 11:22:55.235420,2310.7,117254.0,136505.0
2025-06-18 11:22:56.232069,2310.8,117254.0,136505.0
2025-06-18 11:22:56.354792,2310.8,116709.0,136618.0
2025-06-18 11:23:00.237992,2310.8,116709.0,136618.0
2025-06-18 11:23:01.053236,2309.0,208340.0,135856.0
2025-06-18 11:23:01.228159,2308.8,208340.0,135856.0
2025-06-18 11:23:02.246043,2309.0,208340.0,135856.0
2025-06-18 11:23:03.237723,2308.8,208340.0,135856.0
2025-06-18 11:23:04.228631,2308.9,208340.0,135856.0
2025-06-18 11:23:05.954490,2308.9,101349.0,140420.0
2025-06-18 11:23:07.229688,2308.7,101349.0,140420.0
2025-06-18 11:23:11.058114,2308.8,105300.0,140228.0
2025-06-18 11:23:11.236901,2308.8,105300.0,140228.0
2025-06-18 11:23:13.243365,2308.8,105300.0,140228.0
2025-06-18 11:23:14.239294,2308.6,105300.0,140228.0
2025-06-18 11:23:15.859213,2308.1,109401.0,142648.0
2025-06-18 11:23:18.236511,2307.2,109401.0,142648.0
2025-06-18 11:23:21.363141,2307.2,100810.0,142772.0
2025-06-18 11:23:24.262403,2307.0,100810.0,142772.0
2025-06-18 11:23:25.261917,2307.5,100810.0,142772.0
2025-06-18 11:23:26.767376,2307.5,106392.0,142512.0
2025-06-18 11:23:27.237936,2307.5,106392.0,142512.0
2025-06-18 11:23:29.255336,2307.5,106392.0,142512.0
2025-06-18 11:23:32.073410,2307.5,112381.0,141831.0
2025-06-18 11:23:33.239786,2306.9,112381.0,141831.0
2025-06-18 11:23:35.234596,2307.5,112381.0,141831.0
2025-06-18 11:23:37.239588,2307.5,112381.0,141831.0
2025-06-18 11:23:37.277130,2307.5,115785.0,141827.0
2025-06-18 11:23:39.237438,2307.5,115785.0,141827.0
2025-06-18 11:23:42.212847,2307.5,117312.0,140420.0
2025-06-18 11:23:45.237195,2308.2,117312.0,140420.0
2025-06-18 11:23:47.083053,2308.2,118391.0,139727.0
2025-06-18 11:23:47.237442,2308.2,118391.0,139727.0
2025-06-18 11:23:49.386115,2308.2,118391.0,139727.0
2025-06-18 11:23:51.243478,2308.2,118391.0,139727.0
2025-06-18 11:23:51.885174,2308.2,118317.0,139694.0
2025-06-18 11:23:53.240056,2308.2,118317.0,139694.0
2025-06-18 11:23:55.240842,2308.6,118317.0,139694.0
2025-06-18 11:23:56.588206,2308.6,119506.0,138798.0
2025-06-18 11:23:57.253100,2308.6,119506.0,138798.0
2025-06-18 11:23:59.250594,2308.9,119506.0,138798.0
2025-06-18 11:24:01.239893,2308.9,119506.0,138798.0
2025-06-18 11:24:02.200408,2308.9,119507.0,139719.0
2025-06-18 11:24:03.290603,2308.9,119457.0,140079.0
2025-06-18 11:24:04.204478,2308.8,120998.0,139386.0
2025-06-18 11:24:04.239183,2308.8,120998.0,139386.0
2025-06-18 11:24:05.290933,2308.8,121170.0,139433.0
2025-06-18 11:24:06.391850,2308.8,121275.0,139089.0
2025-06-18 11:24:07.494230,2308.2,121241.0,139237.0
2025-06-18 11:24:08.230509,2308.2,121241.0,139237.0
2025-06-18 11:24:08.598257,2308.2,121172.0,139590.0
2025-06-18 11:24:09.235227,2308.5,121172.0,139590.0
2025-06-18 11:24:09.710971,2308.5,121011.0,139466.0
2025-06-18 11:24:10.810271,2308.5,110964.0,139949.0
2025-06-18 11:24:11.902684,2308.5,111013.0,139963.0
2025-06-18 11:24:12.898076,2308.5,111066.0,139664.0
2025-06-18 11:24:13.898693,2308.5,110991.0,139956.0
2025-06-18 11:24:14.902102,2308.5,111049.0,139956.0
2025-06-18 11:24:17.165972,2308.5,110840.0,140127.0
2025-06-18 11:24:17.290176,2308.5,110872.0,139820.0
2025-06-18 11:24:17.358175,2308.5,110872.0,139820.0
2025-06-18 11:24:17.896663,2308.5,110916.0,139776.0
2025-06-18 11:24:18.898790,2308.5,111208.0,140070.0
2025-06-18 11:24:20.007576,2308.5,111066.0,140092.0
2025-06-18 11:24:20.238920,2308.5,111066.0,140092.0
2025-06-18 11:24:21.003099,2308.5,111224.0,139891.0
2025-06-18 11:24:22.001266,2308.5,111199.0,139954.0
2025-06-18 11:24:23.100592,2308.5,110976.0,140297.0
2025-06-18 11:24:24.099860,2308.5,111006.0,140296.0
2025-06-18 11:24:25.100544,2308.3,110987.0,140325.0
2025-06-18 11:24:25.232044,2308.3,110987.0,140325.0
2025-06-18 11:24:26.100564,2308.1,111840.0,140960.0
2025-06-18 11:24:26.234224,2308.1,111840.0,140960.0
2025-06-18 11:24:27.103350,2308.1,111848.0,140731.0
2025-06-18 11:24:28.102007,2308.1,111848.0,141051.0
2025-06-18 11:24:28.231399,2308.3,111848.0,141051.0
2025-06-18 11:24:29.101083,2308.3,111992.0,140784.0
2025-06-18 11:24:29.242655,2308.3,111992.0,140784.0
2025-06-18 11:24:30.214344,2308.3,112161.0,140798.0
2025-06-18 11:24:30.234744,2308.3,112161.0,140798.0
2025-06-18 11:24:31.216039,2308.3,111552.0,140968.0
2025-06-18 11:24:31.236979,2308.3,111552.0,140968.0
2025-06-18 11:24:32.303826,2308.3,111417.0,140982.0
2025-06-18 11:24:33.409778,2308.1,111491.0,142689.0
2025-06-18 11:24:34.232741,2308.1,111491.0,142689.0
2025-06-18 11:24:34.306360,2308.1,111460.0,142638.0
2025-06-18 11:24:35.406604,2308.1,111473.0,142650.0
2025-06-18 11:24:37.107714,2308.1,110891.0,142522.0
2025-06-18 11:24:37.260189,2308.1,110891.0,142522.0
2025-06-18 11:24:38.215702,2308.1,110930.0,142630.0
2025-06-18 11:24:39.221394,2308.1,111192.0,142641.0
2025-06-18 11:24:40.228488,2308.1,111192.0,142641.0
2025-06-18 11:24:40.310574,2308.1,110858.0,142653.0
2025-06-18 11:24:41.410871,2308.1,111518.0,142504.0
2025-06-18 11:24:42.234106,2308.1,111518.0,142504.0
2025-06-18 11:24:42.517533,2308.1,111412.0,142495.0
2025-06-18 11:24:43.234598,2308.3,111412.0,142495.0
2025-06-18 11:24:43.510192,2308.1,111039.0,142523.0
2025-06-18 11:24:44.234602,2308.1,111039.0,142523.0
2025-06-18 11:24:44.509205,2308.1,111448.0,142472.0
2025-06-18 11:24:45.612044,2308.1,111499.0,142500.0
2025-06-18 11:24:46.711070,2308.1,111279.0,142313.0
2025-06-18 11:24:47.811309,2308.1,111315.0,142279.0
2025-06-18 11:24:49.409102,2308.1,111512.0,142734.0
2025-06-18 11:24:49.448634,2308.1,111512.0,142734.0
2025-06-18 11:24:49.520634,2308.1,111512.0,142734.0
2025-06-18 11:24:50.015956,2308.1,111580.0,142978.0
2025-06-18 11:24:50.606161,2308.1,111580.0,142978.0
2025-06-18 11:24:51.114387,2308.1,111582.0,142904.0
2025-06-18 11:24:51.514015,2308.1,111582.0,142904.0
2025-06-18 11:24:52.217927,2308.1,111602.0,142695.0
2025-06-18 11:24:52.449314,2308.1,111602.0,142695.0
2025-06-18 11:24:53.275892,2308.1,111602.0,142695.0
2025-06-18 11:24:53.318071,2308.1,111640.0,142697.0
2025-06-18 11:24:54.080873,2308.1,111640.0,142697.0
2025-06-18 11:24:54.319324,2308.1,111642.0,142692.0
2025-06-18 11:24:55.073799,2308.1,111642.0,142692.0
2025-06-18 11:24:55.310798,2308.3,111642.0,142692.0
2025-06-18 11:24:55.374623,2308.3,111353.0,142650.0
2025-06-18 11:24:55.654367,2308.3,111353.0,142650.0
2025-06-18 11:24:56.059402,2308.3,111353.0,142650.0
2025-06-18 11:24:56.228089,2308.3,111353.0,142650.0
2025-06-18 11:24:56.318741,2308.3,111319.0,142650.0
2025-06-18 11:24:56.533378,2308.3,111319.0,142650.0
2025-06-18 11:24:57.420140,2308.3,111319.0,142645.0
2025-06-18 11:24:57.793597,2308.3,111319.0,142645.0
2025-06-18 11:24:58.421874,2308.3,111319.0,142907.0
2025-06-18 11:24:59.042007,2308.3,111319.0,142907.0
2025-06-18 11:24:59.230892,2308.3,111319.0,142907.0
2025-06-18 11:24:59.524101,2308.3,111367.0,142918.0
2025-06-18 11:24:59.911848,2308.3,111367.0,142918.0
2025-06-18 11:25:00.626163,2308.3,111378.0,142918.0
2025-06-18 11:25:01.235410,2308.3,111378.0,142918.0
2025-06-18 11:25:01.288830,2308.3,111378.0,142918.0
2025-06-18 11:25:02.425087,2308.3,111378.0,142918.0
2025-06-18 11:25:03.553269,2308.3,111378.0,142918.0
2025-06-18 11:25:05.022239,2308.3,111378.0,142918.0
2025-06-18 11:25:05.248012,2308.3,111378.0,142918.0
2025-06-18 11:25:06.327424,2308.2,111432.0,143244.0
2025-06-18 11:25:08.228440,2308.0,111432.0,143244.0
2025-06-18 11:25:11.831634,2308.0,109186.0,144063.0
2025-06-18 11:25:12.229285,2307.5,109186.0,144063.0
2025-06-18 11:25:13.260540,2307.8,109186.0,144063.0
2025-06-18 11:25:17.233939,2307.7,109186.0,144063.0
2025-06-18 11:25:17.239154,2307.7,109468.0,144358.0
2025-06-18 11:25:19.234046,2307.5,109468.0,144358.0
2025-06-18 11:25:21.232376,2307.4,109468.0,144358.0
2025-06-18 11:25:22.538224,2307.4,109377.0,144482.0
2025-06-18 11:25:25.238875,2307.2,109377.0,144482.0
2025-06-18 11:25:27.237671,2307.3,109377.0,144482.0
2025-06-18 11:25:27.802148,2307.2,109005.0,145106.0
2025-06-18 11:25:29.236591,2307.2,109005.0,145106.0
2025-06-18 11:25:31.237766,2307.2,109005.0,145106.0
2025-06-18 11:25:32.440200,2307.0,108642.0,144639.0
2025-06-18 11:25:33.237539,2307.0,108642.0,144639.0
2025-06-18 11:25:35.248615,2307.2,108642.0,144639.0
2025-06-18 11:25:37.236048,2307.2,108642.0,144639.0
2025-06-18 11:25:37.546734,2307.2,108808.0,144396.0
2025-06-18 11:25:42.345456,2307.2,108886.0,144503.0
2025-06-18 11:25:43.236593,2307.2,108886.0,144503.0
2025-06-18 11:25:47.052660,2307.2,108897.0,144420.0
2025-06-18 11:25:47.240338,2307.2,108897.0,144420.0
2025-06-18 11:25:49.258988,2307.1,108897.0,144420.0
2025-06-18 11:25:52.356722,2307.0,108787.0,144245.0
2025-06-18 11:25:53.242505,2307.0,108787.0,144245.0
2025-06-18 11:25:55.246447,2306.9,108787.0,144245.0
2025-06-18 11:25:57.563679,2306.8,108792.0,144458.0
2025-06-18 11:25:59.231756,2306.7,108792.0,144458.0
2025-06-18 11:26:01.248196,2306.7,108792.0,144458.0
2025-06-18 11:26:02.854161,2306.7,105559.0,145636.0
2025-06-18 11:26:03.259873,2305.9,105559.0,145636.0
2025-06-18 11:26:05.258299,2305.8,105559.0,145636.0
2025-06-18 11:26:07.239537,2305.5,105559.0,145636.0
2025-06-18 11:26:08.091174,2305.5,104049.0,146012.0
2025-06-18 11:26:09.257184,2305.5,104049.0,146012.0
2025-06-18 11:26:12.244961,2305.8,104049.0,146012.0
2025-06-18 11:26:12.768227,2305.8,104233.0,145360.0
2025-06-18 11:26:13.243783,2305.8,104233.0,145360.0
2025-06-18 11:26:15.253812,2305.4,104233.0,145360.0
2025-06-18 11:26:17.233502,2305.6,104233.0,145360.0
2025-06-18 11:26:17.680154,2305.6,111393.0,146277.0
2025-06-18 11:26:19.251908,2305.5,111393.0,146277.0
2025-06-18 11:26:21.294654,2305.6,111393.0,146277.0
2025-06-18 11:26:22.570577,2305.6,111426.0,145996.0
2025-06-18 11:26:23.272552,2305.6,111426.0,145996.0
2025-06-18 11:26:25.278527,2305.8,111426.0,145996.0
2025-06-18 11:26:27.255681,2306.0,111426.0,145996.0
2025-06-18 11:26:27.469167,2305.8,111605.0,144821.0
2025-06-18 11:26:29.263007,2305.4,111605.0,144821.0
2025-06-18 11:26:31.239720,2305.2,111605.0,144821.0
2025-06-18 11:26:32.471738,2306.0,111534.0,145044.0
2025-06-18 11:26:33.270545,2306.0,111534.0,145044.0
2025-06-18 11:26:35.266995,2306.0,111534.0,145044.0
2025-06-18 11:26:37.210006,2305.2,111615.0,145318.0
2025-06-18 11:26:37.257450,2305.2,111615.0,145318.0
2025-06-18 11:26:39.276595,2305.5,111615.0,145318.0
2025-06-18 11:26:41.247486,2306.0,111615.0,145318.0
2025-06-18 11:26:42.478827,2306.0,111851.0,145415.0
2025-06-18 11:26:45.235135,2305.9,111851.0,145415.0
2025-06-18 11:26:47.243747,2305.9,111851.0,145415.0
2025-06-18 11:26:47.691559,2305.9,113004.0,145094.0
2025-06-18 11:26:49.243227,2304.7,113004.0,145094.0
2025-06-18 11:26:51.238668,2304.0,113004.0,145094.0
2025-06-18 11:26:52.585162,2304.0,105982.0,145638.0
2025-06-18 11:26:53.246925,2303.8,105982.0,145638.0
2025-06-18 11:26:55.244963,2303.8,105982.0,145638.0
2025-06-18 11:26:57.238844,2303.8,105982.0,145638.0
2025-06-18 11:26:57.588725,2303.8,105201.0,145808.0
2025-06-18 11:26:59.255685,2303.0,105201.0,145808.0
2025-06-18 11:27:01.234123,2303.8,105201.0,145808.0
2025-06-18 11:27:01.595173,2303.8,105023.0,146584.0
2025-06-18 11:27:02.596373,2303.0,105471.0,146471.0
2025-06-18 11:27:03.235324,2303.4,105471.0,146471.0
2025-06-18 11:27:03.706569,2303.8,106190.0,145751.0
2025-06-18 11:27:04.251344,2303.3,106190.0,145751.0
2025-06-18 11:27:04.796851,2303.8,106194.0,145781.0
2025-06-18 11:27:05.238112,2303.8,106194.0,145781.0
2025-06-18 11:27:05.796117,2303.8,106123.0,145953.0
2025-06-18 11:27:06.263044,2303.8,106123.0,145953.0
2025-06-18 11:27:06.795569,2303.4,106641.0,145502.0
2025-06-18 11:27:07.243177,2303.4,106641.0,145502.0
2025-06-18 11:27:07.795785,2303.4,106368.0,145549.0
2025-06-18 11:27:08.244791,2303.8,106368.0,145549.0
2025-06-18 11:27:08.897864,2303.8,107210.0,145657.0
2025-06-18 11:27:09.239315,2303.8,107210.0,145657.0
2025-06-18 11:27:09.901780,2303.8,107192.0,145674.0
2025-06-18 11:27:10.240899,2303.8,107192.0,145674.0
2025-06-18 11:27:11.000140,2303.8,107330.0,145599.0
2025-06-18 11:27:11.246802,2303.8,107330.0,145599.0
2025-06-18 11:27:12.099546,2303.8,107225.0,145635.0
2025-06-18 11:27:13.211489,2303.8,106978.0,145831.0
2025-06-18 11:27:14.246101,2303.8,106978.0,145831.0
2025-06-18 11:27:14.301393,2303.8,106891.0,145657.0
2025-06-18 11:27:15.242826,2303.8,106891.0,145657.0
2025-06-18 11:27:15.300361,2303.8,107124.0,145590.0
2025-06-18 11:27:16.251040,2303.8,107124.0,145590.0
2025-06-18 11:27:16.402506,2303.8,107642.0,145568.0
2025-06-18 11:27:17.502442,2303.8,107203.0,145657.0
2025-06-18 11:27:18.269616,2303.8,107203.0,145657.0
2025-06-18 11:27:18.601668,2303.8,107588.0,145684.0
2025-06-18 11:27:20.439707,2303.8,107588.0,145684.0
2025-06-18 11:27:20.483243,2303.8,107304.0,145542.0
2025-06-18 11:27:20.518834,2303.8,107304.0,145542.0
2025-06-18 11:27:20.604524,2303.8,107316.0,145764.0
2025-06-18 11:27:21.234510,2303.8,107316.0,145764.0
2025-06-18 11:27:21.717728,2303.8,107378.0,145755.0
2025-06-18 11:27:23.212935,2303.8,107401.0,145793.0
2025-06-18 11:27:23.277380,2303.8,107401.0,145793.0
2025-06-18 11:27:24.209221,2303.9,108500.0,145361.0
2025-06-18 11:27:24.254962,2303.9,108500.0,145361.0
2025-06-18 11:27:25.216448,2304.2,108756.0,144486.0
2025-06-18 11:27:25.273011,2304.2,108756.0,144486.0
2025-06-18 11:27:26.212459,2304.2,108864.0,144492.0
2025-06-18 11:27:27.217940,2304.1,108731.0,144510.0
2025-06-18 11:27:27.289456,2304.1,108731.0,144510.0
2025-06-18 11:27:28.109272,2304.1,108613.0,144636.0
2025-06-18 11:27:29.111006,2304.1,109487.0,144670.0
2025-06-18 11:27:30.217047,2304.7,108059.0,144653.0
2025-06-18 11:27:30.269723,2304.7,108059.0,144653.0
2025-06-18 11:27:31.308495,2304.7,109094.0,145027.0
2025-06-18 11:27:32.408801,2304.8,109034.0,145015.0
2025-06-18 11:27:33.244794,2304.8,109034.0,145015.0
2025-06-18 11:27:33.409267,2304.8,109001.0,144728.0
2025-06-18 11:27:34.241469,2304.6,109001.0,144728.0
2025-06-18 11:27:34.510464,2303.9,109109.0,144988.0
2025-06-18 11:27:35.242901,2304.6,109109.0,144988.0
2025-06-18 11:27:35.513530,2304.6,109371.0,144737.0
2025-06-18 11:27:36.239028,2303.8,109371.0,144737.0
2025-06-18 11:27:36.614997,2303.8,109686.0,144710.0
2025-06-18 11:27:37.720662,2303.8,109692.0,144756.0
2025-06-18 11:27:38.246000,2303.9,109692.0,144756.0
2025-06-18 11:27:38.817881,2303.9,111100.0,144808.0
2025-06-18 11:27:39.917978,2303.9,111112.0,144594.0
2025-06-18 11:27:40.920064,2303.9,111125.0,144599.0
2025-06-18 11:27:42.022094,2303.9,111088.0,144599.0
2025-06-18 11:27:43.119398,2303.9,111088.0,144778.0
2025-06-18 11:27:44.315550,2303.9,111611.0,144766.0
2025-06-18 11:27:45.224743,2304.6,112638.0,144651.0
2025-06-18 11:27:45.237102,2304.6,112638.0,144651.0
2025-06-18 11:27:46.239618,2304.6,112638.0,144651.0
2025-06-18 11:27:46.316219,2304.6,112608.0,144769.0
2025-06-18 11:27:47.416886,2304.6,112649.0,144794.0
2025-06-18 11:27:48.517550,2304.6,112858.0,144793.0
2025-06-18 11:27:49.521781,2304.6,112978.0,144821.0
2025-06-18 11:27:49.951052,2304.6,112978.0,144821.0
2025-06-18 11:27:50.241153,2304.6,112978.0,144821.0
2025-06-18 11:27:50.520388,2304.0,113031.0,144807.0
2025-06-18 11:27:51.005211,2304.0,113031.0,144807.0
2025-06-18 11:27:51.236216,2304.0,113031.0,144807.0
2025-06-18 11:27:51.421275,2304.0,112861.0,144448.0
2025-06-18 11:27:51.920886,2304.0,112861.0,144448.0
2025-06-18 11:27:52.521887,2304.6,113931.0,143438.0
2025-06-18 11:27:52.857258,2304.6,113931.0,143438.0
2025-06-18 11:27:53.240497,2304.6,113931.0,143438.0
2025-06-18 11:27:53.522122,2304.1,113257.0,143544.0
2025-06-18 11:27:53.765555,2304.1,113257.0,143544.0
2025-06-18 11:27:54.237551,2304.1,113257.0,143544.0
2025-06-18 11:27:54.497180,2304.1,113257.0,143544.0
2025-06-18 11:27:54.519258,2304.6,113447.0,143622.0
2025-06-18 11:27:55.242207,2304.6,113447.0,143622.0
2025-06-18 11:27:55.422312,2304.6,113472.0,143643.0
2025-06-18 11:27:55.516422,2304.6,113472.0,143643.0
2025-06-18 11:27:56.072060,2304.6,113472.0,143643.0
2025-06-18 11:27:56.238345,2304.6,113472.0,143643.0
2025-06-18 11:27:56.476770,2304.6,113472.0,143643.0
2025-06-18 11:27:56.528013,2304.6,113608.0,143591.0
2025-06-18 11:27:56.954279,2304.6,113608.0,143591.0
2025-06-18 11:27:57.237721,2304.6,113608.0,143591.0
2025-06-18 11:27:57.346252,2304.6,113608.0,143591.0
2025-06-18 11:27:57.421896,2304.6,113718.0,143576.0
2025-06-18 11:27:58.261920,2304.6,113718.0,143576.0
2025-06-18 11:27:58.266207,2304.6,113718.0,143576.0
2025-06-18 11:27:58.426688,2304.6,114040.0,143614.0
2025-06-18 11:27:59.464434,2304.6,114040.0,143614.0
2025-06-18 11:27:59.523452,2304.6,114140.0,143643.0
2025-06-18 11:28:00.253692,2304.6,114140.0,143643.0
2025-06-18 11:28:00.324928,2304.6,114140.0,143643.0
2025-06-18 11:28:00.624188,2304.6,114206.0,143638.0
2025-06-18 11:28:01.727167,2304.6,114206.0,143638.0
2025-06-18 11:28:02.858818,2304.6,114206.0,143638.0
2025-06-18 11:28:03.245587,2304.8,114206.0,143638.0
2025-06-18 11:28:03.973919,2304.8,114206.0,143638.0
2025-06-18 11:28:04.328374,2304.8,114521.0,142939.0
2025-06-18 11:28:05.243368,2304.8,114521.0,142939.0
2025-06-18 11:28:05.608262,2304.8,114521.0,142939.0
2025-06-18 11:28:10.484005,2304.8,115246.0,142265.0
2025-06-18 11:28:11.245804,2304.8,115246.0,142265.0
2025-06-18 11:28:13.249153,2304.8,115246.0,142265.0
2025-06-18 11:28:13.934622,2304.8,115005.0,142656.0
2025-06-18 11:28:15.248838,2304.8,115005.0,142656.0
2025-06-18 11:28:17.267651,2305.4,115005.0,142656.0
2025-06-18 11:28:18.937827,2304.6,114891.0,142758.0
2025-06-18 11:28:19.247265,2304.6,114891.0,142758.0
2025-06-18 11:28:21.245824,2304.6,114891.0,142758.0
2025-06-18 11:28:23.250772,2305.3,114891.0,142758.0
2025-06-18 11:28:24.440058,2305.3,114989.0,142760.0
2025-06-18 11:28:25.250689,2305.3,114989.0,142760.0
2025-06-18 11:28:27.248724,2305.3,114989.0,142760.0
2025-06-18 11:28:29.251606,2305.0,114989.0,142760.0
2025-06-18 11:28:29.648377,2305.0,115749.0,142538.0
2025-06-18 11:28:31.247135,2305.3,115749.0,142538.0
2025-06-18 11:28:33.251295,2305.3,115749.0,142538.0
2025-06-18 11:28:34.547128,2306.3,115035.0,141382.0
2025-06-18 11:28:35.249646,2304.9,115035.0,141382.0
2025-06-18 11:28:37.249565,2304.8,115035.0,141382.0
2025-06-18 11:28:39.250763,2304.6,115035.0,141382.0
2025-06-18 11:28:39.449426,2304.6,115383.0,143623.0
2025-06-18 11:28:41.250867,2304.6,115383.0,143623.0
2025-06-18 11:28:43.256244,2304.8,115383.0,143623.0
2025-06-18 11:28:44.555011,2304.8,110366.0,143629.0
2025-06-18 11:28:45.248086,2305.0,110366.0,143629.0
2025-06-18 11:28:47.345371,2304.8,110366.0,143629.0
2025-06-18 11:28:49.247530,2305.0,110366.0,143629.0
2025-06-18 11:28:49.558086,2305.0,110192.0,143219.0
2025-06-18 11:28:51.251738,2305.0,110192.0,143219.0
2025-06-18 11:28:53.249929,2305.0,110192.0,143219.0
2025-06-18 11:28:54.464258,2304.7,109283.0,144087.0
2025-06-18 11:28:55.249880,2304.7,109283.0,144087.0
2025-06-18 11:28:57.267460,2304.8,109283.0,144087.0
2025-06-18 11:28:59.237903,2304.8,109716.0,143777.0
2025-06-18 11:28:59.249296,2304.8,109716.0,143777.0
2025-06-18 11:29:01.249504,2304.8,109716.0,143777.0
2025-06-18 11:29:03.264170,2304.8,109716.0,143777.0
2025-06-18 11:29:03.865702,2304.8,110764.0,144045.0
2025-06-18 11:29:08.771429,2304.8,111050.0,144015.0
2025-06-18 11:29:13.253298,2305.0,111050.0,144015.0
2025-06-18 11:29:13.968411,2305.0,111523.0,143900.0
2025-06-18 11:29:15.273919,2305.0,111523.0,143900.0
2025-06-18 11:29:17.255625,2305.0,111523.0,143900.0
2025-06-18 11:29:19.280345,2305.0,112172.0,143377.0
2025-06-18 11:29:21.255888,2305.0,112172.0,143377.0
2025-06-18 11:29:23.254655,2305.0,112172.0,143377.0
2025-06-18 11:29:24.581192,2305.1,112765.0,142967.0
2025-06-18 11:29:25.272109,2305.0,112765.0,142967.0
2025-06-18 11:29:29.981786,2305.0,111830.0,142227.0
2025-06-18 11:29:35.261390,2305.4,111830.0,142227.0
2025-06-18 11:29:35.287537,2305.4,111843.0,143068.0
2025-06-18 11:29:37.247176,2305.9,111843.0,143068.0
2025-06-18 11:29:39.252571,2305.1,111843.0,143068.0
2025-06-18 11:29:40.588634,2305.1,112656.0,142606.0
2025-06-18 11:29:41.262973,2305.1,112656.0,142606.0
2025-06-18 11:29:43.251913,2305.5,112656.0,142606.0
2025-06-18 11:29:45.253183,2305.0,112656.0,142606.0
2025-06-18 11:29:45.703257,2305.0,112241.0,143239.0
2025-06-18 11:29:47.250731,2304.8,112241.0,143239.0
2025-06-18 11:29:49.248806,2305.0,112241.0,143239.0
2025-06-18 11:29:50.395349,2305.0,112166.0,143762.0
2025-06-18 11:29:51.251201,2305.0,112166.0,143762.0
2025-06-18 11:29:53.248705,2305.0,112166.0,143762.0
2025-06-18 11:29:55.265210,2304.6,112166.0,143762.0
2025-06-18 11:29:55.413991,2304.6,111609.0,144104.0
2025-06-18 11:29:58.295965,2305.1,111609.0,144104.0
2025-06-18 11:29:59.252467,2305.0,111609.0,144104.0
2025-06-18 11:30:00.606837,2305.0,111126.0,144642.0
2025-06-18 11:30:01.250595,2305.0,111126.0,144642.0
2025-06-18 11:30:04.254291,2304.3,111126.0,144642.0
2025-06-18 11:30:05.746308,2305.0,111089.0,144116.0
2025-06-18 11:30:07.255947,2304.0,111089.0,144116.0
2025-06-18 11:30:10.253027,2303.6,111089.0,144116.0
2025-06-18 11:30:11.220635,2303.6,110262.0,144808.0
2025-06-18 11:30:13.258568,2304.1,110262.0,144808.0
2025-06-18 11:30:16.256283,2304.1,110262.0,144808.0
2025-06-18 11:30:16.723334,2304.5,109981.0,144990.0
2025-06-18 11:30:19.257246,2304.5,109981.0,144990.0
2025-06-18 11:30:22.118165,2304.5,110099.0,144752.0
2025-06-18 11:30:27.722680,2304.5,110065.0,144518.0
2025-06-18 11:30:28.252579,2304.5,110065.0,144518.0
2025-06-18 11:30:29.255729,2304.5,110065.0,144518.0
2025-06-18 11:30:31.270011,2304.5,110065.0,144518.0
2025-06-18 11:30:32.922836,2304.5,110242.0,144871.0
2025-06-18 11:30:35.269769,2304.3,110242.0,144871.0
2025-06-18 11:30:37.315357,2304.3,110242.0,144871.0
2025-06-18 11:30:38.024052,2304.3,110450.0,145331.0
2025-06-18 11:30:42.258419,2304.3,110450.0,145331.0
2025-06-18 11:30:43.429221,2304.3,110384.0,145173.0
2025-06-18 11:30:44.251695,2304.3,110384.0,145173.0
2025-06-18 11:30:45.277168,2304.1,110384.0,145173.0
2025-06-18 11:30:48.836699,2304.1,110271.0,146013.0
2025-06-18 11:30:49.256715,2304.1,110271.0,146013.0
2025-06-18 11:30:50.346943,2304.1,110271.0,146013.0
2025-06-18 11:30:51.273634,2304.3,110271.0,146013.0
2025-06-18 11:30:51.429006,2304.3,110271.0,146013.0
2025-06-18 11:30:52.375774,2304.3,110271.0,146013.0
2025-06-18 11:30:53.300065,2304.3,110271.0,146013.0
2025-06-18 11:30:53.840673,2304.9,110755.0,144672.0
2025-06-18 11:30:54.171426,2304.9,110755.0,144672.0
2025-06-18 11:30:55.265658,2304.1,110755.0,144672.0
2025-06-18 11:30:55.985940,2304.1,110755.0,144672.0
2025-06-18 11:30:56.555752,2304.1,110755.0,144672.0
2025-06-18 11:30:57.460164,2304.1,110755.0,144672.0
2025-06-18 11:30:58.760374,2304.1,110755.0,144672.0
2025-06-18 11:30:58.943866,2304.7,110971.0,144812.0
2025-06-18 11:30:59.296777,2304.7,110971.0,144812.0
2025-06-18 11:30:59.965801,2304.7,110971.0,144812.0
2025-06-18 11:31:00.835962,2304.7,110971.0,144812.0
2025-06-18 11:31:01.264303,2304.0,110971.0,144812.0
2025-06-18 11:31:02.258376,2304.0,110971.0,144812.0
2025-06-18 11:31:03.270372,2304.1,110971.0,144812.0
2025-06-18 11:31:03.357431,2304.1,110971.0,144812.0
2025-06-18 11:31:03.748909,2304.5,111178.0,145317.0
2025-06-18 11:31:04.497549,2304.5,111178.0,145317.0
2025-06-18 11:31:05.269085,2304.5,111178.0,145317.0
2025-06-18 11:31:05.981114,2304.5,111178.0,145317.0
2025-06-18 11:31:07.280929,2303.0,111178.0,145317.0
2025-06-18 11:31:08.660993,2303.0,107399.0,146484.0
2025-06-18 11:31:09.258963,2302.6,107399.0,146484.0
2025-06-18 11:31:11.298275,2302.5,107399.0,146484.0
2025-06-18 11:31:13.270051,2302.3,107399.0,146484.0
2025-06-18 11:31:13.857850,2302.3,108471.0,146152.0
2025-06-18 11:31:15.263553,2302.3,108471.0,146152.0
2025-06-18 11:31:17.271675,2302.1,108471.0,146152.0
2025-06-18 11:31:19.060126,2302.3,107482.0,146665.0
2025-06-18 11:31:19.465576,2302.3,107482.0,146665.0
2025-06-18 11:31:22.256411,2302.4,107482.0,146665.0
2025-06-18 11:31:24.465947,2302.4,108524.0,146617.0
2025-06-18 11:31:28.259265,2302.4,108524.0,146617.0
2025-06-18 11:31:29.490257,2303.2,108524.0,146617.0
2025-06-18 11:31:29.968313,2303.2,110492.0,145359.0
2025-06-18 11:31:31.269629,2303.2,110492.0,145359.0
2025-06-18 11:31:35.280484,2303.2,111125.0,145164.0
2025-06-18 11:31:37.263888,2303.2,111125.0,145164.0
2025-06-18 11:31:39.316325,2302.5,111125.0,145164.0
2025-06-18 11:31:40.280223,2302.5,116035.0,145071.0
2025-06-18 11:31:41.267154,2302.5,116035.0,145071.0
2025-06-18 11:31:43.276457,2303.2,116035.0,145071.0
2025-06-18 11:31:45.276223,2303.0,116035.0,145071.0
2025-06-18 11:31:45.583055,2303.0,108009.0,144038.0
2025-06-18 11:31:47.313885,2302.6,108009.0,144038.0
2025-06-18 11:31:50.258330,2303.1,108009.0,144038.0
2025-06-18 11:31:50.584382,2303.7,118552.0,143651.0
2025-06-18 11:31:51.281723,2303.0,118552.0,143651.0
2025-06-18 11:31:55.266178,2303.3,118552.0,143651.0
2025-06-18 11:31:55.590058,2303.3,117300.0,144471.0
2025-06-18 11:31:57.449448,2302.5,117300.0,144471.0
2025-06-18 11:32:00.594951,2303.2,116837.0,144861.0
2025-06-18 11:32:01.274570,2303.2,116837.0,144861.0
2025-06-18 11:32:01.706936,2303.2,116030.0,144972.0
2025-06-18 11:32:02.601871,2303.2,116759.0,145080.0
2025-06-18 11:32:03.496742,2303.2,116498.0,145402.0
2025-06-18 11:32:04.398121,2303.2,116712.0,145438.0
2025-06-18 11:32:05.400764,2303.2,116999.0,145491.0
2025-06-18 11:32:06.252240,2302.9,116999.0,145491.0
2025-06-18 11:32:06.400860,2302.9,116471.0,145953.0
2025-06-18 11:32:07.294113,2302.8,116471.0,145953.0
2025-06-18 11:32:07.400530,2302.8,116561.0,145858.0
2025-06-18 11:32:08.277088,2302.8,116561.0,145858.0
2025-06-18 11:32:08.403352,2302.8,116296.0,145855.0
2025-06-18 11:32:09.274506,2302.9,116296.0,145855.0
2025-06-18 11:32:09.405187,2302.9,108190.0,144157.0
2025-06-18 11:32:10.504949,2302.9,116602.0,145698.0
2025-06-18 11:32:11.256452,2302.9,116602.0,145698.0
2025-06-18 11:32:12.261443,2302.9,116602.0,145698.0
2025-06-18 11:32:12.406244,2302.9,116418.0,145701.0
2025-06-18 11:32:13.408860,2302.8,116488.0,145699.0
2025-06-18 11:32:14.256334,2302.8,116488.0,145699.0
2025-06-18 11:32:14.306947,2302.8,116630.0,145926.0
2025-06-18 11:32:15.407852,2302.8,116640.0,145931.0
2025-06-18 11:32:16.263737,2302.8,116640.0,145931.0
2025-06-18 11:32:16.508958,2302.8,116721.0,145658.0
2025-06-18 11:32:17.261584,2302.8,116721.0,145658.0
2025-06-18 11:32:17.609740,2302.4,113343.0,145665.0
2025-06-18 11:32:18.258729,2302.3,113343.0,145665.0
2025-06-18 11:32:18.730756,2302.3,115055.0,146364.0
2025-06-18 11:32:19.278234,2302.6,115055.0,146364.0
2025-06-18 11:32:19.812106,2302.0,113749.0,146532.0
2025-06-18 11:32:20.262092,2302.5,113749.0,146532.0
2025-06-18 11:32:20.818041,2302.5,113370.0,146720.0
2025-06-18 11:32:21.255022,2302.5,113370.0,146720.0
2025-06-18 11:32:21.812882,2302.5,113465.0,146748.0
2025-06-18 11:32:22.254313,2302.5,113465.0,146748.0
2025-06-18 11:32:22.815823,2302.5,108672.0,147312.0
2025-06-18 11:32:23.255137,2302.3,108672.0,147312.0
2025-06-18 11:32:23.816029,2302.0,108649.0,147342.0
2025-06-18 11:32:24.264034,2302.0,108649.0,147342.0
2025-06-18 11:32:24.817376,2302.0,108959.0,147648.0
2025-06-18 11:32:25.256224,2302.0,108959.0,147648.0
2025-06-18 11:32:25.819622,2301.5,105913.0,147446.0
2025-06-18 11:32:26.260345,2301.8,105913.0,147446.0
2025-06-18 11:32:26.920245,2301.8,106467.0,146746.0
2025-06-18 11:32:27.261719,2301.8,106467.0,146746.0
2025-06-18 11:32:28.018783,2301.2,107277.0,146580.0
2025-06-18 11:32:28.256833,2301.2,107277.0,146580.0
2025-06-18 11:32:29.121140,2301.9,107460.0,146485.0
2025-06-18 11:32:29.260207,2301.9,107460.0,146485.0
2025-06-18 11:32:30.230474,2301.9,107712.0,146518.0
2025-06-18 11:32:30.256833,2301.9,107712.0,146518.0
2025-06-18 11:32:31.227230,2301.2,107545.0,146495.0
2025-06-18 11:32:31.253817,2301.2,107545.0,146495.0
2025-06-18 11:32:32.256962,2301.9,107545.0,146495.0
2025-06-18 11:32:32.322842,2301.9,108028.0,146606.0
2025-06-18 11:32:33.423252,2301.9,108078.0,146660.0
2025-06-18 11:32:34.254263,2301.8,108078.0,146660.0
2025-06-18 11:32:34.426567,2301.8,108380.0,146631.0
2025-06-18 11:32:35.259276,2301.8,108380.0,146631.0
2025-06-18 11:32:35.424978,2301.8,108534.0,146926.0
2025-06-18 11:32:36.427216,2301.8,108560.0,146608.0
2025-06-18 11:32:37.426673,2301.8,108569.0,146770.0
2025-06-18 11:32:38.260148,2301.5,108569.0,146770.0
2025-06-18 11:32:38.426497,2301.5,108585.0,146554.0
2025-06-18 11:32:39.257399,2301.8,108585.0,146554.0
2025-06-18 11:32:39.525311,2301.7,108601.0,146888.0
2025-06-18 11:32:40.258395,2301.7,108601.0,146888.0
2025-06-18 11:32:40.527392,2301.7,108356.0,146979.0
2025-06-18 11:32:41.259675,2301.7,108356.0,146979.0
2025-06-18 11:32:41.527258,2301.7,108624.0,147305.0
2025-06-18 11:32:42.260749,2301.7,108624.0,147305.0
2025-06-18 11:32:42.554967,2301.7,108398.0,147218.0
2025-06-18 11:32:44.130836,2301.7,108130.0,147397.0
2025-06-18 11:32:45.233022,2301.5,106848.0,146755.0
2025-06-18 11:32:45.259235,2301.5,106848.0,146755.0
2025-06-18 11:32:46.307769,2301.7,106848.0,146755.0
2025-06-18 11:32:46.332139,2301.7,108438.0,146862.0
2025-06-18 11:32:47.264316,2301.7,108438.0,146862.0
2025-06-18 11:32:47.432521,2301.7,108560.0,147157.0
2025-06-18 11:32:48.432197,2301.7,108548.0,147161.0
2025-06-18 11:32:49.264842,2301.7,108548.0,147161.0
2025-06-18 11:32:49.538917,2301.7,108617.0,147147.0
2025-06-18 11:32:50.257786,2301.7,108617.0,147147.0
2025-06-18 11:32:50.637593,2301.7,108858.0,147033.0
2025-06-18 11:32:51.743552,2301.7,108864.0,147034.0
2025-06-18 11:32:52.836688,2301.7,108898.0,147177.0
2025-06-18 11:32:53.837068,2301.7,108898.0,147194.0
2025-06-18 11:32:54.258957,2301.7,108898.0,147194.0
2025-06-18 11:32:54.951825,2301.5,109076.0,147009.0
2025-06-18 11:32:55.258373,2301.7,109076.0,147009.0
2025-06-18 11:32:56.038757,2301.7,109332.0,146710.0
2025-06-18 11:32:56.272058,2301.7,109332.0,146710.0
2025-06-18 11:32:57.139452,2301.5,109667.0,146964.0
2025-06-18 11:32:57.266301,2301.5,109667.0,146964.0
2025-06-18 11:32:58.237659,2301.5,109161.0,146609.0
2025-06-18 11:32:58.260134,2301.5,109161.0,146609.0
2025-06-18 11:32:59.825811,2301.5,108723.0,147169.0
2025-06-18 11:32:59.827686,2301.5,108723.0,147169.0
2025-06-18 11:33:00.264258,2301.1,108723.0,147169.0
2025-06-18 11:33:00.338444,2301.1,108555.0,147115.0
2025-06-18 11:33:01.539227,2301.3,108477.0,146972.0
2025-06-18 11:33:03.260797,2301.3,108477.0,146972.0
2025-06-18 11:33:06.261044,2301.2,108477.0,146972.0
2025-06-18 11:33:06.943789,2301.3,108689.0,146463.0
2025-06-18 11:33:09.264736,2301.5,108689.0,146463.0
2025-06-18 11:33:12.271890,2301.5,108689.0,146463.0
2025-06-18 11:33:12.445290,2301.5,109513.0,146181.0
2025-06-18 11:33:15.267409,2301.5,109513.0,146181.0
2025-06-18 11:33:17.751193,2301.5,109830.0,146297.0
2025-06-18 11:33:18.264100,2301.5,109830.0,146297.0
2025-06-18 11:33:21.272591,2301.5,109830.0,146297.0
2025-06-18 11:33:22.847358,2301.5,109975.0,146147.0
2025-06-18 11:33:24.267817,2301.9,109975.0,146147.0
2025-06-18 11:33:27.279808,2302.5,109975.0,146147.0
2025-06-18 11:33:28.261045,2302.4,111807.0,143828.0
2025-06-18 11:33:30.276210,2302.4,111807.0,143828.0
2025-06-18 11:33:33.279985,2302.1,111807.0,143828.0
2025-06-18 11:33:34.341964,2301.7,111462.0,144388.0
2025-06-18 11:33:36.265630,2301.8,111462.0,144388.0
2025-06-18 11:33:39.272792,2302.0,111462.0,144388.0
2025-06-18 11:33:40.067660,2302.0,111089.0,144989.0
2025-06-18 11:33:42.270282,2302.0,111089.0,144989.0
2025-06-18 11:33:45.267912,2301.8,111089.0,144989.0
2025-06-18 11:33:46.064331,2301.8,111994.0,145160.0
2025-06-18 11:33:48.267951,2301.7,111994.0,145160.0
2025-06-18 11:33:51.122979,2301.7,111994.0,145160.0
2025-06-18 11:33:51.275225,2302.1,111994.0,145160.0
2025-06-18 11:33:51.766872,2302.1,112051.0,145160.0
2025-06-18 11:33:52.238396,2302.1,112051.0,145160.0
2025-06-18 11:33:53.156795,2302.1,112051.0,145160.0
2025-06-18 11:33:54.114135,2302.1,112051.0,145160.0
2025-06-18 11:33:54.300349,2302.1,112051.0,145160.0
2025-06-18 11:33:54.987951,2302.1,112051.0,145160.0
2025-06-18 11:33:55.796132,2302.1,112051.0,145160.0
2025-06-18 11:33:56.902826,2302.1,112051.0,145160.0
2025-06-18 11:33:57.267062,2301.8,112051.0,145160.0
2025-06-18 11:33:57.472752,2301.8,112051.0,145160.0
2025-06-18 11:33:57.569773,2301.8,112288.0,144668.0
2025-06-18 11:33:57.876455,2301.8,112288.0,144668.0
2025-06-18 11:33:58.370350,2301.8,112288.0,144668.0
2025-06-18 11:33:59.743447,2301.8,112288.0,144668.0
2025-06-18 11:34:00.274185,2302.6,112288.0,144668.0
2025-06-18 11:34:00.889307,2302.6,112288.0,144668.0
2025-06-18 11:34:01.784671,2302.6,112288.0,144668.0
2025-06-18 11:34:03.144159,2302.6,112288.0,144668.0
2025-06-18 11:34:03.278480,2301.9,112288.0,144668.0
2025-06-18 11:34:03.475416,2301.9,110336.0,144873.0
2025-06-18 11:34:04.279036,2301.9,110336.0,144873.0
2025-06-18 11:34:05.547633,2301.9,110336.0,144873.0
2025-06-18 11:34:06.298115,2301.4,110336.0,144873.0
2025-06-18 11:34:06.890969,2301.4,110336.0,144873.0
2025-06-18 11:34:09.079918,2302.0,111340.0,144721.0
2025-06-18 11:34:09.274294,2302.0,111340.0,144721.0
2025-06-18 11:34:14.384227,2302.1,111927.0,145123.0
2025-06-18 11:34:15.281134,2302.1,111927.0,145123.0
2025-06-18 11:34:18.282387,2302.3,111927.0,145123.0
2025-06-18 11:34:19.591019,2302.0,112251.0,144809.0
2025-06-18 11:34:21.285940,2301.5,112251.0,144809.0
2025-06-18 11:34:24.291665,2301.5,112251.0,144809.0
2025-06-18 11:34:24.894346,2301.9,111113.0,145044.0
2025-06-18 11:34:27.287284,2303.0,111113.0,145044.0
2025-06-18 11:34:30.303414,2301.9,111113.0,145044.0
2025-06-18 11:34:30.398116,2301.9,112796.0,144651.0
2025-06-18 11:34:33.293166,2301.7,112796.0,144651.0
2025-06-18 11:34:34.276043,2301.5,112796.0,144651.0
2025-06-18 11:34:35.498465,2301.5,113205.0,144768.0
2025-06-18 11:34:37.432975,2301.5,113205.0,144768.0
2025-06-18 11:34:39.278994,2301.2,113205.0,144768.0
2025-06-18 11:34:40.402023,2301.5,112158.0,145147.0
2025-06-18 11:34:41.282279,2301.5,112158.0,145147.0
2025-06-18 11:34:42.278442,2301.1,112158.0,145147.0
2025-06-18 11:34:45.281230,2301.4,112158.0,145147.0
2025-06-18 11:34:45.308575,2301.4,111720.0,145237.0
2025-06-18 11:34:47.286777,2301.4,111720.0,145237.0
2025-06-18 11:34:48.276312,2301.3,111720.0,145237.0
2025-06-18 11:34:50.715384,2301.3,111870.0,145365.0
2025-06-18 11:34:52.273086,2301.2,111870.0,145365.0
2025-06-18 11:34:54.295441,2301.2,111870.0,145365.0
2025-06-18 11:34:56.236270,2301.1,111838.0,145068.0
2025-06-18 11:34:57.304314,2301.5,111838.0,145068.0
2025-06-18 11:35:00.481583,2301.5,111838.0,145068.0
2025-06-18 11:35:01.281955,2301.6,111838.0,145068.0
2025-06-18 11:35:01.414334,2301.6,113628.0,144532.0
2025-06-18 11:35:05.277964,2301.8,113628.0,144532.0
2025-06-18 11:35:07.250579,2301.6,113758.0,144513.0
2025-06-18 11:35:07.327617,2301.6,113758.0,144513.0
2025-06-18 11:35:09.282274,2301.7,113758.0,144513.0
2025-06-18 11:35:11.289992,2301.7,113758.0,144513.0
2025-06-18 11:35:12.917427,2301.5,113445.0,145843.0
2025-06-18 11:35:13.300792,2301.5,113445.0,145843.0
2025-06-18 11:35:14.324845,2300.4,113445.0,145843.0
2025-06-18 11:35:17.319348,2300.9,113445.0,145843.0
2025-06-18 11:35:18.522627,2300.1,106731.0,148257.0
2025-06-18 11:35:19.333878,2299.2,106731.0,148257.0
2025-06-18 11:35:21.290207,2299.5,106731.0,148257.0
2025-06-18 11:35:23.288980,2299.8,106731.0,148257.0
2025-06-18 11:35:24.233948,2299.6,103591.0,146532.0
2025-06-18 11:35:24.334488,2299.6,103591.0,146532.0
2025-06-18 11:35:27.301189,2300.4,103591.0,146532.0
2025-06-18 11:35:29.324338,2300.1,103591.0,146532.0
2025-06-18 11:35:30.125648,2300.0,103307.0,146406.0
2025-06-18 11:35:31.286843,2299.5,103307.0,146406.0
2025-06-18 11:35:33.282820,2299.9,103307.0,146406.0
2025-06-18 11:35:35.753345,2300.0,103133.0,146391.0
2025-06-18 11:35:36.285044,2299.1,103133.0,146391.0
2025-06-18 11:35:39.280721,2299.8,103133.0,146391.0
2025-06-18 11:35:41.835614,2299.8,102404.0,147026.0
2025-06-18 11:35:42.321053,2299.8,102404.0,147026.0
2025-06-18 11:35:45.277879,2299.8,102404.0,147026.0
2025-06-18 11:35:47.844305,2299.7,102772.0,147132.0
2025-06-18 11:35:48.279312,2299.7,102772.0,147132.0
2025-06-18 11:35:51.272740,2299.5,102772.0,147132.0
2025-06-18 11:35:53.442556,2299.4,102024.0,147189.0
2025-06-18 11:35:54.275465,2299.3,102024.0,147189.0
2025-06-18 11:35:57.292904,2298.9,102024.0,147189.0
2025-06-18 11:35:59.252807,2299.1,100822.0,147533.0
2025-06-18 11:36:00.281797,2299.0,100822.0,147533.0
2025-06-18 11:36:01.276280,2299.0,100822.0,147533.0
2025-06-18 11:36:01.445446,2298.5,101032.0,147431.0
2025-06-18 11:36:02.271427,2298.5,101032.0,147431.0
2025-06-18 11:36:02.445532,2299.0,100847.0,147784.0
2025-06-18 11:36:03.274569,2299.0,100847.0,147784.0
2025-06-18 11:36:03.547923,2299.0,101004.0,147792.0
2025-06-18 11:36:04.269471,2299.0,101004.0,147792.0
2025-06-18 11:36:04.657696,2299.0,101256.0,147746.0
2025-06-18 11:36:05.270483,2298.0,101256.0,147746.0
2025-06-18 11:36:05.660542,2298.0,100746.0,147840.0
2025-06-18 11:36:06.274083,2298.0,100746.0,147840.0
2025-06-18 11:36:06.658708,2297.9,100023.0,148827.0
2025-06-18 11:36:07.272413,2298.4,100023.0,148827.0
2025-06-18 11:36:07.662103,2297.8,100646.0,148037.0
2025-06-18 11:36:09.586366,2297.8,100646.0,148037.0
2025-06-18 11:36:09.622203,2297.8,100954.0,148274.0
2025-06-18 11:36:09.625929,2298.5,100954.0,148274.0
2025-06-18 11:36:09.851543,2297.8,100812.0,148197.0
2025-06-18 11:36:10.270406,2297.8,100812.0,148197.0
2025-06-18 11:36:10.951260,2297.8,101071.0,148097.0
2025-06-18 11:36:11.274082,2297.8,101071.0,148097.0
2025-06-18 11:36:12.063044,2297.4,100886.0,147970.0
2025-06-18 11:36:12.272480,2297.4,100886.0,147970.0
2025-06-18 11:36:13.055827,2298.4,101684.0,147189.0
2025-06-18 11:36:13.274442,2298.4,101684.0,147189.0
2025-06-18 11:36:14.057920,2298.0,101415.0,147545.0
2025-06-18 11:36:14.282509,2298.0,101415.0,147545.0
2025-06-18 11:36:15.160303,2298.0,101639.0,147676.0
2025-06-18 11:36:16.262978,2298.0,101258.0,148116.0
2025-06-18 11:36:17.258330,2298.3,101319.0,148216.0
2025-06-18 11:36:17.272106,2298.3,101319.0,148216.0
2025-06-18 11:36:18.362917,2298.3,100977.0,148650.0
2025-06-18 11:36:19.260836,2298.3,101046.0,148533.0
2025-06-18 11:36:20.283138,2298.0,101046.0,148533.0
2025-06-18 11:36:20.357634,2298.0,101032.0,149241.0
2025-06-18 11:36:21.357342,2298.0,101449.0,149175.0
2025-06-18 11:36:22.456944,2298.0,101168.0,148799.0
2025-06-18 11:36:23.272451,2298.3,101168.0,148799.0
2025-06-18 11:36:23.556889,2298.3,100930.0,147933.0
2025-06-18 11:36:24.559712,2298.3,100722.0,148163.0
2025-06-18 11:36:25.666491,2298.2,100508.0,147736.0
2025-06-18 11:36:26.276846,2298.2,100508.0,147736.0
2025-06-18 11:36:26.763083,2298.2,100840.0,146645.0
2025-06-18 11:36:27.859199,2298.2,100909.0,147028.0
2025-06-18 11:36:28.958664,2298.2,100531.0,147169.0
2025-06-18 11:36:30.068837,2298.2,100518.0,147142.0
2025-06-18 11:36:30.275329,2298.1,100518.0,147142.0
2025-06-18 11:36:31.163612,2298.0,100514.0,147134.0
2025-06-18 11:36:31.281679,2298.0,100514.0,147134.0
2025-06-18 11:36:32.166990,2298.0,101481.0,147146.0
2025-06-18 11:36:32.279897,2297.3,101481.0,147146.0
2025-06-18 11:36:33.260848,2298.0,101530.0,146896.0
2025-06-18 11:36:33.279453,2298.0,101530.0,146896.0
2025-06-18 11:36:34.276186,2298.0,101530.0,146896.0
2025-06-18 11:36:34.361458,2298.0,101544.0,146963.0
2025-06-18 11:36:35.284698,2298.0,101544.0,146963.0
2025-06-18 11:36:35.460014,2298.0,101555.0,147267.0
2025-06-18 11:36:36.277007,2297.2,101555.0,147267.0
2025-06-18 11:36:36.463837,2297.9,101748.0,147938.0
2025-06-18 11:36:37.274555,2297.9,101748.0,147938.0
2025-06-18 11:36:37.562039,2297.9,102369.0,147309.0
2025-06-18 11:36:38.272915,2297.1,102369.0,147309.0
2025-06-18 11:36:38.672862,2297.1,101677.0,147611.0
2025-06-18 11:36:39.272790,2297.8,101677.0,147611.0
2025-06-18 11:36:39.668339,2297.8,101869.0,147503.0
2025-06-18 11:36:41.073652,2297.8,101941.0,147277.0
2025-06-18 11:36:42.173324,2297.8,101924.0,147467.0
2025-06-18 11:36:43.272012,2297.2,102564.0,146906.0
2025-06-18 11:36:43.281984,2297.2,102564.0,146906.0
2025-06-18 11:36:44.275195,2297.1,102564.0,146906.0
2025-06-18 11:36:44.366809,2297.1,102688.0,146908.0
2025-06-18 11:36:45.467948,2297.1,102712.0,146953.0
2025-06-18 11:36:46.277823,2297.1,102712.0,146953.0
2025-06-18 11:36:46.366453,2297.1,102517.0,147032.0
2025-06-18 11:36:47.277115,2297.6,102517.0,147032.0
2025-06-18 11:36:47.466867,2297.6,102692.0,146899.0
2025-06-18 11:36:48.467801,2297.6,103122.0,146811.0
2025-06-18 11:36:49.472544,2297.6,103123.0,146817.0
2025-06-18 11:36:50.282440,2297.6,103123.0,146817.0
2025-06-18 11:36:50.668637,2297.6,103122.0,147027.0
2025-06-18 11:36:51.288335,2297.6,103122.0,147027.0
2025-06-18 11:36:51.348156,2297.6,103122.0,147027.0
2025-06-18 11:36:51.674636,2297.6,103193.0,146899.0
2025-06-18 11:36:52.466664,2297.6,103193.0,146899.0
2025-06-18 11:36:52.668815,2297.6,103109.0,146829.0
2025-06-18 11:36:53.401482,2297.6,103109.0,146829.0
2025-06-18 11:36:53.669596,2297.6,103107.0,147021.0
2025-06-18 11:36:54.275114,2297.5,103107.0,147021.0
2025-06-18 11:36:54.354345,2297.5,103107.0,147021.0
2025-06-18 11:36:54.769183,2297.5,103206.0,147327.0
2025-06-18 11:36:55.247967,2297.5,103206.0,147327.0
2025-06-18 11:36:55.273319,2297.5,103206.0,147327.0
2025-06-18 11:36:55.871260,2297.5,103077.0,147551.0
2025-06-18 11:36:56.046202,2297.5,103077.0,147551.0
2025-06-18 11:36:56.871987,2297.5,94883.0,146048.0
2025-06-18 11:36:57.103193,2297.5,94883.0,146048.0
2025-06-18 11:36:57.274181,2297.5,94883.0,146048.0
2025-06-18 11:36:57.683932,2297.5,94883.0,146048.0
2025-06-18 11:36:57.971904,2297.5,103352.0,147607.0
2025-06-18 11:36:58.086058,2297.5,103352.0,147607.0
2025-06-18 11:36:59.073165,2297.5,103135.0,147590.0
2025-06-18 11:36:59.275986,2297.5,103135.0,147590.0
2025-06-18 11:36:59.826289,2297.5,103135.0,147590.0
2025-06-18 11:37:00.073058,2297.5,103349.0,147606.0
2025-06-18 11:37:00.290315,2297.5,103349.0,147606.0
2025-06-18 11:37:01.087078,2297.5,103349.0,147606.0
2025-06-18 11:37:01.776801,2297.5,103399.0,147693.0
2025-06-18 11:37:01.950413,2297.5,103399.0,147693.0
2025-06-18 11:37:02.681830,2297.4,103529.0,147877.0
2025-06-18 11:37:03.311479,2297.4,103529.0,147877.0
2025-06-18 11:37:03.360057,2297.4,103529.0,147877.0
2025-06-18 11:37:03.781954,2297.4,103596.0,147893.0
2025-06-18 11:37:04.302552,2297.4,103596.0,147893.0
2025-06-18 11:37:04.496670,2297.4,103596.0,147893.0
2025-06-18 11:37:04.880698,2297.4,103599.0,147631.0
2025-06-18 11:37:05.284193,2297.2,103599.0,147631.0
2025-06-18 11:37:05.702470,2297.2,103599.0,147631.0
2025-06-18 11:37:05.879695,2297.3,104111.0,147888.0
2025-06-18 11:37:06.280496,2297.3,104111.0,147888.0
2025-06-18 11:37:06.880606,2297.2,104086.0,147890.0
2025-06-18 11:37:07.106796,2297.2,104086.0,147890.0
2025-06-18 11:37:07.279545,2297.1,104086.0,147890.0
2025-06-18 11:37:07.784970,2297.2,104064.0,147864.0
2025-06-18 11:37:08.282662,2297.2,104064.0,147864.0
2025-06-18 11:37:08.781911,2297.2,104158.0,147861.0
2025-06-18 11:37:09.782169,2297.1,103939.0,147760.0
2025-06-18 11:37:10.282618,2297.2,103939.0,147760.0
2025-06-18 11:37:10.782419,2297.2,104029.0,147606.0
2025-06-18 11:37:11.310343,2297.2,104029.0,147606.0
2025-06-18 11:37:11.783929,2297.5,103833.0,147590.0
2025-06-18 11:37:12.281912,2297.1,103833.0,147590.0
2025-06-18 11:37:12.883710,2297.1,103942.0,147301.0
2025-06-18 11:37:13.283410,2297.1,103942.0,147301.0
2025-06-18 11:37:13.883929,2297.1,103963.0,147623.0
2025-06-18 11:37:14.883644,2297.1,103948.0,147629.0
2025-06-18 11:37:15.882404,2297.3,103823.0,147193.0
2025-06-18 11:37:16.287477,2297.3,103823.0,147193.0
2025-06-18 11:37:16.988137,2297.3,95411.0,145708.0
2025-06-18 11:37:17.990565,2297.3,103837.0,147220.0
2025-06-18 11:37:18.278120,2297.2,103837.0,147220.0
2025-06-18 11:37:19.088827,2297.5,103635.0,147201.0
2025-06-18 11:37:19.285357,2297.5,103635.0,147201.0
2025-06-18 11:37:20.191408,2297.6,104381.0,146528.0
2025-06-18 11:37:20.283532,2297.6,104381.0,146528.0
2025-06-18 11:37:21.279849,2297.7,104381.0,146528.0
2025-06-18 11:37:21.313841,2297.7,104090.0,146058.0
2025-06-18 11:37:22.283992,2297.5,104090.0,146058.0
2025-06-18 11:37:22.297568,2297.5,104103.0,146214.0
2025-06-18 11:37:23.320342,2297.4,104103.0,146214.0
2025-06-18 11:37:23.331414,2297.4,99513.0,146383.0
2025-06-18 11:37:24.288341,2297.4,99513.0,146383.0
2025-06-18 11:37:24.389968,2297.4,104008.0,146341.0
2025-06-18 11:37:25.496059,2297.4,104059.0,146322.0
2025-06-18 11:37:26.590315,2297.4,104403.0,146157.0
2025-06-18 11:37:27.282192,2297.8,104403.0,146157.0
2025-06-18 11:37:27.505234,2297.8,104902.0,145873.0
2025-06-18 11:37:28.492596,2297.8,105102.0,145913.0
2025-06-18 11:37:29.278314,2297.5,105102.0,145913.0
2025-06-18 11:37:29.528790,2297.5,104977.0,145801.0
2025-06-18 11:37:30.277886,2297.9,104977.0,145801.0
2025-06-18 11:37:30.495293,2297.9,105062.0,145790.0
2025-06-18 11:37:31.498818,2297.9,104926.0,145834.0
2025-06-18 11:37:32.280127,2297.5,104926.0,145834.0
2025-06-18 11:37:32.495203,2297.5,104811.0,145863.0
2025-06-18 11:37:33.284871,2297.9,104811.0,145863.0
2025-06-18 11:37:33.496998,2297.9,104840.0,145853.0
2025-06-18 11:37:34.497630,2297.9,104853.0,145864.0
2025-06-18 11:37:35.501138,2297.9,104924.0,145821.0
2025-06-18 11:37:37.488656,2297.8,104924.0,145821.0
2025-06-18 11:37:37.495387,2297.8,104818.0,145439.0
2025-06-18 11:37:37.524384,2298.2,104818.0,145439.0
2025-06-18 11:37:37.533408,2298.2,107112.0,144415.0
2025-06-18 11:37:38.278336,2298.6,107112.0,144415.0
2025-06-18 11:37:38.501008,2298.6,107570.0,144137.0
2025-06-18 11:37:39.501514,2298.6,107544.0,144233.0
2025-06-18 11:37:40.502874,2298.6,107525.0,144296.0
2025-06-18 11:37:41.503651,2298.8,107800.0,143894.0
2025-06-18 11:37:42.280674,2298.8,107800.0,143894.0
2025-06-18 11:37:42.620676,2298.6,107667.0,144392.0
2025-06-18 11:37:43.285384,2298.5,107667.0,144392.0
2025-06-18 11:37:43.705598,2298.5,107839.0,144501.0
2025-06-18 11:37:45.137095,2298.5,107839.0,144501.0
2025-06-18 11:37:45.185901,2298.5,107417.0,144946.0
2025-06-18 11:37:45.807790,2298.5,107216.0,144957.0
2025-06-18 11:37:46.280228,2298.5,107216.0,144957.0
2025-06-18 11:37:46.808454,2298.5,107246.0,144831.0
2025-06-18 11:37:47.284845,2298.4,107246.0,144831.0
2025-06-18 11:37:47.809392,2298.4,107532.0,144795.0
2025-06-18 11:37:48.707911,2298.2,107615.0,144499.0
2025-06-18 11:37:49.293809,2298.4,107615.0,144499.0
2025-06-18 11:37:49.908018,2298.4,107603.0,144727.0
2025-06-18 11:37:51.006786,2298.0,106960.0,144956.0
2025-06-18 11:37:51.284458,2298.6,106960.0,144956.0
2025-06-18 11:37:52.109003,2298.6,107197.0,144760.0
2025-06-18 11:37:52.283506,2298.0,107197.0,144760.0
2025-06-18 11:37:53.210171,2298.0,107722.0,144905.0
2025-06-18 11:37:54.112098,2298.0,107353.0,144268.0
2025-06-18 11:37:55.212223,2298.0,108073.0,144171.0
2025-06-18 11:37:56.285158,2298.5,108073.0,144171.0
2025-06-18 11:37:56.317361,2298.5,107828.0,144547.0
2025-06-18 11:37:57.284382,2298.1,107828.0,144547.0
2025-06-18 11:37:57.414163,2298.1,107783.0,144476.0
2025-06-18 11:37:58.289166,2298.0,107783.0,144476.0
2025-06-18 11:37:58.511702,2298.0,107829.0,144499.0
2025-06-18 11:37:59.294313,2298.0,107829.0,144499.0
2025-06-18 11:37:59.512180,2298.0,107300.0,144789.0
2025-06-18 11:38:00.285438,2298.0,107300.0,144789.0
2025-06-18 11:38:00.513853,2298.0,106939.0,144772.0
2025-06-18 11:38:01.285997,2298.0,106939.0,144772.0
2025-06-18 11:38:02.726390,2298.0,106638.0,144440.0
2025-06-18 11:38:07.285760,2298.4,106638.0,144440.0
2025-06-18 11:38:08.298581,2298.4,106638.0,144440.0
2025-06-18 11:38:08.416753,2298.4,107215.0,145104.0
2025-06-18 11:38:10.292581,2298.9,107215.0,145104.0
2025-06-18 11:38:12.286867,2298.9,107215.0,145104.0
2025-06-18 11:38:14.119735,2298.7,107517.0,144145.0
2025-06-18 11:38:14.309550,2298.7,107517.0,144145.0
2025-06-18 11:38:18.295423,2298.9,107517.0,144145.0
2025-06-18 11:38:19.523313,2299.0,107913.0,144154.0
2025-06-18 11:38:20.290500,2299.0,107913.0,144154.0
2025-06-18 11:38:22.289584,2299.0,107913.0,144154.0
2025-06-18 11:38:24.317188,2299.3,107913.0,144154.0
2025-06-18 11:38:24.759615,2299.6,108207.0,142948.0
2025-06-18 11:38:26.314617,2299.6,108207.0,142948.0
2025-06-18 11:38:28.294030,2299.5,108207.0,142948.0
2025-06-18 11:38:29.935065,2299.6,108414.0,143416.0
2025-06-18 11:38:30.302803,2299.6,108414.0,143416.0
2025-06-18 11:38:34.292378,2299.6,108414.0,143416.0
2025-06-18 11:38:35.336949,2299.6,108366.0,143353.0
2025-06-18 11:38:36.293002,2299.6,108366.0,143353.0
2025-06-18 11:38:38.294841,2299.6,108366.0,143353.0
2025-06-18 11:38:40.339911,2299.9,108366.0,143353.0
2025-06-18 11:38:40.648155,2299.9,108576.0,142781.0
2025-06-18 11:38:44.293790,2299.8,108576.0,142781.0
2025-06-18 11:38:45.644395,2299.8,108681.0,142692.0
2025-06-18 11:38:48.297170,2299.8,108681.0,142692.0
2025-06-18 11:38:50.294520,2299.8,108681.0,142692.0
2025-06-18 11:38:50.844809,2299.8,108765.0,142946.0
2025-06-18 11:38:52.299578,2299.8,108765.0,142946.0
2025-06-18 11:38:55.293171,2299.6,108765.0,142946.0
2025-06-18 11:38:55.851747,2299.6,108680.0,143292.0
2025-06-18 11:38:57.480387,2299.6,108680.0,143292.0
2025-06-18 11:39:00.766364,2299.0,108619.0,142749.0
2025-06-18 11:39:02.303036,2299.5,108619.0,142749.0
2025-06-18 11:39:05.302662,2299.4,108619.0,142749.0
2025-06-18 11:39:05.665185,2299.4,109436.0,142525.0
2025-06-18 11:39:09.294746,2299.8,109436.0,142525.0
2025-06-18 11:39:11.362227,2299.8,108687.0,142464.0
2025-06-18 11:39:14.296557,2299.7,108687.0,142464.0
2025-06-18 11:39:16.301529,2299.7,108687.0,142464.0
2025-06-18 11:39:17.524653,2299.7,108762.0,142244.0
2025-06-18 11:39:18.299294,2299.7,108762.0,142244.0
2025-06-18 11:39:21.293130,2300.2,108762.0,142244.0
2025-06-18 11:39:22.303448,2300.4,108762.0,142244.0
2025-06-18 11:39:22.471957,2300.4,106975.0,141946.0
2025-06-18 11:39:24.305876,2299.6,106975.0,141946.0
2025-06-18 11:39:27.294042,2300.2,106975.0,141946.0
2025-06-18 11:39:27.679238,2300.2,106665.0,141982.0
2025-06-18 11:39:28.301641,2299.8,106665.0,141982.0
2025-06-18 11:39:30.295997,2300.1,106665.0,141982.0
2025-06-18 11:39:32.828963,2300.2,106677.0,142363.0
2025-06-18 11:39:35.295757,2299.5,106677.0,142363.0
2025-06-18 11:39:36.299086,2300.1,106677.0,142363.0
2025-06-18 11:39:38.281548,2300.1,106721.0,142232.0
2025-06-18 11:39:38.295492,2300.1,106721.0,142232.0
2025-06-18 11:39:40.295204,2300.0,106721.0,142232.0
2025-06-18 11:39:43.382087,2300.2,107001.0,142177.0
2025-06-18 11:39:44.306401,2300.2,107001.0,142177.0
2025-06-18 11:39:46.297675,2300.0,107001.0,142177.0
2025-06-18 11:39:48.295675,2300.0,107001.0,142177.0
2025-06-18 11:39:48.584917,2300.0,107304.0,141966.0
2025-06-18 11:39:50.303913,2300.0,107304.0,141966.0
2025-06-18 11:39:51.773718,2300.0,107304.0,141966.0
2025-06-18 11:39:52.303202,2299.9,107304.0,141966.0
2025-06-18 11:39:53.304058,2299.9,107304.0,141966.0
2025-06-18 11:39:54.188256,2299.8,107733.0,141961.0
2025-06-18 11:39:54.231977,2299.8,107733.0,141961.0
2025-06-18 11:39:54.300102,2299.8,107733.0,141961.0
2025-06-18 11:39:55.193886,2299.8,107733.0,141961.0
2025-06-18 11:39:56.055932,2299.8,107733.0,141961.0
2025-06-18 11:39:56.300055,2299.8,107733.0,141961.0
2025-06-18 11:39:56.874031,2299.8,107733.0,141961.0
2025-06-18 11:39:57.944073,2299.8,107733.0,141961.0
2025-06-18 11:39:58.298004,2299.8,107733.0,141961.0
2025-06-18 11:39:58.512055,2299.8,107733.0,141961.0
2025-06-18 11:39:59.411935,2299.8,107733.0,141961.0
2025-06-18 11:39:59.495912,2299.8,107670.0,142868.0
2025-06-18 11:39:59.783775,2299.8,107670.0,142868.0
2025-06-18 11:40:00.298356,2299.8,107670.0,142868.0
2025-06-18 11:40:00.681309,2299.8,107670.0,142868.0
2025-06-18 11:40:01.941191,2299.8,107670.0,142868.0
2025-06-18 11:40:02.302254,2299.6,107670.0,142868.0
2025-06-18 11:40:02.803525,2299.6,107670.0,142868.0
2025-06-18 11:40:04.206639,2299.6,107670.0,142868.0
2025-06-18 11:40:04.302903,2299.5,107670.0,142868.0
2025-06-18 11:40:04.495767,2299.5,107354.0,143416.0
2025-06-18 11:40:05.349397,2299.5,107354.0,143416.0
2025-06-18 11:40:06.300382,2299.0,107354.0,143416.0
2025-06-18 11:40:06.485133,2299.0,107354.0,143416.0
2025-06-18 11:40:07.992592,2299.0,107354.0,143416.0
2025-06-18 11:40:08.299105,2299.4,107354.0,143416.0
2025-06-18 11:40:09.701403,2299.4,106959.0,143757.0
2025-06-18 11:40:10.300894,2299.4,106959.0,143757.0
2025-06-18 11:40:14.304190,2299.2,106959.0,143757.0
2025-06-18 11:40:14.697644,2299.2,106811.0,144446.0
2025-06-18 11:40:16.305853,2298.8,106811.0,144446.0
2025-06-18 11:40:18.302573,2299.1,106811.0,144446.0
2025-06-18 11:40:20.104326,2298.7,105591.0,146146.0
2025-06-18 11:40:20.304289,2298.1,105591.0,146146.0
2025-06-18 11:40:22.302271,2298.5,105591.0,146146.0
2025-06-18 11:40:25.507328,2298.3,105117.0,146857.0
2025-06-18 11:40:27.297176,2298.3,105117.0,146857.0
2025-06-18 11:40:30.331619,2298.2,105117.0,146857.0
2025-06-18 11:40:31.215997,2298.1,105255.0,147043.0
2025-06-18 11:40:32.341270,2298.1,105255.0,147043.0
2025-06-18 11:40:34.303959,2298.0,105255.0,147043.0
2025-06-18 11:40:36.302777,2298.2,105255.0,147043.0
2025-06-18 11:40:36.620401,2298.0,105428.0,146779.0
2025-06-18 11:40:38.303187,2298.1,105428.0,146779.0
2025-06-18 11:40:40.313765,2298.0,105428.0,146779.0
2025-06-18 11:40:41.928824,2298.0,105528.0,146970.0
2025-06-18 11:40:42.310770,2298.0,105528.0,146970.0
2025-06-18 11:40:45.298012,2297.1,105528.0,146970.0
2025-06-18 11:40:47.336790,2297.8,104583.0,147818.0
2025-06-18 11:40:48.318840,2297.8,104583.0,147818.0
2025-06-18 11:40:50.327869,2297.8,104583.0,147818.0
2025-06-18 11:40:52.426066,2297.7,105186.0,147695.0
2025-06-18 11:40:54.306553,2297.5,105186.0,147695.0
2025-06-18 11:40:57.301717,2297.6,105186.0,147695.0
2025-06-18 11:40:57.932011,2297.6,104818.0,147968.0
2025-06-18 11:40:58.304993,2297.6,104818.0,147968.0
2025-06-18 11:41:00.303441,2297.6,104818.0,147968.0
2025-06-18 11:41:02.304639,2297.6,104818.0,147968.0
2025-06-18 11:41:03.239839,2297.6,106154.0,147784.0
2025-06-18 11:41:04.309458,2297.5,106154.0,147784.0
2025-06-18 11:41:06.314246,2297.4,106154.0,147784.0
2025-06-18 11:41:08.637970,2297.4,106614.0,147749.0
2025-06-18 11:41:10.314289,2297.7,106614.0,147749.0
2025-06-18 11:41:13.748869,2297.8,107708.0,147394.0
2025-06-18 11:41:14.305638,2297.8,107708.0,147394.0
2025-06-18 11:41:16.347290,2297.8,107708.0,147394.0
2025-06-18 11:41:18.320009,2297.9,107708.0,147394.0
2025-06-18 11:41:18.941233,2297.9,107782.0,147363.0
2025-06-18 11:41:22.317207,2297.8,107782.0,147363.0
2025-06-18 11:41:23.778834,2297.3,107453.0,147607.0
2025-06-18 11:41:24.308468,2297.7,107453.0,147607.0
2025-06-18 11:41:26.319284,2297.7,107453.0,147607.0
2025-06-18 11:41:28.316451,2297.7,107453.0,147607.0
2025-06-18 11:41:28.851438,2297.7,107461.0,147144.0
2025-06-18 11:41:30.307551,2297.7,107461.0,147144.0
2025-06-18 11:41:33.305975,2298.2,107461.0,147144.0
2025-06-18 11:41:34.275537,2298.2,111702.0,144063.0
2025-06-18 11:41:36.315750,2298.4,111702.0,144063.0
2025-06-18 11:41:38.304807,2298.0,111702.0,144063.0
2025-06-18 11:41:39.958639,2298.0,110217.0,144784.0
2025-06-18 11:41:42.347288,2298.3,110217.0,144784.0
2025-06-18 11:41:44.311544,2298.3,110217.0,144784.0
2025-06-18 11:41:45.287121,2298.4,110712.0,145890.0
2025-06-18 11:41:46.311596,2299.0,110712.0,145890.0
2025-06-18 11:41:48.313071,2298.5,110712.0,145890.0
2025-06-18 11:41:50.275103,2299.1,111883.0,145318.0
2025-06-18 11:41:50.310658,2299.1,111883.0,145318.0
2025-06-18 11:41:55.279693,2298.3,111521.0,145669.0
2025-06-18 11:41:56.309618,2298.9,111521.0,145669.0
2025-06-18 11:41:58.310330,2299.3,111521.0,145669.0
2025-06-18 11:42:00.180857,2299.1,113810.0,144437.0
2025-06-18 11:42:00.317172,2299.1,113810.0,144437.0
2025-06-18 11:42:02.324080,2299.1,113810.0,144437.0
2025-06-18 11:42:04.306064,2299.1,113810.0,144437.0
2025-06-18 11:42:04.875987,2299.1,113871.0,144369.0
2025-06-18 11:42:06.351158,2299.0,113871.0,144369.0
2025-06-18 11:42:08.312207,2299.1,113871.0,144369.0
2025-06-18 11:42:10.454627,2299.1,114144.0,144187.0
2025-06-18 11:42:12.346646,2298.6,114144.0,144187.0
2025-06-18 11:42:14.313429,2298.6,114144.0,144187.0
2025-06-18 11:42:15.083906,2298.6,109346.0,146832.0
2025-06-18 11:42:18.339482,2298.0,109346.0,146832.0
2025-06-18 11:42:20.186455,2298.4,109376.0,147045.0
2025-06-18 11:42:20.326437,2298.4,109376.0,147045.0
2025-06-18 11:42:22.308396,2298.0,109376.0,147045.0
2025-06-18 11:42:24.330098,2298.3,109376.0,147045.0
2025-06-18 11:42:25.488601,2298.3,109640.0,146930.0
2025-06-18 11:42:26.325182,2298.3,109640.0,146930.0
2025-06-18 11:42:28.372751,2298.3,109640.0,146930.0
2025-06-18 11:42:30.340943,2298.2,109640.0,146930.0
2025-06-18 11:42:30.597078,2298.1,109859.0,147867.0
2025-06-18 11:42:32.321219,2298.1,109859.0,147867.0
2025-06-18 11:42:34.322104,2298.1,109859.0,147867.0
2025-06-18 11:42:35.502862,2298.1,110289.0,148130.0
2025-06-18 11:42:38.339892,2298.0,110289.0,148130.0
2025-06-18 11:42:41.003219,2298.1,110344.0,148203.0
2025-06-18 11:42:42.327181,2298.1,110344.0,148203.0
2025-06-18 11:42:44.314017,2298.1,110344.0,148203.0
