timestamp,ltp,bid_qty,ask_qty
2025-06-18 11:01:36.662859,840.15,618987.0,807972.0
2025-06-18 11:01:37.126901,840.3,618987.0,807972.0
2025-06-18 11:01:37.148663,840.3,621082.0,808329.0
2025-06-18 11:01:38.129399,840.3,621082.0,808329.0
2025-06-18 11:01:38.239533,840.5,621521.0,806800.0
2025-06-18 11:01:39.127989,840.4,621521.0,806800.0
2025-06-18 11:01:39.239737,840.4,623189.0,807225.0
2025-06-18 11:01:40.129598,840.3,623189.0,807225.0
2025-06-18 11:01:40.340203,840.4,622421.0,807512.0
2025-06-18 11:01:41.129932,840.4,622421.0,807512.0
2025-06-18 11:01:41.339927,840.55,624447.0,801105.0
2025-06-18 11:01:42.134765,840.4,624447.0,801105.0
2025-06-18 11:01:42.450840,840.55,623358.0,802823.0
2025-06-18 11:01:43.130148,840.4,623358.0,802823.0
2025-06-18 11:01:43.542941,840.55,624928.0,803182.0
2025-06-18 11:01:44.179474,840.6,624928.0,803182.0
2025-06-18 11:01:44.670878,840.6,625581.0,803683.0
2025-06-18 11:01:45.131936,840.85,625581.0,803683.0
2025-06-18 11:01:45.746281,840.7,626162.0,799933.0
2025-06-18 11:01:46.134245,840.9,626162.0,799933.0
2025-06-18 11:01:46.746216,840.9,627157.0,800168.0
2025-06-18 11:01:47.137690,840.9,627157.0,800168.0
2025-06-18 11:01:47.849588,840.7,627182.0,802048.0
2025-06-18 11:01:48.134048,840.7,627182.0,802048.0
2025-06-18 11:01:48.849169,840.7,627797.0,801692.0
2025-06-18 11:01:49.171507,840.85,627797.0,801692.0
2025-06-18 11:01:49.846436,840.9,627953.0,801508.0
2025-06-18 11:01:50.132036,840.9,627953.0,801508.0
2025-06-18 11:01:50.847396,840.9,629122.0,801195.0
2025-06-18 11:01:51.139699,840.9,629122.0,801195.0
2025-06-18 11:01:51.847515,841.0,631455.0,798200.0
2025-06-18 11:01:52.131884,841.0,631455.0,798200.0
2025-06-18 11:01:52.959057,840.9,630117.0,798785.0
2025-06-18 11:01:53.132493,840.9,630117.0,798785.0
2025-06-18 11:01:53.962697,840.8,630356.0,799313.0
2025-06-18 11:01:54.196486,840.8,630356.0,799313.0
2025-06-18 11:01:54.963755,840.6,630300.0,799028.0
2025-06-18 11:01:55.140910,840.6,630300.0,799028.0
2025-06-18 11:01:56.052370,840.8,632750.0,799218.0
2025-06-18 11:01:56.198363,840.8,632750.0,799218.0
2025-06-18 11:01:57.132233,840.95,632750.0,799218.0
2025-06-18 11:01:57.161596,841.0,632678.0,798127.0
2025-06-18 11:01:58.132839,840.95,632678.0,798127.0
2025-06-18 11:01:58.162439,840.95,631109.0,798261.0
2025-06-18 11:01:59.131328,840.8,631109.0,798261.0
2025-06-18 11:01:59.155552,840.8,631389.0,799089.0
2025-06-18 11:02:00.133215,841.0,631389.0,799089.0
2025-06-18 11:02:00.158242,841.0,632107.0,798351.0
2025-06-18 11:02:01.140249,841.0,632107.0,798351.0
2025-06-18 11:02:01.354652,841.0,632041.0,796604.0
2025-06-18 11:02:02.134408,840.8,632041.0,796604.0
2025-06-18 11:02:02.469776,840.8,632018.0,797478.0
2025-06-18 11:02:03.137737,841.0,632018.0,797478.0
2025-06-18 11:02:05.114578,841.0,632550.0,797409.0
2025-06-18 11:02:05.163863,841.0,632550.0,797409.0
2025-06-18 11:02:05.167405,840.8,633672.0,796771.0
2025-06-18 11:02:05.204365,840.8,633672.0,796771.0
2025-06-18 11:02:05.559780,841.0,633973.0,796796.0
2025-06-18 11:02:06.134090,840.8,633973.0,796796.0
2025-06-18 11:02:06.658385,840.8,633361.0,797162.0
2025-06-18 11:02:07.657597,840.8,633448.0,796333.0
2025-06-18 11:02:08.137422,840.9,633448.0,796333.0
2025-06-18 11:02:08.760251,840.85,633201.0,799288.0
2025-06-18 11:02:09.134062,840.85,633201.0,799288.0
2025-06-18 11:02:09.860214,840.8,633222.0,798882.0
2025-06-18 11:02:10.138757,840.8,633222.0,798882.0
2025-06-18 11:02:10.990755,840.8,634372.0,799009.0
2025-06-18 11:02:11.139419,840.8,634372.0,799009.0
2025-06-18 11:02:12.063715,841.0,634310.0,798537.0
2025-06-18 11:02:12.135282,841.0,634310.0,798537.0
2025-06-18 11:02:12.973381,840.95,634627.0,799392.0
2025-06-18 11:02:13.142853,840.95,634627.0,799392.0
2025-06-18 11:02:13.973640,840.95,634472.0,798248.0
2025-06-18 11:02:14.137980,840.95,634472.0,798248.0
2025-06-18 11:02:15.164781,840.85,634847.0,798576.0
2025-06-18 11:02:15.165080,840.85,634847.0,798576.0
2025-06-18 11:02:16.184557,841.0,634847.0,798576.0
2025-06-18 11:02:16.190432,840.85,634338.0,797886.0
2025-06-18 11:02:17.139500,841.0,634338.0,797886.0
2025-06-18 11:02:17.267450,841.05,639913.0,792108.0
2025-06-18 11:02:18.136189,841.7,639913.0,792108.0
2025-06-18 11:02:18.369842,841.45,639315.0,779808.0
2025-06-18 11:02:19.134394,841.35,639315.0,779808.0
2025-06-18 11:02:19.368628,841.35,637577.0,785247.0
2025-06-18 11:02:20.135635,841.05,637577.0,785247.0
2025-06-18 11:02:20.476961,841.2,641282.0,785209.0
2025-06-18 11:02:21.134926,841.15,641282.0,785209.0
2025-06-18 11:02:21.568614,841.0,636579.0,786571.0
2025-06-18 11:02:22.137769,841.0,636579.0,786571.0
2025-06-18 11:02:22.669664,841.2,637711.0,787067.0
2025-06-18 11:02:23.136414,841.35,637711.0,787067.0
2025-06-18 11:02:23.673580,841.4,638671.0,787363.0
2025-06-18 11:02:24.142120,841.4,638671.0,787363.0
2025-06-18 11:02:24.773410,841.2,640743.0,786275.0
2025-06-18 11:02:25.137382,841.5,640743.0,786275.0
2025-06-18 11:02:25.774831,841.5,641412.0,785973.0
2025-06-18 11:02:26.141264,841.2,641412.0,785973.0
2025-06-18 11:02:26.873193,841.2,639317.0,787557.0
2025-06-18 11:02:27.141002,841.45,639317.0,787557.0
2025-06-18 11:02:27.984796,841.45,639018.0,785920.0
2025-06-18 11:02:28.137360,841.45,639018.0,785920.0
2025-06-18 11:02:28.986793,841.65,641708.0,783380.0
2025-06-18 11:02:29.139609,841.65,641708.0,783380.0
2025-06-18 11:02:30.074787,841.3,643129.0,783448.0
2025-06-18 11:02:30.149605,841.65,643129.0,783448.0
2025-06-18 11:02:31.136230,841.4,643129.0,783448.0
2025-06-18 11:02:31.176802,841.4,643744.0,783063.0
2025-06-18 11:02:32.141080,841.75,643744.0,783063.0
2025-06-18 11:02:32.275093,841.75,650594.0,776636.0
2025-06-18 11:02:33.142054,841.85,650594.0,776636.0
2025-06-18 11:02:33.379149,841.6,646521.0,777195.0
2025-06-18 11:02:34.138593,841.5,646521.0,777195.0
2025-06-18 11:02:34.484316,841.8,643814.0,779393.0
2025-06-18 11:02:35.143707,841.4,643814.0,779393.0
2025-06-18 11:02:35.577450,841.5,642076.0,781923.0
2025-06-18 11:02:36.145128,841.35,642076.0,781923.0
2025-06-18 11:02:36.664297,841.45,641034.0,783577.0
2025-06-18 11:02:37.138704,841.2,641034.0,783577.0
2025-06-18 11:02:37.586815,841.2,637173.0,784780.0
2025-06-18 11:02:38.138739,841.2,637173.0,784780.0
2025-06-18 11:02:38.679469,841.2,636151.0,785929.0
2025-06-18 11:02:39.141035,841.15,636151.0,785929.0
2025-06-18 11:02:39.780345,841.15,635693.0,786052.0
2025-06-18 11:02:40.138487,841.3,635693.0,786052.0
2025-06-18 11:02:40.883499,841.5,636768.0,783698.0
2025-06-18 11:02:41.136606,841.5,636768.0,783698.0
2025-06-18 11:02:42.011641,841.55,634813.0,783857.0
2025-06-18 11:02:42.138205,841.55,634813.0,783857.0
2025-06-18 11:02:43.015502,841.25,635559.0,781792.0
2025-06-18 11:02:43.140707,841.25,635559.0,781792.0
2025-06-18 11:02:44.084918,841.65,636317.0,781489.0
2025-06-18 11:02:44.139906,841.65,636317.0,781489.0
2025-06-18 11:02:45.085029,841.75,636360.0,781771.0
2025-06-18 11:02:45.137704,841.75,636360.0,781771.0
2025-06-18 11:02:46.084119,841.6,635937.0,782591.0
2025-06-18 11:02:46.140973,841.6,635937.0,782591.0
2025-06-18 11:02:47.085740,841.65,636287.0,782018.0
2025-06-18 11:02:47.146884,841.65,636287.0,782018.0
2025-06-18 11:02:48.086527,841.75,636405.0,781256.0
2025-06-18 11:02:48.140017,841.75,636405.0,781256.0
2025-06-18 11:02:49.085614,841.2,636136.0,785290.0
2025-06-18 11:02:49.141100,841.2,636136.0,785290.0
2025-06-18 11:02:50.000650,841.6,635823.0,783249.0
2025-06-18 11:02:50.139073,841.6,635823.0,783249.0
2025-06-18 11:02:51.087703,841.45,635163.0,783620.0
2025-06-18 11:02:51.226564,841.45,635163.0,783620.0
2025-06-18 11:02:52.087716,841.15,633254.0,789557.0
2025-06-18 11:02:52.140460,841.15,633254.0,789557.0
2025-06-18 11:02:53.089166,841.25,635446.0,784234.0
2025-06-18 11:02:53.139747,841.25,635446.0,784234.0
2025-06-18 11:02:54.090260,841.25,635216.0,783906.0
2025-06-18 11:02:54.142276,841.25,635216.0,783906.0
2025-06-18 11:02:55.040734,841.3,636132.0,781660.0
2025-06-18 11:02:55.141333,841.3,636132.0,781660.0
2025-06-18 11:02:55.995101,841.35,636188.0,780656.0
2025-06-18 11:02:56.138726,841.35,636188.0,780656.0
2025-06-18 11:02:56.992899,841.75,636385.0,781927.0
2025-06-18 11:02:57.141657,841.75,636385.0,781927.0
2025-06-18 11:02:57.995456,841.6,635842.0,782117.0
2025-06-18 11:02:58.145882,841.6,635842.0,782117.0
2025-06-18 11:02:59.094272,841.55,635649.0,782212.0
2025-06-18 11:02:59.140809,841.75,635649.0,782212.0
2025-06-18 11:03:00.095955,841.3,635905.0,782903.0
2025-06-18 11:03:00.142083,841.3,635905.0,782903.0
2025-06-18 11:03:01.142991,841.3,635905.0,782903.0
2025-06-18 11:03:02.135183,841.35,635905.0,782903.0
2025-06-18 11:03:02.296957,841.6,637273.0,784986.0
2025-06-18 11:03:03.138315,841.35,637273.0,784986.0
2025-06-18 11:03:03.297421,841.6,638398.0,784971.0
2025-06-18 11:03:04.139435,841.6,638398.0,784971.0
2025-06-18 11:03:04.199139,841.6,638549.0,784300.0
2025-06-18 11:03:05.097202,841.65,638230.0,784164.0
2025-06-18 11:03:05.136891,841.65,638230.0,784164.0
2025-06-18 11:03:06.099588,841.65,638422.0,784256.0
2025-06-18 11:03:06.137065,841.65,638422.0,784256.0
2025-06-18 11:03:07.101864,841.35,638385.0,784187.0
2025-06-18 11:03:07.135195,841.4,638385.0,784187.0
2025-06-18 11:03:08.100813,841.65,638146.0,783966.0
2025-06-18 11:03:08.141483,841.5,638146.0,783966.0
2025-06-18 11:03:09.138907,841.6,638146.0,783966.0
2025-06-18 11:03:09.202015,841.45,638280.0,784312.0
2025-06-18 11:03:10.137232,841.35,638280.0,784312.0
2025-06-18 11:03:10.304754,841.35,638450.0,784981.0
2025-06-18 11:03:11.139745,841.35,638450.0,784981.0
2025-06-18 11:03:11.400577,841.3,638347.0,785587.0
2025-06-18 11:03:12.138001,841.55,638347.0,785587.0
2025-06-18 11:03:13.001857,841.3,637296.0,786981.0
2025-06-18 11:03:13.136430,841.3,637296.0,786981.0
2025-06-18 11:03:14.102338,841.5,639316.0,785967.0
2025-06-18 11:03:14.140465,841.5,639316.0,785967.0
2025-06-18 11:03:15.138679,841.5,639316.0,785967.0
2025-06-18 11:03:15.201886,841.2,638034.0,786132.0
2025-06-18 11:03:16.143329,841.35,638034.0,786132.0
2025-06-18 11:03:16.204769,841.35,637050.0,786048.0
2025-06-18 11:03:17.139825,841.4,637050.0,786048.0
2025-06-18 11:03:17.302011,841.4,638630.0,787536.0
2025-06-18 11:03:18.139187,841.35,638630.0,787536.0
2025-06-18 11:03:18.402591,841.25,637112.0,787419.0
2025-06-18 11:03:19.139783,841.45,637112.0,787419.0
2025-06-18 11:03:19.503421,841.35,637583.0,786850.0
2025-06-18 11:03:20.148043,841.45,637583.0,786850.0
2025-06-18 11:03:20.605200,841.45,636896.0,786903.0
2025-06-18 11:03:21.196986,841.45,636896.0,786903.0
2025-06-18 11:03:21.504406,841.3,636863.0,788000.0
2025-06-18 11:03:22.161506,841.3,636863.0,788000.0
2025-06-18 11:03:22.605446,841.3,637107.0,788678.0
2025-06-18 11:03:23.143710,841.2,637107.0,788678.0
2025-06-18 11:03:23.705589,841.2,637094.0,787751.0
2025-06-18 11:03:24.144613,841.2,637094.0,787751.0
2025-06-18 11:03:24.807893,841.2,635534.0,789166.0
2025-06-18 11:03:25.142207,841.2,635534.0,789166.0
2025-06-18 11:03:25.907236,841.3,635771.0,788378.0
2025-06-18 11:03:26.142862,841.3,635771.0,788378.0
2025-06-18 11:03:27.015091,841.15,636478.0,787580.0
2025-06-18 11:03:27.139658,841.15,636478.0,787580.0
2025-06-18 11:03:28.013933,841.15,636680.0,787966.0
2025-06-18 11:03:28.139562,841.15,636680.0,787966.0
2025-06-18 11:03:29.010363,841.3,636840.0,787645.0
2025-06-18 11:03:29.140819,841.3,636840.0,787645.0
2025-06-18 11:03:30.112794,841.05,636699.0,787024.0
2025-06-18 11:03:30.138802,841.05,636699.0,787024.0
2025-06-18 11:03:31.147111,841.3,636699.0,787024.0
2025-06-18 11:03:31.217405,841.3,637778.0,787638.0
2025-06-18 11:03:32.141893,841.2,637778.0,787638.0
2025-06-18 11:03:32.313644,841.2,637060.0,790402.0
2025-06-18 11:03:33.414622,841.2,638035.0,794051.0
2025-06-18 11:03:34.150977,841.3,638035.0,794051.0
2025-06-18 11:03:34.513884,841.3,638250.0,793881.0
2025-06-18 11:03:35.513016,841.3,638234.0,794079.0
2025-06-18 11:03:36.165999,841.35,638234.0,794079.0
2025-06-18 11:03:36.617112,841.4,638852.0,793871.0
2025-06-18 11:03:37.143088,841.4,638852.0,793871.0
2025-06-18 11:03:37.515159,841.4,638712.0,793948.0
2025-06-18 11:03:38.145264,841.4,638712.0,793948.0
2025-06-18 11:03:38.716554,841.4,643490.0,793604.0
2025-06-18 11:03:39.140692,841.35,643490.0,793604.0
2025-06-18 11:03:39.817518,841.35,643610.0,794029.0
2025-06-18 11:03:40.140741,841.35,643610.0,794029.0
2025-06-18 11:03:40.919117,841.4,644145.0,791908.0
2025-06-18 11:03:41.164963,841.2,644145.0,791908.0
2025-06-18 11:03:42.017297,841.4,643563.0,791642.0
2025-06-18 11:03:42.150039,841.4,643563.0,791642.0
2025-06-18 11:03:42.917495,841.15,643811.0,795312.0
2025-06-18 11:03:43.149557,841.45,643811.0,795312.0
2025-06-18 11:03:44.017593,841.1,643642.0,795898.0
2025-06-18 11:03:44.148536,841.15,643642.0,795898.0
2025-06-18 11:03:45.126982,841.15,644090.0,796140.0
2025-06-18 11:03:45.165226,841.1,644090.0,796140.0
2025-06-18 11:03:46.024707,841.1,644090.0,796140.0
2025-06-18 11:03:46.151493,841.1,644090.0,796140.0
2025-06-18 11:03:46.218888,841.1,642421.0,795429.0
2025-06-18 11:03:47.074964,841.1,642421.0,795429.0
2025-06-18 11:03:47.155473,841.1,642421.0,795429.0
2025-06-18 11:03:47.320122,841.0,633281.0,796827.0
2025-06-18 11:03:47.979081,841.0,633281.0,796827.0
2025-06-18 11:03:48.151004,841.5,633281.0,796827.0
2025-06-18 11:03:48.219484,841.5,638463.0,794450.0
2025-06-18 11:03:48.897961,841.5,638463.0,794450.0
2025-06-18 11:03:49.150404,841.2,638463.0,794450.0
2025-06-18 11:03:49.322076,841.2,640291.0,795562.0
2025-06-18 11:03:49.742277,841.2,640291.0,795562.0
2025-06-18 11:03:50.152289,841.0,640291.0,795562.0
2025-06-18 11:03:50.421500,841.0,638326.0,794943.0
2025-06-18 11:03:50.554273,841.0,638326.0,794943.0
2025-06-18 11:03:51.154427,841.15,638326.0,794943.0
2025-06-18 11:03:51.421525,841.15,637912.0,794867.0
2025-06-18 11:03:51.589124,841.15,637912.0,794867.0
2025-06-18 11:03:52.157351,841.45,637912.0,794867.0
2025-06-18 11:03:52.199865,841.45,637912.0,794867.0
2025-06-18 11:03:52.423965,841.2,639024.0,794787.0
2025-06-18 11:03:52.569633,841.2,639024.0,794787.0
2025-06-18 11:03:53.071186,841.2,639024.0,794787.0
2025-06-18 11:03:53.155073,841.45,639024.0,794787.0
2025-06-18 11:03:53.442273,841.45,639024.0,794787.0
2025-06-18 11:03:53.524566,841.15,638650.0,795187.0
2025-06-18 11:03:54.155962,841.5,638650.0,795187.0
2025-06-18 11:03:54.452730,841.5,638650.0,795187.0
2025-06-18 11:03:54.524165,841.5,639730.0,793540.0
2025-06-18 11:03:55.157275,841.15,639730.0,793540.0
2025-06-18 11:03:55.525262,841.5,639348.0,794035.0
2025-06-18 11:03:55.722451,841.5,639348.0,794035.0
2025-06-18 11:03:56.158076,841.4,639348.0,794035.0
2025-06-18 11:03:56.524854,841.4,638688.0,793696.0
2025-06-18 11:03:56.586027,841.4,638688.0,793696.0
2025-06-18 11:04:00.406489,841.2,638688.0,793696.0
2025-06-18 11:04:00.457376,841.2,638189.0,794502.0
2025-06-18 11:04:00.460798,841.45,638189.0,794502.0
2025-06-18 11:04:00.467894,841.45,638189.0,794502.0
2025-06-18 11:04:00.509690,841.45,639033.0,793192.0
2025-06-18 11:04:00.511002,841.5,639033.0,793192.0
2025-06-18 11:04:00.540320,841.5,639033.0,793192.0
2025-06-18 11:04:00.547063,841.35,638788.0,793304.0
2025-06-18 11:04:00.547842,841.4,638788.0,793304.0
2025-06-18 11:04:00.551544,841.4,638788.0,793304.0
2025-06-18 11:04:00.728813,841.45,638345.0,793340.0
2025-06-18 11:04:01.171351,841.45,638345.0,793340.0
2025-06-18 11:04:01.919601,841.45,638345.0,793340.0
2025-06-18 11:04:02.131520,841.45,640293.0,793716.0
2025-06-18 11:04:03.033129,841.5,640507.0,793540.0
2025-06-18 11:04:03.194214,841.5,640507.0,793540.0
2025-06-18 11:04:04.031460,841.2,640427.0,793636.0
2025-06-18 11:04:04.155340,841.2,640427.0,793636.0
2025-06-18 11:04:05.030273,841.5,641176.0,792092.0
2025-06-18 11:04:05.153787,841.2,641176.0,792092.0
2025-06-18 11:04:06.032075,841.25,642565.0,785902.0
2025-06-18 11:04:06.153307,841.25,642565.0,785902.0
2025-06-18 11:04:07.037126,841.25,639799.0,787056.0
2025-06-18 11:04:07.152144,841.4,639799.0,787056.0
2025-06-18 11:04:07.932536,841.2,640701.0,787380.0
2025-06-18 11:04:08.153836,841.25,640701.0,787380.0
2025-06-18 11:04:09.137528,841.25,641769.0,787216.0
2025-06-18 11:04:09.148610,841.25,641769.0,787216.0
2025-06-18 11:04:10.142174,841.25,641510.0,787160.0
2025-06-18 11:04:10.153832,841.25,641510.0,787160.0
2025-06-18 11:04:11.151655,841.3,641510.0,787160.0
2025-06-18 11:04:11.236837,841.3,641251.0,786594.0
2025-06-18 11:04:12.156655,841.25,641251.0,786594.0
2025-06-18 11:04:12.337583,841.25,641532.0,785651.0
2025-06-18 11:04:13.149950,841.2,641532.0,785651.0
2025-06-18 11:04:13.438464,841.2,641478.0,788329.0
2025-06-18 11:04:14.152119,841.45,641478.0,788329.0
2025-06-18 11:04:14.440948,841.45,640308.0,789894.0
2025-06-18 11:04:15.149162,841.1,640308.0,789894.0
2025-06-18 11:04:15.540065,841.2,636138.0,794361.0
2025-06-18 11:04:16.152498,841.05,636138.0,794361.0
2025-06-18 11:04:16.540442,841.05,638550.0,794535.0
2025-06-18 11:04:17.153676,841.0,638550.0,794535.0
2025-06-18 11:04:17.541633,841.05,635855.0,796919.0
2025-06-18 11:04:18.151313,840.85,635855.0,796919.0
2025-06-18 11:04:18.442174,841.05,635747.0,797051.0
2025-06-18 11:04:19.184891,840.85,635747.0,797051.0
2025-06-18 11:04:19.457729,840.5,630589.0,798397.0
2025-06-18 11:04:20.151589,840.8,630589.0,798397.0
2025-06-18 11:04:20.575613,840.7,636426.0,795645.0
2025-06-18 11:04:21.159457,840.7,636426.0,795645.0
2025-06-18 11:04:21.658263,840.7,633538.0,797972.0
2025-06-18 11:04:22.755160,840.7,632455.0,799010.0
2025-06-18 11:04:23.856937,840.7,633585.0,798016.0
2025-06-18 11:04:24.856356,840.9,634732.0,795392.0
2025-06-18 11:04:25.156309,841.0,634732.0,795392.0
2025-06-18 11:04:25.963578,841.0,634489.0,795390.0
2025-06-18 11:04:26.151482,841.0,634489.0,795390.0
2025-06-18 11:04:27.058409,841.0,633775.0,795235.0
2025-06-18 11:04:27.153022,841.0,633775.0,795235.0
2025-06-18 11:04:28.150412,841.0,633775.0,795235.0
2025-06-18 11:04:28.168046,841.0,633692.0,795363.0
2025-06-18 11:04:29.058380,841.0,634168.0,795597.0
2025-06-18 11:04:29.152344,841.0,634168.0,795597.0
2025-06-18 11:04:30.059189,841.0,633129.0,795664.0
2025-06-18 11:04:30.150659,840.8,633129.0,795664.0
2025-06-18 11:04:31.062453,840.8,632718.0,796151.0
2025-06-18 11:04:31.152419,840.8,632718.0,796151.0
2025-06-18 11:04:32.151932,840.9,632718.0,796151.0
2025-06-18 11:04:32.169793,840.9,633647.0,795887.0
2025-06-18 11:04:33.153608,840.9,633647.0,795887.0
2025-06-18 11:04:33.262571,840.9,632799.0,797656.0
2025-06-18 11:04:34.157997,840.7,632799.0,797656.0
2025-06-18 11:04:34.263776,840.75,632110.0,798922.0
2025-06-18 11:04:35.159422,840.75,632110.0,798922.0
2025-06-18 11:04:35.363037,840.75,633213.0,798019.0
2025-06-18 11:04:36.154629,840.75,633213.0,798019.0
2025-06-18 11:04:36.474393,840.75,633466.0,797353.0
2025-06-18 11:04:37.155402,840.85,633466.0,797353.0
2025-06-18 11:04:37.564499,840.8,634091.0,795801.0
2025-06-18 11:04:38.148707,840.8,634091.0,795801.0
2025-06-18 11:04:38.563934,840.55,633164.0,797544.0
2025-06-18 11:04:39.154212,840.9,633164.0,797544.0
2025-06-18 11:04:39.665097,840.9,634487.0,796042.0
2025-06-18 11:04:40.665640,840.9,634905.0,796670.0
2025-06-18 11:04:41.147180,840.8,634905.0,796670.0
2025-06-18 11:04:41.771854,840.7,633920.0,796895.0
2025-06-18 11:04:42.154831,840.7,633920.0,796895.0
2025-06-18 11:04:42.869384,840.8,633735.0,796756.0
2025-06-18 11:04:43.157673,840.8,633735.0,796756.0
2025-06-18 11:04:44.024465,840.9,633475.0,797049.0
2025-06-18 11:04:44.154721,840.9,633475.0,797049.0
2025-06-18 11:04:45.067243,840.7,633072.0,796720.0
2025-06-18 11:04:45.155666,840.7,633072.0,796720.0
2025-06-18 11:04:46.068954,840.7,633083.0,796542.0
2025-06-18 11:04:47.070150,840.75,634001.0,796975.0
2025-06-18 11:04:47.157795,840.7,634001.0,796975.0
2025-06-18 11:04:48.157516,840.7,634001.0,796975.0
2025-06-18 11:04:48.177601,840.7,634083.0,796853.0
2025-06-18 11:04:49.069601,840.7,633998.0,797000.0
2025-06-18 11:04:50.157000,840.7,633998.0,797000.0
2025-06-18 11:04:50.181361,840.7,633679.0,796785.0
2025-06-18 11:04:51.174845,840.7,633765.0,796726.0
2025-06-18 11:04:52.159914,840.8,633765.0,796726.0
2025-06-18 11:04:52.373416,840.5,633138.0,796478.0
2025-06-18 11:04:53.147613,840.7,633138.0,796478.0
2025-06-18 11:04:53.274740,840.7,632390.0,796538.0
2025-06-18 11:04:54.158075,840.7,632390.0,796538.0
2025-06-18 11:04:54.278427,840.55,632906.0,797089.0
2025-06-18 11:04:55.152397,840.7,632906.0,797089.0
2025-06-18 11:04:55.288889,840.7,633476.0,796194.0
2025-06-18 11:04:56.146676,840.8,633476.0,796194.0
2025-06-18 11:04:56.375832,840.8,633639.0,795021.0
2025-06-18 11:04:57.207705,840.7,633639.0,795021.0
2025-06-18 11:04:57.486435,840.8,632839.0,795414.0
2025-06-18 11:04:58.158374,840.7,632839.0,795414.0
2025-06-18 11:04:58.575966,840.7,632610.0,796296.0
2025-06-18 11:04:59.155840,840.7,632610.0,796296.0
2025-06-18 11:04:59.679483,840.6,630160.0,797146.0
2025-06-18 11:05:00.155335,840.6,630160.0,797146.0
2025-06-18 11:05:00.780756,840.8,632505.0,796059.0
2025-06-18 11:05:01.170251,840.6,632505.0,796059.0
2025-06-18 11:05:02.157664,840.8,632505.0,796059.0
2025-06-18 11:05:02.180314,840.8,631282.0,796256.0
2025-06-18 11:05:05.123317,840.5,631282.0,796256.0
2025-06-18 11:05:05.171440,840.5,631649.0,796423.0
2025-06-18 11:05:05.174481,840.5,631649.0,796423.0
2025-06-18 11:05:05.175922,840.5,631911.0,796577.0
2025-06-18 11:05:05.178265,840.5,631911.0,796577.0
2025-06-18 11:05:05.277909,840.9,633825.0,796655.0
2025-06-18 11:05:06.152640,840.9,633825.0,796655.0
2025-06-18 11:05:06.277700,840.9,633906.0,795934.0
2025-06-18 11:05:07.159721,840.7,633906.0,795934.0
2025-06-18 11:05:07.393772,840.7,631803.0,798227.0
2025-06-18 11:05:08.153562,840.55,631803.0,798227.0
2025-06-18 11:05:08.279343,840.55,634327.0,798122.0
2025-06-18 11:05:09.159542,840.7,634327.0,798122.0
2025-06-18 11:05:09.379936,840.4,632994.0,799035.0
2025-06-18 11:05:10.154459,840.55,632994.0,799035.0
2025-06-18 11:05:10.509416,840.55,631722.0,800786.0
2025-06-18 11:05:11.152276,840.45,631722.0,800786.0
2025-06-18 11:05:11.578761,840.2,628530.0,802557.0
2025-06-18 11:05:12.198029,840.25,628530.0,802557.0
2025-06-18 11:05:12.578592,840.25,626410.0,803263.0
2025-06-18 11:05:13.149949,840.15,626410.0,803263.0
2025-06-18 11:05:13.583676,840.1,624102.0,806261.0
2025-06-18 11:05:14.160608,840.1,624102.0,806261.0
2025-06-18 11:05:14.579582,840.1,624259.0,806090.0
2025-06-18 11:05:15.154100,840.05,624259.0,806090.0
2025-06-18 11:05:15.583964,839.95,606992.0,808809.0
2025-06-18 11:05:16.685861,839.85,606992.0,808809.0
2025-06-18 11:05:16.693326,839.85,607336.0,807521.0
2025-06-18 11:05:17.154092,839.95,607336.0,807521.0
2025-06-18 11:05:17.584796,839.75,602751.0,811680.0
2025-06-18 11:05:18.161494,839.75,602751.0,811680.0
2025-06-18 11:05:18.667929,839.85,602759.0,812333.0
2025-06-18 11:05:19.178946,839.55,602759.0,812333.0
2025-06-18 11:05:19.685344,839.55,601759.0,813258.0
2025-06-18 11:05:20.159887,839.65,601759.0,813258.0
2025-06-18 11:05:20.788060,839.55,601778.0,812236.0
2025-06-18 11:05:21.161942,839.5,601778.0,812236.0
2025-06-18 11:05:21.888154,839.6,596304.0,813569.0
2025-06-18 11:05:22.158227,839.55,596304.0,813569.0
2025-06-18 11:05:22.888473,839.95,596136.0,810401.0
2025-06-18 11:05:23.159908,839.55,596136.0,810401.0
2025-06-18 11:05:23.896817,839.4,593892.0,812124.0
2025-06-18 11:05:24.160235,839.4,593892.0,812124.0
2025-06-18 11:05:24.888593,839.5,594245.0,815079.0
2025-06-18 11:05:25.148360,839.4,594245.0,815079.0
2025-06-18 11:05:25.892090,839.4,593068.0,814245.0
2025-06-18 11:05:26.156945,839.4,593068.0,814245.0
2025-06-18 11:05:26.994632,839.25,592555.0,815836.0
2025-06-18 11:05:27.155089,839.25,592555.0,815836.0
2025-06-18 11:05:27.999291,839.25,590813.0,813608.0
2025-06-18 11:05:28.158735,839.25,590813.0,813608.0
2025-06-18 11:05:29.091697,839.25,590122.0,814018.0
2025-06-18 11:05:29.152437,839.25,590122.0,814018.0
2025-06-18 11:05:30.154359,839.25,590122.0,814018.0
2025-06-18 11:05:30.193870,839.25,574063.0,816901.0
2025-06-18 11:05:31.154346,839.0,574063.0,816901.0
2025-06-18 11:05:31.194769,839.0,568269.0,811332.0
2025-06-18 11:05:32.160126,839.35,568269.0,811332.0
2025-06-18 11:05:32.297632,839.2,576797.0,811748.0
2025-06-18 11:05:33.199277,838.8,576797.0,811748.0
2025-06-18 11:05:33.209019,838.8,577737.0,812877.0
2025-06-18 11:05:35.170908,839.0,577737.0,812877.0
2025-06-18 11:05:35.172608,838.8,576725.0,815336.0
2025-06-18 11:05:35.176244,839.1,576725.0,815336.0
2025-06-18 11:05:35.511856,838.9,576888.0,814768.0
2025-06-18 11:05:36.161118,839.2,576888.0,814768.0
2025-06-18 11:05:36.596595,839.2,577363.0,814094.0
2025-06-18 11:05:37.157890,839.2,577363.0,814094.0
2025-06-18 11:05:37.699285,839.1,577139.0,812193.0
2025-06-18 11:05:38.156941,839.2,577139.0,812193.0
2025-06-18 11:05:38.598191,839.0,577172.0,812473.0
2025-06-18 11:05:39.275522,839.0,577172.0,812473.0
2025-06-18 11:05:39.798622,839.2,577400.0,812530.0
2025-06-18 11:05:40.156514,839.2,577400.0,812530.0
2025-06-18 11:05:40.798008,839.0,577390.0,812603.0
2025-06-18 11:05:41.156086,839.0,577390.0,812603.0
2025-06-18 11:05:41.797309,839.1,578123.0,814336.0
2025-06-18 11:05:42.153886,838.8,578123.0,814336.0
2025-06-18 11:05:42.800580,839.3,582755.0,807748.0
2025-06-18 11:05:43.159295,839.3,582755.0,807748.0
2025-06-18 11:05:43.798735,839.45,584396.0,807910.0
2025-06-18 11:05:44.155136,839.45,584396.0,807910.0
2025-06-18 11:05:44.902628,839.3,586406.0,808869.0
2025-06-18 11:05:45.161043,839.35,586406.0,808869.0
2025-06-18 11:05:45.902006,839.4,585481.0,807882.0
2025-06-18 11:05:46.155619,839.35,585481.0,807882.0
2025-06-18 11:05:46.903278,839.35,585158.0,806163.0
2025-06-18 11:05:47.183578,839.6,585158.0,806163.0
2025-06-18 11:05:47.903225,839.7,587473.0,806251.0
2025-06-18 11:05:48.159421,839.35,587473.0,806251.0
2025-06-18 11:05:48.902138,839.35,588524.0,806336.0
2025-06-18 11:05:49.156446,839.35,588524.0,806336.0
2025-06-18 11:05:49.904490,839.7,588900.0,806868.0
2025-06-18 11:05:50.156452,839.7,588900.0,806868.0
2025-06-18 11:05:51.010330,839.35,590179.0,806762.0
2025-06-18 11:05:51.157248,839.35,590179.0,806762.0
2025-06-18 11:05:52.112692,839.65,590128.0,807001.0
2025-06-18 11:05:52.171959,839.65,590128.0,807001.0
2025-06-18 11:05:53.153509,839.35,590128.0,807001.0
2025-06-18 11:05:53.207460,839.35,589489.0,807318.0
2025-06-18 11:05:54.162943,839.35,589489.0,807318.0
2025-06-18 11:05:54.387336,839.35,589685.0,807071.0
2025-06-18 11:05:55.155592,839.35,589685.0,807071.0
2025-06-18 11:05:55.208886,839.35,590497.0,807568.0
2025-06-18 11:05:56.164983,839.7,590497.0,807568.0
2025-06-18 11:05:56.219417,839.7,591563.0,805456.0
2025-06-18 11:05:57.162094,839.4,591563.0,805456.0
2025-06-18 11:05:57.217654,839.4,590368.0,806849.0
2025-06-18 11:05:58.161145,839.35,590368.0,806849.0
2025-06-18 11:05:58.212437,839.35,592243.0,806440.0
2025-06-18 11:05:59.156485,839.8,592243.0,806440.0
2025-06-18 11:05:59.211821,839.8,593324.0,804765.0
2025-06-18 11:06:00.156543,839.4,593324.0,804765.0
2025-06-18 11:06:00.212369,839.4,592994.0,805665.0
2025-06-18 11:06:01.166416,839.4,592994.0,805665.0
2025-06-18 11:06:01.312594,839.4,593215.0,805461.0
2025-06-18 11:06:02.161547,839.4,593215.0,805461.0
2025-06-18 11:06:02.426639,839.4,598526.0,806134.0
2025-06-18 11:06:03.154736,839.4,598526.0,806134.0
2025-06-18 11:06:03.418395,839.5,597903.0,806304.0
2025-06-18 11:06:04.162328,839.4,597903.0,806304.0
2025-06-18 11:06:04.514816,839.4,597966.0,807249.0
2025-06-18 11:06:05.616043,839.5,598328.0,806787.0
2025-06-18 11:06:06.156588,839.5,598328.0,806787.0
2025-06-18 11:06:06.715817,839.6,599246.0,807506.0
2025-06-18 11:06:07.162610,839.7,599246.0,807506.0
2025-06-18 11:06:07.817306,839.45,600731.0,803841.0
2025-06-18 11:06:08.160753,839.45,600731.0,803841.0
2025-06-18 11:06:08.822622,839.65,601270.0,801758.0
2025-06-18 11:06:09.160064,839.65,601270.0,801758.0
2025-06-18 11:06:09.817631,839.4,601619.0,801894.0
2025-06-18 11:06:10.197133,839.4,601619.0,801894.0
2025-06-18 11:06:10.821004,839.7,601944.0,801137.0
2025-06-18 11:06:11.198620,839.5,601944.0,801137.0
2025-06-18 11:06:11.817844,839.4,596795.0,802787.0
2025-06-18 11:06:12.163681,839.55,596795.0,802787.0
2025-06-18 11:06:12.917571,839.35,598265.0,802621.0
2025-06-18 11:06:13.167529,839.6,598265.0,802621.0
2025-06-18 11:06:13.921377,839.5,601026.0,799894.0
2025-06-18 11:06:14.160206,839.65,601026.0,799894.0
2025-06-18 11:06:15.037341,839.45,600445.0,800322.0
2025-06-18 11:06:15.163499,839.45,600445.0,800322.0
2025-06-18 11:06:16.120615,839.4,601325.0,800008.0
2025-06-18 11:06:16.153117,839.4,601325.0,800008.0
2025-06-18 11:06:17.120752,839.45,601427.0,802650.0
2025-06-18 11:06:17.160468,839.45,601427.0,802650.0
2025-06-18 11:06:18.122246,839.5,600510.0,802641.0
2025-06-18 11:06:18.162725,839.5,600510.0,802641.0
2025-06-18 11:06:19.122495,839.5,600908.0,800999.0
2025-06-18 11:06:19.153761,839.5,600908.0,800999.0
2025-06-18 11:06:20.122804,839.55,600819.0,801848.0
2025-06-18 11:06:20.156284,839.5,600819.0,801848.0
2025-06-18 11:06:21.157193,839.65,600819.0,801848.0
2025-06-18 11:06:21.223898,839.65,599695.0,801175.0
2025-06-18 11:06:22.159328,839.35,599695.0,801175.0
2025-06-18 11:06:22.222819,839.35,599204.0,802695.0
2025-06-18 11:06:23.163335,839.6,599204.0,802695.0
2025-06-18 11:06:23.226107,839.6,599544.0,800906.0
2025-06-18 11:06:24.162179,839.2,599544.0,800906.0
2025-06-18 11:06:24.236513,839.55,598493.0,798926.0
2025-06-18 11:06:25.159345,839.55,598493.0,798926.0
2025-06-18 11:06:25.225584,839.55,600488.0,799001.0
2025-06-18 11:06:26.213540,839.6,600488.0,799001.0
2025-06-18 11:06:26.325609,839.6,603711.0,799447.0
2025-06-18 11:06:27.158371,839.35,603711.0,799447.0
2025-06-18 11:06:27.427453,839.5,597748.0,800797.0
2025-06-18 11:06:28.162377,839.55,597748.0,800797.0
2025-06-18 11:06:28.325912,839.55,602830.0,800187.0
2025-06-18 11:06:29.157263,839.55,602830.0,800187.0
2025-06-18 11:06:29.428062,839.45,603071.0,800008.0
2025-06-18 11:06:30.161261,839.4,603071.0,800008.0
2025-06-18 11:06:30.532830,839.45,602554.0,802939.0
2025-06-18 11:06:31.165083,839.3,602554.0,802939.0
2025-06-18 11:06:31.531048,839.3,602374.0,804601.0
2025-06-18 11:06:32.165133,839.4,602374.0,804601.0
2025-06-18 11:06:32.632098,839.5,600453.0,802343.0
2025-06-18 11:06:33.163441,839.2,600453.0,802343.0
2025-06-18 11:06:33.533427,839.35,599834.0,805955.0
2025-06-18 11:06:34.225812,839.35,599834.0,805955.0
2025-06-18 11:06:34.639134,839.05,599595.0,804405.0
2025-06-18 11:06:35.163413,838.7,599595.0,804405.0
2025-06-18 11:06:35.736373,838.5,567006.0,812536.0
2025-06-18 11:06:36.166153,838.5,567006.0,812536.0
2025-06-18 11:06:36.836786,838.55,567692.0,813902.0
2025-06-18 11:06:37.158990,838.55,567692.0,813902.0
2025-06-18 11:06:37.736945,838.7,570672.0,814023.0
2025-06-18 11:06:38.157071,838.65,570672.0,814023.0
2025-06-18 11:06:38.741354,838.55,566231.0,814415.0
2025-06-18 11:06:39.166907,838.5,566231.0,814415.0
2025-06-18 11:06:39.738252,838.7,565607.0,810654.0
2025-06-18 11:06:40.166200,838.7,565607.0,810654.0
2025-06-18 11:06:40.752794,838.5,571778.0,805724.0
2025-06-18 11:06:41.160722,838.75,571778.0,805724.0
2025-06-18 11:06:41.738836,838.5,570243.0,806573.0
2025-06-18 11:06:42.156811,838.8,570243.0,806573.0
2025-06-18 11:06:42.737777,838.45,577349.0,806079.0
2025-06-18 11:06:43.159251,838.45,577349.0,806079.0
2025-06-18 11:06:43.740357,838.8,578323.0,805923.0
2025-06-18 11:06:44.160116,838.55,578323.0,805923.0
2025-06-18 11:06:44.757418,838.8,579910.0,803948.0
2025-06-18 11:06:45.157982,838.65,579910.0,803948.0
2025-06-18 11:06:45.739745,838.65,580759.0,804732.0
2025-06-18 11:06:46.161588,838.65,580759.0,804732.0
2025-06-18 11:06:46.719835,838.65,580759.0,804732.0
2025-06-18 11:06:46.766134,838.8,583108.0,803396.0
2025-06-18 11:06:47.165210,838.85,583108.0,803396.0
2025-06-18 11:06:47.614077,838.85,583108.0,803396.0
2025-06-18 11:06:47.741699,838.8,582738.0,803961.0
2025-06-18 11:06:48.163102,839.15,582738.0,803961.0
2025-06-18 11:06:48.552420,839.15,582738.0,803961.0
2025-06-18 11:06:48.745644,838.55,579890.0,807647.0
2025-06-18 11:06:49.162286,839.05,579890.0,807647.0
2025-06-18 11:06:49.767103,839.05,579890.0,807647.0
2025-06-18 11:06:49.808123,838.6,581041.0,807894.0
2025-06-18 11:06:50.160839,838.65,581041.0,807894.0
2025-06-18 11:06:50.288059,838.65,581041.0,807894.0
2025-06-18 11:06:50.742153,838.65,588933.0,806732.0
2025-06-18 11:06:51.053156,838.65,588933.0,806732.0
2025-06-18 11:06:51.155383,839.0,588933.0,806732.0
2025-06-18 11:06:51.742995,839.2,589185.0,805267.0
2025-06-18 11:06:52.039048,839.2,589185.0,805267.0
2025-06-18 11:06:52.166774,839.1,589185.0,805267.0
2025-06-18 11:06:52.603324,839.1,589185.0,805267.0
2025-06-18 11:06:52.746273,839.2,590520.0,805773.0
2025-06-18 11:06:53.011111,839.2,590520.0,805773.0
2025-06-18 11:06:53.160495,838.8,590520.0,805773.0
2025-06-18 11:06:53.558660,838.8,590520.0,805773.0
2025-06-18 11:06:53.746245,838.65,589657.0,808195.0
2025-06-18 11:06:53.866241,838.65,589657.0,808195.0
2025-06-18 11:06:54.186105,838.65,589657.0,808195.0
2025-06-18 11:06:54.742988,838.65,589657.0,808195.0
2025-06-18 11:06:54.764123,838.95,590060.0,808202.0
2025-06-18 11:06:55.161053,838.95,590060.0,808202.0
2025-06-18 11:06:55.656478,838.65,590205.0,807857.0
2025-06-18 11:06:56.200753,838.8,590205.0,807857.0
2025-06-18 11:06:56.242162,838.8,590205.0,807857.0
2025-06-18 11:06:56.651454,838.65,591647.0,807455.0
2025-06-18 11:06:57.113871,838.65,591647.0,807455.0
2025-06-18 11:06:57.158641,838.8,591647.0,807455.0
2025-06-18 11:06:57.547439,838.8,590923.0,808983.0
2025-06-18 11:06:58.334829,838.95,590923.0,808983.0
2025-06-18 11:06:58.517008,838.95,590923.0,808983.0
2025-06-18 11:06:58.654667,838.65,589614.0,811775.0
2025-06-18 11:06:59.156965,838.65,589614.0,811775.0
2025-06-18 11:06:59.652664,838.95,590189.0,815544.0
2025-06-18 11:06:59.661412,838.95,590189.0,815544.0
2025-06-18 11:07:00.155584,838.75,590189.0,815544.0
2025-06-18 11:07:00.655072,838.75,591419.0,813765.0
2025-06-18 11:07:00.818210,838.75,591419.0,813765.0
2025-06-18 11:07:01.161146,838.8,591419.0,813765.0
2025-06-18 11:07:01.949426,838.8,592187.0,815244.0
2025-06-18 11:07:02.158449,839.0,592187.0,815244.0
2025-06-18 11:07:02.287023,839.0,592187.0,815244.0
2025-06-18 11:07:03.055833,838.8,591909.0,816046.0
2025-06-18 11:07:03.155907,838.8,591909.0,816046.0
2025-06-18 11:07:05.077438,838.8,592538.0,815641.0
2025-06-18 11:07:05.078913,838.8,592538.0,815641.0
2025-06-18 11:07:05.168423,838.95,593649.0,816304.0
2025-06-18 11:07:05.169095,838.95,593649.0,816304.0
2025-06-18 11:07:06.159398,838.85,588129.0,819378.0
2025-06-18 11:07:06.160427,838.85,588129.0,819378.0
2025-06-18 11:07:07.157432,838.85,588129.0,819378.0
2025-06-18 11:07:07.159042,838.85,589758.0,819203.0
2025-06-18 11:07:10.482304,838.65,589758.0,819203.0
2025-06-18 11:07:10.485461,838.65,590419.0,820556.0
2025-06-18 11:07:10.529555,838.65,590419.0,820556.0
2025-06-18 11:07:10.533177,838.65,591283.0,819583.0
2025-06-18 11:07:10.573541,838.65,591283.0,819583.0
2025-06-18 11:07:10.578161,838.65,591100.0,820891.0
2025-06-18 11:07:11.162874,838.65,591100.0,820891.0
2025-06-18 11:07:11.169931,838.65,590742.0,821940.0
2025-06-18 11:07:12.162855,838.65,590742.0,821940.0
2025-06-18 11:07:12.172823,838.65,591356.0,819748.0
2025-06-18 11:07:13.062080,838.9,591154.0,820069.0
2025-06-18 11:07:13.158840,838.9,591154.0,820069.0
2025-06-18 11:07:14.158920,838.85,591154.0,820069.0
2025-06-18 11:07:14.169248,838.85,591110.0,820539.0
2025-06-18 11:07:15.161081,838.6,591110.0,820539.0
2025-06-18 11:07:15.163133,838.6,591590.0,821156.0
2025-06-18 11:07:16.162988,838.6,591590.0,821156.0
2025-06-18 11:07:16.176300,838.6,590745.0,823612.0
2025-06-18 11:07:17.161082,838.75,590745.0,823612.0
2025-06-18 11:07:17.259104,838.75,589754.0,823491.0
2025-06-18 11:07:18.163323,838.75,589754.0,823491.0
2025-06-18 11:07:18.360073,838.75,589990.0,823554.0
2025-06-18 11:07:19.162094,838.75,589990.0,823554.0
2025-06-18 11:07:19.267424,838.6,593927.0,823960.0
2025-06-18 11:07:20.159704,838.75,593927.0,823960.0
2025-06-18 11:07:20.259720,838.75,594557.0,822891.0
2025-06-18 11:07:21.164765,838.65,594557.0,822891.0
2025-06-18 11:07:21.260199,838.65,593725.0,824433.0
2025-06-18 11:07:22.198300,838.8,593725.0,824433.0
2025-06-18 11:07:22.259971,838.8,594208.0,823497.0
2025-06-18 11:07:23.161387,838.6,594208.0,823497.0
2025-06-18 11:07:23.362388,838.6,594199.0,824348.0
2025-06-18 11:07:24.161022,838.9,594199.0,824348.0
2025-06-18 11:07:24.368106,838.95,595722.0,822370.0
2025-06-18 11:07:25.161088,838.65,595722.0,822370.0
2025-06-18 11:07:25.461451,838.65,595754.0,822949.0
2025-06-18 11:07:26.218167,838.65,595754.0,822949.0
2025-06-18 11:07:26.562280,838.8,600029.0,823030.0
2025-06-18 11:07:27.168869,838.65,600029.0,823030.0
2025-06-18 11:07:27.671923,838.15,573792.0,830150.0
2025-06-18 11:07:28.164549,838.55,573792.0,830150.0
2025-06-18 11:07:28.671303,838.55,576764.0,821464.0
2025-06-18 11:07:29.675428,838.3,576012.0,824166.0
2025-06-18 11:07:30.192117,838.4,576012.0,824166.0
2025-06-18 11:07:30.763764,838.15,575956.0,824724.0
2025-06-18 11:07:31.168359,838.15,575956.0,824724.0
2025-06-18 11:07:31.764465,838.1,573016.0,827382.0
2025-06-18 11:07:32.176386,838.2,573016.0,827382.0
2025-06-18 11:07:32.762914,838.0,562037.0,828734.0
2025-06-18 11:07:33.167787,838.0,562037.0,828734.0
2025-06-18 11:07:33.669168,838.2,559864.0,828213.0
2025-06-18 11:07:34.160855,838.2,559864.0,828213.0
2025-06-18 11:07:34.667476,838.0,558181.0,828369.0
2025-06-18 11:07:35.162542,837.9,558181.0,828369.0
2025-06-18 11:07:35.670466,837.6,542459.0,828000.0
2025-06-18 11:07:36.160849,837.6,542459.0,828000.0
2025-06-18 11:07:36.668248,838.0,542558.0,828270.0
2025-06-18 11:07:37.161305,837.6,542558.0,828270.0
2025-06-18 11:07:37.670087,837.5,538635.0,830248.0
2025-06-18 11:07:38.163930,837.6,538635.0,830248.0
2025-06-18 11:07:38.676865,837.5,538424.0,831089.0
2025-06-18 11:07:39.204347,837.35,538424.0,831089.0
2025-06-18 11:07:39.680583,837.4,534237.0,829031.0
2025-06-18 11:07:40.199007,837.4,534237.0,829031.0
2025-06-18 11:07:40.770272,837.4,535260.0,830042.0
2025-06-18 11:07:41.166906,837.3,535260.0,830042.0
2025-06-18 11:07:41.877230,837.3,533377.0,834057.0
2025-06-18 11:07:42.168340,837.45,533377.0,834057.0
2025-06-18 11:07:42.872536,837.2,532896.0,831762.0
2025-06-18 11:07:43.167721,837.25,532896.0,831762.0
2025-06-18 11:07:44.755386,837.15,530553.0,832433.0
2025-06-18 11:07:44.791412,837.2,530553.0,832433.0
2025-06-18 11:07:45.075846,837.35,534606.0,828868.0
2025-06-18 11:07:45.167723,837.35,534606.0,828868.0
2025-06-18 11:07:46.169881,837.25,534606.0,828868.0
2025-06-18 11:07:46.183234,837.25,533512.0,827350.0
2025-06-18 11:07:47.172583,837.35,533512.0,827350.0
2025-06-18 11:07:47.186060,837.35,536688.0,826183.0
2025-06-18 11:07:48.166106,837.2,536688.0,826183.0
2025-06-18 11:07:48.177407,837.2,534883.0,823523.0
2025-06-18 11:07:49.163496,837.25,534883.0,823523.0
2025-06-18 11:07:49.181910,837.25,536522.0,820389.0
2025-06-18 11:07:50.168471,837.35,536522.0,820389.0
2025-06-18 11:07:50.274503,837.7,541439.0,817413.0
2025-06-18 11:07:51.172107,837.4,541439.0,817413.0
2025-06-18 11:07:51.275752,837.4,541990.0,818579.0
2025-06-18 11:07:52.171785,837.35,541990.0,818579.0
2025-06-18 11:07:52.374515,837.35,538536.0,820663.0
2025-06-18 11:07:53.165718,837.55,538536.0,820663.0
2025-06-18 11:07:53.374552,837.55,539662.0,820739.0
2025-06-18 11:07:54.163635,837.65,539662.0,820739.0
2025-06-18 11:07:55.123517,837.6,540339.0,817687.0
2025-06-18 11:07:55.162587,837.25,540339.0,817687.0
2025-06-18 11:07:55.478864,837.25,539486.0,821143.0
2025-06-18 11:07:56.173763,837.3,539486.0,821143.0
2025-06-18 11:07:56.477686,837.25,538610.0,821442.0
2025-06-18 11:07:57.165754,837.25,538610.0,821442.0
2025-06-18 11:07:57.479798,837.25,539643.0,823289.0
2025-06-18 11:07:58.175719,837.25,539643.0,823289.0
2025-06-18 11:07:58.576149,837.25,540943.0,823049.0
2025-06-18 11:07:59.168024,837.25,540943.0,823049.0
2025-06-18 11:07:59.481391,837.5,540204.0,822276.0
2025-06-18 11:08:00.434741,837.25,540204.0,822276.0
2025-06-18 11:08:00.481569,837.55,541468.0,821837.0
2025-06-18 11:08:02.076624,837.25,542058.0,823085.0
2025-06-18 11:08:02.189941,837.25,542058.0,823085.0
2025-06-18 11:08:03.083824,837.7,544513.0,819434.0
2025-06-18 11:08:03.167027,837.7,544513.0,819434.0
2025-06-18 11:08:04.080021,837.5,543354.0,822367.0
2025-06-18 11:08:04.171977,837.5,543354.0,822367.0
2025-06-18 11:08:05.183598,837.6,543354.0,822367.0
2025-06-18 11:08:05.191752,837.55,543358.0,819988.0
2025-06-18 11:08:06.163437,837.6,543358.0,819988.0
2025-06-18 11:08:06.184348,837.6,542309.0,819867.0
2025-06-18 11:08:07.169053,837.25,542309.0,819867.0
2025-06-18 11:08:07.281582,837.3,542733.0,821869.0
2025-06-18 11:08:08.168778,837.25,542733.0,821869.0
2025-06-18 11:08:08.385281,837.2,540699.0,822192.0
2025-06-18 11:08:09.221843,837.45,540699.0,822192.0
2025-06-18 11:08:09.494574,837.4,543117.0,819496.0
2025-06-18 11:08:10.176327,837.7,543117.0,819496.0
2025-06-18 11:08:10.518196,837.7,542972.0,819806.0
2025-06-18 11:08:11.168731,837.55,542972.0,819806.0
2025-06-18 11:08:12.205235,837.55,544261.0,819597.0
2025-06-18 11:08:12.687340,837.55,544552.0,819506.0
2025-06-18 11:08:13.166562,837.7,544552.0,819506.0
2025-06-18 11:08:13.591740,837.35,545364.0,819235.0
2025-06-18 11:08:14.174734,837.7,545364.0,819235.0
2025-06-18 11:08:15.123344,837.55,547175.0,816733.0
2025-06-18 11:08:15.193430,837.55,547175.0,816733.0
2025-06-18 11:08:15.388728,837.85,547576.0,810521.0
2025-06-18 11:08:16.174992,837.5,547576.0,810521.0
2025-06-18 11:08:16.501889,837.55,549846.0,813723.0
2025-06-18 11:08:20.438778,837.7,549846.0,813723.0
2025-06-18 11:08:20.486094,837.55,548121.0,813494.0
2025-06-18 11:08:20.493396,837.55,548121.0,813494.0
2025-06-18 11:08:20.500659,837.6,549121.0,811322.0
2025-06-18 11:08:20.527961,837.85,549121.0,811322.0
2025-06-18 11:08:20.534425,837.95,549849.0,811255.0
2025-06-18 11:08:20.535949,838.0,549849.0,811255.0
2025-06-18 11:08:20.792210,837.85,547528.0,806415.0
2025-06-18 11:08:21.175309,837.65,547528.0,806415.0
2025-06-18 11:08:21.893569,837.65,547855.0,805648.0
2025-06-18 11:08:22.166193,837.65,547855.0,805648.0
2025-06-18 11:08:23.006534,838.0,548376.0,805076.0
2025-06-18 11:08:23.172239,838.0,548376.0,805076.0
2025-06-18 11:08:24.096155,837.7,549043.0,804718.0
2025-06-18 11:08:24.167605,837.7,549043.0,804718.0
2025-06-18 11:08:25.163583,838.0,549043.0,804718.0
2025-06-18 11:08:25.194858,838.0,552778.0,805185.0
2025-06-18 11:08:26.164561,837.95,552778.0,805185.0
2025-06-18 11:08:26.198582,837.95,558956.0,803122.0
2025-06-18 11:08:27.166092,838.2,558956.0,803122.0
2025-06-18 11:08:27.198350,838.2,572539.0,796639.0
2025-06-18 11:08:28.168152,838.15,572539.0,796639.0
2025-06-18 11:08:28.200063,838.15,571949.0,798049.0
2025-06-18 11:08:29.166104,838.2,571949.0,798049.0
2025-06-18 11:08:29.199044,838.2,574218.0,796941.0
2025-06-18 11:08:30.167579,838.3,574218.0,796941.0
2025-06-18 11:08:30.204378,838.3,572255.0,795780.0
2025-06-18 11:08:31.104617,838.15,571636.0,797417.0
2025-06-18 11:08:31.173207,838.15,571636.0,797417.0
2025-06-18 11:08:32.103128,838.55,574726.0,795126.0
2025-06-18 11:08:32.167543,838.3,574726.0,795126.0
2025-06-18 11:08:33.169820,838.3,574726.0,795126.0
2025-06-18 11:08:33.204732,838.3,560583.0,795486.0
2025-06-18 11:08:34.164331,838.35,560583.0,795486.0
2025-06-18 11:08:34.304856,838.5,562151.0,791852.0
2025-06-18 11:08:35.164810,838.45,562151.0,791852.0
2025-06-18 11:08:35.405692,838.5,562630.0,792647.0
2025-06-18 11:08:36.167299,838.5,562630.0,792647.0
2025-06-18 11:08:36.406466,838.5,562677.0,792570.0
2025-06-18 11:08:37.166602,838.5,562677.0,792570.0
2025-06-18 11:08:37.407197,838.5,565043.0,792520.0
2025-06-18 11:08:38.167073,838.4,565043.0,792520.0
2025-06-18 11:08:38.406960,838.8,565999.0,791495.0
2025-06-18 11:08:39.168304,838.65,565999.0,791495.0
2025-06-18 11:08:39.406556,838.5,564647.0,793200.0
2025-06-18 11:08:40.174273,838.4,564647.0,793200.0
2025-06-18 11:08:40.516809,838.5,564915.0,792617.0
2025-06-18 11:08:41.166625,838.4,564915.0,792617.0
2025-06-18 11:08:41.609169,838.6,561966.0,794831.0
2025-06-18 11:08:42.173430,838.4,561966.0,794831.0
2025-06-18 11:08:42.608547,838.4,563289.0,795264.0
2025-06-18 11:08:43.166901,838.35,563289.0,795264.0
2025-06-18 11:08:43.711789,838.35,562741.0,794786.0
2025-06-18 11:08:44.171372,838.4,562741.0,794786.0
2025-06-18 11:08:44.708260,838.4,563356.0,794016.0
2025-06-18 11:08:45.175090,838.45,563356.0,794016.0
2025-06-18 11:08:45.810730,838.5,565428.0,793417.0
2025-06-18 11:08:46.196816,838.7,565428.0,793417.0
2025-06-18 11:08:46.910257,838.45,565943.0,790549.0
2025-06-18 11:08:47.167490,838.9,565943.0,790549.0
2025-06-18 11:08:47.909122,838.7,568128.0,781565.0
2025-06-18 11:08:48.166678,838.7,568128.0,781565.0
2025-06-18 11:08:48.909995,838.65,566924.0,783197.0
2025-06-18 11:08:49.170725,838.6,566924.0,783197.0
2025-06-18 11:08:49.909615,838.9,569323.0,782264.0
2025-06-18 11:08:50.167181,838.55,569323.0,782264.0
2025-06-18 11:08:51.024314,838.9,569816.0,781607.0
2025-06-18 11:08:51.198286,838.9,569816.0,781607.0
2025-06-18 11:08:52.111149,838.9,570420.0,782182.0
2025-06-18 11:08:52.166116,838.9,570420.0,782182.0
2025-06-18 11:08:53.111562,839.2,571056.0,782010.0
2025-06-18 11:08:53.168880,839.2,571056.0,782010.0
2025-06-18 11:08:54.120146,838.8,570153.0,783485.0
2025-06-18 11:08:54.168699,839.2,570153.0,783485.0
2025-06-18 11:08:55.111927,839.15,571778.0,783860.0
2025-06-18 11:08:55.165512,839.15,571778.0,783860.0
2025-06-18 11:08:56.112557,838.9,572291.0,784213.0
2025-06-18 11:08:56.171549,838.9,572291.0,784213.0
2025-06-18 11:08:57.113070,839.35,574349.0,780443.0
2025-06-18 11:08:57.166156,839.35,574349.0,780443.0
2025-06-18 11:08:58.118571,839.0,574268.0,780899.0
2025-06-18 11:08:58.165305,839.0,574268.0,780899.0
2025-06-18 11:08:59.174706,839.05,574268.0,780899.0
2025-06-18 11:08:59.215904,839.1,575597.0,779922.0
2025-06-18 11:09:00.166741,839.1,575597.0,779922.0
2025-06-18 11:09:00.315509,839.05,575339.0,782591.0
2025-06-18 11:09:01.419435,839.3,575316.0,782372.0
2025-06-18 11:09:02.206212,839.3,575316.0,782372.0
2025-06-18 11:09:02.314044,839.35,577941.0,781098.0
2025-06-18 11:09:03.177216,839.05,577941.0,781098.0
2025-06-18 11:09:03.317722,839.05,584399.0,782893.0
2025-06-18 11:09:04.170344,839.25,584399.0,782893.0
2025-06-18 11:09:04.215596,839.25,584646.0,782143.0
2025-06-18 11:09:05.168008,839.0,584646.0,782143.0
2025-06-18 11:09:05.321937,839.25,583662.0,783746.0
2025-06-18 11:09:06.163080,839.0,583662.0,783746.0
2025-06-18 11:09:06.218200,839.0,583905.0,784452.0
2025-06-18 11:09:07.119862,839.1,591436.0,784183.0
2025-06-18 11:09:07.164615,839.1,591436.0,784183.0
2025-06-18 11:09:08.120325,839.05,590807.0,786876.0
2025-06-18 11:09:08.165282,839.05,590807.0,786876.0
2025-06-18 11:09:09.027048,839.05,591319.0,785495.0
2025-06-18 11:09:09.163268,839.05,591319.0,785495.0
2025-06-18 11:09:09.920628,839.2,594868.0,781042.0
2025-06-18 11:09:10.169401,839.15,594868.0,781042.0
2025-06-18 11:09:10.921008,839.25,593246.0,782116.0
2025-06-18 11:09:11.163437,839.25,593246.0,782116.0
2025-06-18 11:09:11.921273,839.0,592782.0,781944.0
2025-06-18 11:09:12.163988,839.15,592782.0,781944.0
2025-06-18 11:09:14.301945,839.05,594020.0,779738.0
2025-06-18 11:09:14.304494,839.05,594020.0,779738.0
2025-06-18 11:09:14.312087,839.05,594017.0,782702.0
2025-06-18 11:09:14.343504,839.05,594017.0,782702.0
2025-06-18 11:09:15.029383,839.0,594592.0,784566.0
2025-06-18 11:09:15.170577,839.0,594592.0,784566.0
2025-06-18 11:09:16.122292,838.9,590280.0,790950.0
2025-06-18 11:09:16.163776,838.9,590280.0,790950.0
2025-06-18 11:09:17.165630,838.75,590280.0,790950.0
2025-06-18 11:09:17.222895,838.75,589127.0,789017.0
2025-06-18 11:09:18.828214,838.65,589127.0,789017.0
2025-06-18 11:09:18.876828,838.65,594336.0,789653.0
2025-06-18 11:09:19.163309,839.15,594336.0,789653.0
2025-06-18 11:09:19.223895,839.15,594221.0,788807.0
2025-06-18 11:09:20.195338,839.25,594221.0,788807.0
2025-06-18 11:09:20.224203,839.25,594520.0,786644.0
2025-06-18 11:09:21.167110,838.75,594520.0,786644.0
2025-06-18 11:09:21.224704,838.75,593300.0,788527.0
2025-06-18 11:09:22.162949,838.95,593300.0,788527.0
2025-06-18 11:09:22.232950,838.95,592638.0,787779.0
2025-06-18 11:09:23.169995,839.0,592638.0,787779.0
2025-06-18 11:09:23.225910,839.0,593055.0,787114.0
2025-06-18 11:09:24.130538,838.7,592484.0,790868.0
2025-06-18 11:09:24.169431,838.7,592484.0,790868.0
2025-06-18 11:09:25.127072,838.75,590284.0,790596.0
2025-06-18 11:09:25.170119,838.75,590284.0,790596.0
2025-06-18 11:09:26.128041,838.7,589270.0,791893.0
2025-06-18 11:09:26.172196,838.7,589270.0,791893.0
2025-06-18 11:09:27.162714,838.65,589270.0,791893.0
2025-06-18 11:09:27.229138,838.4,586508.0,796889.0
2025-06-18 11:09:28.170921,838.6,586508.0,796889.0
2025-06-18 11:09:28.329281,838.6,587084.0,795836.0
2025-06-18 11:09:29.172697,838.35,587084.0,795836.0
2025-06-18 11:09:29.329254,838.35,587130.0,796043.0
2025-06-18 11:09:30.174435,838.35,587130.0,796043.0
2025-06-18 11:09:30.433580,838.6,586131.0,798093.0
2025-06-18 11:09:31.166079,838.55,586131.0,798093.0
2025-06-18 11:09:31.530483,838.5,585819.0,797335.0
2025-06-18 11:09:32.174843,838.55,585819.0,797335.0
2025-06-18 11:09:32.529775,838.55,586722.0,798917.0
2025-06-18 11:09:33.171716,838.6,586722.0,798917.0
2025-06-18 11:09:33.532491,838.35,585757.0,801463.0
2025-06-18 11:09:34.170297,838.35,585757.0,801463.0
2025-06-18 11:09:34.637499,838.35,585197.0,802849.0
2025-06-18 11:09:35.165551,838.25,585197.0,802849.0
2025-06-18 11:09:35.736666,838.25,583274.0,803594.0
2025-06-18 11:09:36.168839,838.25,583274.0,803594.0
2025-06-18 11:09:36.838849,838.2,584187.0,795920.0
2025-06-18 11:09:37.171675,838.2,584187.0,795920.0
2025-06-18 11:09:37.936657,838.15,585752.0,799348.0
2025-06-18 11:09:38.179325,838.15,585752.0,799348.0
2025-06-18 11:09:39.848180,838.7,592248.0,795647.0
2025-06-18 11:09:39.894046,838.7,592248.0,795647.0
2025-06-18 11:09:39.936104,838.8,591087.0,796228.0
2025-06-18 11:09:40.167168,838.8,591087.0,796228.0
2025-06-18 11:09:41.037731,838.55,595286.0,794452.0
2025-06-18 11:09:41.167118,838.55,595286.0,794452.0
2025-06-18 11:09:42.039631,838.55,596287.0,794187.0
2025-06-18 11:09:42.172536,838.55,596287.0,794187.0
2025-06-18 11:09:43.110052,838.55,596274.0,794561.0
2025-06-18 11:09:44.146105,838.7,596433.0,794006.0
2025-06-18 11:09:44.185212,838.7,596433.0,794006.0
2025-06-18 11:09:45.144364,838.65,598243.0,791203.0
2025-06-18 11:09:45.170100,838.65,598243.0,791203.0
2025-06-18 11:09:46.150538,838.65,598158.0,792497.0
2025-06-18 11:09:46.249634,838.65,598158.0,792497.0
2025-06-18 11:09:47.138006,838.65,598158.0,792497.0
2025-06-18 11:09:47.191525,838.8,598820.0,791522.0
2025-06-18 11:09:47.192930,838.8,598820.0,791522.0
2025-06-18 11:09:48.145188,838.8,599887.0,791625.0
2025-06-18 11:09:48.166761,838.8,599887.0,791625.0
2025-06-18 11:09:48.251235,838.8,599887.0,791625.0
2025-06-18 11:09:49.102434,838.8,599887.0,791625.0
2025-06-18 11:09:49.171106,838.7,599887.0,791625.0
2025-06-18 11:09:49.240817,838.7,601397.0,791848.0
2025-06-18 11:09:50.026613,838.7,601397.0,791848.0
2025-06-18 11:09:50.169278,838.7,601397.0,791848.0
2025-06-18 11:09:50.341726,838.7,600403.0,792340.0
2025-06-18 11:09:50.863457,838.7,600403.0,792340.0
2025-06-18 11:09:51.167396,838.65,600403.0,792340.0
2025-06-18 11:09:51.342773,838.65,600641.0,792267.0
2025-06-18 11:09:51.637037,838.65,600641.0,792267.0
2025-06-18 11:09:52.173352,838.8,600641.0,792267.0
2025-06-18 11:09:52.342244,838.8,604811.0,792870.0
2025-06-18 11:09:52.628607,838.8,604811.0,792870.0
2025-06-18 11:09:53.174324,838.95,604811.0,792870.0
2025-06-18 11:09:53.233196,838.95,604811.0,792870.0
2025-06-18 11:09:53.342745,838.95,608010.0,791097.0
2025-06-18 11:09:53.603270,838.95,608010.0,791097.0
2025-06-18 11:09:54.091622,838.95,608010.0,791097.0
2025-06-18 11:09:54.177361,838.7,608010.0,791097.0
2025-06-18 11:09:54.443257,838.7,606753.0,792547.0
2025-06-18 11:09:54.462104,838.7,606753.0,792547.0
2025-06-18 11:09:55.176678,838.7,606753.0,792547.0
2025-06-18 11:09:55.335930,838.7,606753.0,792547.0
2025-06-18 11:09:55.442479,839.0,606873.0,790841.0
2025-06-18 11:09:56.170180,839.0,606873.0,790841.0
2025-06-18 11:09:56.343562,839.0,608935.0,791291.0
2025-06-18 11:09:56.588163,839.0,608935.0,791291.0
2025-06-18 11:09:57.176579,838.8,608935.0,791291.0
2025-06-18 11:09:57.550473,838.8,610056.0,791926.0
2025-06-18 11:09:57.562981,838.8,610056.0,791926.0
2025-06-18 11:09:58.175399,839.0,610056.0,791926.0
2025-06-18 11:09:58.682256,839.0,609206.0,793599.0
2025-06-18 11:09:58.968293,839.0,609206.0,793599.0
2025-06-18 11:09:59.174351,838.7,609206.0,793599.0
2025-06-18 11:09:59.743619,838.9,607893.0,793174.0
2025-06-18 11:10:00.119762,838.9,607893.0,793174.0
2025-06-18 11:10:00.168392,838.9,607893.0,793174.0
2025-06-18 11:10:00.746896,838.95,608076.0,793616.0
2025-06-18 11:10:01.248937,838.95,608076.0,793616.0
2025-06-18 11:10:01.970768,838.85,607259.0,796314.0
2025-06-18 11:10:02.169095,838.85,607259.0,796314.0
2025-06-18 11:10:02.717921,838.85,607259.0,796314.0
2025-06-18 11:10:03.048804,838.8,607342.0,795375.0
2025-06-18 11:10:03.211071,838.8,607342.0,795375.0
2025-06-18 11:10:04.049860,838.8,607266.0,795859.0
2025-06-18 11:10:04.169198,838.8,607266.0,795859.0
2025-06-18 11:10:05.157181,838.95,607019.0,796619.0
2025-06-18 11:10:05.169490,838.95,607019.0,796619.0
2025-06-18 11:10:06.171217,838.8,607019.0,796619.0
2025-06-18 11:10:06.250642,839.0,607745.0,795313.0
2025-06-18 11:10:07.174807,838.8,607745.0,795313.0
2025-06-18 11:10:07.354429,838.7,603603.0,803381.0
2025-06-18 11:10:09.453804,838.7,603603.0,803381.0
2025-06-18 11:10:09.503505,838.7,607817.0,802494.0
2025-06-18 11:10:09.511591,838.6,607817.0,802494.0
2025-06-18 11:10:09.539103,838.65,604299.0,805180.0
2025-06-18 11:10:10.180095,838.6,604299.0,805180.0
2025-06-18 11:10:10.352732,838.6,601262.0,806626.0
2025-06-18 11:10:11.184453,838.65,601262.0,806626.0
2025-06-18 11:10:11.353353,838.5,604082.0,806056.0
2025-06-18 11:10:12.171204,838.6,604082.0,806056.0
2025-06-18 11:10:12.353471,838.6,603915.0,805660.0
2025-06-18 11:10:13.167601,838.6,603915.0,805660.0
2025-06-18 11:10:13.356859,838.7,603988.0,805676.0
2025-06-18 11:10:14.176415,838.6,603988.0,805676.0
2025-06-18 11:10:14.355415,838.6,607516.0,798620.0
2025-06-18 11:10:15.171508,838.7,607516.0,798620.0
2025-06-18 11:10:15.455623,838.7,606690.0,799293.0
2025-06-18 11:10:16.173169,839.0,606690.0,799293.0
2025-06-18 11:10:16.553985,838.75,607312.0,797841.0
2025-06-18 11:10:17.180128,838.75,607312.0,797841.0
2025-06-18 11:10:17.564295,839.0,607768.0,798148.0
2025-06-18 11:10:18.170159,838.75,607768.0,798148.0
2025-06-18 11:10:18.659780,838.75,607627.0,800317.0
2025-06-18 11:10:19.754657,838.7,607871.0,800973.0
2025-06-18 11:10:20.170406,838.7,607871.0,800973.0
2025-06-18 11:10:20.759153,839.0,609711.0,798415.0
2025-06-18 11:10:21.184203,839.0,609711.0,798415.0
2025-06-18 11:10:21.665724,839.0,609374.0,795747.0
2025-06-18 11:10:22.173811,838.8,609374.0,795747.0
2025-06-18 11:10:22.658523,838.8,608656.0,794768.0
2025-06-18 11:10:23.167968,838.8,608656.0,794768.0
2025-06-18 11:10:23.664514,838.8,608835.0,794624.0
2025-06-18 11:10:24.177215,838.8,608835.0,794624.0
2025-06-18 11:10:24.665239,839.0,609426.0,795375.0
2025-06-18 11:10:25.176649,839.0,609426.0,795375.0
2025-06-18 11:10:25.666607,839.0,609474.0,792327.0
2025-06-18 11:10:26.175373,839.0,609474.0,792327.0
2025-06-18 11:10:26.665760,838.8,608378.0,792856.0
2025-06-18 11:10:27.179668,838.8,608378.0,792856.0
2025-06-18 11:10:27.558510,838.8,608886.0,794007.0
2025-06-18 11:10:28.179990,838.75,608886.0,794007.0
2025-06-18 11:10:28.562673,838.75,609476.0,794458.0
2025-06-18 11:10:29.173906,839.0,609476.0,794458.0
2025-06-18 11:10:29.560621,838.8,609611.0,795270.0
2025-06-18 11:10:30.171544,839.0,609611.0,795270.0
2025-06-18 11:10:30.562580,839.0,609998.0,794888.0
2025-06-18 11:10:31.563973,839.0,611292.0,793399.0
2025-06-18 11:10:32.172232,839.0,611292.0,793399.0
2025-06-18 11:10:32.569839,838.85,611074.0,793790.0
2025-06-18 11:10:33.172462,838.75,611074.0,793790.0
2025-06-18 11:10:33.564402,838.75,609932.0,792752.0
2025-06-18 11:10:34.176576,838.75,609932.0,792752.0
2025-06-18 11:10:34.567081,838.75,608310.0,797406.0
2025-06-18 11:10:35.173644,839.0,608310.0,797406.0
2025-06-18 11:10:35.567753,839.0,609836.0,795497.0
2025-06-18 11:10:36.170081,838.75,609836.0,795497.0
2025-06-18 11:10:36.567894,838.75,609764.0,795701.0
2025-06-18 11:10:37.172742,838.8,609764.0,795701.0
2025-06-18 11:10:37.568891,838.8,609299.0,796334.0
2025-06-18 11:10:38.171776,838.95,609299.0,796334.0
2025-06-18 11:10:38.570250,838.95,610048.0,795412.0
2025-06-18 11:10:39.168715,839.1,610048.0,795412.0
2025-06-18 11:10:39.676558,839.2,619329.0,786752.0
2025-06-18 11:10:40.170268,839.05,619329.0,786752.0
2025-06-18 11:10:40.669301,839.05,617601.0,787583.0
2025-06-18 11:10:41.179360,839.05,617601.0,787583.0
2025-06-18 11:10:41.669693,839.2,617120.0,788171.0
2025-06-18 11:10:42.176650,839.2,617120.0,788171.0
2025-06-18 11:10:42.672008,839.15,615625.0,788738.0
2025-06-18 11:10:43.171239,838.85,615625.0,788738.0
2025-06-18 11:10:43.673904,838.65,613936.0,793317.0
2025-06-18 11:10:44.170208,838.95,613936.0,793317.0
2025-06-18 11:10:44.676377,838.95,614027.0,792848.0
2025-06-18 11:10:45.170612,838.75,614027.0,792848.0
2025-06-18 11:10:45.674852,839.05,613834.0,791797.0
2025-06-18 11:10:46.169566,838.85,613834.0,791797.0
2025-06-18 11:10:46.773294,838.85,613648.0,791788.0
2025-06-18 11:10:47.168368,838.85,613648.0,791788.0
2025-06-18 11:10:47.873563,838.85,614277.0,791922.0
2025-06-18 11:10:48.203738,838.8,614277.0,791922.0
2025-06-18 11:10:48.971985,838.75,614022.0,791437.0
2025-06-18 11:10:49.168903,838.75,614022.0,791437.0
2025-06-18 11:10:49.975624,838.75,613978.0,791866.0
2025-06-18 11:10:50.177348,838.75,613978.0,791866.0
2025-06-18 11:10:51.076019,838.75,614697.0,792096.0
2025-06-18 11:10:52.176537,838.95,614697.0,792096.0
2025-06-18 11:10:52.186333,838.95,614786.0,792677.0
2025-06-18 11:10:53.175113,838.8,614786.0,792677.0
2025-06-18 11:10:53.277147,839.0,613869.0,791816.0
2025-06-18 11:10:54.173105,838.85,613869.0,791816.0
2025-06-18 11:10:54.277193,838.85,613777.0,791292.0
2025-06-18 11:10:55.173122,838.6,613777.0,791292.0
2025-06-18 11:10:55.278988,838.6,611199.0,793083.0
2025-06-18 11:10:56.169324,838.6,611199.0,793083.0
2025-06-18 11:10:56.280709,838.75,610280.0,790814.0
2025-06-18 11:10:57.168395,838.6,610280.0,790814.0
2025-06-18 11:10:57.281358,838.6,611698.0,794925.0
2025-06-18 11:10:58.173438,838.6,611698.0,794925.0
2025-06-18 11:10:58.282537,838.6,612045.0,794264.0
2025-06-18 11:10:59.170095,838.75,612045.0,794264.0
2025-06-18 11:10:59.190627,838.75,611780.0,794105.0
2025-06-18 11:11:00.170654,838.65,611780.0,794105.0
2025-06-18 11:11:00.187694,838.65,611792.0,800738.0
2025-06-18 11:11:01.486878,838.75,611417.0,801670.0
2025-06-18 11:11:02.198757,838.75,611417.0,801670.0
2025-06-18 11:11:02.585557,838.65,611723.0,801549.0
2025-06-18 11:11:03.173703,838.6,611723.0,801549.0
2025-06-18 11:11:03.586508,838.75,612548.0,800914.0
2025-06-18 11:11:04.170477,838.6,612548.0,800914.0
2025-06-18 11:11:04.493318,838.6,612670.0,801860.0
2025-06-18 11:11:05.170829,838.95,612670.0,801860.0
2025-06-18 11:11:05.601065,838.6,612233.0,801956.0
2025-06-18 11:11:06.175333,838.6,612233.0,801956.0
2025-06-18 11:11:06.589240,838.6,613032.0,801402.0
2025-06-18 11:11:07.173368,838.65,613032.0,801402.0
2025-06-18 11:11:07.693485,838.85,614344.0,802181.0
2025-06-18 11:11:08.176993,839.25,614344.0,802181.0
2025-06-18 11:11:08.694687,839.25,618709.0,788117.0
2025-06-18 11:11:09.190981,838.95,618709.0,788117.0
2025-06-18 11:11:09.794518,839.25,617721.0,790436.0
2025-06-18 11:11:10.171107,838.95,617721.0,790436.0
2025-06-18 11:11:10.693890,839.0,617577.0,791832.0
2025-06-18 11:11:11.177798,839.0,617577.0,791832.0
2025-06-18 11:11:11.802985,838.95,604145.0,795382.0
2025-06-18 11:11:12.173389,838.8,604145.0,795382.0
2025-06-18 11:11:12.895588,838.8,622237.0,795366.0
2025-06-18 11:11:14.001559,838.8,621415.0,796083.0
2025-06-18 11:11:14.183923,838.8,621415.0,796083.0
2025-06-18 11:11:15.001919,838.75,621417.0,794881.0
2025-06-18 11:11:15.171264,838.75,621417.0,794881.0
2025-06-18 11:11:16.003048,838.6,623081.0,794817.0
2025-06-18 11:11:16.170982,838.6,623081.0,794817.0
2025-06-18 11:11:17.186540,838.9,623315.0,795256.0
2025-06-18 11:11:17.187988,838.9,623315.0,795256.0
2025-06-18 11:11:18.180866,839.0,623315.0,795256.0
2025-06-18 11:11:18.203152,839.0,624826.0,792693.0
2025-06-18 11:11:19.179044,839.0,624826.0,792693.0
2025-06-18 11:11:19.207289,839.0,624900.0,791682.0
2025-06-18 11:11:20.175290,838.95,624900.0,791682.0
2025-06-18 11:11:20.210661,838.95,626843.0,793232.0
2025-06-18 11:11:21.105553,838.95,627093.0,793333.0
2025-06-18 11:11:21.183802,838.95,627093.0,793333.0
2025-06-18 11:11:22.179626,839.0,627093.0,793333.0
2025-06-18 11:11:22.208157,839.0,627227.0,793808.0
2025-06-18 11:11:23.203576,839.0,627161.0,793480.0
2025-06-18 11:11:24.173841,838.8,627161.0,793480.0
2025-06-18 11:11:24.202878,838.8,627205.0,793883.0
2025-06-18 11:11:25.182370,839.0,627205.0,793883.0
2025-06-18 11:11:25.220700,839.0,626440.0,793763.0
2025-06-18 11:11:26.174296,838.8,626440.0,793763.0
2025-06-18 11:11:26.207167,838.8,626686.0,794070.0
2025-06-18 11:11:27.172786,838.95,626686.0,794070.0
2025-06-18 11:11:27.298623,838.8,627276.0,794079.0
2025-06-18 11:11:28.178315,839.0,627276.0,794079.0
2025-06-18 11:11:28.299749,839.0,627229.0,793614.0
2025-06-18 11:11:29.190989,839.0,627229.0,793614.0
2025-06-18 11:11:29.300303,839.0,627348.0,793437.0
2025-06-18 11:11:30.301067,839.0,627801.0,793194.0
2025-06-18 11:11:31.174714,838.95,627801.0,793194.0
2025-06-18 11:11:31.302574,839.0,628293.0,793632.0
2025-06-18 11:11:32.179723,839.0,628293.0,793632.0
2025-06-18 11:11:32.303549,839.0,626465.0,794671.0
2025-06-18 11:11:33.173772,839.0,626465.0,794671.0
2025-06-18 11:11:33.406257,839.0,627008.0,794202.0
2025-06-18 11:11:34.175816,839.0,627008.0,794202.0
2025-06-18 11:11:34.517012,839.0,626452.0,794755.0
2025-06-18 11:11:35.178281,838.8,626452.0,794755.0
2025-06-18 11:11:35.609176,838.8,625911.0,795680.0
2025-06-18 11:11:36.175371,838.8,625911.0,795680.0
2025-06-18 11:11:36.518283,838.95,626560.0,794199.0
2025-06-18 11:11:37.189911,838.8,626560.0,794199.0
2025-06-18 11:11:37.609731,838.95,625965.0,794174.0
2025-06-18 11:11:38.180409,839.1,625965.0,794174.0
2025-06-18 11:11:38.710594,838.9,629232.0,792758.0
2025-06-18 11:11:39.179257,839.15,629232.0,792758.0
2025-06-18 11:11:39.809584,838.95,632081.0,794178.0
2025-06-18 11:11:40.173618,838.85,632081.0,794178.0
2025-06-18 11:11:40.712166,838.75,631308.0,795943.0
2025-06-18 11:11:41.180925,838.75,631308.0,795943.0
2025-06-18 11:11:41.808672,838.75,631641.0,795573.0
2025-06-18 11:11:42.178834,838.75,631641.0,795573.0
2025-06-18 11:11:42.809708,838.75,630227.0,796139.0
2025-06-18 11:11:43.190599,838.75,630227.0,796139.0
2025-06-18 11:11:43.810270,838.6,629963.0,795591.0
2025-06-18 11:11:44.189614,838.6,629963.0,795591.0
2025-06-18 11:11:44.815972,838.75,630275.0,796195.0
2025-06-18 11:11:45.183625,838.75,630275.0,796195.0
2025-06-18 11:11:45.811894,838.8,630214.0,796054.0
2025-06-18 11:11:46.173485,838.8,630214.0,796054.0
2025-06-18 11:11:46.813110,838.75,629896.0,796584.0
2025-06-18 11:11:47.201388,838.75,629896.0,796584.0
2025-06-18 11:11:47.812278,838.7,629753.0,796813.0
2025-06-18 11:11:48.184051,838.6,629753.0,796813.0
2025-06-18 11:11:48.814127,838.6,629729.0,797012.0
2025-06-18 11:11:49.183561,838.6,629729.0,797012.0
2025-06-18 11:11:49.911003,838.95,630561.0,795967.0
2025-06-18 11:11:50.179975,838.95,630561.0,795967.0
2025-06-18 11:11:50.816546,838.8,632238.0,795220.0
2025-06-18 11:11:51.204022,839.0,632238.0,795220.0
2025-06-18 11:11:51.817117,838.8,631466.0,795116.0
2025-06-18 11:11:52.184104,838.8,631466.0,795116.0
2025-06-18 11:11:52.918182,838.75,633630.0,796564.0
2025-06-18 11:11:53.194030,838.95,633630.0,796564.0
2025-06-18 11:11:54.044074,838.6,632615.0,799557.0
2025-06-18 11:11:54.184696,838.6,632615.0,799557.0
2025-06-18 11:11:55.125123,838.9,634345.0,798575.0
2025-06-18 11:11:55.193467,838.9,634345.0,798575.0
2025-06-18 11:11:56.045668,839.0,634144.0,798240.0
2025-06-18 11:11:56.179103,838.9,634144.0,798240.0
2025-06-18 11:11:57.121981,839.0,634352.0,798079.0
2025-06-18 11:11:57.186560,839.0,634352.0,798079.0
2025-06-18 11:11:58.404059,838.95,634352.0,798079.0
2025-06-18 11:11:58.445358,838.95,634296.0,797679.0
2025-06-18 11:11:59.177893,838.95,634296.0,797679.0
2025-06-18 11:11:59.324879,838.95,634201.0,797679.0
2025-06-18 11:12:00.175236,838.95,634201.0,797679.0
2025-06-18 11:12:00.425157,838.95,636637.0,796494.0
2025-06-18 11:12:02.290237,838.9,636756.0,796524.0
2025-06-18 11:12:02.331290,838.95,636756.0,796524.0
2025-06-18 11:12:02.731437,839.0,637706.0,794525.0
2025-06-18 11:12:03.185680,839.0,637706.0,794525.0
2025-06-18 11:12:03.727694,839.2,639586.0,793869.0
2025-06-18 11:12:04.178609,838.95,639586.0,793869.0
2025-06-18 11:12:05.176409,839.0,639586.0,793869.0
2025-06-18 11:12:05.326778,839.0,640348.0,794357.0
2025-06-18 11:12:06.174855,839.2,640348.0,794357.0
2025-06-18 11:12:06.427199,839.2,640065.0,793152.0
2025-06-18 11:12:07.177332,839.0,640065.0,793152.0
2025-06-18 11:12:07.537867,839.0,639744.0,793309.0
2025-06-18 11:12:08.178065,839.15,639744.0,793309.0
2025-06-18 11:12:08.542457,839.15,640967.0,792085.0
2025-06-18 11:12:10.115499,839.15,640967.0,792085.0
2025-06-18 11:12:10.166371,839.15,642448.0,791206.0
2025-06-18 11:12:10.178883,839.05,642448.0,791206.0
2025-06-18 11:12:10.543468,839.05,641926.0,791456.0
2025-06-18 11:12:11.174376,839.05,641926.0,791456.0
2025-06-18 11:12:11.542347,839.25,647229.0,782755.0
2025-06-18 11:12:12.184265,839.5,647229.0,782755.0
2025-06-18 11:12:12.637892,839.5,649476.0,781742.0
2025-06-18 11:12:13.184149,839.35,649476.0,781742.0
2025-06-18 11:12:13.638736,839.5,647641.0,781439.0
2025-06-18 11:12:14.179357,839.35,647641.0,781439.0
2025-06-18 11:12:14.639154,839.3,644992.0,785632.0
2025-06-18 11:12:15.176580,839.3,644992.0,785632.0
2025-06-18 11:12:15.640714,839.25,644435.0,786851.0
2025-06-18 11:12:16.174109,839.2,644435.0,786851.0
2025-06-18 11:12:17.178210,839.45,644435.0,786851.0
2025-06-18 11:12:17.237475,839.5,644269.0,785533.0
2025-06-18 11:12:18.210218,839.35,644269.0,785533.0
2025-06-18 11:12:18.341670,839.2,646077.0,786795.0
2025-06-18 11:12:19.175895,839.3,646077.0,786795.0
2025-06-18 11:12:19.438153,839.1,647912.0,787092.0
2025-06-18 11:12:20.175614,839.3,647912.0,787092.0
2025-06-18 11:12:20.546318,839.1,647441.0,787634.0
2025-06-18 11:12:21.177344,839.1,647441.0,787634.0
2025-06-18 11:12:21.547427,839.4,643458.0,788114.0
2025-06-18 11:12:22.177567,839.2,643458.0,788114.0
2025-06-18 11:12:22.646024,839.45,643730.0,787436.0
2025-06-18 11:12:23.178175,839.5,643730.0,787436.0
2025-06-18 11:12:23.743881,839.5,643810.0,787546.0
2025-06-18 11:12:24.179249,839.2,643810.0,787546.0
2025-06-18 11:12:24.843875,839.2,643447.0,787871.0
2025-06-18 11:12:25.174938,839.2,643447.0,787871.0
2025-06-18 11:12:25.948365,839.4,643478.0,787102.0
2025-06-18 11:12:26.179090,839.1,643478.0,787102.0
2025-06-18 11:12:26.948800,839.1,642642.0,788241.0
2025-06-18 11:12:27.179773,839.1,642642.0,788241.0
2025-06-18 11:12:28.052015,839.1,643385.0,788874.0
2025-06-18 11:12:28.177287,839.1,643385.0,788874.0
2025-06-18 11:12:29.155042,839.4,643856.0,788794.0
2025-06-18 11:12:29.175612,839.4,643856.0,788794.0
2025-06-18 11:12:30.185170,839.15,643856.0,788794.0
2025-06-18 11:12:30.256702,839.15,644315.0,789797.0
2025-06-18 11:12:31.179962,839.2,644315.0,789797.0
2025-06-18 11:12:31.251138,839.2,644348.0,788858.0
2025-06-18 11:12:32.205460,839.3,644348.0,788858.0
2025-06-18 11:12:32.354591,839.2,644587.0,788615.0
2025-06-18 11:12:33.179127,839.35,644587.0,788615.0
2025-06-18 11:12:33.454335,839.35,645283.0,789500.0
2025-06-18 11:12:34.180710,839.3,645283.0,789500.0
2025-06-18 11:12:34.558622,839.2,645440.0,787440.0
2025-06-18 11:12:35.199148,839.15,645440.0,787440.0
2025-06-18 11:12:35.656028,839.4,645739.0,787730.0
2025-06-18 11:12:36.199627,839.1,645739.0,787730.0
2025-06-18 11:12:36.559711,839.4,645698.0,788776.0
2025-06-18 11:12:37.178867,839.35,645698.0,788776.0
2025-06-18 11:12:37.655752,838.9,635584.0,796551.0
2025-06-18 11:12:38.179911,838.95,635584.0,796551.0
2025-06-18 11:12:38.756559,838.9,636970.0,795605.0
2025-06-18 11:12:39.178149,838.9,636970.0,795605.0
2025-06-18 11:12:39.858997,838.9,636689.0,797120.0
2025-06-18 11:12:40.178505,838.95,636689.0,797120.0
2025-06-18 11:12:40.861367,838.9,634792.0,797251.0
2025-06-18 11:12:41.194738,838.9,634792.0,797251.0
2025-06-18 11:12:41.860610,838.9,634675.0,797037.0
2025-06-18 11:12:42.178077,838.9,634675.0,797037.0
2025-06-18 11:12:42.961677,839.05,636867.0,796060.0
2025-06-18 11:12:43.181867,839.05,636867.0,796060.0
2025-06-18 11:12:44.067445,838.8,636435.0,796456.0
2025-06-18 11:12:44.179231,838.8,636435.0,796456.0
2025-06-18 11:12:45.061665,839.0,636220.0,796884.0
2025-06-18 11:12:45.178568,838.95,636220.0,796884.0
2025-06-18 11:12:46.167180,839.05,639143.0,797841.0
2025-06-18 11:12:46.178395,839.05,639143.0,797841.0
2025-06-18 11:12:47.178850,838.9,639143.0,797841.0
2025-06-18 11:12:47.262319,838.9,641029.0,794488.0
2025-06-18 11:12:47.562868,838.9,641029.0,794488.0
2025-06-18 11:12:48.177934,838.9,641029.0,794488.0
2025-06-18 11:12:48.361814,838.9,642164.0,792508.0
2025-06-18 11:12:48.627716,838.9,642164.0,792508.0
2025-06-18 11:12:49.176876,839.35,642164.0,792508.0
2025-06-18 11:12:49.363393,839.35,646278.0,791221.0
2025-06-18 11:12:49.533244,839.35,646278.0,791221.0
2025-06-18 11:12:50.183201,839.45,646278.0,791221.0
2025-06-18 11:12:50.447411,839.45,646278.0,791221.0
2025-06-18 11:12:50.461562,839.45,646126.0,788024.0
2025-06-18 11:12:51.179020,839.15,646126.0,788024.0
2025-06-18 11:12:51.308897,839.15,646126.0,788024.0
2025-06-18 11:12:51.565495,839.15,646533.0,787437.0
2025-06-18 11:12:52.070949,839.15,646533.0,787437.0
2025-06-18 11:12:52.177582,839.2,646533.0,787437.0
2025-06-18 11:12:52.565111,839.2,645317.0,789267.0
2025-06-18 11:12:53.072296,839.2,645317.0,789267.0
2025-06-18 11:12:53.179353,839.15,645317.0,789267.0
2025-06-18 11:12:53.635325,839.15,645317.0,789267.0
2025-06-18 11:12:53.666673,839.1,644133.0,793290.0
2025-06-18 11:12:54.044488,839.1,644133.0,793290.0
2025-06-18 11:12:54.179167,839.05,644133.0,793290.0
2025-06-18 11:12:54.533367,839.05,644133.0,793290.0
2025-06-18 11:12:54.768081,839.05,644728.0,792895.0
2025-06-18 11:12:54.881174,839.05,644728.0,792895.0
2025-06-18 11:12:55.177916,839.0,644728.0,792895.0
2025-06-18 11:12:55.767882,839.0,644728.0,792895.0
2025-06-18 11:12:55.869187,839.0,643927.0,793956.0
2025-06-18 11:12:56.180476,838.95,643927.0,793956.0
2025-06-18 11:12:56.973419,838.8,641625.0,796002.0
2025-06-18 11:12:57.011121,838.8,641625.0,796002.0
2025-06-18 11:12:57.183624,838.8,641625.0,796002.0
2025-06-18 11:12:57.883002,838.8,641625.0,796002.0
2025-06-18 11:12:57.981501,839.1,641581.0,793642.0
2025-06-18 11:12:58.184438,839.1,641581.0,793642.0
2025-06-18 11:12:59.072188,839.35,643054.0,791567.0
2025-06-18 11:12:59.187633,839.05,643054.0,791567.0
2025-06-18 11:12:59.288142,839.05,643054.0,791567.0
2025-06-18 11:13:00.173399,839.0,643132.0,793061.0
2025-06-18 11:13:00.186114,839.0,643132.0,793061.0
2025-06-18 11:13:00.400126,839.0,643132.0,793061.0
2025-06-18 11:13:01.373705,839.0,643187.0,794561.0
2025-06-18 11:13:01.573004,839.0,643187.0,794561.0
2025-06-18 11:13:02.178684,839.0,643187.0,794561.0
2025-06-18 11:13:02.372632,838.85,643444.0,795828.0
2025-06-18 11:13:03.034747,838.85,643444.0,795828.0
2025-06-18 11:13:03.210896,838.85,643444.0,795828.0
2025-06-18 11:13:03.473569,839.0,642347.0,796507.0
2025-06-18 11:13:04.181159,838.85,642347.0,796507.0
2025-06-18 11:13:04.573170,839.1,642517.0,795925.0
2025-06-18 11:13:05.180901,839.15,642517.0,795925.0
2025-06-18 11:13:05.575611,839.4,642393.0,796121.0
2025-06-18 11:13:06.181121,839.15,642393.0,796121.0
2025-06-18 11:13:06.685801,838.85,642901.0,796976.0
2025-06-18 11:13:07.180972,838.95,642901.0,796976.0
2025-06-18 11:13:07.676163,838.85,642177.0,800133.0
2025-06-18 11:13:08.179909,838.95,642177.0,800133.0
2025-06-18 11:13:08.680302,838.95,642448.0,799236.0
2025-06-18 11:13:09.181328,839.15,642448.0,799236.0
2025-06-18 11:13:09.678604,838.8,641202.0,799098.0
2025-06-18 11:13:10.180642,838.65,641202.0,799098.0
2025-06-18 11:13:10.678267,838.7,637934.0,806216.0
2025-06-18 11:13:11.181270,838.7,637934.0,806216.0
2025-06-18 11:13:11.678858,838.7,638170.0,807341.0
2025-06-18 11:13:12.183212,838.65,638170.0,807341.0
2025-06-18 11:13:12.680417,838.8,637188.0,806971.0
2025-06-18 11:13:13.183758,838.85,637188.0,806971.0
2025-06-18 11:13:13.778026,838.65,637301.0,806905.0
2025-06-18 11:13:14.180771,838.65,637301.0,806905.0
2025-06-18 11:13:14.879636,838.7,627631.0,799532.0
2025-06-18 11:13:15.184760,838.65,627631.0,799532.0
2025-06-18 11:13:15.981955,838.9,630252.0,798847.0
2025-06-18 11:13:16.180104,838.65,630252.0,798847.0
2025-06-18 11:13:17.085186,838.65,628711.0,800497.0
2025-06-18 11:13:17.184237,838.65,628711.0,800497.0
2025-06-18 11:13:17.984595,838.65,622634.0,806264.0
2025-06-18 11:13:18.187314,838.65,622634.0,806264.0
2025-06-18 11:13:19.081973,838.5,622847.0,805124.0
2025-06-18 11:13:19.182627,838.5,622847.0,805124.0
2025-06-18 11:13:20.082031,838.5,622578.0,805055.0
2025-06-18 11:13:20.184079,838.5,622578.0,805055.0
2025-06-18 11:13:21.084764,838.65,623405.0,802560.0
2025-06-18 11:13:21.181646,838.65,623405.0,802560.0
2025-06-18 11:13:22.086654,838.6,622781.0,803401.0
2025-06-18 11:13:22.182009,838.6,622781.0,803401.0
2025-06-18 11:13:23.083477,838.25,622085.0,805426.0
2025-06-18 11:13:23.179722,838.25,622085.0,805426.0
2025-06-18 11:13:24.094494,838.25,622858.0,804634.0
2025-06-18 11:13:24.183237,838.25,622858.0,804634.0
2025-06-18 11:13:25.085991,838.55,622278.0,806660.0
2025-06-18 11:13:25.183764,838.55,622278.0,806660.0
2025-06-18 11:13:26.086672,838.5,622810.0,808377.0
2025-06-18 11:13:26.181951,838.5,622810.0,808377.0
2025-06-18 11:13:27.086383,838.3,623783.0,808125.0
2025-06-18 11:13:27.182333,838.5,623783.0,808125.0
2025-06-18 11:13:28.087668,838.3,623542.0,806013.0
2025-06-18 11:13:28.181784,838.3,623542.0,806013.0
2025-06-18 11:13:29.087460,838.2,623581.0,807862.0
2025-06-18 11:13:29.184010,838.2,623581.0,807862.0
2025-06-18 11:13:30.186567,838.4,623581.0,807862.0
2025-06-18 11:13:30.197752,838.4,623124.0,811338.0
2025-06-18 11:13:31.182948,838.4,623124.0,811338.0
2025-06-18 11:13:31.200361,838.4,622652.0,811558.0
2025-06-18 11:13:32.182530,838.25,622652.0,811558.0
2025-06-18 11:13:32.191165,838.25,623672.0,810518.0
2025-06-18 11:13:33.188638,838.4,623672.0,810518.0
2025-06-18 11:13:33.290218,838.2,625039.0,808951.0
2025-06-18 11:13:34.184770,838.5,625039.0,808951.0
2025-06-18 11:13:34.394678,838.35,625798.0,805936.0
2025-06-18 11:13:35.182624,838.4,625798.0,805936.0
2025-06-18 11:13:35.399210,838.4,623916.0,805675.0
2025-06-18 11:13:36.183227,838.45,623916.0,805675.0
2025-06-18 11:13:36.409193,838.4,622879.0,805433.0
2025-06-18 11:13:37.180984,838.4,622879.0,805433.0
2025-06-18 11:13:37.394935,838.4,622422.0,806438.0
2025-06-18 11:13:38.182513,838.65,622422.0,806438.0
2025-06-18 11:13:38.450888,838.65,624247.0,803386.0
2025-06-18 11:13:39.186480,838.55,624247.0,803386.0
2025-06-18 11:13:39.431135,838.55,624354.0,803906.0
2025-06-18 11:13:40.183511,838.55,624354.0,803906.0
2025-06-18 11:13:40.493146,838.55,625013.0,804845.0
2025-06-18 11:13:41.187444,838.4,625013.0,804845.0
2025-06-18 11:13:41.596146,838.5,624891.0,804369.0
2025-06-18 11:13:42.182614,838.4,624891.0,804369.0
2025-06-18 11:13:42.597772,838.4,624997.0,804084.0
2025-06-18 11:13:43.187674,838.4,624997.0,804084.0
2025-06-18 11:13:43.598500,838.4,625403.0,803972.0
2025-06-18 11:13:44.184546,838.5,625403.0,803972.0
2025-06-18 11:13:44.597842,838.4,624760.0,805336.0
2025-06-18 11:13:45.183769,838.4,624760.0,805336.0
2025-06-18 11:13:45.597846,838.4,624058.0,804651.0
2025-06-18 11:13:46.184028,838.4,624058.0,804651.0
2025-06-18 11:13:46.597655,838.4,624375.0,804226.0
2025-06-18 11:13:47.192631,838.75,624375.0,804226.0
2025-06-18 11:13:47.597063,838.75,623933.0,804506.0
2025-06-18 11:13:48.183448,838.75,623933.0,804506.0
2025-06-18 11:13:48.597972,838.5,628902.0,804383.0
2025-06-18 11:13:49.182431,838.5,628902.0,804383.0
2025-06-18 11:13:49.707212,838.45,629026.0,804843.0
2025-06-18 11:13:50.181941,838.4,629026.0,804843.0
2025-06-18 11:13:50.799996,838.4,628345.0,805612.0
2025-06-18 11:13:51.183184,838.4,628345.0,805612.0
2025-06-18 11:13:51.899221,838.7,628812.0,805028.0
2025-06-18 11:13:52.185222,838.95,628812.0,805028.0
2025-06-18 11:13:52.800380,838.4,629243.0,804690.0
2025-06-18 11:13:53.185567,838.4,629243.0,804690.0
2025-06-18 11:13:53.801257,838.4,629406.0,803946.0
2025-06-18 11:13:54.185897,838.4,629406.0,803946.0
2025-06-18 11:13:54.800156,838.4,629863.0,804399.0
2025-06-18 11:13:55.186885,838.4,629863.0,804399.0
2025-06-18 11:13:55.900757,838.5,628800.0,803869.0
2025-06-18 11:13:56.183898,838.5,628800.0,803869.0
2025-06-18 11:13:56.901250,838.5,631577.0,803174.0
2025-06-18 11:13:57.186088,838.6,631577.0,803174.0
2025-06-18 11:13:57.804548,838.45,631011.0,803205.0
2025-06-18 11:13:58.183034,838.45,631011.0,803205.0
2025-06-18 11:13:58.803847,838.45,630459.0,803361.0
2025-06-18 11:13:59.181798,838.3,630459.0,803361.0
2025-06-18 11:13:59.904727,838.7,629206.0,805339.0
2025-06-18 11:14:00.184880,838.4,629206.0,805339.0
2025-06-18 11:14:01.510841,838.7,630701.0,804803.0
2025-06-18 11:14:02.183549,838.7,630701.0,804803.0
2025-06-18 11:14:02.405187,838.7,630505.0,805236.0
2025-06-18 11:14:03.185305,838.5,630505.0,805236.0
2025-06-18 11:14:03.404919,838.7,630641.0,804802.0
2025-06-18 11:14:04.185628,838.5,630641.0,804802.0
2025-06-18 11:14:04.406795,838.5,628087.0,804945.0
2025-06-18 11:14:05.182806,838.4,628087.0,804945.0
2025-06-18 11:14:05.407581,838.4,627909.0,805057.0
2025-06-18 11:14:06.186599,838.5,627909.0,805057.0
2025-06-18 11:14:06.808678,838.7,629263.0,805930.0
2025-06-18 11:14:07.183092,838.7,629263.0,805930.0
2025-06-18 11:14:07.709447,838.35,629359.0,806200.0
2025-06-18 11:14:08.183754,838.25,629359.0,806200.0
2025-06-18 11:14:08.810944,838.6,630921.0,803903.0
2025-06-18 11:14:09.187531,838.35,630921.0,803903.0
2025-06-18 11:14:09.909666,838.7,629836.0,804876.0
2025-06-18 11:14:10.187304,838.7,629836.0,804876.0
2025-06-18 11:14:11.015162,838.55,630934.0,806326.0
2025-06-18 11:14:11.183391,838.55,630934.0,806326.0
2025-06-18 11:14:12.112096,838.4,630795.0,806818.0
2025-06-18 11:14:12.186160,838.4,630795.0,806818.0
2025-06-18 11:14:13.114219,838.6,630367.0,807431.0
2025-06-18 11:14:13.221058,838.6,630367.0,807431.0
2025-06-18 11:14:14.187515,838.6,630367.0,807431.0
2025-06-18 11:14:14.214286,838.6,631614.0,807306.0
2025-06-18 11:14:15.187581,838.15,631614.0,807306.0
2025-06-18 11:14:15.212752,838.15,629271.0,807491.0
2025-06-18 11:14:16.185984,838.2,629271.0,807491.0
2025-06-18 11:14:16.220869,838.5,633621.0,806070.0
2025-06-18 11:14:17.188065,838.3,633621.0,806070.0
2025-06-18 11:14:17.217998,838.3,631309.0,806387.0
2025-06-18 11:14:18.190669,838.5,631309.0,806387.0
2025-06-18 11:14:18.222933,838.5,632495.0,807565.0
2025-06-18 11:14:19.189369,838.4,632495.0,807565.0
2025-06-18 11:14:19.315564,838.4,632278.0,807217.0
2025-06-18 11:14:20.183910,838.2,632278.0,807217.0
2025-06-18 11:14:20.417011,838.5,632428.0,807804.0
2025-06-18 11:14:21.183711,838.15,632428.0,807804.0
2025-06-18 11:14:21.619956,838.15,631510.0,807976.0
2025-06-18 11:14:22.234995,838.2,631510.0,807976.0
2025-06-18 11:14:22.533659,838.2,633640.0,804274.0
2025-06-18 11:14:23.185592,838.4,633640.0,804274.0
2025-06-18 11:14:23.618941,838.55,633031.0,805700.0
2025-06-18 11:14:24.185908,838.55,633031.0,805700.0
2025-06-18 11:14:24.721238,838.4,634092.0,805241.0
2025-06-18 11:14:25.185527,838.55,634092.0,805241.0
2025-06-18 11:14:25.820717,838.4,633888.0,804955.0
2025-06-18 11:14:26.184883,838.4,633888.0,804955.0
2025-06-18 11:14:26.921772,838.4,633639.0,805349.0
2025-06-18 11:14:27.187771,838.4,633639.0,805349.0
2025-06-18 11:14:28.032331,838.4,632631.0,806582.0
2025-06-18 11:14:28.187286,838.4,632631.0,806582.0
2025-06-18 11:14:29.035400,838.4,633154.0,806559.0
2025-06-18 11:14:30.129494,838.4,635273.0,806645.0
2025-06-18 11:14:30.186210,838.55,635273.0,806645.0
2025-06-18 11:14:31.185935,838.4,635273.0,806645.0
2025-06-18 11:14:31.227300,838.4,636552.0,807058.0
2025-06-18 11:14:32.186494,838.5,636552.0,807058.0
2025-06-18 11:14:32.228391,838.5,638510.0,803397.0
2025-06-18 11:14:33.183151,838.6,638510.0,803397.0
2025-06-18 11:14:33.225514,838.6,642280.0,798256.0
2025-06-18 11:14:34.197338,838.65,642280.0,798256.0
2025-06-18 11:14:34.326356,838.65,644687.0,797948.0
2025-06-18 11:14:35.187189,838.65,644687.0,797948.0
2025-06-18 11:14:35.427228,838.6,645006.0,797545.0
2025-06-18 11:14:36.189446,838.65,645006.0,797545.0
2025-06-18 11:14:36.628874,838.55,645169.0,797805.0
2025-06-18 11:14:37.197628,838.6,645169.0,797805.0
2025-06-18 11:14:37.631837,838.65,644676.0,797794.0
2025-06-18 11:14:38.184718,838.6,644676.0,797794.0
2025-06-18 11:14:38.629933,838.6,639380.0,797926.0
2025-06-18 11:14:39.183692,838.8,639380.0,797926.0
2025-06-18 11:14:39.730731,838.8,643771.0,794263.0
2025-06-18 11:14:40.184423,838.75,643771.0,794263.0
2025-06-18 11:14:40.830857,838.75,642517.0,792409.0
2025-06-18 11:14:41.189127,838.95,642517.0,792409.0
2025-06-18 11:14:41.930539,838.7,642640.0,792873.0
2025-06-18 11:14:42.185576,838.7,642640.0,792873.0
2025-06-18 11:14:42.932675,838.7,642758.0,795707.0
2025-06-18 11:14:43.198908,838.7,642758.0,795707.0
2025-06-18 11:14:44.043863,838.95,642959.0,795871.0
2025-06-18 11:14:44.185338,838.95,642959.0,795871.0
2025-06-18 11:14:45.045631,838.95,645017.0,794309.0
2025-06-18 11:14:45.186281,838.9,645017.0,794309.0
2025-06-18 11:14:46.046107,838.9,645349.0,794603.0
2025-06-18 11:14:46.185705,838.9,645349.0,794603.0
2025-06-18 11:14:46.938072,838.9,645155.0,795203.0
2025-06-18 11:14:47.189895,838.85,645155.0,795203.0
2025-06-18 11:14:48.041948,838.85,644693.0,795055.0
2025-06-18 11:14:49.045253,838.85,645297.0,795401.0
2025-06-18 11:14:49.186260,838.85,645297.0,795401.0
2025-06-18 11:14:50.186718,838.85,645297.0,795401.0
2025-06-18 11:14:50.238715,838.85,645474.0,795276.0
2025-06-18 11:14:51.146454,838.9,645621.0,797495.0
2025-06-18 11:14:51.186551,838.85,645621.0,797495.0
2025-06-18 11:14:52.212276,838.8,645621.0,797495.0
2025-06-18 11:14:52.342326,838.8,645466.0,797666.0
2025-06-18 11:14:53.210427,838.85,645466.0,797666.0
2025-06-18 11:14:53.341530,838.85,645330.0,797630.0
2025-06-18 11:14:54.185308,839.1,645330.0,797630.0
2025-06-18 11:14:54.243474,839.2,645873.0,795430.0
2025-06-18 11:14:55.185398,838.95,645873.0,795430.0
2025-06-18 11:14:55.244016,838.95,644021.0,799996.0
2025-06-18 11:14:56.189428,838.75,644021.0,799996.0
2025-06-18 11:14:56.245458,838.75,650656.0,802872.0
2025-06-18 11:14:57.187350,838.6,650656.0,802872.0
2025-06-18 11:14:57.345785,838.6,651036.0,802684.0
2025-06-18 11:14:58.187404,838.6,651036.0,802684.0
2025-06-18 11:14:58.347114,838.55,648580.0,802287.0
2025-06-18 11:14:59.188032,838.55,648580.0,802287.0
2025-06-18 11:14:59.448605,838.45,648471.0,799814.0
2025-06-18 11:15:00.187640,838.45,648471.0,799814.0
2025-06-18 11:15:00.552317,838.5,648670.0,800544.0
2025-06-18 11:15:01.557827,838.5,650659.0,799552.0
2025-06-18 11:15:02.192469,838.8,650659.0,799552.0
2025-06-18 11:15:02.655071,838.8,649313.0,817114.0
2025-06-18 11:15:03.188394,838.8,649313.0,817114.0
2025-06-18 11:15:03.654744,838.8,651287.0,817393.0
2025-06-18 11:15:04.558533,838.8,651280.0,817095.0
2025-06-18 11:15:05.553026,838.75,650869.0,816318.0
2025-06-18 11:15:06.953904,838.6,650869.0,816318.0
2025-06-18 11:15:06.964816,838.7,650773.0,817189.0
2025-06-18 11:15:07.188996,838.45,650773.0,817189.0
2025-06-18 11:15:07.657755,838.55,650225.0,817583.0
2025-06-18 11:15:08.189627,838.8,650225.0,817583.0
2025-06-18 11:15:10.433697,838.85,651479.0,817411.0
2025-06-18 11:15:10.474517,838.85,651479.0,817411.0
2025-06-18 11:15:10.477424,839.15,660364.0,789267.0
2025-06-18 11:15:10.478549,839.2,660364.0,789267.0
2025-06-18 11:15:10.753835,839.5,664044.0,784723.0
2025-06-18 11:15:11.192251,839.3,664044.0,784723.0
2025-06-18 11:15:11.661817,839.2,659315.0,790400.0
2025-06-18 11:15:12.189840,839.0,659315.0,790400.0
2025-06-18 11:15:12.757084,839.35,659298.0,791981.0
2025-06-18 11:15:13.188853,839.35,659298.0,791981.0
2025-06-18 11:15:14.201023,838.95,659298.0,791981.0
2025-06-18 11:15:14.257915,838.95,657627.0,794733.0
2025-06-18 11:15:15.207794,838.9,657627.0,794733.0
2025-06-18 11:15:15.257886,838.9,656373.0,796179.0
2025-06-18 11:15:16.194921,839.05,656373.0,796179.0
2025-06-18 11:15:16.362819,839.1,656885.0,796171.0
2025-06-18 11:15:17.201908,838.85,656885.0,796171.0
2025-06-18 11:15:17.559064,838.85,662501.0,795071.0
2025-06-18 11:15:18.193774,839.1,662501.0,795071.0
2025-06-18 11:15:18.666365,839.2,662806.0,795225.0
2025-06-18 11:15:19.189442,839.35,662806.0,795225.0
2025-06-18 11:15:19.761377,839.25,666538.0,789960.0
2025-06-18 11:15:20.192935,839.5,666538.0,789960.0
2025-06-18 11:15:20.861900,839.2,666015.0,791790.0
2025-06-18 11:15:21.189557,839.15,666015.0,791790.0
2025-06-18 11:15:21.962989,839.1,663913.0,795771.0
2025-06-18 11:15:22.192374,839.0,663913.0,795771.0
2025-06-18 11:15:23.062485,839.15,664870.0,795001.0
2025-06-18 11:15:23.193044,839.15,664870.0,795001.0
2025-06-18 11:15:24.162359,839.15,664983.0,794731.0
2025-06-18 11:15:24.190540,839.15,664983.0,794731.0
2025-06-18 11:15:25.162988,839.15,675895.0,798098.0
2025-06-18 11:15:25.197080,839.15,675895.0,798098.0
2025-06-18 11:15:26.193810,839.0,675895.0,798098.0
2025-06-18 11:15:26.263085,839.2,676380.0,798392.0
2025-06-18 11:15:27.195102,839.0,676380.0,798392.0
2025-06-18 11:15:27.364765,839.0,675664.0,795272.0
2025-06-18 11:15:28.188435,839.25,675664.0,795272.0
2025-06-18 11:15:28.466244,839.25,678031.0,795369.0
2025-06-18 11:15:29.201575,839.15,678031.0,795369.0
2025-06-18 11:15:29.468107,839.15,675736.0,797803.0
2025-06-18 11:15:30.190255,839.0,675736.0,797803.0
2025-06-18 11:15:30.591546,839.15,675892.0,798327.0
2025-06-18 11:15:31.190963,839.0,675892.0,798327.0
2025-06-18 11:15:31.676828,839.15,675766.0,798522.0
2025-06-18 11:15:32.193460,839.0,675766.0,798522.0
2025-06-18 11:15:32.869044,839.15,675640.0,798460.0
2025-06-18 11:15:33.193772,839.1,675640.0,798460.0
2025-06-18 11:15:33.973408,839.0,675581.0,798385.0
2025-06-18 11:15:34.210629,839.0,675581.0,798385.0
2025-06-18 11:15:35.073771,839.0,675509.0,798471.0
2025-06-18 11:15:35.194530,839.0,675509.0,798471.0
2025-06-18 11:15:35.977142,839.15,675399.0,798713.0
2025-06-18 11:15:36.191568,839.15,675399.0,798713.0
2025-06-18 11:15:37.175598,839.0,675395.0,798549.0
2025-06-18 11:15:37.205388,839.15,675395.0,798549.0
2025-06-18 11:15:38.200235,839.15,675395.0,798549.0
2025-06-18 11:15:38.279606,839.15,677912.0,797802.0
2025-06-18 11:15:39.195019,839.15,677912.0,797802.0
2025-06-18 11:15:39.279025,839.15,679004.0,797775.0
2025-06-18 11:15:40.193741,839.25,679004.0,797775.0
2025-06-18 11:15:40.277342,839.25,678740.0,795757.0
2025-06-18 11:15:41.178834,839.35,679173.0,793905.0
2025-06-18 11:15:41.197520,839.35,679173.0,793905.0
2025-06-18 11:15:42.194028,839.3,679173.0,793905.0
2025-06-18 11:15:42.278482,839.3,679089.0,794805.0
2025-06-18 11:15:43.196471,839.15,679089.0,794805.0
2025-06-18 11:15:43.283646,839.15,678689.0,796675.0
2025-06-18 11:15:44.199412,839.05,678689.0,796675.0
2025-06-18 11:15:44.379721,839.0,678355.0,797131.0
2025-06-18 11:15:45.193437,839.0,678355.0,797131.0
2025-06-18 11:15:45.479451,839.0,676780.0,796191.0
2025-06-18 11:15:46.209901,839.3,676780.0,796191.0
2025-06-18 11:15:46.479448,839.3,675949.0,798786.0
2025-06-18 11:15:47.195491,839.15,675949.0,798786.0
2025-06-18 11:15:47.580691,839.15,674109.0,801726.0
2025-06-18 11:15:48.069014,839.15,674109.0,801726.0
2025-06-18 11:15:48.194921,839.2,674109.0,801726.0
2025-06-18 11:15:48.682004,839.0,672542.0,802615.0
2025-06-18 11:15:49.094304,839.0,672542.0,802615.0
2025-06-18 11:15:49.194329,839.0,672542.0,802615.0
2025-06-18 11:15:49.780452,838.9,671543.0,804201.0
2025-06-18 11:15:50.010439,838.9,671543.0,804201.0
2025-06-18 11:15:50.196003,839.2,671543.0,804201.0
2025-06-18 11:15:50.784080,839.15,674612.0,795960.0
2025-06-18 11:15:50.937610,839.15,674612.0,795960.0
2025-06-18 11:15:51.197757,839.3,674612.0,795960.0
2025-06-18 11:15:51.779864,839.3,674612.0,795960.0
2025-06-18 11:15:51.809906,839.15,673015.0,800170.0
2025-06-18 11:15:52.193353,839.15,673015.0,800170.0
2025-06-18 11:15:52.564020,839.15,673015.0,800170.0
2025-06-18 11:15:52.782992,839.0,672328.0,800955.0
2025-06-18 11:15:53.191403,839.0,672328.0,800955.0
2025-06-18 11:15:53.569680,839.0,672328.0,800955.0
2025-06-18 11:15:53.883136,839.0,673200.0,798892.0
2025-06-18 11:15:54.127819,839.0,673200.0,798892.0
2025-06-18 11:15:54.983113,839.2,673904.0,798255.0
2025-06-18 11:15:55.030741,839.2,673904.0,798255.0
2025-06-18 11:15:55.193803,839.0,673904.0,798255.0
2025-06-18 11:15:55.402560,839.0,673904.0,798255.0
2025-06-18 11:15:55.984480,839.0,673162.0,798836.0
2025-06-18 11:15:56.195986,839.0,673162.0,798836.0
2025-06-18 11:15:56.293133,839.0,673162.0,798836.0
2025-06-18 11:15:56.987317,839.15,672084.0,801054.0
2025-06-18 11:15:57.196865,839.15,672084.0,801054.0
2025-06-18 11:15:57.548456,839.15,672084.0,801054.0
2025-06-18 11:15:57.984515,839.15,671941.0,801169.0
2025-06-18 11:15:58.240714,839.1,671941.0,801169.0
2025-06-18 11:15:58.409751,839.1,671941.0,801169.0
2025-06-18 11:15:58.984764,839.0,670986.0,802036.0
2025-06-18 11:15:59.192822,839.0,670986.0,802036.0
2025-06-18 11:15:59.985786,839.05,670975.0,802511.0
2025-06-18 11:16:00.107233,839.05,670975.0,802511.0
2025-06-18 11:16:00.193018,839.05,670975.0,802511.0
2025-06-18 11:16:01.249154,839.05,670975.0,802511.0
2025-06-18 11:16:01.585980,838.8,664429.0,806973.0
2025-06-18 11:16:02.198358,838.55,664429.0,806973.0
2025-06-18 11:16:02.392488,838.55,664429.0,806973.0
2025-06-18 11:16:02.586935,838.75,664802.0,807339.0
2025-06-18 11:16:03.194175,838.75,664802.0,807339.0
2025-06-18 11:16:03.487747,838.75,664397.0,807111.0
2025-06-18 11:16:03.882344,838.75,664397.0,807111.0
2025-06-18 11:16:04.195794,838.7,664397.0,807111.0
2025-06-18 11:16:04.490313,838.5,656809.0,811980.0
2025-06-18 11:16:05.200900,838.5,656809.0,811980.0
2025-06-18 11:16:05.489568,838.45,657205.0,810698.0
2025-06-18 11:16:06.194138,838.3,657205.0,810698.0
2025-06-18 11:16:06.489991,838.3,659042.0,807590.0
2025-06-18 11:16:07.197586,838.75,659042.0,807590.0
2025-06-18 11:16:07.391787,838.4,659916.0,807356.0
2025-06-18 11:16:08.726672,838.7,659916.0,807356.0
2025-06-18 11:16:08.764283,838.7,660147.0,807699.0
2025-06-18 11:16:09.195185,838.4,660147.0,807699.0
2025-06-18 11:16:09.292705,838.4,657514.0,809098.0
2025-06-18 11:16:10.441551,838.4,657514.0,809098.0
2025-06-18 11:16:10.476834,838.4,658024.0,808370.0
2025-06-18 11:16:11.195149,838.4,658024.0,808370.0
2025-06-18 11:16:11.293003,838.4,657803.0,810664.0
2025-06-18 11:16:12.199595,838.2,657803.0,810664.0
2025-06-18 11:16:12.293548,838.2,658204.0,811219.0
2025-06-18 11:16:13.196960,838.35,658204.0,811219.0
2025-06-18 11:16:13.203099,838.35,657949.0,811107.0
2025-06-18 11:16:14.095847,838.35,655945.0,810369.0
2025-06-18 11:16:14.194575,838.35,655945.0,810369.0
2025-06-18 11:16:15.096090,838.35,655758.0,812483.0
2025-06-18 11:16:15.195328,838.35,655758.0,812483.0
2025-06-18 11:16:15.997037,838.35,655741.0,812130.0
2025-06-18 11:16:16.207928,838.35,655741.0,812130.0
2025-06-18 11:16:16.997461,838.4,656045.0,812015.0
2025-06-18 11:16:17.196879,838.4,656045.0,812015.0
2025-06-18 11:16:17.998269,838.2,655806.0,812808.0
2025-06-18 11:16:18.196246,838.3,655806.0,812808.0
2025-06-18 11:16:18.998747,838.15,647340.0,814525.0
2025-06-18 11:16:19.199109,838.15,647340.0,814525.0
2025-06-18 11:16:20.000468,838.15,649727.0,813081.0
2025-06-18 11:16:20.194964,838.1,649727.0,813081.0
2025-06-18 11:16:21.099675,838.1,646966.0,814288.0
2025-06-18 11:16:21.228361,838.0,646966.0,814288.0
2025-06-18 11:16:22.198593,838.2,646966.0,814288.0
2025-06-18 11:16:22.217464,838.2,645678.0,814469.0
2025-06-18 11:16:23.196582,838.1,645678.0,814469.0
2025-06-18 11:16:23.202364,838.1,646045.0,814849.0
2025-06-18 11:16:24.099403,838.35,645634.0,814971.0
2025-06-18 11:16:24.197924,838.35,645634.0,814971.0
2025-06-18 11:16:25.103204,838.2,646184.0,814618.0
2025-06-18 11:16:25.197472,838.1,646184.0,814618.0
2025-06-18 11:16:26.101419,838.1,646966.0,815119.0
2025-06-18 11:16:26.198498,838.1,646966.0,815119.0
2025-06-18 11:16:27.197880,838.15,646966.0,815119.0
2025-06-18 11:16:27.504930,838.4,647572.0,814134.0
2025-06-18 11:16:28.203426,838.1,647572.0,814134.0
2025-06-18 11:16:28.506911,838.1,647450.0,815551.0
2025-06-18 11:16:29.197582,838.0,647450.0,815551.0
2025-06-18 11:16:29.607570,838.05,645887.0,815259.0
2025-06-18 11:16:30.228565,838.4,645887.0,815259.0
2025-06-18 11:16:30.711216,838.4,646440.0,815386.0
2025-06-18 11:16:31.197567,838.1,646440.0,815386.0
2025-06-18 11:16:31.707103,838.0,646412.0,815549.0
2025-06-18 11:16:32.202333,838.35,646412.0,815549.0
2025-06-18 11:16:32.807208,838.35,646257.0,815493.0
2025-06-18 11:16:33.707736,838.35,646266.0,815694.0
2025-06-18 11:16:34.709553,838.1,646439.0,816380.0
2025-06-18 11:16:35.202441,838.1,646439.0,816380.0
2025-06-18 11:16:35.710781,838.1,646437.0,816243.0
2025-06-18 11:16:36.332476,838.1,646437.0,816243.0
2025-06-18 11:16:36.711993,838.35,647905.0,816830.0
2025-06-18 11:16:37.198144,838.35,647905.0,816830.0
2025-06-18 11:16:37.709892,838.35,648041.0,817329.0
2025-06-18 11:16:38.234295,838.4,648041.0,817329.0
2025-06-18 11:16:38.712384,838.4,648155.0,815380.0
2025-06-18 11:16:40.290159,838.1,648155.0,815380.0
2025-06-18 11:16:40.327300,838.35,648718.0,815329.0
2025-06-18 11:16:40.328791,838.1,648718.0,815329.0
2025-06-18 11:16:40.713697,838.4,648063.0,815430.0
2025-06-18 11:16:41.198666,838.1,648063.0,815430.0
2025-06-18 11:16:41.714107,838.35,648998.0,815073.0
2025-06-18 11:16:42.207128,838.4,648998.0,815073.0
2025-06-18 11:16:42.714335,838.4,648387.0,815013.0
2025-06-18 11:16:43.201201,838.1,648387.0,815013.0
2025-06-18 11:16:43.733566,838.4,648527.0,814199.0
2025-06-18 11:16:44.200190,838.1,648527.0,814199.0
2025-06-18 11:16:44.615323,838.4,647832.0,814003.0
2025-06-18 11:16:45.203344,838.1,647832.0,814003.0
2025-06-18 11:16:45.614587,838.1,649029.0,814348.0
2025-06-18 11:16:46.201520,838.1,649029.0,814348.0
2025-06-18 11:16:46.718944,838.4,648654.0,813441.0
2025-06-18 11:16:47.205526,838.3,648654.0,813441.0
2025-06-18 11:16:47.716299,838.3,648909.0,816207.0
2025-06-18 11:16:48.216126,838.0,648909.0,816207.0
2025-06-18 11:16:48.723752,837.95,639263.0,821381.0
2025-06-18 11:16:49.202658,837.95,639263.0,821381.0
2025-06-18 11:16:49.717207,837.95,639355.0,820561.0
2025-06-18 11:16:50.203704,837.75,639355.0,820561.0
2025-06-18 11:16:50.826084,837.75,638825.0,818938.0
2025-06-18 11:16:51.214144,838.2,638825.0,818938.0
2025-06-18 11:16:51.828787,838.2,638960.0,818381.0
2025-06-18 11:16:52.211046,837.75,638960.0,818381.0
2025-06-18 11:16:52.820363,837.7,640639.0,820049.0
2025-06-18 11:16:53.202123,837.7,640639.0,820049.0
2025-06-18 11:16:53.823433,838.05,640068.0,819846.0
2025-06-18 11:16:54.199997,838.05,640068.0,819846.0
2025-06-18 11:16:54.821966,837.95,639395.0,821591.0
2025-06-18 11:16:55.203845,837.7,639395.0,821591.0
2025-06-18 11:16:55.921893,837.7,639260.0,821287.0
2025-06-18 11:16:56.203253,837.65,639260.0,821287.0
2025-06-18 11:16:56.922968,837.65,639668.0,820539.0
2025-06-18 11:16:57.202942,837.9,639668.0,820539.0
2025-06-18 11:16:58.023589,837.95,637073.0,822748.0
2025-06-18 11:16:58.204178,837.95,637073.0,822748.0
2025-06-18 11:17:00.403229,837.8,636242.0,825321.0
2025-06-18 11:17:00.408064,837.8,636242.0,825321.0
2025-06-18 11:17:00.446955,837.5,635844.0,825543.0
2025-06-18 11:17:00.448613,837.5,635844.0,825543.0
2025-06-18 11:17:01.328620,837.5,635144.0,824862.0
2025-06-18 11:17:02.204301,837.7,635144.0,824862.0
2025-06-18 11:17:02.426047,837.7,634435.0,826505.0
2025-06-18 11:17:03.200350,837.6,634435.0,826505.0
2025-06-18 11:17:03.525954,837.55,634630.0,827019.0
2025-06-18 11:17:04.203589,837.55,634630.0,827019.0
2025-06-18 11:17:04.526641,837.65,634676.0,826403.0
2025-06-18 11:17:05.202901,837.55,634676.0,826403.0
2025-06-18 11:17:05.525400,837.65,634846.0,825510.0
2025-06-18 11:17:06.206190,837.8,634846.0,825510.0
2025-06-18 11:17:06.526410,837.8,636250.0,825300.0
2025-06-18 11:17:07.203706,837.8,636250.0,825300.0
2025-06-18 11:17:07.527479,837.7,635923.0,826870.0
2025-06-18 11:17:08.203186,837.6,635923.0,826870.0
2025-06-18 11:17:08.626801,837.75,636435.0,826945.0
2025-06-18 11:17:09.202642,837.55,636435.0,826945.0
2025-06-18 11:17:09.627757,837.55,636246.0,826363.0
2025-06-18 11:17:10.205562,837.5,636246.0,826363.0
2025-06-18 11:17:10.528339,837.5,632475.0,826636.0
2025-06-18 11:17:11.205299,837.55,632475.0,826636.0
2025-06-18 11:17:11.632622,837.75,632428.0,824537.0
2025-06-18 11:17:12.203596,837.65,632428.0,824537.0
2025-06-18 11:17:12.631079,837.65,633356.0,822510.0
2025-06-18 11:17:13.203219,837.5,633356.0,822510.0
2025-06-18 11:17:13.731531,837.8,635071.0,821789.0
2025-06-18 11:17:14.200039,837.55,635071.0,821789.0
2025-06-18 11:17:14.735060,837.85,637143.0,822249.0
2025-06-18 11:17:15.206183,837.9,637143.0,822249.0
2025-06-18 11:17:15.830564,837.9,637465.0,822015.0
2025-06-18 11:17:16.202925,837.65,637465.0,822015.0
2025-06-18 11:17:16.932942,837.6,637486.0,822129.0
2025-06-18 11:17:17.201139,837.6,637486.0,822129.0
2025-06-18 11:17:18.033701,837.6,639414.0,821385.0
2025-06-18 11:17:18.242774,837.6,639414.0,821385.0
2025-06-18 11:17:19.133908,837.6,639059.0,822638.0
2025-06-18 11:17:19.202716,837.6,639059.0,822638.0
2025-06-18 11:17:20.155776,837.7,639049.0,821926.0
2025-06-18 11:17:20.207073,837.7,639049.0,821926.0
2025-06-18 11:17:21.140235,838.0,642540.0,817374.0
2025-06-18 11:17:21.206435,838.0,642540.0,817374.0
2025-06-18 11:17:22.205780,837.95,642540.0,817374.0
2025-06-18 11:17:22.237112,837.95,644142.0,816635.0
2025-06-18 11:17:23.204878,837.95,644142.0,816635.0
2025-06-18 11:17:23.239306,838.0,645386.0,816868.0
2025-06-18 11:17:24.202725,838.0,645386.0,816868.0
2025-06-18 11:17:24.239105,838.0,646047.0,815950.0
