timestamp,ltp,bid_qty,ask_qty
2025-06-18 11:01:36.664675,1631.0,263221.0,375262.0
2025-06-18 11:01:37.141404,1631.0,263221.0,375262.0
2025-06-18 11:01:37.537386,1631.0,263698.0,375205.0
2025-06-18 11:01:38.646887,1631.0,263724.0,375484.0
2025-06-18 11:01:39.133301,1631.0,263724.0,375484.0
2025-06-18 11:01:39.648113,1631.4,263098.0,375175.0
2025-06-18 11:01:40.130196,1631.4,263098.0,375175.0
2025-06-18 11:01:40.739638,1631.0,263163.0,375373.0
2025-06-18 11:01:41.131820,1631.0,263163.0,375373.0
2025-06-18 11:01:41.739618,1631.0,262089.0,375264.0
2025-06-18 11:01:42.841794,1631.4,262365.0,375434.0
2025-06-18 11:01:43.133259,1631.6,262365.0,375434.0
2025-06-18 11:01:43.955104,1631.1,262554.0,375571.0
2025-06-18 11:01:44.184513,1631.1,262554.0,375571.0
2025-06-18 11:01:45.044324,1631.7,263539.0,374417.0
2025-06-18 11:01:45.147940,1631.7,263539.0,374417.0
2025-06-18 11:01:46.043833,1631.7,263577.0,374208.0
2025-06-18 11:01:47.141817,1631.7,263577.0,374208.0
2025-06-18 11:01:47.188895,1631.7,262291.0,371590.0
2025-06-18 11:01:48.137432,1631.4,262291.0,371590.0
2025-06-18 11:01:48.246414,1631.4,262447.0,372622.0
2025-06-18 11:01:49.247110,1631.4,262846.0,372955.0
2025-06-18 11:01:50.133672,1631.3,262846.0,372955.0
2025-06-18 11:01:50.246327,1631.3,261079.0,373523.0
2025-06-18 11:01:51.249592,1631.3,260730.0,374747.0
2025-06-18 11:01:52.137753,1631.3,260730.0,374747.0
2025-06-18 11:01:52.249544,1631.3,260181.0,375724.0
2025-06-18 11:01:53.136484,1631.4,260181.0,375724.0
2025-06-18 11:01:53.347890,1631.4,260062.0,375964.0
2025-06-18 11:01:54.201944,1631.4,260062.0,375964.0
2025-06-18 11:01:54.350004,1631.4,260159.0,375186.0
2025-06-18 11:01:55.145713,1631.4,260159.0,375186.0
2025-06-18 11:01:55.349303,1631.4,260107.0,375480.0
2025-06-18 11:01:56.203239,1631.4,260107.0,375480.0
2025-06-18 11:01:56.478564,1631.4,260570.0,375765.0
2025-06-18 11:01:57.550896,1631.4,261772.0,373662.0
2025-06-18 11:01:58.551202,1631.4,261748.0,373923.0
2025-06-18 11:01:59.139668,1631.7,261748.0,373923.0
2025-06-18 11:01:59.551418,1631.7,262099.0,373494.0
2025-06-18 11:02:00.556091,1631.7,262752.0,373701.0
2025-06-18 11:02:01.134515,1631.7,262752.0,373701.0
2025-06-18 11:02:02.135051,1631.6,262752.0,373701.0
2025-06-18 11:02:02.159540,1631.6,262061.0,370975.0
2025-06-18 11:02:03.138393,1632.0,262061.0,370975.0
2025-06-18 11:02:03.165233,1632.0,261732.0,371981.0
2025-06-18 11:02:05.163963,1632.0,261732.0,371981.0
2025-06-18 11:02:05.166118,1632.0,262094.0,372245.0
2025-06-18 11:02:05.204459,1632.0,262094.0,372245.0
2025-06-18 11:02:05.255530,1632.0,262561.0,372784.0
2025-06-18 11:02:06.134582,1632.0,262561.0,372784.0
2025-06-18 11:02:06.261921,1631.9,263089.0,373332.0
2025-06-18 11:02:07.138263,1631.9,263089.0,373332.0
2025-06-18 11:02:07.358107,1632.0,262758.0,373361.0
2025-06-18 11:02:08.137776,1632.0,262758.0,373361.0
2025-06-18 11:02:08.358472,1632.0,262323.0,373400.0
2025-06-18 11:02:09.134641,1631.8,262323.0,373400.0
2025-06-18 11:02:09.473626,1631.7,261899.0,375490.0
2025-06-18 11:02:10.139221,1631.1,261899.0,375490.0
2025-06-18 11:02:10.559842,1631.5,259769.0,376044.0
2025-06-18 11:02:11.139966,1631.5,259769.0,376044.0
2025-06-18 11:02:11.664656,1631.5,260246.0,376280.0
2025-06-18 11:02:12.136102,1631.1,260246.0,376280.0
2025-06-18 11:02:12.664277,1631.1,260167.0,376220.0
2025-06-18 11:02:13.143500,1631.6,260167.0,376220.0
2025-06-18 11:02:13.564322,1631.6,260435.0,375586.0
2025-06-18 11:02:14.138505,1631.6,260435.0,375586.0
2025-06-18 11:02:15.121448,1631.6,260913.0,375584.0
2025-06-18 11:02:15.765849,1631.4,260783.0,375910.0
2025-06-18 11:02:16.185273,1631.4,260783.0,375910.0
2025-06-18 11:02:16.868138,1631.4,260566.0,375895.0
2025-06-18 11:02:17.981894,1631.4,260608.0,376040.0
2025-06-18 11:02:18.979008,1631.4,258654.0,374753.0
2025-06-18 11:02:20.067299,1631.4,258659.0,374821.0
2025-06-18 11:02:20.136213,1631.4,258659.0,374821.0
2025-06-18 11:02:21.135192,1631.0,258659.0,374821.0
2025-06-18 11:02:21.170105,1631.0,258010.0,375315.0
2025-06-18 11:02:22.138282,1631.2,258010.0,375315.0
2025-06-18 11:02:22.268377,1631.2,259111.0,374881.0
2025-06-18 11:02:23.136790,1631.7,259111.0,374881.0
2025-06-18 11:02:23.369875,1631.7,259403.0,373979.0
2025-06-18 11:02:24.144664,1631.4,259403.0,373979.0
2025-06-18 11:02:24.374113,1631.3,261520.0,374927.0
2025-06-18 11:02:25.137963,1631.3,261520.0,374927.0
2025-06-18 11:02:25.373508,1631.3,261491.0,375474.0
2025-06-18 11:02:26.142239,1631.4,261491.0,375474.0
2025-06-18 11:02:26.480806,1631.4,261492.0,375478.0
2025-06-18 11:02:27.141759,1631.2,261492.0,375478.0
2025-06-18 11:02:27.572308,1631.2,260722.0,374937.0
2025-06-18 11:02:28.138040,1631.7,260722.0,374937.0
2025-06-18 11:02:28.573635,1631.2,261073.0,374367.0
2025-06-18 11:02:29.140443,1631.2,261073.0,374367.0
2025-06-18 11:02:29.673987,1631.2,262121.0,375484.0
2025-06-18 11:02:30.150293,1631.4,262121.0,375484.0
2025-06-18 11:02:30.783713,1631.4,261878.0,376759.0
2025-06-18 11:02:31.136768,1631.4,261878.0,376759.0
2025-06-18 11:02:31.876703,1631.3,263168.0,375597.0
2025-06-18 11:02:32.141572,1631.3,263168.0,375597.0
2025-06-18 11:02:32.983511,1631.3,263713.0,375599.0
2025-06-18 11:02:33.142450,1631.7,263713.0,375599.0
2025-06-18 11:02:34.076450,1631.3,264152.0,374792.0
2025-06-18 11:02:34.139299,1631.3,264152.0,374792.0
2025-06-18 11:02:35.178682,1631.3,264508.0,375339.0
2025-06-18 11:02:36.189185,1631.3,264234.0,375465.0
2025-06-18 11:02:37.187902,1631.3,263218.0,375239.0
2025-06-18 11:02:38.278757,1631.3,261356.0,373987.0
2025-06-18 11:02:39.141787,1631.8,261356.0,373987.0
2025-06-18 11:02:39.284045,1631.8,259814.0,370466.0
2025-06-18 11:02:40.139193,1631.9,259814.0,370466.0
2025-06-18 11:02:40.490721,1631.9,260676.0,371186.0
2025-06-18 11:02:41.583394,1631.9,260842.0,371901.0
2025-06-18 11:02:42.138860,1631.9,260842.0,371901.0
2025-06-18 11:02:42.584731,1631.8,260829.0,372151.0
2025-06-18 11:02:43.141801,1632.0,260829.0,372151.0
2025-06-18 11:02:43.684963,1632.2,261505.0,372271.0
2025-06-18 11:02:44.140562,1632.2,261505.0,372271.0
2025-06-18 11:02:44.684205,1632.2,261685.0,372765.0
2025-06-18 11:02:45.138383,1632.2,261685.0,372765.0
2025-06-18 11:02:45.686237,1632.0,261708.0,373229.0
2025-06-18 11:02:46.141928,1632.0,261708.0,373229.0
2025-06-18 11:02:46.685685,1632.0,261721.0,372825.0
2025-06-18 11:02:47.685857,1632.2,261669.0,373073.0
2025-06-18 11:02:48.141024,1632.2,261669.0,373073.0
2025-06-18 11:02:48.685551,1632.2,261847.0,373091.0
2025-06-18 11:02:49.142244,1631.8,261847.0,373091.0
2025-06-18 11:02:49.686710,1631.9,261167.0,374130.0
2025-06-18 11:02:50.139773,1631.9,261167.0,374130.0
2025-06-18 11:02:50.686569,1631.9,261154.0,374673.0
2025-06-18 11:02:51.688707,1631.9,261394.0,374795.0
2025-06-18 11:02:52.690394,1631.9,261403.0,374804.0
2025-06-18 11:02:53.140454,1631.9,261403.0,374804.0
2025-06-18 11:02:53.688639,1631.9,262201.0,375046.0
2025-06-18 11:02:54.142982,1631.8,262201.0,375046.0
2025-06-18 11:02:54.689477,1631.8,262087.0,375095.0
2025-06-18 11:02:55.591460,1631.9,261988.0,375069.0
2025-06-18 11:02:56.140057,1631.9,261988.0,375069.0
2025-06-18 11:02:56.592629,1631.9,261998.0,375078.0
2025-06-18 11:02:57.593725,1631.9,262009.0,375078.0
2025-06-18 11:02:58.594152,1631.9,261954.0,375078.0
2025-06-18 11:02:59.698990,1631.9,261922.0,374978.0
2025-06-18 11:03:00.145685,1632.0,261922.0,374978.0
2025-06-18 11:03:00.597226,1632.0,262012.0,374901.0
2025-06-18 11:03:01.138237,1631.8,262012.0,374901.0
2025-06-18 11:03:01.695228,1631.8,260790.0,374825.0
2025-06-18 11:03:02.138054,1631.9,260790.0,374825.0
2025-06-18 11:03:02.600423,1632.0,260977.0,375372.0
2025-06-18 11:03:03.141912,1632.0,260977.0,375372.0
2025-06-18 11:03:03.598890,1632.0,260684.0,375374.0
2025-06-18 11:03:04.145730,1632.0,260684.0,375374.0
2025-06-18 11:03:04.503132,1632.0,260629.0,375275.0
2025-06-18 11:03:05.140346,1631.8,260629.0,375275.0
2025-06-18 11:03:06.139670,1632.0,260629.0,375275.0
2025-06-18 11:03:06.301338,1632.0,261565.0,374698.0
2025-06-18 11:03:07.302436,1632.0,261567.0,374744.0
2025-06-18 11:03:08.303849,1632.0,261495.0,374928.0
2025-06-18 11:03:09.145262,1632.0,261495.0,374928.0
2025-06-18 11:03:09.403155,1632.0,260753.0,375669.0
2025-06-18 11:03:10.140861,1631.8,260753.0,375669.0
2025-06-18 11:03:10.504912,1631.8,260716.0,375666.0
2025-06-18 11:03:11.144771,1632.0,260716.0,375666.0
2025-06-18 11:03:11.603296,1631.9,261195.0,375353.0
2025-06-18 11:03:12.140908,1632.0,261195.0,375353.0
2025-06-18 11:03:12.711428,1631.9,261307.0,375379.0
2025-06-18 11:03:13.142014,1632.0,261307.0,375379.0
2025-06-18 11:03:13.811919,1632.0,261395.0,375035.0
2025-06-18 11:03:14.146492,1632.0,261395.0,375035.0
2025-06-18 11:03:14.903728,1632.0,261564.0,374895.0
2025-06-18 11:03:15.140748,1632.0,261564.0,374895.0
2025-06-18 11:03:15.907331,1632.0,261619.0,375505.0
2025-06-18 11:03:17.004942,1631.9,261169.0,375674.0
2025-06-18 11:03:17.143905,1631.9,261169.0,375674.0
2025-06-18 11:03:18.102911,1631.8,260691.0,375605.0
2025-06-18 11:03:18.142359,1631.8,260691.0,375605.0
2025-06-18 11:03:19.141406,1632.0,260691.0,375605.0
2025-06-18 11:03:19.204149,1632.0,260726.0,375609.0
2025-06-18 11:03:20.149918,1632.0,260726.0,375609.0
2025-06-18 11:03:20.304928,1632.0,261096.0,375419.0
2025-06-18 11:03:21.201355,1631.9,261096.0,375419.0
2025-06-18 11:03:21.213147,1631.9,261144.0,376077.0
2025-06-18 11:03:22.165885,1631.8,261144.0,376077.0
2025-06-18 11:03:22.213373,1631.8,260886.0,376133.0
2025-06-18 11:03:23.147462,1632.0,260886.0,376133.0
2025-06-18 11:03:23.405572,1632.0,261094.0,375780.0
2025-06-18 11:03:24.507075,1632.0,261121.0,375957.0
2025-06-18 11:03:25.607634,1632.0,260483.0,375979.0
2025-06-18 11:03:26.146441,1631.9,260483.0,375979.0
2025-06-18 11:03:26.708220,1631.9,260157.0,375816.0
2025-06-18 11:03:27.143216,1631.8,260157.0,375816.0
2025-06-18 11:03:27.711130,1632.0,260195.0,375907.0
2025-06-18 11:03:28.146046,1632.0,260195.0,375907.0
2025-06-18 11:03:28.713951,1632.0,260041.0,375779.0
2025-06-18 11:03:29.811562,1632.0,260702.0,375655.0
2025-06-18 11:03:30.142272,1631.9,260702.0,375655.0
2025-06-18 11:03:30.913654,1631.9,260675.0,375723.0
2025-06-18 11:03:31.150413,1632.0,260675.0,375723.0
2025-06-18 11:03:32.014224,1632.0,260902.0,375677.0
2025-06-18 11:03:32.146890,1631.9,260902.0,375677.0
2025-06-18 11:03:33.031626,1631.9,260772.0,376452.0
2025-06-18 11:03:33.143600,1632.0,260772.0,376452.0
2025-06-18 11:03:34.120452,1632.0,260544.0,376117.0
2025-06-18 11:03:35.218173,1632.0,260628.0,376272.0
2025-06-18 11:03:36.169572,1631.9,260628.0,376272.0
2025-06-18 11:03:36.224622,1631.9,260293.0,376597.0
2025-06-18 11:03:37.147183,1631.9,260293.0,376597.0
2025-06-18 11:03:37.321757,1631.9,260390.0,376636.0
2025-06-18 11:03:38.148793,1631.8,260390.0,376636.0
2025-06-18 11:03:38.417891,1631.8,260485.0,376677.0
2025-06-18 11:03:39.144507,1631.9,260485.0,376677.0
2025-06-18 11:03:39.516827,1631.9,260427.0,376835.0
2025-06-18 11:03:40.143279,1631.8,260427.0,376835.0
2025-06-18 11:03:40.617608,1631.9,260550.0,376383.0
2025-06-18 11:03:41.166817,1631.8,260550.0,376383.0
2025-06-18 11:03:41.867978,1631.8,261125.0,376100.0
2025-06-18 11:03:42.153040,1631.8,261125.0,376100.0
2025-06-18 11:03:42.619908,1631.9,261271.0,376044.0
2025-06-18 11:03:43.152211,1631.9,261271.0,376044.0
2025-06-18 11:03:43.717384,1631.9,261010.0,376041.0
2025-06-18 11:03:44.151045,1631.8,261010.0,376041.0
2025-06-18 11:03:44.821474,1631.9,260550.0,375943.0
2025-06-18 11:03:45.166570,1631.9,260550.0,375943.0
2025-06-18 11:03:45.918079,1632.0,261139.0,375146.0
2025-06-18 11:03:46.023091,1632.0,261139.0,375146.0
2025-06-18 11:03:46.153780,1632.0,261139.0,375146.0
2025-06-18 11:03:47.021323,1632.0,261233.0,375139.0
2025-06-18 11:03:47.072063,1632.0,261233.0,375139.0
2025-06-18 11:03:47.171636,1632.0,261233.0,375139.0
2025-06-18 11:03:47.919516,1632.1,261119.0,374993.0
2025-06-18 11:03:47.974932,1632.1,261119.0,374993.0
2025-06-18 11:03:48.153848,1632.1,261119.0,374993.0
2025-06-18 11:03:48.891033,1632.1,261119.0,374993.0
2025-06-18 11:03:49.021888,1632.0,261133.0,375385.0
2025-06-18 11:03:49.159250,1632.0,261133.0,375385.0
2025-06-18 11:03:49.730559,1632.0,261133.0,375385.0
2025-06-18 11:03:50.127233,1631.9,261042.0,375490.0
2025-06-18 11:03:50.154224,1631.9,261042.0,375490.0
2025-06-18 11:03:50.552407,1631.9,261042.0,375490.0
2025-06-18 11:03:51.150895,1632.0,260977.0,375557.0
2025-06-18 11:03:51.165628,1632.0,260977.0,375557.0
2025-06-18 11:03:51.587918,1632.0,260977.0,375557.0
2025-06-18 11:03:52.131811,1632.0,260864.0,375557.0
2025-06-18 11:03:52.198070,1632.0,260864.0,375557.0
2025-06-18 11:03:53.068922,1632.0,260864.0,375557.0
2025-06-18 11:03:53.158745,1632.0,260864.0,375557.0
2025-06-18 11:03:53.224970,1632.0,261333.0,375481.0
2025-06-18 11:03:53.439503,1632.0,261333.0,375481.0
2025-06-18 11:03:54.158690,1631.8,261333.0,375481.0
2025-06-18 11:03:54.229437,1631.8,261295.0,375227.0
2025-06-18 11:03:54.450526,1631.8,261295.0,375227.0
2025-06-18 11:03:55.158865,1632.0,261295.0,375227.0
2025-06-18 11:03:55.224769,1632.0,261044.0,375499.0
2025-06-18 11:03:55.720938,1632.0,261044.0,375499.0
2025-06-18 11:03:56.161236,1632.0,261044.0,375499.0
2025-06-18 11:03:56.225116,1632.0,261362.0,375478.0
2025-06-18 11:03:56.583639,1632.0,261362.0,375478.0
2025-06-18 11:04:00.406046,1631.8,261206.0,375484.0
2025-06-18 11:04:00.407942,1631.8,261206.0,375484.0
2025-06-18 11:04:00.467108,1631.8,261206.0,375484.0
2025-06-18 11:04:00.508953,1631.8,260955.0,375492.0
2025-06-18 11:04:00.512017,1631.8,260955.0,375492.0
2025-06-18 11:04:00.514943,1631.8,260955.0,375492.0
2025-06-18 11:04:00.546592,1632.0,261162.0,375631.0
2025-06-18 11:04:00.548279,1632.0,261162.0,375631.0
2025-06-18 11:04:00.550346,1632.0,261093.0,375602.0
2025-06-18 11:04:00.551233,1632.0,261093.0,375602.0
2025-06-18 11:04:01.918509,1632.0,261093.0,375602.0
2025-06-18 11:04:02.833319,1632.0,260764.0,375489.0
2025-06-18 11:04:03.205549,1632.0,260764.0,375489.0
2025-06-18 11:04:05.196231,1632.0,260764.0,375489.0
2025-06-18 11:04:07.178034,1631.8,260764.0,375489.0
2025-06-18 11:04:08.036401,1631.8,260993.0,375500.0
2025-06-18 11:04:11.159090,1631.9,260993.0,375500.0
2025-06-18 11:04:13.039994,1631.9,261050.0,375260.0
2025-06-18 11:04:13.155384,1631.9,261050.0,375260.0
2025-06-18 11:04:15.155520,1631.9,261050.0,375260.0
2025-06-18 11:04:17.156213,1631.8,261050.0,375260.0
2025-06-18 11:04:18.341921,1631.8,261153.0,375989.0
2025-06-18 11:04:19.187464,1631.9,261153.0,375989.0
2025-06-18 11:04:21.175429,1631.8,261153.0,375989.0
2025-06-18 11:04:23.158578,1631.9,261153.0,375989.0
2025-06-18 11:04:23.670475,1631.9,260910.0,375770.0
2025-06-18 11:04:25.158468,1631.9,260910.0,375770.0
2025-06-18 11:04:27.158280,1631.8,260910.0,375770.0
2025-06-18 11:04:28.761960,1631.9,260810.0,375668.0
2025-06-18 11:04:29.155798,1631.9,260810.0,375668.0
2025-06-18 11:04:31.155841,1631.8,260810.0,375668.0
2025-06-18 11:04:33.161097,1631.8,260810.0,375668.0
2025-06-18 11:04:33.764118,1631.7,260766.0,375837.0
2025-06-18 11:04:35.164646,1631.8,260766.0,375837.0
2025-06-18 11:04:37.166981,1631.6,260766.0,375837.0
2025-06-18 11:04:38.665910,1631.9,260993.0,375925.0
2025-06-18 11:04:39.162026,1631.9,260993.0,375925.0
2025-06-18 11:04:41.151728,1631.8,260993.0,375925.0
2025-06-18 11:04:43.167342,1631.9,260993.0,375925.0
2025-06-18 11:04:43.670777,1631.9,261188.0,376278.0
2025-06-18 11:04:45.198135,1631.6,261188.0,376278.0
2025-06-18 11:04:47.165753,1631.8,261188.0,376278.0
2025-06-18 11:04:48.671086,1631.9,261737.0,376336.0
2025-06-18 11:04:49.158297,1631.9,261737.0,376336.0
2025-06-18 11:04:51.157372,1631.9,261737.0,376336.0
2025-06-18 11:04:53.154675,1632.0,261737.0,376336.0
2025-06-18 11:04:53.484942,1631.9,261556.0,375953.0
2025-06-18 11:04:55.162009,1631.8,261556.0,375953.0
2025-06-18 11:04:57.209912,1632.0,261556.0,375953.0
2025-06-18 11:04:58.187502,1632.0,263504.0,373349.0
2025-06-18 11:04:59.156765,1632.3,263504.0,373349.0
2025-06-18 11:05:01.157953,1632.2,263504.0,373349.0
2025-06-18 11:05:01.881118,1632.2,262963.0,373494.0
2025-06-18 11:05:02.163244,1632.2,262963.0,373494.0
2025-06-18 11:05:05.122720,1632.1,263096.0,373036.0
2025-06-18 11:05:05.168672,1632.1,263096.0,373036.0
2025-06-18 11:05:05.174091,1632.2,263143.0,373685.0
2025-06-18 11:05:05.174847,1632.2,263143.0,373685.0
2025-06-18 11:05:05.177623,1632.2,262973.0,373595.0
2025-06-18 11:05:05.206472,1632.3,262973.0,373595.0
2025-06-18 11:05:06.079590,1632.3,262494.0,373980.0
2025-06-18 11:05:06.159415,1632.3,262494.0,373980.0
2025-06-18 11:05:07.081354,1632.3,262687.0,374098.0
2025-06-18 11:05:07.387310,1632.3,262687.0,374098.0
2025-06-18 11:05:08.158810,1632.3,262687.0,374098.0
2025-06-18 11:05:08.578378,1632.1,262294.0,375154.0
2025-06-18 11:05:09.186559,1632.3,262294.0,375154.0
2025-06-18 11:05:09.681352,1631.9,261712.0,375416.0
2025-06-18 11:05:10.156611,1631.8,261712.0,375416.0
2025-06-18 11:05:10.776886,1631.8,261398.0,374959.0
2025-06-18 11:05:11.155182,1632.2,261398.0,374959.0
2025-06-18 11:05:11.879257,1632.0,261530.0,375049.0
2025-06-18 11:05:12.201010,1632.0,261530.0,375049.0
2025-06-18 11:05:12.880920,1632.0,261790.0,375207.0
2025-06-18 11:05:13.156083,1632.2,261790.0,375207.0
2025-06-18 11:05:13.882387,1632.4,262597.0,374846.0
2025-06-18 11:05:14.165093,1632.4,262597.0,374846.0
2025-06-18 11:05:14.881681,1632.4,262999.0,375119.0
2025-06-18 11:05:15.161231,1632.2,262999.0,375119.0
2025-06-18 11:05:15.887673,1632.1,261729.0,375955.0
2025-06-18 11:05:16.688136,1632.1,261729.0,375955.0
2025-06-18 11:05:16.883417,1632.1,261661.0,376235.0
2025-06-18 11:05:17.884016,1632.1,261723.0,376122.0
2025-06-18 11:05:18.890109,1632.0,261779.0,376172.0
2025-06-18 11:05:19.191161,1632.0,261779.0,376172.0
2025-06-18 11:05:19.998242,1632.0,270715.0,376001.0
2025-06-18 11:05:20.173267,1632.0,270715.0,376001.0
2025-06-18 11:05:20.998946,1632.0,270632.0,376023.0
2025-06-18 11:05:21.166746,1632.0,270632.0,376023.0
2025-06-18 11:05:22.087494,1632.0,270418.0,376079.0
2025-06-18 11:05:22.160334,1632.1,270418.0,376079.0
2025-06-18 11:05:23.089558,1632.1,269612.0,376139.0
2025-06-18 11:05:23.194575,1632.1,269612.0,376139.0
2025-06-18 11:05:24.090544,1632.0,270261.0,376247.0
2025-06-18 11:05:24.163866,1632.0,270261.0,376247.0
2025-06-18 11:05:25.089534,1632.0,270301.0,376189.0
2025-06-18 11:05:26.159729,1632.1,270301.0,376189.0
2025-06-18 11:05:26.191076,1632.1,270145.0,376327.0
2025-06-18 11:05:27.162294,1632.0,270145.0,376327.0
2025-06-18 11:05:27.791358,1632.0,270727.0,376250.0
2025-06-18 11:05:28.195342,1632.1,270727.0,376250.0
2025-06-18 11:05:28.892349,1632.1,270629.0,375980.0
2025-06-18 11:05:30.002144,1632.0,269671.0,376162.0
2025-06-18 11:05:30.155419,1632.0,269671.0,376162.0
2025-06-18 11:05:31.001523,1631.7,259955.0,379214.0
2025-06-18 11:05:31.161008,1631.6,259955.0,379214.0
2025-06-18 11:05:32.097580,1631.6,257851.0,378746.0
2025-06-18 11:05:32.168996,1631.6,257851.0,378746.0
2025-06-18 11:05:33.002533,1631.7,259013.0,379058.0
2025-06-18 11:05:33.203020,1631.9,259013.0,379058.0
2025-06-18 11:05:35.171447,1631.6,259013.0,379058.0
2025-06-18 11:05:35.172245,1631.6,258898.0,378411.0
2025-06-18 11:05:35.177081,1631.6,258898.0,378411.0
2025-06-18 11:05:35.295933,1631.4,258716.0,378851.0
2025-06-18 11:05:36.165998,1631.4,258716.0,378851.0
2025-06-18 11:05:36.397369,1631.4,257950.0,379837.0
2025-06-18 11:05:37.507667,1631.5,259418.0,379228.0
2025-06-18 11:05:38.159548,1631.4,259418.0,379228.0
2025-06-18 11:05:38.403285,1631.4,259244.0,379288.0
2025-06-18 11:05:39.598719,1631.4,259127.0,379214.0
2025-06-18 11:05:40.159854,1631.5,259127.0,379214.0
2025-06-18 11:05:40.504433,1631.4,259825.0,379327.0
2025-06-18 11:05:41.160446,1631.4,259825.0,379327.0
2025-06-18 11:05:41.597727,1631.4,259684.0,379179.0
2025-06-18 11:05:42.158835,1631.5,259684.0,379179.0
2025-06-18 11:05:42.599899,1631.4,259110.0,378516.0
2025-06-18 11:05:43.161917,1631.9,259110.0,378516.0
2025-06-18 11:05:43.600131,1631.9,259137.0,377861.0
2025-06-18 11:05:44.699387,1631.9,259151.0,377903.0
2025-06-18 11:05:45.700992,1631.8,259644.0,377339.0
2025-06-18 11:05:46.159625,1631.8,259644.0,377339.0
2025-06-18 11:05:46.702525,1631.6,259665.0,377396.0
2025-06-18 11:05:47.186643,1631.8,259665.0,377396.0
2025-06-18 11:05:47.701989,1631.6,259234.0,377506.0
2025-06-18 11:05:48.204986,1631.8,259234.0,377506.0
2025-06-18 11:05:48.702164,1631.8,259353.0,377553.0
2025-06-18 11:05:49.705636,1631.5,259230.0,378486.0
2025-06-18 11:05:50.166457,1631.5,259230.0,378486.0
2025-06-18 11:05:50.705823,1631.4,257781.0,378833.0
2025-06-18 11:05:51.161121,1631.0,257781.0,378833.0
2025-06-18 11:05:51.913228,1631.0,258194.0,379664.0
2025-06-18 11:05:52.176925,1631.4,258194.0,379664.0
2025-06-18 11:05:52.909448,1631.4,258533.0,378726.0
2025-06-18 11:05:53.158267,1631.6,258533.0,378726.0
2025-06-18 11:05:54.008537,1631.4,258544.0,378805.0
2025-06-18 11:05:54.379753,1631.4,258544.0,378805.0
2025-06-18 11:05:55.012257,1631.4,258267.0,378571.0
2025-06-18 11:05:55.156784,1631.4,258267.0,378571.0
2025-06-18 11:05:56.016339,1631.6,258222.0,378699.0
2025-06-18 11:05:56.170752,1631.6,258222.0,378699.0
2025-06-18 11:05:57.020661,1631.7,258901.0,379301.0
2025-06-18 11:05:57.165738,1631.4,258901.0,379301.0
2025-06-18 11:05:58.017012,1631.6,258928.0,379273.0
2025-06-18 11:05:58.164312,1631.6,258928.0,379273.0
2025-06-18 11:05:58.915756,1631.6,258865.0,379220.0
2025-06-18 11:06:00.014257,1631.6,258759.0,378946.0
2025-06-18 11:06:00.157357,1631.6,258759.0,378946.0
2025-06-18 11:06:01.616839,1631.6,258128.0,380949.0
2025-06-18 11:06:02.715516,1631.6,258089.0,380386.0
2025-06-18 11:06:03.157230,1631.6,258089.0,380386.0
2025-06-18 11:06:03.714305,1631.6,258355.0,381217.0
2025-06-18 11:06:04.164638,1631.6,258355.0,381217.0
2025-06-18 11:06:04.823794,1631.6,258197.0,381315.0
2025-06-18 11:06:05.155921,1631.6,258197.0,381315.0
2025-06-18 11:06:05.917116,1631.2,258204.0,381277.0
2025-06-18 11:06:06.159119,1631.2,258204.0,381277.0
2025-06-18 11:06:07.019576,1631.1,257918.0,380659.0
2025-06-18 11:06:07.165888,1631.1,257918.0,380659.0
2025-06-18 11:06:08.119328,1631.4,258363.0,381114.0
2025-06-18 11:06:08.161460,1631.4,258363.0,381114.0
2025-06-18 11:06:09.119406,1631.5,258237.0,381171.0
2025-06-18 11:06:09.162183,1631.5,258237.0,381171.0
2025-06-18 11:06:10.117114,1631.5,258351.0,381201.0
2025-06-18 11:06:11.118782,1631.5,257978.0,382282.0
2025-06-18 11:06:11.200917,1631.5,257978.0,382282.0
2025-06-18 11:06:12.018818,1631.5,258113.0,381918.0
2025-06-18 11:06:13.119750,1631.4,258254.0,381827.0
2025-06-18 11:06:13.168967,1631.4,258254.0,381827.0
2025-06-18 11:06:14.124774,1631.2,258272.0,381810.0
2025-06-18 11:06:14.162365,1631.2,258272.0,381810.0
2025-06-18 11:06:15.165774,1631.3,258272.0,381810.0
2025-06-18 11:06:15.229396,1631.3,257971.0,382178.0
2025-06-18 11:06:16.158918,1631.3,257971.0,382178.0
2025-06-18 11:06:16.326739,1631.3,257786.0,382042.0
2025-06-18 11:06:17.321435,1631.3,257645.0,382104.0
2025-06-18 11:06:18.165557,1631.2,257645.0,382104.0
2025-06-18 11:06:18.323607,1631.2,257776.0,382073.0
2025-06-18 11:06:19.156171,1631.2,257776.0,382073.0
2025-06-18 11:06:19.322803,1631.2,257676.0,382082.0
2025-06-18 11:06:20.323678,1631.2,257359.0,382081.0
2025-06-18 11:06:21.426905,1631.2,257396.0,382157.0
2025-06-18 11:06:22.425355,1631.3,257355.0,382178.0
2025-06-18 11:06:23.164846,1631.3,257355.0,382178.0
2025-06-18 11:06:23.427378,1631.3,257482.0,382165.0
2025-06-18 11:06:24.165388,1631.3,257482.0,382165.0
2025-06-18 11:06:24.426391,1631.2,257454.0,382207.0
2025-06-18 11:06:25.160158,1631.3,257454.0,382207.0
2025-06-18 11:06:25.428427,1631.3,257603.0,382072.0
2025-06-18 11:06:26.214495,1631.3,257603.0,382072.0
2025-06-18 11:06:26.529709,1631.3,257629.0,382034.0
2025-06-18 11:06:27.628850,1631.3,257633.0,381987.0
2025-06-18 11:06:28.163170,1631.3,257633.0,381987.0
2025-06-18 11:06:28.529306,1631.3,257617.0,381899.0
2025-06-18 11:06:29.629884,1631.3,257657.0,381797.0
2025-06-18 11:06:30.165116,1631.1,257657.0,381797.0
2025-06-18 11:06:30.733610,1631.1,257070.0,382421.0
2025-06-18 11:06:31.166586,1631.2,257070.0,382421.0
2025-06-18 11:06:31.732998,1631.1,257145.0,381905.0
2025-06-18 11:06:32.167747,1631.1,257145.0,381905.0
2025-06-18 11:06:32.737146,1631.1,257312.0,382368.0
2025-06-18 11:06:33.165946,1631.3,257312.0,382368.0
2025-06-18 11:06:33.734736,1631.1,257415.0,382092.0
2025-06-18 11:06:34.227701,1631.1,257415.0,382092.0
2025-06-18 11:06:34.837761,1631.3,257362.0,382013.0
2025-06-18 11:06:35.163758,1631.3,257362.0,382013.0
2025-06-18 11:06:35.938195,1631.3,257537.0,382106.0
2025-06-18 11:06:37.037161,1631.3,257509.0,382014.0
2025-06-18 11:06:37.936781,1631.3,257504.0,382062.0
2025-06-18 11:06:38.940049,1631.3,257454.0,381876.0
2025-06-18 11:06:39.938138,1631.3,257263.0,381928.0
2025-06-18 11:06:40.166766,1631.1,257263.0,381928.0
2025-06-18 11:06:40.937243,1631.1,257131.0,381928.0
2025-06-18 11:06:41.950853,1631.1,257397.0,381878.0
2025-06-18 11:06:42.158981,1631.1,257397.0,381878.0
2025-06-18 11:06:42.940059,1631.3,257496.0,381302.0
2025-06-18 11:06:43.159935,1631.4,257496.0,381302.0
2025-06-18 11:06:43.940161,1631.1,257312.0,381652.0
2025-06-18 11:06:44.161625,1631.1,257312.0,381652.0
2025-06-18 11:06:44.939156,1631.4,258092.0,379811.0
2025-06-18 11:06:45.158584,1631.4,258092.0,379811.0
2025-06-18 11:06:45.940393,1631.4,257891.0,379694.0
2025-06-18 11:06:46.718508,1631.4,257891.0,379694.0
2025-06-18 11:06:46.939614,1631.5,258145.0,380368.0
2025-06-18 11:06:47.167310,1631.5,258145.0,380368.0
2025-06-18 11:06:47.612214,1631.5,258145.0,380368.0
2025-06-18 11:06:47.940900,1631.5,258643.0,380238.0
2025-06-18 11:06:48.169510,1631.5,258643.0,380238.0
2025-06-18 11:06:48.550706,1631.5,258643.0,380238.0
2025-06-18 11:06:48.984656,1631.5,258878.0,379663.0
2025-06-18 11:06:49.765875,1631.5,258878.0,379663.0
2025-06-18 11:06:49.944608,1631.6,258846.0,379687.0
2025-06-18 11:06:50.161958,1631.6,258846.0,379687.0
2025-06-18 11:06:50.287545,1631.6,258846.0,379687.0
2025-06-18 11:06:50.942493,1631.6,258746.0,380507.0
2025-06-18 11:06:51.051926,1631.6,258746.0,380507.0
2025-06-18 11:06:51.941744,1631.6,258652.0,380463.0
2025-06-18 11:06:52.036943,1631.6,258652.0,380463.0
2025-06-18 11:06:52.946287,1631.6,258958.0,380546.0
2025-06-18 11:06:53.009278,1631.6,258958.0,380546.0
2025-06-18 11:06:53.161373,1631.6,258958.0,380546.0
2025-06-18 11:06:53.556218,1631.6,258958.0,380546.0
2025-06-18 11:06:53.944543,1631.6,258957.0,380362.0
2025-06-18 11:06:54.200677,1631.5,258957.0,380362.0
2025-06-18 11:06:54.740122,1631.5,258957.0,380362.0
2025-06-18 11:06:54.944502,1631.5,258811.0,380456.0
2025-06-18 11:06:55.162691,1631.6,258811.0,380456.0
2025-06-18 11:06:55.845821,1631.6,259040.0,380445.0
2025-06-18 11:06:56.201258,1631.5,259040.0,380445.0
2025-06-18 11:06:56.239827,1631.5,259040.0,380445.0
2025-06-18 11:06:56.845303,1631.4,258291.0,380831.0
2025-06-18 11:06:57.112099,1631.4,258291.0,380831.0
2025-06-18 11:06:57.160116,1631.4,258291.0,380831.0
2025-06-18 11:06:57.749800,1631.4,258497.0,380685.0
2025-06-18 11:06:58.336090,1631.5,258497.0,380685.0
2025-06-18 11:06:58.515846,1631.5,258497.0,380685.0
2025-06-18 11:06:58.845567,1631.5,258509.0,380525.0
2025-06-18 11:06:59.658962,1631.5,258509.0,380525.0
2025-06-18 11:06:59.845983,1631.5,258493.0,380525.0
2025-06-18 11:07:00.157315,1631.5,258493.0,380525.0
2025-06-18 11:07:00.813322,1631.5,258493.0,380525.0
2025-06-18 11:07:00.852053,1631.5,258306.0,380521.0
2025-06-18 11:07:01.748114,1631.4,259109.0,380308.0
2025-06-18 11:07:02.161266,1631.5,259109.0,380308.0
2025-06-18 11:07:02.285566,1631.5,259109.0,380308.0
2025-06-18 11:07:02.851120,1631.4,258973.0,380452.0
2025-06-18 11:07:03.161472,1631.5,258973.0,380452.0
2025-06-18 11:07:05.074987,1631.5,258955.0,380428.0
2025-06-18 11:07:05.115532,1631.4,258897.0,380549.0
2025-06-18 11:07:05.169827,1631.4,258897.0,380549.0
2025-06-18 11:07:06.052672,1631.4,259191.0,380851.0
2025-06-18 11:07:06.163396,1631.4,259191.0,380851.0
2025-06-18 11:07:06.954863,1631.4,258977.0,380631.0
2025-06-18 11:07:10.479652,1631.4,258731.0,380510.0
2025-06-18 11:07:10.527427,1631.4,258664.0,380506.0
2025-06-18 11:07:10.532384,1631.4,258664.0,380506.0
2025-06-18 11:07:10.576179,1631.4,258664.0,380506.0
2025-06-18 11:07:10.580910,1631.4,258145.0,380438.0
2025-06-18 11:07:11.459634,1631.4,257842.0,380431.0
2025-06-18 11:07:12.170816,1631.5,257842.0,380431.0
2025-06-18 11:07:12.457332,1631.5,258177.0,379932.0
2025-06-18 11:07:13.167393,1631.8,258177.0,379932.0
2025-06-18 11:07:13.458884,1631.8,258493.0,379980.0
2025-06-18 11:07:14.461942,1631.6,258565.0,379923.0
2025-06-18 11:07:15.161805,1631.5,258565.0,379923.0
2025-06-18 11:07:15.461755,1631.5,258206.0,379706.0
2025-06-18 11:07:16.167958,1631.7,258206.0,379706.0
2025-06-18 11:07:16.460969,1631.7,258541.0,379725.0
2025-06-18 11:07:17.171519,1631.4,258541.0,379725.0
2025-06-18 11:07:17.564822,1631.4,258576.0,380286.0
2025-06-18 11:07:18.561284,1631.4,258262.0,380271.0
2025-06-18 11:07:19.165355,1631.4,258262.0,380271.0
2025-06-18 11:07:19.560947,1631.8,258436.0,380158.0
2025-06-18 11:07:20.165192,1631.4,258436.0,380158.0
2025-06-18 11:07:20.599009,1631.4,258602.0,380143.0
2025-06-18 11:07:21.577601,1631.4,258187.0,380173.0
2025-06-18 11:07:22.665741,1631.5,258396.0,380293.0
2025-06-18 11:07:23.165649,1631.8,258396.0,380293.0
2025-06-18 11:07:23.565943,1631.4,258283.0,380185.0
2025-06-18 11:07:24.166430,1631.4,258283.0,380185.0
2025-06-18 11:07:24.668463,1631.4,258705.0,380850.0
2025-06-18 11:07:25.762812,1631.7,258443.0,380792.0
2025-06-18 11:07:26.221779,1631.7,258443.0,380792.0
2025-06-18 11:07:26.861541,1631.7,258490.0,380732.0
2025-06-18 11:07:27.965047,1631.7,258441.0,380408.0
2025-06-18 11:07:28.169758,1631.7,258441.0,380408.0
2025-06-18 11:07:28.967837,1631.7,258472.0,380479.0
2025-06-18 11:07:29.176877,1631.7,258472.0,380479.0
2025-06-18 11:07:30.142772,1632.0,259893.0,377605.0
2025-06-18 11:07:30.199278,1632.0,259893.0,377605.0
2025-06-18 11:07:31.169715,1632.3,259893.0,377605.0
2025-06-18 11:07:31.178841,1632.3,260452.0,377248.0
2025-06-18 11:07:32.193244,1632.3,260351.0,377062.0
2025-06-18 11:07:33.169790,1632.5,260351.0,377062.0
2025-06-18 11:07:33.176238,1632.5,260557.0,376402.0
2025-06-18 11:07:34.064413,1632.5,260562.0,376800.0
2025-06-18 11:07:35.067276,1632.2,259920.0,377007.0
2025-06-18 11:07:35.163650,1632.2,259920.0,377007.0
2025-06-18 11:07:36.065923,1632.2,260063.0,376854.0
2025-06-18 11:07:37.074243,1632.0,259350.0,378659.0
2025-06-18 11:07:37.168887,1632.0,259350.0,378659.0
2025-06-18 11:07:38.067768,1632.0,259533.0,377874.0
2025-06-18 11:07:39.076562,1632.0,259139.0,378814.0
2025-06-18 11:07:40.069737,1631.9,259407.0,378589.0
2025-06-18 11:07:40.199809,1631.9,259407.0,378589.0
2025-06-18 11:07:41.071338,1631.9,258842.0,378349.0
2025-06-18 11:07:42.170951,1631.4,258842.0,378349.0
2025-06-18 11:07:42.184197,1631.4,259014.0,378628.0
2025-06-18 11:07:43.170846,1631.9,259014.0,378628.0
2025-06-18 11:07:43.271145,1631.9,258942.0,378581.0
2025-06-18 11:07:44.793673,1631.4,258942.0,378581.0
2025-06-18 11:07:44.798092,1631.4,258952.0,378338.0
2025-06-18 11:07:45.375572,1631.4,259660.0,379405.0
2025-06-18 11:07:46.580215,1631.7,259697.0,379628.0
2025-06-18 11:07:47.177275,1631.7,259697.0,379628.0
2025-06-18 11:07:47.475089,1631.7,259584.0,379748.0
2025-06-18 11:07:48.477875,1631.9,259617.0,379624.0
2025-06-18 11:07:49.169869,1631.7,259617.0,379624.0
2025-06-18 11:07:49.576574,1631.7,259320.0,379468.0
2025-06-18 11:07:50.170726,1631.8,259320.0,379468.0
2025-06-18 11:07:50.575364,1631.5,258620.0,380057.0
2025-06-18 11:07:51.175146,1631.5,258620.0,380057.0
2025-06-18 11:07:51.576859,1631.5,259118.0,379671.0
2025-06-18 11:07:52.685219,1631.5,258518.0,379865.0
2025-06-18 11:07:53.170782,1631.5,258518.0,379865.0
2025-06-18 11:07:53.717344,1631.5,258183.0,379731.0
2025-06-18 11:07:54.169380,1632.0,258183.0,379731.0
2025-06-18 11:07:55.161855,1632.1,260719.0,374413.0
2025-06-18 11:07:55.163434,1632.3,260719.0,374413.0
2025-06-18 11:07:55.776412,1632.3,261866.0,375829.0
2025-06-18 11:07:56.177935,1632.5,261866.0,375829.0
2025-06-18 11:07:56.775622,1632.5,261971.0,375888.0
2025-06-18 11:07:57.781218,1632.5,261884.0,375805.0
2025-06-18 11:07:58.877274,1632.4,261652.0,375854.0
2025-06-18 11:07:59.170491,1632.4,261652.0,375854.0
2025-06-18 11:07:59.876385,1632.5,261791.0,376151.0
2025-06-18 11:08:00.436437,1632.5,261791.0,376151.0
2025-06-18 11:08:01.485122,1632.5,261526.0,376564.0
2025-06-18 11:08:02.192435,1632.5,261526.0,376564.0
2025-06-18 11:08:02.580082,1632.3,261131.0,376872.0
2025-06-18 11:08:03.169566,1632.6,261131.0,376872.0
2025-06-18 11:08:04.175228,1632.4,261131.0,376872.0
2025-06-18 11:08:04.282898,1632.4,260097.0,376394.0
2025-06-18 11:08:05.184331,1632.4,260097.0,376394.0
2025-06-18 11:08:05.379832,1632.4,260130.0,376743.0
2025-06-18 11:08:06.171854,1632.4,260130.0,376743.0
2025-06-18 11:08:06.380926,1632.4,260271.0,376987.0
2025-06-18 11:08:07.177002,1632.0,260271.0,376987.0
2025-06-18 11:08:07.602766,1632.0,260368.0,376957.0
2025-06-18 11:08:08.582858,1632.0,260591.0,374283.0
2025-06-18 11:08:09.223180,1632.4,260591.0,374283.0
2025-06-18 11:08:09.684138,1632.4,262210.0,371706.0
2025-06-18 11:08:10.188134,1632.7,262210.0,371706.0
2025-06-18 11:08:10.685231,1632.8,262855.0,371734.0
2025-06-18 11:08:11.172875,1632.8,262855.0,371734.0
2025-06-18 11:08:12.209710,1632.7,262735.0,371899.0
2025-06-18 11:08:12.253087,1632.8,262735.0,371899.0
2025-06-18 11:08:12.689116,1632.7,262743.0,373306.0
2025-06-18 11:08:13.169387,1632.8,262743.0,373306.0
2025-06-18 11:08:13.592998,1632.7,262885.0,372856.0
2025-06-18 11:08:14.185218,1632.7,262885.0,372856.0
2025-06-18 11:08:15.125616,1632.9,263183.0,370785.0
2025-06-18 11:08:15.194096,1632.7,263183.0,370785.0
2025-06-18 11:08:15.498927,1632.7,262657.0,370952.0
2025-06-18 11:08:16.191876,1632.9,262657.0,370952.0
2025-06-18 11:08:16.593540,1632.9,262731.0,371141.0
2025-06-18 11:08:20.440015,1632.5,262731.0,371141.0
2025-06-18 11:08:20.486530,1632.5,261954.0,371693.0
2025-06-18 11:08:20.501107,1632.5,262354.0,372464.0
2025-06-18 11:08:20.529294,1632.4,262354.0,372464.0
2025-06-18 11:08:20.534854,1632.4,263126.0,371597.0
2025-06-18 11:08:20.894498,1632.6,262432.0,372235.0
2025-06-18 11:08:21.177276,1632.6,262432.0,372235.0
2025-06-18 11:08:22.018941,1632.4,262603.0,372160.0
2025-06-18 11:08:22.169232,1632.8,262603.0,372160.0
2025-06-18 11:08:23.096649,1632.9,261773.0,372003.0
2025-06-18 11:08:23.174193,1632.9,261773.0,372003.0
2025-06-18 11:08:24.170865,1632.4,261773.0,372003.0
2025-06-18 11:08:24.705908,1632.4,262103.0,372265.0
2025-06-18 11:08:25.170015,1632.4,262103.0,372265.0
2025-06-18 11:08:25.901459,1632.7,262183.0,372516.0
2025-06-18 11:08:26.167374,1632.9,262183.0,372516.0
2025-06-18 11:08:26.822094,1632.9,262532.0,372338.0
2025-06-18 11:08:27.816934,1632.4,262299.0,372235.0
2025-06-18 11:08:28.170409,1632.4,262299.0,372235.0
2025-06-18 11:08:28.899500,1632.6,262138.0,372510.0
2025-06-18 11:08:29.167945,1632.9,262138.0,372510.0
2025-06-18 11:08:29.802142,1632.9,262181.0,372409.0
2025-06-18 11:08:30.170614,1632.7,262181.0,372409.0
2025-06-18 11:08:30.901177,1632.9,262778.0,372886.0
2025-06-18 11:08:31.183628,1632.9,262778.0,372886.0
2025-06-18 11:08:31.802386,1632.9,262406.0,372897.0
2025-06-18 11:08:32.902854,1632.9,262492.0,372871.0
2025-06-18 11:08:33.172494,1632.9,262492.0,372871.0
2025-06-18 11:08:34.068010,1632.9,262664.0,372621.0
2025-06-18 11:08:35.015931,1632.8,262363.0,372687.0
2025-06-18 11:08:35.165883,1632.8,262363.0,372687.0
2025-06-18 11:08:36.011300,1632.9,262460.0,372748.0
2025-06-18 11:08:36.168637,1632.9,262460.0,372748.0
2025-06-18 11:08:37.109295,1632.8,262522.0,372671.0
2025-06-18 11:08:37.172497,1632.8,262522.0,372671.0
2025-06-18 11:08:38.018567,1632.8,262649.0,372670.0
2025-06-18 11:08:38.168345,1632.8,262649.0,372670.0
2025-06-18 11:08:39.170239,1632.9,262649.0,372670.0
2025-06-18 11:08:39.517663,1632.9,262771.0,372525.0
2025-06-18 11:08:40.608683,1632.8,262564.0,372296.0
2025-06-18 11:08:41.170840,1632.8,262564.0,372296.0
2025-06-18 11:08:41.717898,1632.9,262430.0,372284.0
2025-06-18 11:08:42.176843,1632.9,262430.0,372284.0
2025-06-18 11:08:42.709739,1632.9,262393.0,372289.0
2025-06-18 11:08:43.169310,1632.9,262393.0,372289.0
2025-06-18 11:08:43.811197,1632.9,262475.0,372278.0
2025-06-18 11:08:44.174403,1632.6,262475.0,372278.0
2025-06-18 11:08:44.808953,1632.6,261964.0,372413.0
2025-06-18 11:08:45.911318,1632.7,261981.0,372756.0
2025-06-18 11:08:46.200448,1632.8,261981.0,372756.0
2025-06-18 11:08:47.022815,1632.7,261906.0,372646.0
2025-06-18 11:08:47.171310,1632.7,261906.0,372646.0
2025-06-18 11:08:48.022563,1632.7,262365.0,372443.0
2025-06-18 11:08:48.169068,1632.7,262365.0,372443.0
2025-06-18 11:08:49.021739,1632.9,261881.0,372078.0
2025-06-18 11:08:49.173267,1632.9,261881.0,372078.0
2025-06-18 11:08:50.019252,1632.7,262435.0,372579.0
2025-06-18 11:08:50.170544,1632.7,262435.0,372579.0
2025-06-18 11:08:51.221801,1632.7,262344.0,372543.0
2025-06-18 11:08:52.170633,1633.0,262344.0,372543.0
2025-06-18 11:08:52.211431,1633.0,262356.0,372111.0
2025-06-18 11:08:53.172235,1633.0,262356.0,372111.0
2025-06-18 11:08:53.211976,1633.0,262880.0,371845.0
2025-06-18 11:08:54.311440,1633.0,262779.0,372015.0
2025-06-18 11:08:55.311491,1633.0,263044.0,372385.0
2025-06-18 11:08:56.174726,1633.0,263044.0,372385.0
2025-06-18 11:08:56.312072,1633.0,262924.0,372279.0
2025-06-18 11:08:57.169299,1633.0,262924.0,372279.0
2025-06-18 11:08:57.214897,1633.0,262984.0,372323.0
2025-06-18 11:08:58.167140,1633.0,262984.0,372323.0
2025-06-18 11:08:58.312754,1633.0,262802.0,372227.0
2025-06-18 11:08:59.175703,1633.0,262802.0,372227.0
2025-06-18 11:08:59.317079,1633.0,262566.0,371467.0
2025-06-18 11:09:00.167703,1633.0,262566.0,371467.0
2025-06-18 11:09:00.413534,1633.0,262684.0,372276.0
2025-06-18 11:09:01.913527,1632.9,262369.0,372133.0
2025-06-18 11:09:02.209303,1632.9,262369.0,372133.0
2025-06-18 11:09:02.915278,1633.0,262792.0,372237.0
2025-06-18 11:09:03.180637,1633.2,262792.0,372237.0
2025-06-18 11:09:03.915229,1633.0,264409.0,371219.0
2025-06-18 11:09:04.177340,1633.0,264409.0,371219.0
2025-06-18 11:09:04.918131,1633.0,264143.0,370954.0
2025-06-18 11:09:05.177981,1633.0,264143.0,370954.0
2025-06-18 11:09:05.827690,1633.0,263766.0,370977.0
2025-06-18 11:09:06.171116,1633.2,263766.0,370977.0
2025-06-18 11:09:06.833000,1633.2,263959.0,371019.0
2025-06-18 11:09:07.720279,1633.1,263965.0,371004.0
2025-06-18 11:09:08.170003,1633.1,263965.0,371004.0
2025-06-18 11:09:08.718401,1633.1,264095.0,372027.0
2025-06-18 11:09:09.167407,1633.1,264095.0,372027.0
2025-06-18 11:09:09.743451,1633.2,264128.0,371904.0
2025-06-18 11:09:10.171543,1633.2,264128.0,371904.0
2025-06-18 11:09:10.525443,1633.0,263918.0,371983.0
2025-06-18 11:09:11.168960,1633.0,263918.0,371983.0
2025-06-18 11:09:11.621525,1633.3,264520.0,369979.0
2025-06-18 11:09:12.166345,1633.3,264520.0,369979.0
2025-06-18 11:09:14.262138,1633.3,264646.0,370463.0
2025-06-18 11:09:14.305358,1633.5,264646.0,370463.0
2025-06-18 11:09:14.311359,1633.5,263281.0,369658.0
2025-06-18 11:09:14.345254,1633.3,263281.0,369658.0
2025-06-18 11:09:14.722119,1633.3,264370.0,368022.0
2025-06-18 11:09:15.173793,1633.1,264370.0,368022.0
2025-06-18 11:09:15.825870,1633.5,265168.0,369886.0
2025-06-18 11:09:16.166270,1633.5,265168.0,369886.0
2025-06-18 11:09:16.921820,1633.4,265752.0,370173.0
2025-06-18 11:09:17.171798,1633.4,265752.0,370173.0
2025-06-18 11:09:18.826988,1633.4,266157.0,370951.0
2025-06-18 11:09:18.869889,1633.4,266157.0,370951.0
2025-06-18 11:09:18.929719,1633.4,266198.0,371028.0
2025-06-18 11:09:19.825552,1633.5,266021.0,371035.0
2025-06-18 11:09:20.196685,1633.5,266021.0,371035.0
2025-06-18 11:09:20.923627,1633.5,266034.0,371020.0
2025-06-18 11:09:21.926038,1633.5,266064.0,371613.0
2025-06-18 11:09:22.165562,1633.5,266064.0,371613.0
2025-06-18 11:09:22.963735,1633.5,266066.0,371635.0
2025-06-18 11:09:23.173597,1633.5,266066.0,371635.0
2025-06-18 11:09:23.827208,1633.5,265838.0,371383.0
2025-06-18 11:09:24.172851,1633.4,265838.0,371383.0
2025-06-18 11:09:24.827228,1633.4,265119.0,371503.0
2025-06-18 11:09:25.177170,1633.5,265119.0,371503.0
2025-06-18 11:09:25.828206,1633.5,265130.0,371437.0
2025-06-18 11:09:26.173521,1633.5,265130.0,371437.0
2025-06-18 11:09:26.930749,1633.5,265230.0,371417.0
2025-06-18 11:09:28.031440,1633.5,264908.0,371574.0
2025-06-18 11:09:28.174981,1633.5,264908.0,371574.0
2025-06-18 11:09:29.037479,1633.5,265147.0,371391.0
2025-06-18 11:09:29.177734,1633.5,265147.0,371391.0
2025-06-18 11:09:30.177825,1633.3,265147.0,371391.0
2025-06-18 11:09:30.636550,1633.3,265334.0,371833.0
2025-06-18 11:09:31.169663,1633.5,265334.0,371833.0
2025-06-18 11:09:31.735858,1633.5,265256.0,371610.0
2025-06-18 11:09:32.831154,1633.0,267183.0,369682.0
2025-06-18 11:09:33.174966,1633.5,267183.0,369682.0
2025-06-18 11:09:33.736471,1633.1,267165.0,370680.0
2025-06-18 11:09:34.174417,1633.1,267165.0,370680.0
2025-06-18 11:09:34.836168,1633.1,265898.0,370706.0
2025-06-18 11:09:35.939943,1633.1,265730.0,370533.0
2025-06-18 11:09:36.171359,1633.5,265730.0,370533.0
2025-06-18 11:09:37.040304,1633.1,265826.0,370957.0
2025-06-18 11:09:37.175243,1633.1,265826.0,370957.0
2025-06-18 11:09:38.145967,1633.1,265852.0,371853.0
2025-06-18 11:09:39.901688,1633.1,265936.0,371895.0
2025-06-18 11:09:40.169851,1633.1,265936.0,371895.0
2025-06-18 11:09:40.239956,1633.1,266051.0,371727.0
2025-06-18 11:09:41.168909,1633.5,266051.0,371727.0
2025-06-18 11:09:41.237535,1633.5,266074.0,371943.0
2025-06-18 11:09:42.176753,1633.1,266074.0,371943.0
2025-06-18 11:09:42.238597,1633.1,265705.0,372344.0
2025-06-18 11:09:43.170176,1633.5,265705.0,372344.0
2025-06-18 11:09:43.238738,1633.5,265598.0,371655.0
2025-06-18 11:09:44.188409,1633.5,265598.0,371655.0
2025-06-18 11:09:44.343327,1633.5,266530.0,371564.0
2025-06-18 11:09:45.176717,1633.5,266530.0,371564.0
2025-06-18 11:09:45.340883,1633.5,266439.0,371989.0
2025-06-18 11:09:46.252841,1633.5,266439.0,371989.0
2025-06-18 11:09:46.439129,1633.3,267357.0,371586.0
2025-06-18 11:09:47.135603,1633.3,267357.0,371586.0
2025-06-18 11:09:47.222205,1633.3,267357.0,371586.0
2025-06-18 11:09:47.342844,1633.3,267763.0,371616.0
2025-06-18 11:09:48.249738,1633.3,267763.0,371616.0
2025-06-18 11:09:48.442348,1633.3,267378.0,371370.0
2025-06-18 11:09:49.099839,1633.3,267378.0,371370.0
2025-06-18 11:09:49.541831,1633.5,267237.0,371626.0
2025-06-18 11:09:50.023539,1633.5,267237.0,371626.0
2025-06-18 11:09:50.170573,1633.5,267237.0,371626.0
2025-06-18 11:09:50.649330,1633.5,267745.0,372033.0
2025-06-18 11:09:50.861311,1633.5,267745.0,372033.0
2025-06-18 11:09:51.170011,1633.3,267745.0,372033.0
2025-06-18 11:09:51.635884,1633.3,267745.0,372033.0
2025-06-18 11:09:51.674083,1633.3,267054.0,372600.0
2025-06-18 11:09:52.175377,1633.3,267054.0,372600.0
2025-06-18 11:09:52.623808,1633.3,267054.0,372600.0
2025-06-18 11:09:52.676222,1633.3,267145.0,372575.0
2025-06-18 11:09:53.177502,1633.5,267145.0,372575.0
2025-06-18 11:09:53.232201,1633.5,267145.0,372575.0
2025-06-18 11:09:53.648272,1633.5,267528.0,370649.0
2025-06-18 11:09:54.089196,1633.5,267528.0,370649.0
2025-06-18 11:09:54.185732,1633.4,267528.0,370649.0
2025-06-18 11:09:54.461330,1633.4,267528.0,370649.0
2025-06-18 11:09:54.651140,1633.4,267447.0,370880.0
2025-06-18 11:09:55.180371,1633.5,267447.0,370880.0
2025-06-18 11:09:55.334979,1633.5,267447.0,370880.0
2025-06-18 11:09:55.743883,1633.4,267264.0,371018.0
2025-06-18 11:09:56.172350,1633.5,267264.0,371018.0
2025-06-18 11:09:56.585928,1633.5,267264.0,371018.0
2025-06-18 11:09:56.743162,1633.5,267776.0,370932.0
2025-06-18 11:09:57.561854,1633.5,267776.0,370932.0
2025-06-18 11:09:57.843876,1633.3,266762.0,370870.0
2025-06-18 11:09:58.177541,1633.4,266762.0,370870.0
2025-06-18 11:09:58.955652,1633.4,266763.0,371189.0
2025-06-18 11:09:58.965366,1633.4,266763.0,371189.0
2025-06-18 11:09:59.178204,1633.4,266763.0,371189.0
2025-06-18 11:10:00.046225,1633.4,266971.0,370939.0
2025-06-18 11:10:00.118576,1633.4,266971.0,370939.0
2025-06-18 11:10:00.171068,1633.4,266971.0,370939.0
2025-06-18 11:10:01.163780,1633.3,267206.0,371107.0
2025-06-18 11:10:01.246138,1633.3,267206.0,371107.0
2025-06-18 11:10:02.150357,1633.3,267283.0,371239.0
2025-06-18 11:10:02.170493,1633.3,267283.0,371239.0
2025-06-18 11:10:02.715327,1633.3,267283.0,371239.0
2025-06-18 11:10:03.148866,1633.5,267441.0,370702.0
2025-06-18 11:10:03.213668,1633.5,267441.0,370702.0
2025-06-18 11:10:04.246810,1633.3,267152.0,371287.0
2025-06-18 11:10:05.170393,1633.4,267152.0,371287.0
2025-06-18 11:10:05.348959,1633.4,266826.0,371527.0
2025-06-18 11:10:06.173369,1633.4,266826.0,371527.0
2025-06-18 11:10:06.451111,1633.4,267109.0,371234.0
2025-06-18 11:10:07.176659,1633.4,267109.0,371234.0
2025-06-18 11:10:07.551100,1633.4,267129.0,371208.0
2025-06-18 11:10:09.454569,1633.4,267129.0,371208.0
2025-06-18 11:10:09.505711,1633.4,267233.0,370804.0
2025-06-18 11:10:09.512412,1633.5,267233.0,370804.0
2025-06-18 11:10:09.551369,1633.5,267062.0,370431.0
2025-06-18 11:10:10.183751,1633.4,267062.0,370431.0
2025-06-18 11:10:10.958064,1633.5,266956.0,370909.0
2025-06-18 11:10:11.186863,1633.5,266956.0,370909.0
2025-06-18 11:10:11.958442,1633.5,267882.0,370660.0
2025-06-18 11:10:12.967320,1633.5,268394.0,370377.0
2025-06-18 11:10:13.177613,1633.6,268394.0,370377.0
2025-06-18 11:10:14.055704,1633.6,267462.0,370231.0
2025-06-18 11:10:15.058161,1633.9,267453.0,369558.0
2025-06-18 11:10:15.173053,1633.9,267453.0,369558.0
2025-06-18 11:10:16.158813,1633.9,267022.0,370214.0
2025-06-18 11:10:16.175329,1633.9,267022.0,370214.0
2025-06-18 11:10:17.162755,1633.6,267093.0,370324.0
2025-06-18 11:10:17.182918,1633.6,267093.0,370324.0
2025-06-18 11:10:18.171423,1633.6,267093.0,370324.0
2025-06-18 11:10:18.255259,1633.6,267157.0,369457.0
2025-06-18 11:10:19.357882,1633.9,267218.0,370004.0
2025-06-18 11:10:20.171912,1633.9,267218.0,370004.0
2025-06-18 11:10:20.353937,1633.9,267627.0,370530.0
2025-06-18 11:10:21.666905,1633.9,266977.0,371387.0
2025-06-18 11:10:22.176453,1633.9,266977.0,371387.0
2025-06-18 11:10:22.853972,1633.8,267786.0,371225.0
2025-06-18 11:10:23.174360,1633.8,267786.0,371225.0
2025-06-18 11:10:23.856762,1633.9,267870.0,371225.0
2025-06-18 11:10:24.181971,1633.9,267870.0,371225.0
2025-06-18 11:10:24.855790,1633.9,268553.0,371006.0
2025-06-18 11:10:25.178129,1633.9,268553.0,371006.0
2025-06-18 11:10:25.856607,1633.9,268694.0,370965.0
2025-06-18 11:10:26.177851,1633.9,268694.0,370965.0
2025-06-18 11:10:26.855811,1633.9,268519.0,367986.0
2025-06-18 11:10:27.181627,1633.9,268519.0,367986.0
2025-06-18 11:10:27.757229,1633.9,267586.0,368331.0
2025-06-18 11:10:28.182921,1634.0,267586.0,368331.0
2025-06-18 11:10:29.168653,1634.0,267620.0,368283.0
2025-06-18 11:10:30.173304,1634.0,267620.0,368283.0
2025-06-18 11:10:30.259547,1634.0,267617.0,368260.0
2025-06-18 11:10:31.172421,1633.9,267354.0,369156.0
2025-06-18 11:10:31.183432,1633.9,267354.0,369156.0
2025-06-18 11:10:32.167781,1633.9,267344.0,369260.0
2025-06-18 11:10:32.175679,1633.9,267344.0,369260.0
2025-06-18 11:10:33.167922,1633.9,267647.0,369198.0
2025-06-18 11:10:33.174305,1633.9,267647.0,369198.0
2025-06-18 11:10:34.174716,1633.9,266645.0,369507.0
2025-06-18 11:10:34.178828,1633.9,266645.0,369507.0
2025-06-18 11:10:35.170692,1633.8,267432.0,369543.0
2025-06-18 11:10:35.174988,1633.8,267432.0,369543.0
2025-06-18 11:10:36.168078,1633.9,267518.0,369548.0
2025-06-18 11:10:36.171082,1633.9,267518.0,369548.0
2025-06-18 11:10:37.171783,1633.9,267609.0,369749.0
2025-06-18 11:10:38.177966,1633.9,267731.0,369883.0
2025-06-18 11:10:39.171052,1633.8,267731.0,369883.0
2025-06-18 11:10:39.270413,1633.8,267485.0,369851.0
2025-06-18 11:10:40.172375,1633.9,267485.0,369851.0
2025-06-18 11:10:40.268807,1633.9,267514.0,369866.0
2025-06-18 11:10:41.269803,1633.9,267700.0,370587.0
2025-06-18 11:10:42.178276,1633.9,267700.0,370587.0
2025-06-18 11:10:42.268849,1633.9,267610.0,370635.0
2025-06-18 11:10:43.174073,1633.9,267610.0,370635.0
2025-06-18 11:10:43.769450,1633.9,267582.0,370460.0
2025-06-18 11:10:44.775878,1633.9,267646.0,372842.0
2025-06-18 11:10:45.171936,1633.9,267646.0,372842.0
2025-06-18 11:10:45.873856,1633.9,266600.0,372517.0
2025-06-18 11:10:46.171500,1633.9,266600.0,372517.0
2025-06-18 11:10:46.973194,1633.9,267527.0,372478.0
2025-06-18 11:10:48.075116,1633.9,267385.0,372486.0
2025-06-18 11:10:48.205614,1633.9,267385.0,372486.0
2025-06-18 11:10:49.179915,1633.9,266464.0,372881.0
2025-06-18 11:10:50.178351,1633.9,266464.0,372881.0
2025-06-18 11:10:50.217808,1633.9,265951.0,373094.0
2025-06-18 11:10:51.274847,1633.9,265986.0,373042.0
2025-06-18 11:10:52.179035,1633.8,265986.0,373042.0
2025-06-18 11:10:52.376176,1633.8,266308.0,373798.0
2025-06-18 11:10:53.181779,1633.7,266308.0,373798.0
2025-06-18 11:10:53.474625,1633.7,266140.0,372475.0
2025-06-18 11:10:54.181109,1633.6,266140.0,372475.0
2025-06-18 11:10:54.477528,1633.6,266184.0,372576.0
2025-06-18 11:10:55.175571,1633.3,266184.0,372576.0
2025-06-18 11:10:55.379207,1633.3,265894.0,372129.0
2025-06-18 11:10:56.170998,1633.7,265894.0,372129.0
2025-06-18 11:10:56.549265,1633.7,266158.0,371545.0
2025-06-18 11:10:57.170194,1633.5,266158.0,371545.0
2025-06-18 11:10:57.481793,1633.5,266264.0,371793.0
2025-06-18 11:10:58.174986,1633.3,266264.0,371793.0
2025-06-18 11:10:58.483160,1633.3,265166.0,372210.0
2025-06-18 11:10:59.170976,1633.1,265166.0,372210.0
2025-06-18 11:10:59.384595,1633.1,265367.0,372967.0
2025-06-18 11:11:00.172055,1633.4,265367.0,372967.0
2025-06-18 11:11:00.387916,1633.3,265538.0,372475.0
2025-06-18 11:11:02.202999,1633.3,265538.0,372475.0
2025-06-18 11:11:04.172126,1633.3,265538.0,372475.0
2025-06-18 11:11:04.997407,1633.3,266737.0,372228.0
2025-06-18 11:11:06.180369,1633.6,266737.0,372228.0
2025-06-18 11:11:08.184903,1633.6,266737.0,372228.0
2025-06-18 11:11:10.174731,1633.3,266737.0,372228.0
2025-06-18 11:11:10.499031,1633.3,267406.0,372615.0
2025-06-18 11:11:12.181016,1633.3,267406.0,372615.0
2025-06-18 11:11:14.191839,1633.6,267406.0,372615.0
2025-06-18 11:11:15.796298,1633.8,266826.0,374809.0
2025-06-18 11:11:16.173887,1633.7,266826.0,374809.0
2025-06-18 11:11:18.188059,1633.6,266826.0,374809.0
2025-06-18 11:11:21.060553,1633.6,266305.0,375164.0
2025-06-18 11:11:24.178790,1633.4,266305.0,375164.0
2025-06-18 11:11:26.104230,1633.2,265507.0,376500.0
2025-06-18 11:11:26.179842,1633.2,265507.0,376500.0
2025-06-18 11:11:30.177208,1633.1,265507.0,376500.0
2025-06-18 11:11:31.305272,1633.2,264267.0,377367.0
2025-06-18 11:11:32.183876,1633.2,264267.0,377367.0
2025-06-18 11:11:34.179083,1633.2,264267.0,377367.0
2025-06-18 11:11:36.109921,1633.3,265598.0,377774.0
2025-06-18 11:11:36.179249,1633.3,265598.0,377774.0
2025-06-18 11:11:38.186209,1633.2,265598.0,377774.0
2025-06-18 11:11:40.176906,1633.2,265598.0,377774.0
2025-06-18 11:11:41.209904,1633.2,265704.0,377826.0
2025-06-18 11:11:42.187938,1633.1,265704.0,377826.0
2025-06-18 11:11:44.193256,1633.2,265704.0,377826.0
2025-06-18 11:11:46.178479,1632.7,265704.0,377826.0
2025-06-18 11:11:46.312666,1632.7,262852.0,378605.0
2025-06-18 11:11:48.194485,1633.0,262852.0,378605.0
2025-06-18 11:11:50.191871,1632.9,262852.0,378605.0
2025-06-18 11:11:51.318491,1632.7,263041.0,379136.0
2025-06-18 11:11:52.217548,1632.5,263041.0,379136.0
2025-06-18 11:11:54.194762,1632.5,263041.0,379136.0
2025-06-18 11:11:56.187570,1632.6,263041.0,379136.0
2025-06-18 11:11:56.536986,1632.6,262969.0,380508.0
2025-06-18 11:11:58.408791,1632.6,262969.0,380508.0
2025-06-18 11:12:00.178958,1632.5,262969.0,380508.0
2025-06-18 11:12:02.292384,1632.6,261859.0,380299.0
2025-06-18 11:12:02.332311,1632.6,261859.0,380299.0
2025-06-18 11:12:02.927313,1632.6,261983.0,380324.0
2025-06-18 11:12:03.187053,1632.6,261983.0,380324.0
2025-06-18 11:12:04.028662,1632.6,261793.0,380486.0
2025-06-18 11:12:04.179834,1632.6,261793.0,380486.0
2025-06-18 11:12:05.035731,1632.5,261639.0,380778.0
2025-06-18 11:12:05.177652,1632.5,261639.0,380778.0
2025-06-18 11:12:06.127887,1632.6,261955.0,380425.0
2025-06-18 11:12:06.177318,1632.6,261955.0,380425.0
2025-06-18 11:12:07.226306,1632.6,262083.0,380345.0
2025-06-18 11:12:08.235953,1632.6,262084.0,380398.0
2025-06-18 11:12:10.120129,1632.6,261982.0,380402.0
2025-06-18 11:12:10.179840,1632.5,261982.0,380402.0
2025-06-18 11:12:10.238137,1632.5,261961.0,380229.0
2025-06-18 11:12:11.177647,1632.5,261961.0,380229.0
2025-06-18 11:12:11.234314,1632.5,260593.0,380107.0
2025-06-18 11:12:12.185165,1632.5,260593.0,380107.0
2025-06-18 11:12:12.335320,1632.4,260873.0,380114.0
2025-06-18 11:12:13.185801,1632.6,260873.0,380114.0
2025-06-18 11:12:13.336341,1632.6,261476.0,379807.0
2025-06-18 11:12:14.335562,1632.6,261076.0,380216.0
2025-06-18 11:12:15.335418,1632.6,261309.0,380584.0
2025-06-18 11:12:16.178688,1632.6,261309.0,380584.0
2025-06-18 11:12:16.339745,1632.6,261111.0,380941.0
2025-06-18 11:12:17.179234,1632.5,261111.0,380941.0
2025-06-18 11:12:17.435700,1632.5,261097.0,380683.0
2025-06-18 11:12:18.211220,1632.5,261097.0,380683.0
2025-06-18 11:12:18.548483,1632.0,258150.0,381620.0
2025-06-18 11:12:19.177920,1632.1,258150.0,381620.0
2025-06-18 11:12:19.641879,1632.0,258488.0,381829.0
2025-06-18 11:12:20.176757,1632.0,258488.0,381829.0
2025-06-18 11:12:20.738207,1632.0,258807.0,382563.0
2025-06-18 11:12:21.741473,1632.1,258158.0,383775.0
2025-06-18 11:12:22.178723,1632.1,258158.0,383775.0
2025-06-18 11:12:22.844587,1632.1,258323.0,383545.0
2025-06-18 11:12:23.179165,1632.1,258323.0,383545.0
2025-06-18 11:12:23.941473,1632.1,257701.0,383705.0
2025-06-18 11:12:25.046052,1632.0,257626.0,389585.0
2025-06-18 11:12:25.177804,1632.0,257626.0,389585.0
2025-06-18 11:12:25.949153,1632.1,257547.0,389492.0
2025-06-18 11:12:26.179859,1632.1,257547.0,389492.0
2025-06-18 11:12:27.150391,1632.0,256655.0,389347.0
2025-06-18 11:12:27.180838,1632.0,256655.0,389347.0
2025-06-18 11:12:28.259370,1632.0,256800.0,389354.0
2025-06-18 11:12:29.349087,1632.1,256804.0,389320.0
2025-06-18 11:12:30.186710,1632.0,256804.0,389320.0
2025-06-18 11:12:30.447045,1632.0,256816.0,389246.0
2025-06-18 11:12:31.180426,1632.0,256816.0,389246.0
2025-06-18 11:12:31.449720,1632.0,256781.0,388703.0
2025-06-18 11:12:32.206377,1631.9,256781.0,388703.0
2025-06-18 11:12:32.552506,1631.9,256154.0,388827.0
2025-06-18 11:12:33.180427,1631.9,256154.0,388827.0
2025-06-18 11:12:33.654184,1631.9,256909.0,388706.0
2025-06-18 11:12:34.750818,1631.9,256919.0,388918.0
2025-06-18 11:12:35.851547,1631.9,257203.0,389051.0
2025-06-18 11:12:36.201317,1632.1,257203.0,389051.0
2025-06-18 11:12:36.754510,1632.1,257955.0,389088.0
2025-06-18 11:12:37.856040,1632.1,257803.0,388988.0
2025-06-18 11:12:38.954721,1632.0,257727.0,389029.0
2025-06-18 11:12:39.180413,1632.0,257727.0,389029.0
2025-06-18 11:12:40.054137,1632.0,257467.0,389334.0
2025-06-18 11:12:40.180451,1632.0,257467.0,389334.0
2025-06-18 11:12:41.061891,1632.0,257099.0,389359.0
2025-06-18 11:12:41.220412,1632.0,257099.0,389359.0
2025-06-18 11:12:42.056855,1632.0,257188.0,389297.0
2025-06-18 11:12:42.179254,1632.1,257188.0,389297.0
2025-06-18 11:12:43.163162,1632.1,257140.0,389060.0
2025-06-18 11:12:43.183011,1632.1,257140.0,389060.0
2025-06-18 11:12:44.180015,1632.1,257140.0,389060.0
2025-06-18 11:12:44.258624,1632.1,256896.0,389332.0
2025-06-18 11:12:45.180847,1632.1,256896.0,389332.0
2025-06-18 11:12:45.259522,1632.0,256035.0,389349.0
2025-06-18 11:12:46.179718,1632.0,256035.0,389349.0
2025-06-18 11:12:46.359877,1631.9,256270.0,388845.0
2025-06-18 11:12:47.179955,1631.8,256270.0,388845.0
2025-06-18 11:12:47.462287,1631.8,256200.0,389364.0
2025-06-18 11:12:47.560510,1631.8,256200.0,389364.0
2025-06-18 11:12:48.561441,1631.8,256499.0,389450.0
2025-06-18 11:12:48.625416,1631.8,256499.0,389450.0
2025-06-18 11:12:49.178516,1632.0,256499.0,389450.0
2025-06-18 11:12:49.531702,1632.0,256499.0,389450.0
2025-06-18 11:12:49.563182,1632.0,257060.0,389238.0
2025-06-18 11:12:50.446594,1632.0,257060.0,389238.0
2025-06-18 11:12:50.662499,1632.0,256588.0,388535.0
2025-06-18 11:12:51.180447,1632.0,256588.0,388535.0
2025-06-18 11:12:51.302983,1632.0,256588.0,388535.0
2025-06-18 11:12:51.763964,1632.0,256820.0,388839.0
2025-06-18 11:12:52.068621,1632.0,256820.0,388839.0
2025-06-18 11:12:52.763744,1631.8,257516.0,388428.0
2025-06-18 11:12:53.071479,1631.8,257516.0,388428.0
2025-06-18 11:12:53.180420,1632.1,257516.0,388428.0
2025-06-18 11:12:53.632220,1632.1,257516.0,388428.0
2025-06-18 11:12:53.864229,1632.1,256934.0,387802.0
2025-06-18 11:12:54.041721,1632.1,256934.0,387802.0
2025-06-18 11:12:54.180880,1631.9,256934.0,387802.0
2025-06-18 11:12:54.531822,1631.9,256934.0,387802.0
2025-06-18 11:12:54.968002,1631.9,256659.0,390184.0
2025-06-18 11:12:55.766097,1631.9,256659.0,390184.0
2025-06-18 11:12:56.069696,1632.1,256515.0,390108.0
2025-06-18 11:12:56.180930,1632.1,256515.0,390108.0
2025-06-18 11:12:57.008106,1632.1,256515.0,390108.0
2025-06-18 11:12:57.170839,1631.8,256681.0,390195.0
2025-06-18 11:12:57.185312,1631.8,256681.0,390195.0
2025-06-18 11:12:57.882323,1631.8,256681.0,390195.0
2025-06-18 11:12:58.174377,1632.1,256534.0,390088.0
2025-06-18 11:12:58.186233,1632.1,256534.0,390088.0
2025-06-18 11:12:59.189668,1632.0,256534.0,390088.0
2025-06-18 11:12:59.286756,1632.0,256534.0,390088.0
2025-06-18 11:12:59.298139,1631.8,256147.0,390708.0
2025-06-18 11:13:00.188690,1631.8,256147.0,390708.0
2025-06-18 11:13:00.369427,1631.8,256352.0,390688.0
2025-06-18 11:13:00.399606,1631.8,256352.0,390688.0
2025-06-18 11:13:01.571959,1631.8,256352.0,390688.0
2025-06-18 11:13:02.174225,1631.8,256966.0,390563.0
2025-06-18 11:13:03.032818,1631.8,256966.0,390563.0
2025-06-18 11:13:03.209096,1631.8,256335.0,390069.0
2025-06-18 11:13:03.212030,1631.8,256335.0,390069.0
2025-06-18 11:13:04.183013,1631.7,256335.0,390069.0
2025-06-18 11:13:04.273389,1631.7,255872.0,390314.0
2025-06-18 11:13:05.182695,1631.8,255872.0,390314.0
2025-06-18 11:13:05.372831,1631.8,256616.0,391076.0
2025-06-18 11:13:06.183048,1632.0,256616.0,391076.0
2025-06-18 11:13:06.373731,1632.0,256608.0,391005.0
2025-06-18 11:13:07.376438,1632.0,256748.0,390960.0
2025-06-18 11:13:08.476997,1632.0,256730.0,391069.0
2025-06-18 11:13:09.182501,1632.0,256730.0,391069.0
2025-06-18 11:13:09.476291,1632.0,257352.0,390980.0
2025-06-18 11:13:10.181533,1632.0,257352.0,390980.0
2025-06-18 11:13:10.378129,1632.0,257907.0,390393.0
2025-06-18 11:13:11.182917,1632.1,257907.0,390393.0
2025-06-18 11:13:11.481852,1632.1,258102.0,390530.0
2025-06-18 11:13:12.186127,1632.0,258102.0,390530.0
2025-06-18 11:13:12.380078,1632.0,257334.0,391030.0
2025-06-18 11:13:13.184344,1632.0,257334.0,391030.0
2025-06-18 11:13:13.480382,1632.0,257200.0,391460.0
2025-06-18 11:13:14.182596,1631.9,257200.0,391460.0
2025-06-18 11:13:14.578995,1631.9,256918.0,392197.0
2025-06-18 11:13:15.188009,1631.8,256918.0,392197.0
2025-06-18 11:13:15.681907,1631.8,256484.0,393061.0
2025-06-18 11:13:16.183024,1631.9,256484.0,393061.0
2025-06-18 11:13:16.781876,1631.8,256945.0,392732.0
2025-06-18 11:13:17.187170,1631.9,256945.0,392732.0
2025-06-18 11:13:17.684309,1631.9,256902.0,392735.0
2025-06-18 11:13:18.188126,1631.8,256902.0,392735.0
2025-06-18 11:13:18.783678,1631.8,256847.0,392856.0
2025-06-18 11:13:19.783750,1631.8,256879.0,392977.0
2025-06-18 11:13:20.783262,1631.8,255664.0,393038.0
2025-06-18 11:13:21.182865,1631.9,255664.0,393038.0
2025-06-18 11:13:21.886077,1631.8,255664.0,393037.0
2025-06-18 11:13:22.183269,1631.8,255664.0,393037.0
2025-06-18 11:13:22.784632,1631.9,255666.0,393036.0
2025-06-18 11:13:23.182793,1631.9,255666.0,393036.0
2025-06-18 11:13:23.784826,1631.9,255493.0,392895.0
2025-06-18 11:13:24.787864,1631.8,255934.0,392605.0
2025-06-18 11:13:25.186399,1631.9,255934.0,392605.0
2025-06-18 11:13:25.786872,1631.9,254276.0,391398.0
2025-06-18 11:13:26.185536,1631.9,254276.0,391398.0
2025-06-18 11:13:26.786778,1631.9,254728.0,391648.0
2025-06-18 11:13:27.184383,1631.8,254728.0,391648.0
2025-06-18 11:13:27.789809,1631.8,254707.0,392001.0
2025-06-18 11:13:28.183356,1631.8,254707.0,392001.0
2025-06-18 11:13:28.788482,1631.8,254714.0,391822.0
2025-06-18 11:13:29.886121,1631.9,254895.0,391912.0
2025-06-18 11:13:30.188810,1631.9,254895.0,391912.0
2025-06-18 11:13:30.993941,1631.9,255027.0,392281.0
2025-06-18 11:13:31.989975,1631.9,255196.0,392031.0
2025-06-18 11:13:32.989912,1631.9,255373.0,392090.0
2025-06-18 11:13:33.190423,1632.0,255373.0,392090.0
2025-06-18 11:13:34.089210,1631.9,255900.0,388168.0
2025-06-18 11:13:34.186924,1631.9,255900.0,388168.0
2025-06-18 11:13:35.091746,1631.9,256127.0,388841.0
2025-06-18 11:13:36.093412,1632.0,256041.0,388487.0
2025-06-18 11:13:36.185568,1632.0,256041.0,388487.0
2025-06-18 11:13:37.096416,1631.9,254990.0,389008.0
2025-06-18 11:13:37.186726,1631.9,254990.0,389008.0
2025-06-18 11:13:38.094457,1631.9,255333.0,389768.0
2025-06-18 11:13:39.093879,1631.9,255334.0,390640.0
2025-06-18 11:13:40.184844,1632.0,255334.0,390640.0
2025-06-18 11:13:40.197486,1632.0,255346.0,390639.0
2025-06-18 11:13:41.296716,1632.0,255329.0,390663.0
2025-06-18 11:13:42.187599,1632.0,255329.0,390663.0
2025-06-18 11:13:42.294440,1632.0,255678.0,390398.0
2025-06-18 11:13:43.189024,1632.4,255678.0,390398.0
2025-06-18 11:13:43.297577,1632.4,256056.0,390172.0
2025-06-18 11:13:44.190968,1632.4,256056.0,390172.0
2025-06-18 11:13:44.298734,1632.4,256339.0,390529.0
2025-06-18 11:13:45.298285,1632.4,255921.0,389488.0
2025-06-18 11:13:46.188195,1632.7,255921.0,389488.0
2025-06-18 11:13:46.299528,1632.7,258071.0,387922.0
2025-06-18 11:13:47.298000,1632.7,257868.0,388253.0
2025-06-18 11:13:48.297223,1632.7,258124.0,388030.0
2025-06-18 11:13:49.185783,1632.3,258124.0,388030.0
2025-06-18 11:13:49.400002,1632.7,257320.0,387161.0
2025-06-18 11:13:50.185143,1632.7,257320.0,387161.0
2025-06-18 11:13:50.498369,1632.7,257726.0,387830.0
2025-06-18 11:13:51.598591,1632.5,256587.0,388831.0
2025-06-18 11:13:52.187477,1632.5,256587.0,388831.0
2025-06-18 11:13:52.504714,1632.3,256743.0,388065.0
2025-06-18 11:13:53.188665,1632.2,256743.0,388065.0
2025-06-18 11:13:53.598696,1632.0,257091.0,388070.0
2025-06-18 11:13:54.188336,1632.0,257091.0,388070.0
2025-06-18 11:13:54.598596,1632.0,257264.0,388612.0
2025-06-18 11:13:55.599083,1632.2,256959.0,388812.0
2025-06-18 11:13:56.186499,1632.2,256959.0,388812.0
2025-06-18 11:13:56.602998,1632.0,256728.0,388850.0
2025-06-18 11:13:57.187603,1632.2,256728.0,388850.0
2025-06-18 11:13:57.602370,1632.2,256960.0,388804.0
2025-06-18 11:13:58.187493,1632.2,256960.0,388804.0
2025-06-18 11:13:58.510573,1632.2,256992.0,388618.0
2025-06-18 11:13:59.506268,1632.2,257042.0,388699.0
2025-06-18 11:14:00.702911,1632.0,258175.0,388252.0
2025-06-18 11:14:02.186931,1632.2,258175.0,388252.0
2025-06-18 11:14:02.507757,1632.2,258140.0,387952.0
2025-06-18 11:14:03.188261,1632.3,258140.0,387952.0
2025-06-18 11:14:03.512926,1632.3,258419.0,388098.0
2025-06-18 11:14:04.191148,1632.3,258419.0,388098.0
2025-06-18 11:14:04.605847,1632.3,258410.0,388413.0
2025-06-18 11:14:05.606829,1632.3,258323.0,388285.0
2025-06-18 11:14:06.189140,1632.3,258323.0,388285.0
2025-06-18 11:14:06.608154,1632.3,259306.0,388592.0
2025-06-18 11:14:07.520420,1632.3,259174.0,388588.0
2025-06-18 11:14:08.608263,1632.0,259077.0,388637.0
2025-06-18 11:14:09.189015,1632.3,259077.0,388637.0
2025-06-18 11:14:09.708230,1632.3,258453.0,388579.0
2025-06-18 11:14:10.188921,1632.3,258453.0,388579.0
2025-06-18 11:14:10.810535,1632.7,259382.0,387559.0
2025-06-18 11:14:11.185370,1632.7,259382.0,387559.0
2025-06-18 11:14:11.911699,1632.1,259195.0,387740.0
2025-06-18 11:14:12.187482,1632.1,259195.0,387740.0
2025-06-18 11:14:12.912633,1632.7,259269.0,388054.0
2025-06-18 11:14:13.223668,1632.7,259269.0,388054.0
2025-06-18 11:14:14.019991,1632.7,259803.0,388534.0
2025-06-18 11:14:14.190126,1632.7,259803.0,388534.0
2025-06-18 11:14:15.018998,1632.7,260885.0,387926.0
2025-06-18 11:14:15.189534,1632.3,260885.0,387926.0
2025-06-18 11:14:16.027282,1632.3,260603.0,387429.0
2025-06-18 11:14:16.193697,1632.7,260603.0,387429.0
2025-06-18 11:14:17.061786,1632.7,260238.0,387538.0
2025-06-18 11:14:17.195841,1632.7,260238.0,387538.0
2025-06-18 11:14:18.042081,1632.3,260512.0,387525.0
2025-06-18 11:14:18.192399,1632.3,260512.0,387525.0
2025-06-18 11:14:19.114121,1632.3,259438.0,389730.0
2025-06-18 11:14:19.190652,1632.3,259438.0,389730.0
2025-06-18 11:14:20.186515,1632.2,259438.0,389730.0
2025-06-18 11:14:20.217698,1632.2,259560.0,388877.0
2025-06-18 11:14:21.187761,1632.3,259560.0,388877.0
2025-06-18 11:14:21.317138,1632.3,259555.0,388299.0
2025-06-18 11:14:22.236903,1632.2,259555.0,388299.0
2025-06-18 11:14:22.320192,1632.3,259458.0,387724.0
2025-06-18 11:14:23.189251,1632.3,259458.0,387724.0
2025-06-18 11:14:23.421091,1632.3,259458.0,388188.0
2025-06-18 11:14:24.542243,1632.3,259285.0,388217.0
2025-06-18 11:14:25.188894,1632.3,259285.0,388217.0
2025-06-18 11:14:25.621641,1632.3,259666.0,386908.0
2025-06-18 11:14:26.188107,1632.7,259666.0,386908.0
2025-06-18 11:14:26.720408,1632.7,260107.0,386838.0
2025-06-18 11:14:27.821047,1632.3,260672.0,387860.0
2025-06-18 11:14:28.189891,1632.3,260672.0,387860.0
2025-06-18 11:14:28.725135,1632.3,260840.0,387596.0
2025-06-18 11:14:29.188989,1632.3,260840.0,387596.0
2025-06-18 11:14:30.189472,1632.3,260840.0,387596.0
2025-06-18 11:14:30.423590,1632.3,260750.0,387560.0
2025-06-18 11:14:31.188761,1632.7,260750.0,387560.0
2025-06-18 11:14:31.424792,1632.7,260298.0,386658.0
2025-06-18 11:14:32.543704,1632.3,261052.0,387731.0
2025-06-18 11:14:33.187300,1632.3,261052.0,387731.0
2025-06-18 11:14:34.172367,1632.3,260877.0,388347.0
2025-06-18 11:14:35.226718,1632.3,260927.0,388347.0
2025-06-18 11:14:36.191548,1632.3,260927.0,388347.0
2025-06-18 11:14:36.328108,1632.3,260966.0,387382.0
2025-06-18 11:14:37.212382,1632.3,260966.0,387382.0
2025-06-18 11:14:37.428775,1632.3,260893.0,387383.0
2025-06-18 11:14:38.189429,1632.2,260893.0,387383.0
2025-06-18 11:14:38.428979,1632.2,260882.0,387764.0
2025-06-18 11:14:39.187065,1632.3,260882.0,387764.0
2025-06-18 11:14:39.430729,1632.3,260810.0,387721.0
2025-06-18 11:14:40.187915,1632.3,260810.0,387721.0
2025-06-18 11:14:40.630893,1632.3,260714.0,387662.0
2025-06-18 11:14:41.729533,1632.3,260908.0,387662.0
2025-06-18 11:14:42.831566,1632.3,260938.0,387687.0
2025-06-18 11:14:43.200648,1632.3,260938.0,387687.0
2025-06-18 11:14:43.734825,1632.3,261018.0,387656.0
2025-06-18 11:14:44.733155,1632.3,260894.0,387783.0
2025-06-18 11:14:45.188403,1632.3,260894.0,387783.0
2025-06-18 11:14:45.735966,1632.2,261005.0,387727.0
2025-06-18 11:14:46.190687,1632.3,261005.0,387727.0
2025-06-18 11:14:46.736887,1632.3,261109.0,387612.0
2025-06-18 11:14:47.737954,1632.3,260965.0,387662.0
2025-06-18 11:14:48.837389,1632.3,261070.0,387271.0
2025-06-18 11:14:49.938462,1632.3,261135.0,387453.0
2025-06-18 11:14:50.189862,1632.3,261135.0,387453.0
2025-06-18 11:14:50.948850,1632.3,261146.0,387291.0
2025-06-18 11:14:52.213306,1632.3,261146.0,387291.0
2025-06-18 11:14:52.543638,1632.3,261310.0,387836.0
2025-06-18 11:14:53.212268,1632.3,261310.0,387836.0
2025-06-18 11:14:53.550341,1632.3,260984.0,387685.0
2025-06-18 11:14:54.189020,1632.3,260984.0,387685.0
2025-06-18 11:14:54.550525,1632.2,261266.0,387696.0
2025-06-18 11:14:55.188030,1632.2,261266.0,387696.0
2025-06-18 11:14:55.446296,1632.2,261244.0,387696.0
2025-06-18 11:14:56.191890,1632.3,261244.0,387696.0
2025-06-18 11:14:56.551139,1632.3,260058.0,388358.0
2025-06-18 11:14:57.553404,1632.3,260064.0,388435.0
2025-06-18 11:14:58.210291,1632.3,260064.0,388435.0
2025-06-18 11:14:58.646824,1632.3,261008.0,388550.0
2025-06-18 11:14:59.190331,1632.3,261008.0,388550.0
2025-06-18 11:14:59.747177,1632.0,259482.0,389282.0
2025-06-18 11:15:00.189492,1632.0,259482.0,389282.0
2025-06-18 11:15:00.849650,1632.3,260452.0,389817.0
2025-06-18 11:15:02.196416,1632.3,260452.0,389817.0
2025-06-18 11:15:04.192287,1632.2,260452.0,389817.0
2025-06-18 11:15:05.050521,1632.2,258682.0,390814.0
2025-06-18 11:15:06.955874,1632.1,258682.0,390814.0
2025-06-18 11:15:08.191661,1632.1,258682.0,390814.0
2025-06-18 11:15:10.512798,1632.3,258682.0,390814.0
2025-06-18 11:15:10.514783,1632.3,259833.0,389979.0
2025-06-18 11:15:12.193990,1632.0,259833.0,389979.0
2025-06-18 11:15:14.205350,1632.0,259833.0,389979.0
2025-06-18 11:15:15.358637,1632.1,259187.0,390184.0
2025-06-18 11:15:16.197055,1632.1,259187.0,390184.0
2025-06-18 11:15:18.196944,1632.0,259187.0,390184.0
2025-06-18 11:15:20.197241,1632.1,259187.0,390184.0
2025-06-18 11:15:20.361573,1632.1,259122.0,390227.0
2025-06-18 11:15:22.194507,1632.1,259122.0,390227.0
2025-06-18 11:15:24.193643,1631.9,259122.0,390227.0
2025-06-18 11:15:25.265291,1631.9,256274.0,392021.0
2025-06-18 11:15:26.196305,1631.5,256274.0,392021.0
2025-06-18 11:15:28.202878,1631.8,256274.0,392021.0
2025-06-18 11:15:30.191724,1631.5,256274.0,392021.0
2025-06-18 11:15:30.869386,1631.8,255494.0,391751.0
2025-06-18 11:15:32.195192,1631.9,255494.0,391751.0
2025-06-18 11:15:34.213013,1631.8,255494.0,391751.0
2025-06-18 11:15:36.193136,1631.7,255494.0,391751.0
2025-06-18 11:15:36.928352,1631.6,257073.0,391264.0
2025-06-18 11:15:38.203741,1631.0,257073.0,391264.0
2025-06-18 11:15:40.196176,1630.8,257073.0,391264.0
2025-06-18 11:15:41.907001,1630.8,254843.0,392949.0
2025-06-18 11:15:42.197556,1630.8,254843.0,392949.0
2025-06-18 11:15:44.201713,1631.4,254843.0,392949.0
2025-06-18 11:15:46.212820,1631.8,254843.0,392949.0
2025-06-18 11:15:46.779614,1631.8,255306.0,391595.0
2025-06-18 11:15:48.066936,1631.8,255306.0,391595.0
2025-06-18 11:15:49.092857,1631.8,255306.0,391595.0
2025-06-18 11:15:50.198839,1631.9,255306.0,391595.0
2025-06-18 11:15:50.935737,1631.9,255306.0,391595.0
2025-06-18 11:15:51.777459,1631.9,255306.0,391595.0
2025-06-18 11:15:52.196537,1631.2,255306.0,391595.0
2025-06-18 11:15:52.383891,1631.2,253411.0,392400.0
2025-06-18 11:15:52.561659,1631.2,253411.0,392400.0
2025-06-18 11:15:53.564161,1631.2,253411.0,392400.0
2025-06-18 11:15:54.123798,1631.2,253411.0,392400.0
2025-06-18 11:15:54.198001,1631.2,253411.0,392400.0
2025-06-18 11:15:54.533966,1631.2,253411.0,392400.0
2025-06-18 11:15:55.028864,1631.2,253411.0,392400.0
2025-06-18 11:15:56.198772,1631.7,253411.0,392400.0
2025-06-18 11:15:56.289975,1631.7,253411.0,392400.0
2025-06-18 11:15:57.546073,1631.7,253411.0,392400.0
2025-06-18 11:15:57.590339,1631.3,253670.0,392359.0
2025-06-18 11:15:58.242649,1631.3,253670.0,392359.0
2025-06-18 11:15:58.408025,1631.3,253670.0,392359.0
2025-06-18 11:16:00.106200,1631.3,253670.0,392359.0
2025-06-18 11:16:00.194789,1631.3,253670.0,392359.0
2025-06-18 11:16:01.247654,1631.3,253670.0,392359.0
2025-06-18 11:16:01.686578,1631.3,253534.0,393354.0
2025-06-18 11:16:02.199559,1631.3,253534.0,393354.0
2025-06-18 11:16:02.384393,1631.3,253534.0,393354.0
2025-06-18 11:16:02.689729,1631.3,253741.0,393340.0
2025-06-18 11:16:03.196240,1631.3,253741.0,393340.0
2025-06-18 11:16:03.689007,1631.3,253739.0,393272.0
2025-06-18 11:16:03.881400,1631.3,253739.0,393272.0
2025-06-18 11:16:04.690267,1631.3,252346.0,393975.0
2025-06-18 11:16:05.202363,1631.3,252346.0,393975.0
2025-06-18 11:16:05.694274,1631.3,253440.0,393877.0
2025-06-18 11:16:06.196093,1631.3,253440.0,393877.0
2025-06-18 11:16:06.694721,1631.2,252479.0,394242.0
2025-06-18 11:16:07.198583,1631.2,252479.0,394242.0
2025-06-18 11:16:07.591695,1631.2,252853.0,394240.0
2025-06-18 11:16:08.766929,1631.2,252505.0,394248.0
2025-06-18 11:16:09.196735,1631.0,252505.0,394248.0
2025-06-18 11:16:09.492064,1631.0,251985.0,394210.0
2025-06-18 11:16:10.442050,1631.0,251985.0,394210.0
2025-06-18 11:16:10.493300,1631.0,252397.0,394693.0
2025-06-18 11:16:11.197169,1631.2,252397.0,394693.0
2025-06-18 11:16:11.493970,1630.8,251781.0,394840.0
2025-06-18 11:16:12.200501,1630.8,251781.0,394840.0
2025-06-18 11:16:12.494312,1630.8,252846.0,394546.0
2025-06-18 11:16:13.198375,1631.2,252846.0,394546.0
2025-06-18 11:16:13.392509,1630.7,252987.0,394426.0
2025-06-18 11:16:14.196456,1630.7,252987.0,394426.0
2025-06-18 11:16:14.295273,1631.2,252535.0,394152.0
2025-06-18 11:16:15.197363,1631.0,252535.0,394152.0
2025-06-18 11:16:15.297386,1631.0,253776.0,394774.0
2025-06-18 11:16:16.208525,1631.2,253776.0,394774.0
2025-06-18 11:16:16.297424,1631.2,253601.0,394156.0
2025-06-18 11:16:17.198216,1630.6,253601.0,394156.0
2025-06-18 11:16:17.298176,1630.6,254298.0,394413.0
2025-06-18 11:16:18.395962,1630.6,254186.0,394111.0
2025-06-18 11:16:19.203163,1631.0,254186.0,394111.0
2025-06-18 11:16:19.396181,1631.0,253563.0,392448.0
2025-06-18 11:16:20.496647,1630.9,253727.0,392683.0
2025-06-18 11:16:21.229492,1630.9,253727.0,392683.0
2025-06-18 11:16:21.598323,1631.2,253990.0,392639.0
2025-06-18 11:16:22.199523,1631.2,253990.0,392639.0
2025-06-18 11:16:22.598735,1631.2,254060.0,392439.0
2025-06-18 11:16:23.198217,1631.3,254060.0,392439.0
2025-06-18 11:16:23.500197,1631.3,254056.0,391714.0
2025-06-18 11:16:24.502319,1631.3,254035.0,391781.0
2025-06-18 11:16:25.502741,1630.9,254585.0,391208.0
2025-06-18 11:16:26.199551,1631.3,254585.0,391208.0
2025-06-18 11:16:26.504355,1631.3,254066.0,391625.0
2025-06-18 11:16:27.506897,1631.1,253916.0,391677.0
2025-06-18 11:16:28.204988,1631.3,253916.0,391677.0
2025-06-18 11:16:28.509479,1631.3,254088.0,391436.0
2025-06-18 11:16:29.609993,1631.3,254716.0,391362.0
2025-06-18 11:16:30.229073,1630.9,254716.0,391362.0
2025-06-18 11:16:30.806054,1630.9,255715.0,391899.0
2025-06-18 11:16:31.807261,1630.9,255470.0,392133.0
2025-06-18 11:16:32.808954,1631.1,255335.0,392181.0
2025-06-18 11:16:33.201368,1631.3,255335.0,392181.0
2025-06-18 11:16:33.710142,1631.3,254303.0,391823.0
2025-06-18 11:16:34.712671,1631.3,254460.0,392023.0
2025-06-18 11:16:35.205433,1631.3,254460.0,392023.0
2025-06-18 11:16:35.713381,1631.3,254229.0,392429.0
2025-06-18 11:16:36.332891,1631.3,254229.0,392429.0
2025-06-18 11:16:36.714425,1631.3,254065.0,392251.0
2025-06-18 11:16:37.712569,1631.3,254165.0,392057.0
2025-06-18 11:16:38.234944,1631.3,254165.0,392057.0
2025-06-18 11:16:38.715493,1631.2,253580.0,392089.0
2025-06-18 11:16:40.291562,1631.2,253580.0,392089.0
2025-06-18 11:16:40.327768,1631.3,253821.0,391394.0
2025-06-18 11:16:40.329032,1631.3,253821.0,391394.0
2025-06-18 11:16:40.715765,1631.3,255369.0,391233.0
2025-06-18 11:16:41.210028,1631.3,255369.0,391233.0
2025-06-18 11:16:41.719548,1631.3,255052.0,391386.0
2025-06-18 11:16:42.208467,1631.9,255052.0,391386.0
2025-06-18 11:16:42.815459,1631.9,255244.0,390387.0
2025-06-18 11:16:43.202757,1631.9,255244.0,390387.0
2025-06-18 11:16:43.824103,1631.5,257777.0,389622.0
2025-06-18 11:16:44.201380,1631.5,257777.0,389622.0
2025-06-18 11:16:45.204440,1632.0,257777.0,389622.0
2025-06-18 11:16:45.217504,1632.0,257695.0,390315.0
2025-06-18 11:16:46.202427,1632.0,257695.0,390315.0
2025-06-18 11:16:46.316923,1632.0,257232.0,390438.0
2025-06-18 11:16:47.206508,1631.6,257232.0,390438.0
2025-06-18 11:16:47.316076,1631.6,256617.0,391947.0
2025-06-18 11:16:48.319683,1631.6,256443.0,392006.0
2025-06-18 11:16:49.204365,1631.5,256443.0,392006.0
2025-06-18 11:16:49.319895,1631.5,255928.0,391097.0
2025-06-18 11:16:50.205072,1631.5,255928.0,391097.0
2025-06-18 11:16:50.418375,1631.8,256191.0,389948.0
2025-06-18 11:16:51.214654,1631.8,256191.0,389948.0
2025-06-18 11:16:51.421509,1631.8,256264.0,389954.0
2025-06-18 11:16:52.212279,1631.1,256264.0,389954.0
2025-06-18 11:16:52.421562,1631.1,254301.0,390821.0
2025-06-18 11:16:53.205018,1631.7,254301.0,390821.0
2025-06-18 11:16:53.422679,1631.7,254519.0,390833.0
2025-06-18 11:16:54.201645,1631.7,254519.0,390833.0
2025-06-18 11:16:54.422825,1631.7,252970.0,393148.0
2025-06-18 11:16:55.205223,1631.0,252970.0,393148.0
2025-06-18 11:16:55.522721,1631.5,255116.0,391822.0
2025-06-18 11:16:56.205232,1631.6,255116.0,391822.0
2025-06-18 11:16:56.523280,1631.6,255324.0,392459.0
2025-06-18 11:16:57.624222,1631.3,255366.0,393195.0
2025-06-18 11:16:58.206087,1631.3,255366.0,393195.0
2025-06-18 11:16:58.725011,1631.3,255632.0,393553.0
2025-06-18 11:17:00.446163,1631.3,255655.0,392966.0
2025-06-18 11:17:00.449712,1631.1,255655.0,392966.0
2025-06-18 11:17:00.849864,1631.1,254867.0,393218.0
2025-06-18 11:17:02.027717,1631.1,254914.0,392070.0
2025-06-18 11:17:02.200172,1631.1,254914.0,392070.0
2025-06-18 11:17:03.198384,1631.1,254980.0,392459.0
2025-06-18 11:17:03.200030,1631.1,254980.0,392459.0
2025-06-18 11:17:04.126958,1631.6,255472.0,391464.0
2025-06-18 11:17:04.203055,1631.7,255472.0,391464.0
2025-06-18 11:17:05.026088,1631.3,255715.0,391932.0
2025-06-18 11:17:05.201713,1631.1,255715.0,391932.0
2025-06-18 11:17:06.026572,1631.1,255601.0,392118.0
2025-06-18 11:17:06.205325,1631.7,255601.0,392118.0
2025-06-18 11:17:07.027779,1631.7,255947.0,391711.0
2025-06-18 11:17:08.130078,1631.1,254966.0,391774.0
2025-06-18 11:17:08.202744,1631.1,254966.0,391774.0
2025-06-18 11:17:09.130596,1631.1,254868.0,391443.0
2025-06-18 11:17:10.029662,1631.1,254472.0,392658.0
2025-06-18 11:17:10.204141,1631.1,254472.0,392658.0
2025-06-18 11:17:11.029449,1631.7,255658.0,392281.0
2025-06-18 11:17:11.204470,1631.7,255658.0,392281.0
2025-06-18 11:17:12.534114,1631.7,255619.0,391512.0
2025-06-18 11:17:13.202830,1631.8,255619.0,391512.0
2025-06-18 11:17:13.632595,1631.7,254839.0,392313.0
2025-06-18 11:17:14.199672,1631.7,254839.0,392313.0
2025-06-18 11:17:14.734381,1631.1,254542.0,393429.0
2025-06-18 11:17:15.205309,1631.2,254542.0,393429.0
2025-06-18 11:17:15.733872,1631.2,254948.0,392905.0
2025-06-18 11:17:16.201785,1631.5,254948.0,392905.0
2025-06-18 11:17:16.836741,1631.5,255760.0,392669.0
2025-06-18 11:17:17.937884,1632.5,262203.0,380669.0
2025-06-18 11:17:18.242231,1632.2,262203.0,380669.0
2025-06-18 11:17:19.037476,1632.0,264151.0,383758.0
2025-06-18 11:17:19.201189,1632.0,264151.0,383758.0
2025-06-18 11:17:20.036487,1632.6,265062.0,381767.0
2025-06-18 11:17:20.205891,1632.6,265062.0,381767.0
2025-06-18 11:17:21.039324,1632.8,265492.0,382174.0
2025-06-18 11:17:21.205654,1632.8,265492.0,382174.0
2025-06-18 11:17:22.141092,1632.7,265714.0,385888.0
2025-06-18 11:17:22.204426,1632.7,265714.0,385888.0
2025-06-18 11:17:23.204120,1632.8,265714.0,385888.0
2025-06-18 11:17:23.237674,1632.8,265516.0,387095.0
2025-06-18 11:17:24.201982,1632.8,265516.0,387095.0
2025-06-18 11:17:24.744081,1632.8,265771.0,386780.0
2025-06-18 11:17:25.205891,1632.8,265771.0,386780.0
2025-06-18 11:17:25.742833,1632.8,265536.0,386762.0
2025-06-18 11:17:26.203666,1632.7,265536.0,386762.0
2025-06-18 11:17:26.743965,1632.8,264859.0,386776.0
2025-06-18 11:17:27.203223,1632.8,264859.0,386776.0
2025-06-18 11:17:27.647068,1632.5,264863.0,388403.0
2025-06-18 11:17:28.205984,1632.5,264863.0,388403.0
2025-06-18 11:17:28.648760,1632.5,265189.0,387422.0
2025-06-18 11:17:29.204399,1632.2,265189.0,387422.0
2025-06-18 11:17:29.648031,1632.2,265102.0,387541.0
2025-06-18 11:17:30.203796,1632.4,265102.0,387541.0
2025-06-18 11:17:30.652911,1632.4,265128.0,387722.0
2025-06-18 11:17:31.650224,1632.4,265267.0,387501.0
2025-06-18 11:17:32.205416,1632.5,265267.0,387501.0
2025-06-18 11:17:32.747242,1632.5,265351.0,387591.0
2025-06-18 11:17:33.206441,1632.5,265351.0,387591.0
2025-06-18 11:17:33.848691,1632.2,264625.0,388676.0
2025-06-18 11:17:34.203699,1632.2,264625.0,388676.0
2025-06-18 11:17:34.947536,1632.4,264493.0,388453.0
2025-06-18 11:17:35.206437,1632.4,264493.0,388453.0
2025-06-18 11:17:35.948865,1632.4,264539.0,388455.0
2025-06-18 11:17:36.206733,1632.4,264539.0,388455.0
2025-06-18 11:17:37.051959,1632.4,264390.0,388283.0
2025-06-18 11:17:37.204062,1632.2,264390.0,388283.0
2025-06-18 11:17:38.052074,1632.0,263821.0,388307.0
2025-06-18 11:17:38.204188,1632.0,263821.0,388307.0
2025-06-18 11:17:39.156309,1632.0,263967.0,388345.0
2025-06-18 11:17:39.207579,1632.0,263967.0,388345.0
2025-06-18 11:17:40.156427,1632.0,262633.0,389535.0
2025-06-18 11:17:40.206060,1632.0,262633.0,389535.0
2025-06-18 11:17:41.054786,1632.1,263333.0,389550.0
2025-06-18 11:17:41.211585,1632.1,263333.0,389550.0
2025-06-18 11:17:42.151711,1632.2,263327.0,389742.0
2025-06-18 11:17:42.205797,1632.2,263327.0,389742.0
2025-06-18 11:17:43.210801,1632.4,263327.0,389742.0
2025-06-18 11:17:43.252124,1632.4,263218.0,389437.0
2025-06-18 11:17:44.350968,1632.4,263341.0,389202.0
2025-06-18 11:17:45.453099,1632.4,263661.0,388915.0
2025-06-18 11:17:46.205988,1632.2,263661.0,388915.0
2025-06-18 11:17:46.556909,1632.2,263568.0,389064.0
2025-06-18 11:17:47.559201,1632.2,262678.0,388964.0
2025-06-18 11:17:48.558809,1632.2,262751.0,389027.0
2025-06-18 11:17:49.203794,1632.1,262751.0,389027.0
2025-06-18 11:17:49.556478,1632.2,263482.0,389298.0
2025-06-18 11:17:50.206472,1632.2,263482.0,389298.0
2025-06-18 11:17:50.557765,1632.2,262674.0,389384.0
2025-06-18 11:17:51.659157,1632.2,262684.0,389332.0
2025-06-18 11:17:52.758332,1632.2,262681.0,389050.0
2025-06-18 11:17:53.204333,1632.4,262681.0,389050.0
2025-06-18 11:17:53.758904,1632.2,263557.0,389098.0
2025-06-18 11:17:54.204883,1632.2,263557.0,389098.0
2025-06-18 11:17:54.762864,1632.2,263491.0,389151.0
2025-06-18 11:17:55.761995,1632.4,263622.0,389037.0
2025-06-18 11:17:56.205262,1632.4,263622.0,389037.0
2025-06-18 11:17:56.863405,1632.3,263760.0,388964.0
2025-06-18 11:17:57.209516,1632.3,263760.0,388964.0
2025-06-18 11:17:58.024904,1632.4,263834.0,388832.0
2025-06-18 11:17:58.204336,1632.4,263834.0,388832.0
2025-06-18 11:17:59.071787,1632.2,263568.0,388974.0
2025-06-18 11:17:59.205683,1632.2,263568.0,388974.0
2025-06-18 11:18:00.070995,1632.2,263689.0,388790.0
2025-06-18 11:18:00.236258,1632.2,263689.0,388790.0
2025-06-18 11:18:01.465087,1632.3,264012.0,389071.0
2025-06-18 11:18:02.241747,1632.3,264012.0,389071.0
2025-06-18 11:18:02.465426,1632.3,264062.0,388862.0
2025-06-18 11:18:03.208183,1632.4,264062.0,388862.0
2025-06-18 11:18:03.466557,1632.4,264164.0,388577.0
2025-06-18 11:18:04.206546,1632.4,264164.0,388577.0
2025-06-18 11:18:04.365116,1632.4,263307.0,388680.0
2025-06-18 11:18:05.215154,1632.4,263307.0,388680.0
2025-06-18 11:18:05.366261,1632.4,264167.0,388600.0
2025-06-18 11:18:06.205189,1632.4,264167.0,388600.0
2025-06-18 11:18:06.466467,1632.4,264106.0,388598.0
2025-06-18 11:18:07.212841,1632.3,264106.0,388598.0
2025-06-18 11:18:07.572491,1632.3,263795.0,389481.0
2025-06-18 11:18:08.232665,1632.3,263795.0,389481.0
2025-06-18 11:18:08.681456,1632.2,264034.0,389240.0
2025-06-18 11:18:09.205028,1632.3,264034.0,389240.0
2025-06-18 11:18:10.442440,1632.2,264004.0,389039.0
2025-06-18 11:18:10.487504,1632.2,264004.0,389039.0
2025-06-18 11:18:10.519563,1632.0,260418.0,392138.0
2025-06-18 11:18:11.214207,1632.0,260418.0,392138.0
2025-06-18 11:18:11.469395,1632.0,252297.0,392151.0
2025-06-18 11:18:12.210775,1632.0,252297.0,392151.0
2025-06-18 11:18:12.578546,1632.0,258931.0,391964.0
2025-06-18 11:18:13.237453,1632.1,258931.0,391964.0
2025-06-18 11:18:13.672434,1632.1,259167.0,391426.0
2025-06-18 11:18:15.124389,1632.2,259401.0,391239.0
2025-06-18 11:18:15.207538,1632.2,259401.0,391239.0
2025-06-18 11:18:15.774721,1632.0,259861.0,391600.0
2025-06-18 11:18:16.206338,1632.2,259861.0,391600.0
2025-06-18 11:18:16.875132,1632.2,259962.0,391383.0
2025-06-18 11:18:17.206382,1632.2,259962.0,391383.0
2025-06-18 11:18:17.874496,1632.2,259802.0,391532.0
2025-06-18 11:18:18.205172,1632.0,259802.0,391532.0
2025-06-18 11:18:18.874904,1632.0,259657.0,390530.0
2025-06-18 11:18:19.874300,1632.0,259808.0,388737.0
2025-06-18 11:18:20.210335,1632.0,259808.0,388737.0
2025-06-18 11:18:20.874994,1632.1,259703.0,389878.0
2025-06-18 11:18:21.262268,1632.1,259703.0,389878.0
2025-06-18 11:18:21.877292,1632.2,262072.0,391153.0
2025-06-18 11:18:22.205475,1632.2,262072.0,391153.0
2025-06-18 11:18:22.883400,1632.1,261869.0,389827.0
2025-06-18 11:18:23.204638,1632.2,261869.0,389827.0
2025-06-18 11:18:23.879215,1632.2,262086.0,389343.0
2025-06-18 11:18:24.206895,1632.2,262086.0,389343.0
2025-06-18 11:18:24.878913,1632.0,262222.0,388533.0
2025-06-18 11:18:25.208743,1632.0,262222.0,388533.0
2025-06-18 11:18:25.879451,1632.2,262292.0,388302.0
2025-06-18 11:18:26.208563,1632.2,262292.0,388302.0
2025-06-18 11:18:26.880229,1632.2,262242.0,388422.0
2025-06-18 11:18:27.208285,1632.2,262242.0,388422.0
2025-06-18 11:18:27.881000,1632.2,262234.0,388356.0
2025-06-18 11:18:28.258454,1632.2,262234.0,388356.0
2025-06-18 11:18:28.881921,1632.2,261907.0,387907.0
2025-06-18 11:18:29.983023,1632.3,262724.0,387909.0
2025-06-18 11:18:30.206806,1632.3,262724.0,387909.0
2025-06-18 11:18:30.985428,1632.3,262760.0,387956.0
2025-06-18 11:18:31.983846,1632.3,264538.0,386245.0
2025-06-18 11:18:32.212819,1632.3,264538.0,386245.0
2025-06-18 11:18:33.096241,1632.5,264993.0,385771.0
2025-06-18 11:18:33.239694,1632.5,264993.0,385771.0
2025-06-18 11:18:34.920325,1632.6,267320.0,384197.0
2025-06-18 11:18:34.922456,1632.6,267320.0,384197.0
2025-06-18 11:18:35.211740,1632.8,267320.0,384197.0
2025-06-18 11:18:35.284185,1632.8,267441.0,384225.0
2025-06-18 11:18:36.207220,1632.8,267441.0,384225.0
2025-06-18 11:18:36.284760,1632.8,267106.0,384272.0
2025-06-18 11:18:37.212965,1632.8,267106.0,384272.0
2025-06-18 11:18:37.387301,1632.8,266734.0,383575.0
2025-06-18 11:18:38.216742,1632.8,266734.0,383575.0
2025-06-18 11:18:38.386866,1632.8,266541.0,383640.0
2025-06-18 11:18:39.204620,1632.7,266541.0,383640.0
2025-06-18 11:18:39.393238,1632.8,266221.0,383515.0
2025-06-18 11:18:40.207637,1632.8,266221.0,383515.0
2025-06-18 11:18:40.488843,1632.8,265984.0,384999.0
2025-06-18 11:18:41.204807,1632.8,265984.0,384999.0
2025-06-18 11:18:41.590454,1632.8,266096.0,385330.0
2025-06-18 11:18:42.207447,1632.6,266096.0,385330.0
2025-06-18 11:18:42.597260,1632.7,265404.0,385920.0
2025-06-18 11:18:43.210785,1632.7,265404.0,385920.0
2025-06-18 11:18:43.599670,1632.7,266157.0,385104.0
2025-06-18 11:18:44.214955,1633.0,266157.0,385104.0
2025-06-18 11:18:44.598142,1632.8,266802.0,383876.0
2025-06-18 11:18:45.205938,1632.8,266802.0,383876.0
2025-06-18 11:18:45.688317,1632.8,266723.0,384015.0
2025-06-18 11:18:46.206271,1632.7,266723.0,384015.0
2025-06-18 11:18:46.687860,1632.7,266564.0,383991.0
2025-06-18 11:18:47.226952,1632.7,266564.0,383991.0
2025-06-18 11:18:47.788854,1632.7,267287.0,383687.0
2025-06-18 11:18:48.208163,1632.7,267287.0,383687.0
2025-06-18 11:18:48.506049,1632.7,267287.0,383687.0
2025-06-18 11:18:48.889422,1632.7,267239.0,384179.0
2025-06-18 11:18:49.209995,1632.7,267239.0,384179.0
2025-06-18 11:18:49.548965,1632.7,267239.0,384179.0
2025-06-18 11:18:49.991023,1632.8,267270.0,384071.0
2025-06-18 11:18:50.207995,1632.8,267270.0,384071.0
2025-06-18 11:18:50.458310,1632.8,267270.0,384071.0
2025-06-18 11:18:50.991568,1632.8,266977.0,384078.0
2025-06-18 11:18:51.401432,1632.8,266977.0,384078.0
2025-06-18 11:18:52.101333,1632.8,266978.0,384113.0
2025-06-18 11:18:52.247917,1632.8,266978.0,384113.0
2025-06-18 11:18:53.035586,1632.8,266978.0,384113.0
2025-06-18 11:18:53.102046,1632.8,266635.0,383991.0
2025-06-18 11:18:53.206135,1632.8,266635.0,383991.0
2025-06-18 11:18:54.045255,1632.8,266635.0,383991.0
2025-06-18 11:18:54.192664,1632.8,266468.0,384057.0
2025-06-18 11:18:54.206243,1632.8,266468.0,384057.0
2025-06-18 11:18:54.620758,1632.8,266468.0,384057.0
2025-06-18 11:18:55.032278,1632.8,266468.0,384057.0
2025-06-18 11:18:55.191717,1632.8,267004.0,384186.0
2025-06-18 11:18:55.205608,1632.8,267004.0,384186.0
2025-06-18 11:18:55.515571,1632.8,267004.0,384186.0
2025-06-18 11:18:55.992420,1632.8,266547.0,384097.0
2025-06-18 11:18:56.214439,1632.9,266547.0,384097.0
2025-06-18 11:18:56.777869,1632.9,266547.0,384097.0
2025-06-18 11:18:57.103682,1632.8,266676.0,383765.0
2025-06-18 11:18:57.209432,1632.8,266676.0,383765.0
2025-06-18 11:18:58.029279,1632.8,266676.0,383765.0
2025-06-18 11:18:58.104709,1632.9,266001.0,383974.0
2025-06-18 11:18:58.208590,1632.9,266001.0,383974.0
2025-06-18 11:18:58.897166,1632.9,266001.0,383974.0
2025-06-18 11:18:59.106525,1632.8,266102.0,384108.0
2025-06-18 11:18:59.207648,1632.8,266102.0,384108.0
2025-06-18 11:19:00.204694,1632.9,265637.0,384113.0
2025-06-18 11:19:00.207876,1632.9,265637.0,384113.0
2025-06-18 11:19:00.282521,1632.9,265637.0,384113.0
2025-06-18 11:19:01.210055,1633.0,265637.0,384113.0
2025-06-18 11:19:01.561674,1633.0,265637.0,384113.0
2025-06-18 11:19:01.899375,1633.0,269652.0,380011.0
2025-06-18 11:19:02.709901,1633.0,269652.0,380011.0
2025-06-18 11:19:02.995473,1632.9,269798.0,380779.0
2025-06-18 11:19:03.213459,1633.4,269798.0,380779.0
2025-06-18 11:19:04.102301,1633.4,269751.0,379891.0
2025-06-18 11:19:04.184891,1633.4,269751.0,379891.0
2025-06-18 11:19:04.222086,1633.4,269751.0,379891.0
2025-06-18 11:19:04.995603,1633.4,269705.0,379974.0
2025-06-18 11:19:05.997398,1633.4,269020.0,378696.0
2025-06-18 11:19:06.211144,1633.5,269020.0,378696.0
2025-06-18 11:19:06.997217,1633.5,269159.0,378934.0
2025-06-18 11:19:07.216015,1633.5,269159.0,378934.0
2025-06-18 11:19:07.899298,1633.5,269414.0,379340.0
2025-06-18 11:19:08.215612,1633.5,269414.0,379340.0
2025-06-18 11:19:09.000486,1633.5,269740.0,379666.0
2025-06-18 11:19:10.108463,1633.1,269871.0,379527.0
2025-06-18 11:19:10.213652,1633.1,269871.0,379527.0
2025-06-18 11:19:10.999728,1633.1,270044.0,379867.0
2025-06-18 11:19:12.106716,1633.7,269914.0,379547.0
2025-06-18 11:19:12.210195,1633.7,269914.0,379547.0
2025-06-18 11:19:13.205112,1633.5,270764.0,379693.0
2025-06-18 11:19:13.219560,1633.5,270764.0,379693.0
2025-06-18 11:19:14.211539,1633.5,270764.0,379693.0
2025-06-18 11:19:14.304515,1633.5,270477.0,380496.0
2025-06-18 11:19:15.211156,1633.3,270477.0,380496.0
2025-06-18 11:19:15.403377,1633.3,270858.0,380332.0
2025-06-18 11:19:16.215097,1633.7,270858.0,380332.0
2025-06-18 11:19:16.404626,1633.3,269356.0,381064.0
2025-06-18 11:19:17.213777,1633.2,269356.0,381064.0
2025-06-18 11:19:17.405983,1633.2,269738.0,380424.0
2025-06-18 11:19:18.213510,1633.2,269738.0,380424.0
2025-06-18 11:19:18.407221,1633.2,269833.0,380708.0
2025-06-18 11:19:19.212765,1633.2,269833.0,380708.0
2025-06-18 11:19:19.407587,1633.2,269760.0,381665.0
2025-06-18 11:19:20.214166,1633.2,269760.0,381665.0
2025-06-18 11:19:20.410078,1633.2,269479.0,381766.0
2025-06-18 11:19:21.407369,1633.2,269280.0,382004.0
2025-06-18 11:19:22.216010,1633.1,269280.0,382004.0
2025-06-18 11:19:22.409340,1633.2,269269.0,381832.0
2025-06-18 11:19:23.214333,1633.2,269269.0,381832.0
2025-06-18 11:19:23.310891,1633.2,269330.0,381605.0
2025-06-18 11:19:24.216336,1633.1,269330.0,381605.0
2025-06-18 11:19:24.412892,1633.1,268950.0,381843.0
2025-06-18 11:19:25.515644,1633.1,268980.0,381892.0
2025-06-18 11:19:26.217196,1633.2,268980.0,381892.0
2025-06-18 11:19:26.515561,1633.2,268971.0,381608.0
2025-06-18 11:19:27.216065,1633.1,268971.0,381608.0
2025-06-18 11:19:27.615350,1633.1,268341.0,381984.0
2025-06-18 11:19:28.218080,1633.2,268341.0,381984.0
2025-06-18 11:19:28.713324,1633.1,267958.0,382665.0
2025-06-18 11:19:29.213242,1633.1,267958.0,382665.0
2025-06-18 11:19:29.912161,1633.1,268192.0,382454.0
2025-06-18 11:19:30.216696,1633.0,268192.0,382454.0
2025-06-18 11:19:30.815293,1633.0,268060.0,382253.0
2025-06-18 11:19:31.217318,1633.0,268060.0,382253.0
2025-06-18 11:19:31.817268,1633.0,268118.0,382253.0
2025-06-18 11:19:32.816316,1633.0,268119.0,382283.0
2025-06-18 11:19:33.210961,1633.2,268119.0,382283.0
2025-06-18 11:19:33.816145,1633.0,268107.0,382418.0
2025-06-18 11:19:34.243752,1633.0,268107.0,382418.0
2025-06-18 11:19:34.913006,1633.0,268186.0,382534.0
2025-06-18 11:19:35.815714,1633.0,268156.0,382583.0
2025-06-18 11:19:36.216581,1633.0,268156.0,382583.0
2025-06-18 11:19:37.014898,1633.0,268269.0,382413.0
2025-06-18 11:19:37.217295,1633.0,268269.0,382413.0
2025-06-18 11:19:38.017742,1633.0,267995.0,382227.0
2025-06-18 11:19:39.223865,1632.8,267995.0,382227.0
2025-06-18 11:19:39.232020,1632.8,267958.0,382323.0
2025-06-18 11:19:40.217764,1632.9,267958.0,382323.0
2025-06-18 11:19:40.226541,1632.9,267162.0,383320.0
2025-06-18 11:19:41.118697,1632.8,265086.0,385160.0
2025-06-18 11:19:41.214176,1632.8,265086.0,385160.0
2025-06-18 11:19:42.021397,1632.8,266099.0,384781.0
2025-06-18 11:19:42.258090,1632.8,266099.0,384781.0
2025-06-18 11:19:43.128567,1632.8,266207.0,384685.0
2025-06-18 11:19:43.234520,1632.8,266207.0,384685.0
2025-06-18 11:19:44.222245,1632.2,266207.0,384685.0
2025-06-18 11:19:44.240381,1632.2,264735.0,384360.0
2025-06-18 11:19:45.224233,1632.2,266204.0,384973.0
2025-06-18 11:19:46.215405,1632.8,266204.0,384973.0
2025-06-18 11:19:46.224774,1632.8,266189.0,382352.0
2025-06-18 11:19:47.216175,1632.8,266189.0,382352.0
2025-06-18 11:19:47.255316,1632.8,265996.0,382413.0
2025-06-18 11:19:48.221467,1632.8,265996.0,382413.0
2025-06-18 11:19:48.229823,1632.8,266084.0,382375.0
2025-06-18 11:19:49.285335,1632.8,266357.0,382351.0
2025-06-18 11:19:50.224605,1632.5,266357.0,382351.0
2025-06-18 11:19:50.234976,1632.5,266398.0,382221.0
2025-06-18 11:19:51.223152,1632.7,266398.0,382221.0
2025-06-18 11:19:51.263886,1632.7,266019.0,382318.0
2025-06-18 11:19:52.216830,1632.7,266019.0,382318.0
2025-06-18 11:19:52.231312,1632.7,266352.0,382098.0
2025-06-18 11:19:53.221965,1632.7,266352.0,382098.0
2025-06-18 11:19:53.237055,1632.7,266469.0,382046.0
2025-06-18 11:19:54.130959,1632.2,264659.0,381379.0
2025-06-18 11:19:54.212767,1632.2,264659.0,381379.0
2025-06-18 11:19:55.131401,1632.3,264613.0,381186.0
2025-06-18 11:19:55.217911,1632.3,264613.0,381186.0
2025-06-18 11:19:56.129722,1632.4,264435.0,381952.0
2025-06-18 11:19:56.210037,1632.4,264435.0,381952.0
2025-06-18 11:19:57.242050,1632.4,264344.0,381913.0
2025-06-18 11:19:58.133749,1632.2,264486.0,382068.0
2025-06-18 11:19:58.217097,1632.2,264486.0,382068.0
2025-06-18 11:20:00.482800,1632.4,264486.0,382068.0
2025-06-18 11:20:00.486830,1632.4,265182.0,383047.0
2025-06-18 11:20:01.711411,1632.3,265667.0,382781.0
2025-06-18 11:20:02.237779,1632.4,265667.0,382781.0
2025-06-18 11:20:02.733647,1632.4,265831.0,382991.0
2025-06-18 11:20:03.213465,1632.4,265831.0,382991.0
2025-06-18 11:20:03.735782,1632.4,265940.0,382941.0
2025-06-18 11:20:04.208887,1632.4,265940.0,382941.0
2025-06-18 11:20:04.740596,1632.4,265949.0,382965.0
2025-06-18 11:20:05.221196,1632.4,265949.0,382965.0
2025-06-18 11:20:05.739908,1632.8,266285.0,382044.0
2025-06-18 11:20:06.209518,1632.8,266285.0,382044.0
2025-06-18 11:20:06.739836,1632.8,266441.0,382032.0
2025-06-18 11:20:07.210870,1632.6,266441.0,382032.0
2025-06-18 11:20:07.746122,1632.3,264519.0,383751.0
2025-06-18 11:20:08.212516,1632.3,264519.0,383751.0
2025-06-18 11:20:08.747596,1632.3,264751.0,383011.0
2025-06-18 11:20:09.742839,1632.3,265535.0,383012.0
2025-06-18 11:20:10.215246,1632.4,265535.0,383012.0
2025-06-18 11:20:10.843575,1632.4,265501.0,383042.0
2025-06-18 11:20:11.844300,1632.4,265481.0,383047.0
2025-06-18 11:20:12.944249,1632.4,264989.0,382970.0
2025-06-18 11:20:13.209955,1632.4,264989.0,382970.0
2025-06-18 11:20:14.046344,1632.4,265777.0,382116.0
2025-06-18 11:20:14.210064,1632.4,265777.0,382116.0
2025-06-18 11:20:15.449934,1632.4,266513.0,382566.0
2025-06-18 11:20:16.212482,1632.7,266513.0,382566.0
2025-06-18 11:20:16.652601,1632.7,266642.0,382720.0
2025-06-18 11:20:17.210930,1632.6,266642.0,382720.0
2025-06-18 11:20:17.654214,1632.6,266210.0,382716.0
2025-06-18 11:20:18.218826,1632.7,266210.0,382716.0
2025-06-18 11:20:18.748746,1632.7,266356.0,382709.0
2025-06-18 11:20:19.241063,1632.7,266356.0,382709.0
2025-06-18 11:20:19.750559,1632.7,266272.0,382896.0
2025-06-18 11:20:20.212255,1632.7,266272.0,382896.0
2025-06-18 11:20:20.750470,1632.7,266209.0,382898.0
2025-06-18 11:20:21.234129,1632.6,266209.0,382898.0
2025-06-18 11:20:21.751380,1632.4,266019.0,383898.0
2025-06-18 11:20:22.209838,1632.5,266019.0,383898.0
2025-06-18 11:20:22.752691,1632.5,265846.0,383879.0
2025-06-18 11:20:23.247160,1632.5,265846.0,383879.0
2025-06-18 11:20:23.753005,1632.5,265597.0,383478.0
2025-06-18 11:20:24.754517,1632.5,265700.0,383484.0
2025-06-18 11:20:25.211069,1632.5,265700.0,383484.0
2025-06-18 11:20:25.755524,1632.5,265811.0,383462.0
2025-06-18 11:20:26.209707,1632.6,265811.0,383462.0
2025-06-18 11:20:26.755670,1632.6,265850.0,383297.0
2025-06-18 11:20:27.757868,1632.7,266632.0,383097.0
2025-06-18 11:20:28.210931,1632.7,266632.0,383097.0
2025-06-18 11:20:28.758523,1632.7,266748.0,392442.0
2025-06-18 11:20:29.219446,1632.6,266748.0,392442.0
2025-06-18 11:20:29.758660,1632.6,266569.0,392292.0
2025-06-18 11:20:30.212256,1632.5,266569.0,392292.0
2025-06-18 11:20:30.759051,1632.6,266491.0,392390.0
2025-06-18 11:20:31.216705,1632.6,266491.0,392390.0
2025-06-18 11:20:31.760018,1632.6,266889.0,392441.0
2025-06-18 11:20:32.218673,1632.5,266889.0,392441.0
2025-06-18 11:20:32.861547,1632.5,266868.0,392430.0
2025-06-18 11:20:33.210334,1632.5,266868.0,392430.0
2025-06-18 11:20:33.862235,1632.5,266849.0,392292.0
2025-06-18 11:20:34.215687,1632.6,266849.0,392292.0
2025-06-18 11:20:34.961795,1632.6,265510.0,392402.0
2025-06-18 11:20:35.210532,1632.6,265510.0,392402.0
2025-06-18 11:20:35.863617,1632.6,265641.0,392451.0
2025-06-18 11:20:36.217103,1632.6,265641.0,392451.0
2025-06-18 11:20:36.966286,1632.5,266522.0,391710.0
2025-06-18 11:20:37.212542,1632.5,266522.0,391710.0
2025-06-18 11:20:38.066831,1632.6,266903.0,391742.0
2025-06-18 11:20:38.212251,1632.6,266903.0,391742.0
2025-06-18 11:20:39.192472,1632.6,266552.0,391730.0
2025-06-18 11:20:39.211421,1632.6,266552.0,391730.0
2025-06-18 11:20:40.166063,1632.6,266551.0,391633.0
2025-06-18 11:20:40.216369,1632.6,266551.0,391633.0
2025-06-18 11:20:41.165926,1632.6,266715.0,391650.0
2025-06-18 11:20:41.211809,1632.6,266715.0,391650.0
2025-06-18 11:20:42.168075,1632.6,266592.0,391624.0
2025-06-18 11:20:42.216509,1632.6,266592.0,391624.0
2025-06-18 11:20:43.234406,1632.6,266592.0,391624.0
2025-06-18 11:20:43.265983,1632.6,266174.0,392076.0
2025-06-18 11:20:44.211957,1632.6,266174.0,392076.0
2025-06-18 11:20:44.267777,1632.6,265911.0,392239.0
2025-06-18 11:20:45.217219,1632.6,265911.0,392239.0
2025-06-18 11:20:45.269849,1632.6,266734.0,392715.0
2025-06-18 11:20:46.211793,1632.6,266734.0,392715.0
2025-06-18 11:20:46.269897,1632.6,266504.0,393101.0
2025-06-18 11:20:47.291472,1632.5,266504.0,393101.0
2025-06-18 11:20:47.299093,1632.5,266660.0,393268.0
2025-06-18 11:20:48.210628,1632.4,266660.0,393268.0
2025-06-18 11:20:48.269835,1632.4,260963.0,394845.0
2025-06-18 11:20:49.211881,1632.1,260963.0,394845.0
2025-06-18 11:20:49.270517,1632.1,264334.0,394932.0
2025-06-18 11:20:50.218002,1632.1,264334.0,394932.0
2025-06-18 11:20:50.271674,1632.1,264422.0,395127.0
2025-06-18 11:20:51.210914,1632.0,264422.0,395127.0
2025-06-18 11:20:51.271739,1632.0,263846.0,394664.0
2025-06-18 11:20:52.210043,1632.1,263846.0,394664.0
2025-06-18 11:20:52.271688,1632.2,261795.0,393199.0
2025-06-18 11:20:53.216824,1632.5,261795.0,393199.0
