timestamp,ltp,bid_qty,ask_qty
2025-06-18 11:01:36.665673,140.6,1739731.0,2609874.0
2025-06-18 11:01:36.940648,140.6,1742363.0,2609892.0
2025-06-18 11:01:37.140793,140.55,1742363.0,2609892.0
2025-06-18 11:01:38.040695,140.6,1743177.0,2610801.0
2025-06-18 11:01:38.131366,140.6,1743177.0,2610801.0
2025-06-18 11:01:39.132802,140.6,1743177.0,2610801.0
2025-06-18 11:01:39.146326,140.6,1744846.0,2610079.0
2025-06-18 11:01:40.148092,140.6,1745215.0,2610675.0
2025-06-18 11:01:41.131711,140.54,1745215.0,2610675.0
2025-06-18 11:01:41.243287,140.61,1746994.0,2612802.0
2025-06-18 11:01:42.136843,140.54,1746994.0,2612802.0
2025-06-18 11:01:42.240679,140.54,1745709.0,2613462.0
2025-06-18 11:01:43.133092,140.6,1745709.0,2613462.0
2025-06-18 11:01:43.342911,140.6,1745609.0,2613247.0
2025-06-18 11:01:44.667870,140.6,1747506.0,2611679.0
2025-06-18 11:01:45.545374,140.6,1742605.0,2607567.0
2025-06-18 11:01:46.143709,140.6,1742605.0,2607567.0
2025-06-18 11:01:46.549810,140.6,1744803.0,2606490.0
2025-06-18 11:01:47.141251,140.56,1744803.0,2606490.0
2025-06-18 11:01:47.658002,140.56,1742590.0,2608089.0
2025-06-18 11:01:48.137149,140.6,1742590.0,2608089.0
2025-06-18 11:01:48.746780,140.56,1741030.0,2608624.0
2025-06-18 11:01:49.174746,140.6,1741030.0,2608624.0
2025-06-18 11:01:49.746210,140.54,1739714.0,2609842.0
2025-06-18 11:01:50.133588,140.54,1739714.0,2609842.0
2025-06-18 11:01:50.750336,140.54,1739418.0,2609958.0
2025-06-18 11:01:51.659878,140.6,1738526.0,2610114.0
2025-06-18 11:01:52.137187,140.54,1738526.0,2610114.0
2025-06-18 11:01:52.752575,140.54,1734207.0,2616650.0
2025-06-18 11:01:53.850458,140.54,1736518.0,2612197.0
2025-06-18 11:01:54.849745,140.6,1736888.0,2611116.0
2025-06-18 11:01:55.145275,140.6,1736888.0,2611116.0
2025-06-18 11:01:55.850466,140.6,1736542.0,2611508.0
2025-06-18 11:01:56.202852,140.6,1736542.0,2611508.0
2025-06-18 11:01:56.964340,140.54,1739137.0,2611639.0
2025-06-18 11:01:57.145847,140.6,1739137.0,2611639.0
2025-06-18 11:01:58.051223,140.61,1741465.0,2608943.0
2025-06-18 11:01:58.136211,140.61,1741465.0,2608943.0
2025-06-18 11:01:59.051616,140.61,1739816.0,2609089.0
2025-06-18 11:01:59.139198,140.61,1739816.0,2609089.0
2025-06-18 11:02:00.051912,140.61,1739397.0,2606667.0
2025-06-18 11:02:00.139357,140.61,1739397.0,2606667.0
2025-06-18 11:02:01.143052,140.61,1739397.0,2606667.0
2025-06-18 11:02:01.854650,140.61,1739911.0,2609928.0
2025-06-18 11:02:02.137961,140.61,1739911.0,2609928.0
2025-06-18 11:02:02.856808,140.61,1739292.0,2609993.0
2025-06-18 11:02:03.141404,140.61,1739292.0,2609993.0
2025-06-18 11:02:05.163371,140.62,1739662.0,2608897.0
2025-06-18 11:02:05.165384,140.62,1739662.0,2608897.0
2025-06-18 11:02:05.202476,140.61,1739753.0,2609656.0
2025-06-18 11:02:05.205142,140.61,1739753.0,2609656.0
2025-06-18 11:02:06.059849,140.62,1742356.0,2610535.0
2025-06-18 11:02:06.142800,140.62,1742356.0,2610535.0
2025-06-18 11:02:07.059431,140.6,1743074.0,2609940.0
2025-06-18 11:02:07.142121,140.6,1743074.0,2609940.0
2025-06-18 11:02:07.970784,140.61,1741972.0,2609980.0
2025-06-18 11:02:08.140077,140.62,1741972.0,2609980.0
2025-06-18 11:02:09.062310,140.62,1743111.0,2610121.0
2025-06-18 11:02:09.136924,140.62,1743111.0,2610121.0
2025-06-18 11:02:10.146844,140.62,1743111.0,2610121.0
2025-06-18 11:02:10.258771,140.62,1745411.0,2608395.0
2025-06-18 11:02:11.142346,140.61,1745411.0,2608395.0
2025-06-18 11:02:11.264650,140.61,1743688.0,2610646.0
2025-06-18 11:02:12.140705,140.61,1743688.0,2610646.0
2025-06-18 11:02:12.363698,140.61,1744439.0,2608661.0
2025-06-18 11:02:13.145260,140.64,1744439.0,2608661.0
2025-06-18 11:02:13.266904,140.64,1744611.0,2608651.0
2025-06-18 11:02:14.141445,140.64,1744611.0,2608651.0
2025-06-18 11:02:14.265753,140.64,1746418.0,2608969.0
2025-06-18 11:02:15.167220,140.64,1746418.0,2608969.0
2025-06-18 11:02:15.367246,140.64,1747874.0,2608434.0
2025-06-18 11:02:16.187199,140.64,1747874.0,2608434.0
2025-06-18 11:02:16.568860,140.64,1748185.0,2608709.0
2025-06-18 11:02:17.140861,140.61,1748185.0,2608709.0
2025-06-18 11:02:17.667526,140.64,1747477.0,2609051.0
2025-06-18 11:02:18.139393,140.64,1747477.0,2609051.0
2025-06-18 11:02:18.671017,140.61,1747913.0,2606057.0
2025-06-18 11:02:19.136405,140.64,1747913.0,2606057.0
2025-06-18 11:02:19.768946,140.65,1746558.0,2603681.0
2025-06-18 11:02:20.138191,140.65,1746558.0,2603681.0
2025-06-18 11:02:20.868449,140.65,1746175.0,2602085.0
2025-06-18 11:02:21.994345,140.64,1741332.0,2612373.0
2025-06-18 11:02:22.146348,140.64,1741332.0,2612373.0
2025-06-18 11:02:22.996319,140.64,1742042.0,2612320.0
2025-06-18 11:02:23.986868,140.67,1728886.0,2599787.0
2025-06-18 11:02:24.161355,140.67,1728886.0,2599787.0
2025-06-18 11:02:25.073833,140.66,1748065.0,2599881.0
2025-06-18 11:02:25.139983,140.66,1748065.0,2599881.0
2025-06-18 11:02:26.076567,140.66,1748604.0,2600861.0
2025-06-18 11:02:27.145422,140.61,1748604.0,2600861.0
2025-06-18 11:02:27.184065,140.61,1747026.0,2602530.0
2025-06-18 11:02:28.276393,140.61,1741094.0,2609157.0
2025-06-18 11:02:29.277366,140.64,1743269.0,2610381.0
2025-06-18 11:02:30.153431,140.64,1743269.0,2610381.0
2025-06-18 11:02:30.486630,140.64,1745372.0,2609066.0
2025-06-18 11:02:31.139143,140.61,1745372.0,2609066.0
2025-06-18 11:02:31.574826,140.61,1746219.0,2608434.0
2025-06-18 11:02:32.144317,140.61,1746219.0,2608434.0
2025-06-18 11:02:32.577630,140.61,1745520.0,2612010.0
2025-06-18 11:02:33.775792,140.64,1747936.0,2612002.0
2025-06-18 11:02:34.144525,140.64,1747936.0,2612002.0
2025-06-18 11:02:34.875223,140.61,1747232.0,2614615.0
2025-06-18 11:02:35.150730,140.64,1747232.0,2614615.0
2025-06-18 11:02:35.877422,140.64,1747748.0,2612084.0
2025-06-18 11:02:36.147555,140.64,1747748.0,2612084.0
2025-06-18 11:02:36.878382,140.64,1749147.0,2610759.0
2025-06-18 11:02:37.142132,140.61,1749147.0,2610759.0
2025-06-18 11:02:37.881177,140.61,1739517.0,2614031.0
2025-06-18 11:02:38.996086,140.64,1739705.0,2609890.0
2025-06-18 11:02:39.145795,140.64,1739705.0,2609890.0
2025-06-18 11:02:40.083660,140.64,1741359.0,2609688.0
2025-06-18 11:02:40.143897,140.64,1741359.0,2609688.0
2025-06-18 11:02:41.139710,140.64,1741359.0,2609688.0
2025-06-18 11:02:41.188896,140.64,1715729.0,2610079.0
2025-06-18 11:02:42.144976,140.61,1715729.0,2610079.0
2025-06-18 11:02:42.285848,140.61,1740103.0,2612527.0
2025-06-18 11:02:43.147296,140.64,1740103.0,2612527.0
2025-06-18 11:02:43.285251,140.64,1739518.0,2609702.0
2025-06-18 11:02:44.149010,140.64,1739518.0,2609702.0
2025-06-18 11:02:44.385819,140.64,1739858.0,2610397.0
2025-06-18 11:02:45.386446,140.64,1739467.0,2610936.0
2025-06-18 11:02:46.148706,140.64,1739467.0,2610936.0
2025-06-18 11:02:46.386235,140.64,1740022.0,2610049.0
2025-06-18 11:02:47.151106,140.61,1740022.0,2610049.0
2025-06-18 11:02:47.388667,140.64,1739527.0,2610913.0
2025-06-18 11:02:48.145133,140.61,1739527.0,2610913.0
2025-06-18 11:02:48.387297,140.61,1741063.0,2609506.0
2025-06-18 11:02:49.387633,140.64,1741740.0,2609020.0
2025-06-18 11:02:50.144730,140.64,1741740.0,2609020.0
2025-06-18 11:02:50.286961,140.64,1742034.0,2608911.0
2025-06-18 11:02:51.228472,140.61,1742034.0,2608911.0
2025-06-18 11:02:51.387443,140.64,1740924.0,2609104.0
2025-06-18 11:02:52.145424,140.61,1740924.0,2609104.0
2025-06-18 11:02:52.389443,140.61,1740770.0,2608978.0
2025-06-18 11:02:53.145646,140.64,1740770.0,2608978.0
2025-06-18 11:02:53.390589,140.64,1741019.0,2609065.0
2025-06-18 11:02:54.147571,140.64,1741019.0,2609065.0
2025-06-18 11:02:54.389415,140.64,1741019.0,2609063.0
2025-06-18 11:02:55.290764,140.61,1735338.0,2616465.0
2025-06-18 11:02:56.146323,140.64,1735338.0,2616465.0
2025-06-18 11:02:56.291223,140.64,1737752.0,2610392.0
2025-06-18 11:02:57.148603,140.61,1737752.0,2610392.0
2025-06-18 11:02:57.292953,140.61,1736005.0,2614992.0
2025-06-18 11:02:58.148169,140.64,1736005.0,2614992.0
2025-06-18 11:02:58.293330,140.64,1713092.0,2611491.0
2025-06-18 11:02:59.146298,140.64,1713092.0,2611491.0
2025-06-18 11:02:59.296030,140.64,1737759.0,2612048.0
2025-06-18 11:03:00.149299,140.64,1737759.0,2612048.0
2025-06-18 11:03:00.297877,140.64,1737431.0,2608610.0
2025-06-18 11:03:01.144236,140.64,1737431.0,2608610.0
2025-06-18 11:03:01.796122,140.64,1737537.0,2608609.0
2025-06-18 11:03:02.138332,140.61,1737537.0,2608609.0
2025-06-18 11:03:02.699833,140.61,1737310.0,2608543.0
2025-06-18 11:03:03.698654,140.64,1737704.0,2608085.0
2025-06-18 11:03:04.146135,140.64,1737704.0,2608085.0
2025-06-18 11:03:04.599506,140.61,1737367.0,2611736.0
2025-06-18 11:03:05.141378,140.61,1737367.0,2611736.0
2025-06-18 11:03:05.601884,140.64,1737347.0,2611934.0
2025-06-18 11:03:06.141320,140.61,1737347.0,2611934.0
2025-06-18 11:03:07.144200,140.61,1737347.0,2611934.0
2025-06-18 11:03:07.401413,140.64,1737731.0,2612177.0
2025-06-18 11:03:08.143939,140.64,1737731.0,2612177.0
2025-06-18 11:03:08.400523,140.64,1737867.0,2611149.0
2025-06-18 11:03:09.145878,140.61,1737867.0,2611149.0
2025-06-18 11:03:09.503282,140.61,1737249.0,2612257.0
2025-06-18 11:03:10.605900,140.64,1737246.0,2608370.0
2025-06-18 11:03:11.145861,140.64,1737246.0,2608370.0
2025-06-18 11:03:11.700668,140.64,1736603.0,2611673.0
2025-06-18 11:03:12.141695,140.61,1736603.0,2611673.0
2025-06-18 11:03:12.712097,140.61,1736998.0,2611257.0
2025-06-18 11:03:13.142563,140.64,1736998.0,2611257.0
2025-06-18 11:03:13.812244,140.64,1736935.0,2611843.0
2025-06-18 11:03:14.148141,140.64,1736935.0,2611843.0
2025-06-18 11:03:14.906137,140.64,1739020.0,2608591.0
2025-06-18 11:03:15.140985,140.64,1739020.0,2608591.0
2025-06-18 11:03:16.005488,140.64,1739050.0,2605597.0
2025-06-18 11:03:17.005443,140.61,1737861.0,2605930.0
2025-06-18 11:03:17.144831,140.61,1737861.0,2605930.0
2025-06-18 11:03:18.103774,140.64,1738585.0,2606400.0
2025-06-18 11:03:18.143773,140.64,1738585.0,2606400.0
2025-06-18 11:03:19.143003,140.64,1738585.0,2606400.0
2025-06-18 11:03:19.205138,140.64,1736708.0,2607680.0
2025-06-18 11:03:20.150324,140.64,1736708.0,2607680.0
2025-06-18 11:03:20.306456,140.64,1739175.0,2605584.0
2025-06-18 11:03:21.202436,140.64,1739175.0,2605584.0
2025-06-18 11:03:21.303854,140.64,1738430.0,2611069.0
2025-06-18 11:03:22.166489,140.65,1738430.0,2611069.0
2025-06-18 11:03:22.310159,140.65,1738719.0,2605244.0
2025-06-18 11:03:23.406926,140.65,1738269.0,2604831.0
2025-06-18 11:03:24.507865,140.65,1738784.0,2605346.0
2025-06-18 11:03:25.144489,140.6,1738784.0,2605346.0
2025-06-18 11:03:25.608644,140.6,1740922.0,2601090.0
2025-06-18 11:03:26.147006,140.66,1740922.0,2601090.0
2025-06-18 11:03:26.709204,140.66,1740610.0,2598196.0
2025-06-18 11:03:27.144265,140.61,1740610.0,2598196.0
2025-06-18 11:03:27.809261,140.65,1738714.0,2602361.0
2025-06-18 11:03:28.146698,140.65,1738714.0,2602361.0
2025-06-18 11:03:28.715698,140.65,1728812.0,2603351.0
2025-06-18 11:03:29.812491,140.65,1718371.0,2607780.0
2025-06-18 11:03:30.914556,140.65,1717919.0,2608305.0
2025-06-18 11:03:32.015563,140.6,1719699.0,2608121.0
2025-06-18 11:03:32.149001,140.6,1719699.0,2608121.0
2025-06-18 11:03:33.115143,140.6,1723231.0,2605206.0
2025-06-18 11:03:34.214720,140.64,1725988.0,2605590.0
2025-06-18 11:03:35.147967,140.64,1725988.0,2605590.0
2025-06-18 11:03:35.313770,140.64,1725401.0,2606056.0
2025-06-18 11:03:36.170346,140.64,1725401.0,2606056.0
2025-06-18 11:03:36.314602,140.64,1725571.0,2606111.0
2025-06-18 11:03:37.148511,140.6,1725571.0,2606111.0
2025-06-18 11:03:37.322360,140.64,1725531.0,2605568.0
2025-06-18 11:03:38.149871,140.64,1725531.0,2605568.0
2025-06-18 11:03:38.421437,140.64,1720047.0,2595907.0
2025-06-18 11:03:39.518154,140.65,1720052.0,2599082.0
2025-06-18 11:03:40.144042,140.65,1720052.0,2599082.0
2025-06-18 11:03:40.619253,140.65,1720052.0,2598569.0
2025-06-18 11:03:41.167213,140.65,1720052.0,2598569.0
2025-06-18 11:03:41.868662,140.65,1723551.0,2597446.0
2025-06-18 11:03:42.154151,140.61,1723551.0,2597446.0
2025-06-18 11:03:42.716634,140.61,1724229.0,2602247.0
2025-06-18 11:03:43.718990,140.61,1725375.0,2608999.0
2025-06-18 11:03:44.152281,140.61,1725375.0,2608999.0
2025-06-18 11:03:44.822278,140.6,1726695.0,2608087.0
2025-06-18 11:03:45.166749,140.6,1726695.0,2608087.0
2025-06-18 11:03:45.919124,140.63,1726613.0,2602188.0
2025-06-18 11:03:46.023323,140.63,1726613.0,2602188.0
2025-06-18 11:03:46.154302,140.63,1726613.0,2602188.0
2025-06-18 11:03:47.022858,140.61,1728325.0,2605136.0
2025-06-18 11:03:47.072572,140.61,1728325.0,2605136.0
2025-06-18 11:03:47.171976,140.61,1728325.0,2605136.0
2025-06-18 11:03:47.920377,140.61,1728801.0,2605264.0
2025-06-18 11:03:47.976513,140.61,1728801.0,2605264.0
2025-06-18 11:03:48.892242,140.61,1728801.0,2605264.0
2025-06-18 11:03:49.024159,140.6,1728898.0,2607105.0
2025-06-18 11:03:49.159370,140.6,1728898.0,2607105.0
2025-06-18 11:03:49.731492,140.6,1728898.0,2607105.0
2025-06-18 11:03:50.127763,140.6,1728174.0,2606633.0
2025-06-18 11:03:50.154450,140.6,1728174.0,2606633.0
2025-06-18 11:03:50.552701,140.6,1728174.0,2606633.0
2025-06-18 11:03:51.166004,140.64,1728174.0,2606633.0
2025-06-18 11:03:51.221439,140.64,1727232.0,2607127.0
2025-06-18 11:03:51.588095,140.64,1727232.0,2607127.0
2025-06-18 11:03:52.190979,140.6,1727232.0,2607127.0
2025-06-18 11:03:52.198419,140.6,1727232.0,2607127.0
2025-06-18 11:03:52.231498,140.6,1727472.0,2607094.0
2025-06-18 11:03:52.568482,140.6,1727472.0,2607094.0
2025-06-18 11:03:53.069319,140.6,1727472.0,2607094.0
2025-06-18 11:03:53.324465,140.6,1727472.0,2606565.0
2025-06-18 11:03:53.439986,140.6,1727472.0,2606565.0
2025-06-18 11:03:54.323948,140.6,1725103.0,2603542.0
2025-06-18 11:03:54.451162,140.6,1725103.0,2603542.0
2025-06-18 11:03:55.159190,140.59,1725103.0,2603542.0
2025-06-18 11:03:55.721305,140.59,1725103.0,2603542.0
2025-06-18 11:03:55.734390,140.62,1712022.0,2619315.0
2025-06-18 11:03:56.161575,140.62,1712022.0,2619315.0
2025-06-18 11:03:56.583952,140.62,1712022.0,2619315.0
2025-06-18 11:03:56.725834,140.62,1716605.0,2617925.0
2025-06-18 11:04:00.408750,140.57,1716605.0,2617925.0
2025-06-18 11:04:00.458156,140.57,1716853.0,2617817.0
2025-06-18 11:04:00.467260,140.57,1716853.0,2617817.0
2025-06-18 11:04:00.510183,140.57,1717487.0,2618172.0
2025-06-18 11:04:00.515042,140.57,1717487.0,2618172.0
2025-06-18 11:04:00.547254,140.57,1721704.0,2613095.0
2025-06-18 11:04:00.551292,140.57,1721704.0,2613095.0
2025-06-18 11:04:01.176959,140.63,1721704.0,2613095.0
2025-06-18 11:04:01.918690,140.63,1721704.0,2613095.0
2025-06-18 11:04:02.156608,140.58,1721704.0,2613095.0
2025-06-18 11:04:02.230018,140.58,1728524.0,2613370.0
2025-06-18 11:04:03.135165,140.6,1728596.0,2612117.0
2025-06-18 11:04:03.199352,140.6,1728596.0,2612117.0
2025-06-18 11:04:04.134592,140.6,1729490.0,2606144.0
2025-06-18 11:04:04.157463,140.6,1729490.0,2606144.0
2025-06-18 11:04:05.135369,140.65,1729944.0,2605315.0
2025-06-18 11:04:05.194777,140.65,1729944.0,2605315.0
2025-06-18 11:04:06.134733,140.64,1728011.0,2604110.0
2025-06-18 11:04:06.154754,140.64,1728011.0,2604110.0
2025-06-18 11:04:07.134257,140.62,1729662.0,2604788.0
2025-06-18 11:04:07.155905,140.62,1729662.0,2604788.0
2025-06-18 11:04:08.035451,140.62,1730372.0,2605844.0
2025-06-18 11:04:08.164638,140.62,1730372.0,2605844.0
2025-06-18 11:04:09.150544,140.62,1730372.0,2605844.0
2025-06-18 11:04:09.236341,140.62,1730904.0,2607755.0
2025-06-18 11:04:10.162168,140.58,1730904.0,2607755.0
2025-06-18 11:04:10.239882,140.58,1724541.0,2605720.0
2025-06-18 11:04:11.339804,140.58,1725134.0,2607244.0
2025-06-18 11:04:12.159070,140.58,1725134.0,2607244.0
2025-06-18 11:04:12.438541,140.58,1722723.0,2607048.0
2025-06-18 11:04:13.541657,140.63,1724482.0,2604979.0
2025-06-18 11:04:14.154835,140.64,1724482.0,2604979.0
2025-06-18 11:04:14.656905,140.64,1715547.0,2611087.0
2025-06-18 11:04:16.239312,140.64,1719753.0,2613503.0
2025-06-18 11:04:17.149449,140.59,1718502.0,2615501.0
2025-06-18 11:04:17.154440,140.59,1718502.0,2615501.0
2025-06-18 11:04:18.045300,140.62,1719429.0,2615703.0
2025-06-18 11:04:18.153902,140.59,1719429.0,2615703.0
2025-06-18 11:04:19.182665,140.59,1720076.0,2615706.0
2025-06-18 11:04:20.195754,140.59,1721888.0,2615475.0
2025-06-18 11:04:21.166163,140.61,1721888.0,2615475.0
2025-06-18 11:04:21.354494,140.61,1723144.0,2609362.0
2025-06-18 11:04:22.151973,140.59,1723144.0,2609362.0
2025-06-18 11:04:22.356183,140.61,1722870.0,2620557.0
2025-06-18 11:04:23.153511,140.59,1722870.0,2620557.0
2025-06-18 11:04:23.465208,140.59,1720355.0,2617380.0
2025-06-18 11:04:24.158750,140.59,1720355.0,2617380.0
2025-06-18 11:04:24.556471,140.59,1720790.0,2617373.0
2025-06-18 11:04:25.157189,140.59,1720790.0,2617373.0
2025-06-18 11:04:25.660994,140.59,1724487.0,2614903.0
2025-06-18 11:04:26.760685,140.59,1723760.0,2615310.0
2025-06-18 11:04:27.157002,140.59,1723760.0,2615310.0
2025-06-18 11:04:27.858729,140.59,1724552.0,2614748.0
2025-06-18 11:04:28.759279,140.63,1724786.0,2613702.0
2025-06-18 11:04:29.153922,140.63,1724786.0,2613702.0
2025-06-18 11:04:29.760908,140.63,1724522.0,2614053.0
2025-06-18 11:04:30.763415,140.63,1722856.0,2615929.0
2025-06-18 11:04:31.154145,140.58,1722856.0,2615929.0
2025-06-18 11:04:31.863595,140.64,1724081.0,2614861.0
2025-06-18 11:04:32.153684,140.59,1724081.0,2614861.0
2025-06-18 11:04:32.866298,140.63,1723829.0,2615708.0
2025-06-18 11:04:33.160231,140.63,1723829.0,2615708.0
2025-06-18 11:04:33.975534,140.63,1724388.0,2614978.0
2025-06-18 11:04:35.065379,140.59,1721190.0,2616102.0
2025-06-18 11:04:35.161759,140.59,1721190.0,2616102.0
2025-06-18 11:04:36.158941,140.59,1721190.0,2616102.0
2025-06-18 11:04:36.173556,140.59,1720975.0,2613764.0
2025-06-18 11:04:37.163823,140.59,1720975.0,2613764.0
2025-06-18 11:04:37.179401,140.59,1721741.0,2613725.0
2025-06-18 11:04:38.264544,140.59,1720772.0,2615680.0
2025-06-18 11:04:39.364013,140.59,1723319.0,2608950.0
2025-06-18 11:04:40.366125,140.59,1723598.0,2608788.0
2025-06-18 11:04:41.479084,140.59,1724669.0,2610095.0
2025-06-18 11:04:42.157510,140.59,1724669.0,2610095.0
2025-06-18 11:04:42.565599,140.59,1724136.0,2602624.0
2025-06-18 11:04:43.668736,140.65,1724275.0,2607715.0
2025-06-18 11:04:44.157183,140.65,1724275.0,2607715.0
2025-06-18 11:04:44.757050,140.59,1724404.0,2607871.0
2025-06-18 11:04:45.186200,140.59,1724404.0,2607871.0
2025-06-18 11:04:45.769776,140.65,1724814.0,2607917.0
2025-06-18 11:04:46.157280,140.6,1724814.0,2607917.0
2025-06-18 11:04:46.771753,140.6,1725345.0,2608751.0
2025-06-18 11:04:47.159543,140.6,1725345.0,2608751.0
2025-06-18 11:04:47.782477,140.6,1725743.0,2609768.0
2025-06-18 11:04:48.159595,140.59,1725743.0,2609768.0
2025-06-18 11:04:48.669950,140.59,1725469.0,2609818.0
2025-06-18 11:04:49.770851,140.59,1726029.0,2610466.0
2025-06-18 11:04:50.872860,140.59,1726309.0,2610466.0
2025-06-18 11:04:51.873378,140.59,1726329.0,2610034.0
2025-06-18 11:04:52.170866,140.59,1726329.0,2610034.0
2025-06-18 11:04:53.005640,140.59,1726436.0,2611198.0
2025-06-18 11:04:53.151695,140.59,1726436.0,2611198.0
2025-06-18 11:04:54.004563,140.65,1726280.0,2606019.0
2025-06-18 11:04:54.170010,140.65,1726280.0,2606019.0
2025-06-18 11:04:54.992346,140.65,1727247.0,2605553.0
2025-06-18 11:04:55.989593,140.65,1727164.0,2605983.0
2025-06-18 11:04:57.079594,140.59,1722827.0,2606055.0
2025-06-18 11:04:57.208801,140.59,1722827.0,2606055.0
2025-06-18 11:04:58.186969,140.59,1724001.0,2606225.0
2025-06-18 11:04:59.284509,140.59,1723735.0,2606443.0
2025-06-18 11:05:00.381305,140.65,1723492.0,2606408.0
2025-06-18 11:05:01.171606,140.6,1723492.0,2606408.0
2025-06-18 11:05:01.491713,140.6,1724001.0,2605065.0
2025-06-18 11:05:02.159220,140.6,1724001.0,2605065.0
2025-06-18 11:05:05.121638,140.6,1723037.0,2605639.0
2025-06-18 11:05:05.172565,140.6,1723810.0,2605402.0
2025-06-18 11:05:05.174561,140.6,1723810.0,2605402.0
2025-06-18 11:05:05.176321,140.6,1723623.0,2605253.0
2025-06-18 11:05:05.779748,140.65,1723514.0,2604375.0
2025-06-18 11:05:06.153556,140.65,1723514.0,2604375.0
2025-06-18 11:05:06.777293,140.65,1723460.0,2604698.0
2025-06-18 11:05:07.160765,140.61,1723460.0,2604698.0
2025-06-18 11:05:07.678620,140.65,1723684.0,2603974.0
2025-06-18 11:05:08.155598,140.65,1723684.0,2603974.0
2025-06-18 11:05:08.878918,140.65,1723037.0,2605532.0
2025-06-18 11:05:09.990385,140.65,1721243.0,2605605.0
2025-06-18 11:05:11.078135,140.65,1720441.0,2605873.0
2025-06-18 11:05:12.199869,140.61,1720441.0,2605873.0
2025-06-18 11:05:12.205047,140.61,1721668.0,2606800.0
2025-06-18 11:05:13.152543,140.65,1721668.0,2606800.0
2025-06-18 11:05:13.179994,140.65,1722990.0,2606876.0
2025-06-18 11:05:14.190182,140.65,1728391.0,2603171.0
2025-06-18 11:05:15.155187,140.61,1728391.0,2603171.0
2025-06-18 11:05:15.181944,140.61,1726041.0,2605499.0
2025-06-18 11:05:16.691171,140.61,1725377.0,2607911.0
2025-06-18 11:05:17.155765,140.61,1725377.0,2607911.0
2025-06-18 11:05:17.187950,140.61,1725030.0,2610893.0
2025-06-18 11:05:18.163670,140.65,1725030.0,2610893.0
2025-06-18 11:05:18.194802,140.65,1721832.0,2610916.0
2025-06-18 11:05:19.181265,140.61,1721832.0,2610916.0
2025-06-18 11:05:19.205834,140.61,1721771.0,2610991.0
2025-06-18 11:05:20.161117,140.61,1721771.0,2610991.0
2025-06-18 11:05:20.284745,140.61,1721335.0,2610421.0
2025-06-18 11:05:21.163097,140.6,1721335.0,2610421.0
2025-06-18 11:05:21.385826,140.6,1719366.0,2621706.0
2025-06-18 11:05:22.159169,140.59,1719366.0,2621706.0
2025-06-18 11:05:22.385768,140.59,1722203.0,2620772.0
2025-06-18 11:05:23.388719,140.59,1722815.0,2620740.0
2025-06-18 11:05:24.161301,140.6,1722815.0,2620740.0
2025-06-18 11:05:24.388563,140.6,1727098.0,2623590.0
2025-06-18 11:05:25.389446,140.6,1727445.0,2624700.0
2025-06-18 11:05:26.157969,140.59,1727445.0,2624700.0
2025-06-18 11:05:26.503151,140.6,1725498.0,2623840.0
2025-06-18 11:05:27.157144,140.59,1725498.0,2623840.0
2025-06-18 11:05:27.589833,140.59,1718391.0,2626805.0
2025-06-18 11:05:28.160186,140.6,1718391.0,2626805.0
2025-06-18 11:05:28.674562,140.6,1724254.0,2627989.0
2025-06-18 11:05:29.153688,140.6,1724254.0,2627989.0
2025-06-18 11:05:29.694569,140.6,1724228.0,2627612.0
2025-06-18 11:05:30.693539,140.6,1713563.0,2624909.0
2025-06-18 11:05:31.157132,140.59,1713563.0,2624909.0
2025-06-18 11:05:31.794316,140.59,1712408.0,2625662.0
2025-06-18 11:05:32.161712,140.59,1712408.0,2625662.0
2025-06-18 11:05:32.796831,140.59,1709282.0,2624527.0
2025-06-18 11:05:35.121633,140.59,1713298.0,2613275.0
2025-06-18 11:05:35.175572,140.59,1719383.0,2617975.0
2025-06-18 11:05:36.096093,140.59,1723553.0,2619434.0
2025-06-18 11:05:37.159459,140.59,1723553.0,2619434.0
2025-06-18 11:05:37.200486,140.59,1722141.0,2622495.0
2025-06-18 11:05:38.158526,140.59,1722141.0,2622495.0
2025-06-18 11:05:38.297884,140.59,1722316.0,2625343.0
2025-06-18 11:05:39.275869,140.6,1722316.0,2625343.0
2025-06-18 11:05:39.311889,140.6,1721496.0,2627108.0
2025-06-18 11:05:40.157045,140.6,1721496.0,2627108.0
2025-06-18 11:05:40.296700,140.6,1721973.0,2624181.0
2025-06-18 11:05:41.298355,140.6,1721954.0,2625374.0
2025-06-18 11:05:42.156835,140.59,1721954.0,2625374.0
2025-06-18 11:05:42.299327,140.59,1721566.0,2625769.0
2025-06-18 11:05:43.403248,140.59,1721034.0,2625487.0
2025-06-18 11:05:44.160009,140.6,1721034.0,2625487.0
2025-06-18 11:05:44.402836,140.6,1723110.0,2624719.0
2025-06-18 11:05:45.161619,140.59,1723110.0,2624719.0
2025-06-18 11:05:45.409018,140.59,1722105.0,2624670.0
2025-06-18 11:05:46.157172,140.59,1722105.0,2624670.0
2025-06-18 11:05:46.511527,140.59,1721444.0,2625781.0
2025-06-18 11:05:47.184668,140.59,1721444.0,2625781.0
2025-06-18 11:05:47.510232,140.59,1714654.0,2630356.0
2025-06-18 11:05:48.415013,140.59,1716817.0,2631243.0
2025-06-18 11:05:49.157861,140.59,1716817.0,2631243.0
2025-06-18 11:05:49.510076,140.59,1719473.0,2628486.0
2025-06-18 11:05:50.156997,140.59,1719473.0,2628486.0
2025-06-18 11:05:50.511899,140.59,1720474.0,2627229.0
2025-06-18 11:05:51.605293,140.59,1724480.0,2626265.0
2025-06-18 11:05:52.174111,140.59,1724480.0,2626265.0
2025-06-18 11:05:52.709604,140.5,1691574.0,2627794.0
2025-06-18 11:05:53.155087,140.56,1691574.0,2627794.0
2025-06-18 11:05:53.808263,140.56,1702884.0,2628396.0
2025-06-18 11:05:54.814623,140.56,1702490.0,2625792.0
2025-06-18 11:05:55.811334,140.53,1702133.0,2629281.0
2025-06-18 11:05:56.166779,140.57,1702133.0,2629281.0
2025-06-18 11:05:56.811425,140.57,1702891.0,2630661.0
2025-06-18 11:05:57.164127,140.49,1702891.0,2630661.0
2025-06-18 11:05:57.812036,140.49,1701543.0,2635126.0
2025-06-18 11:05:58.711786,140.49,1701597.0,2635393.0
2025-06-18 11:05:59.158236,140.49,1701597.0,2635393.0
2025-06-18 11:05:59.811624,140.49,1701766.0,2633384.0
2025-06-18 11:06:00.813416,140.49,1698387.0,2629731.0
2025-06-18 11:06:02.162320,140.49,1698387.0,2629731.0
2025-06-18 11:06:02.212569,140.49,1697760.0,2635856.0
2025-06-18 11:06:03.213925,140.49,1699765.0,2634124.0
2025-06-18 11:06:04.163117,140.56,1699765.0,2634124.0
2025-06-18 11:06:04.218532,140.56,1703923.0,2634308.0
2025-06-18 11:06:05.316247,140.56,1703831.0,2632861.0
2025-06-18 11:06:06.157421,140.5,1703831.0,2632861.0
2025-06-18 11:06:06.421317,140.5,1699253.0,2634279.0
2025-06-18 11:06:07.163681,140.5,1699253.0,2634279.0
2025-06-18 11:06:07.517749,140.5,1699228.0,2634479.0
2025-06-18 11:06:08.525517,140.5,1699411.0,2634576.0
2025-06-18 11:06:09.525267,140.56,1699411.0,2634564.0
2025-06-18 11:06:10.197269,140.56,1699411.0,2634564.0
2025-06-18 11:06:10.525979,140.5,1698141.0,2633574.0
2025-06-18 11:06:11.199254,140.56,1698141.0,2633574.0
2025-06-18 11:06:11.924309,140.56,1712760.0,2622608.0
2025-06-18 11:06:12.164603,140.56,1712760.0,2622608.0
2025-06-18 11:06:13.021537,140.56,1706459.0,2624872.0
2025-06-18 11:06:13.168013,140.56,1706459.0,2624872.0
2025-06-18 11:06:14.026070,140.59,1706717.0,2625492.0
2025-06-18 11:06:14.160676,140.59,1706717.0,2625492.0
2025-06-18 11:06:15.120547,140.59,1709750.0,2624338.0
2025-06-18 11:06:16.153614,140.6,1709750.0,2624338.0
2025-06-18 11:06:16.219336,140.6,1711177.0,2623343.0
2025-06-18 11:06:17.161160,140.56,1711177.0,2623343.0
2025-06-18 11:06:17.224369,140.56,1706685.0,2625650.0
2025-06-18 11:06:18.221537,140.56,1706622.0,2626768.0
2025-06-18 11:06:19.154654,140.56,1706622.0,2626768.0
2025-06-18 11:06:19.222059,140.56,1703762.0,2627037.0
2025-06-18 11:06:20.221710,140.56,1704081.0,2625442.0
2025-06-18 11:06:21.327905,140.56,1705857.0,2626124.0
2025-06-18 11:06:22.159640,140.56,1705857.0,2626124.0
2025-06-18 11:06:22.324532,140.56,1708598.0,2626038.0
2025-06-18 11:06:23.325331,140.56,1709270.0,2625349.0
2025-06-18 11:06:24.163209,140.56,1709270.0,2625349.0
2025-06-18 11:06:24.325615,140.56,1703096.0,2629723.0
2025-06-18 11:06:25.159544,140.56,1703096.0,2629723.0
2025-06-18 11:06:25.325478,140.56,1703817.0,2632522.0
2025-06-18 11:06:26.214096,140.56,1703817.0,2632522.0
2025-06-18 11:06:26.426322,140.56,1704059.0,2631140.0
2025-06-18 11:06:27.159120,140.55,1704059.0,2631140.0
2025-06-18 11:06:27.526641,140.55,1704973.0,2633406.0
2025-06-18 11:06:28.425572,140.55,1707454.0,2631036.0
2025-06-18 11:06:29.158215,140.55,1707454.0,2631036.0
2025-06-18 11:06:29.626936,140.55,1708773.0,2630502.0
2025-06-18 11:06:30.164627,140.56,1708773.0,2630502.0
2025-06-18 11:06:30.630914,140.56,1709408.0,2630586.0
2025-06-18 11:06:32.166369,140.55,1709408.0,2630586.0
2025-06-18 11:06:32.229937,140.55,1710486.0,2630358.0
2025-06-18 11:06:33.132304,140.56,1710969.0,2630338.0
2025-06-18 11:06:33.164351,140.56,1710969.0,2630338.0
2025-06-18 11:06:34.226285,140.56,1710969.0,2630338.0
2025-06-18 11:06:34.247419,140.56,1718902.0,2622265.0
2025-06-18 11:06:35.434782,140.56,1708836.0,2626439.0
2025-06-18 11:06:36.435791,140.56,1707194.0,2627104.0
2025-06-18 11:06:37.159335,140.55,1707194.0,2627104.0
2025-06-18 11:06:37.541566,140.55,1706715.0,2627180.0
2025-06-18 11:06:38.435140,140.55,1707043.0,2627462.0
2025-06-18 11:06:39.443340,140.56,1709637.0,2628320.0
2025-06-18 11:06:40.166375,140.56,1709637.0,2628320.0
2025-06-18 11:06:40.838238,140.56,1711706.0,2628846.0
2025-06-18 11:06:41.161495,140.59,1711706.0,2628846.0
2025-06-18 11:06:41.838422,140.55,1710919.0,2625647.0
2025-06-18 11:06:42.157715,140.55,1710919.0,2625647.0
2025-06-18 11:06:42.839814,140.55,1708455.0,2626621.0
2025-06-18 11:06:43.938269,140.55,1707568.0,2637812.0
2025-06-18 11:06:44.838983,140.55,1708317.0,2636419.0
2025-06-18 11:06:45.158243,140.55,1708317.0,2636419.0
2025-06-18 11:06:45.843384,140.55,1708302.0,2636781.0
2025-06-18 11:06:46.718816,140.55,1708302.0,2636781.0
2025-06-18 11:06:46.839553,140.55,1707582.0,2637177.0
2025-06-18 11:06:47.166251,140.55,1707582.0,2637177.0
2025-06-18 11:06:47.612584,140.55,1707582.0,2637177.0
2025-06-18 11:06:47.840002,140.55,1707700.0,2637472.0
2025-06-18 11:06:48.167904,140.55,1707700.0,2637472.0
2025-06-18 11:06:48.551143,140.55,1707700.0,2637472.0
2025-06-18 11:06:48.842802,140.55,1707237.0,2638125.0
2025-06-18 11:06:49.766172,140.55,1707237.0,2638125.0
2025-06-18 11:06:49.842235,140.55,1707237.0,2638124.0
2025-06-18 11:06:50.287656,140.55,1707237.0,2638124.0
2025-06-18 11:06:50.840695,140.55,1708520.0,2637056.0
2025-06-18 11:06:51.052080,140.55,1708520.0,2637056.0
2025-06-18 11:06:51.842806,140.6,1708550.0,2636445.0
2025-06-18 11:06:52.037358,140.6,1708550.0,2636445.0
2025-06-18 11:06:52.167335,140.55,1708550.0,2636445.0
2025-06-18 11:06:52.601969,140.55,1708550.0,2636445.0
2025-06-18 11:06:52.843388,140.55,1709099.0,2635940.0
2025-06-18 11:06:53.009825,140.55,1709099.0,2635940.0
2025-06-18 11:06:53.160881,140.55,1709099.0,2635940.0
2025-06-18 11:06:53.556972,140.55,1709099.0,2635940.0
2025-06-18 11:06:53.844941,140.61,1709586.0,2636274.0
2025-06-18 11:06:53.865487,140.61,1709586.0,2636274.0
2025-06-18 11:06:54.186822,140.61,1709586.0,2636274.0
2025-06-18 11:06:54.741326,140.61,1709586.0,2636274.0
2025-06-18 11:06:54.846232,140.61,1710109.0,2636392.0
2025-06-18 11:06:55.161183,140.56,1710109.0,2636392.0
2025-06-18 11:06:55.746671,140.56,1709030.0,2636193.0
2025-06-18 11:06:56.240400,140.56,1709030.0,2636193.0
2025-06-18 11:06:56.746751,140.56,1709033.0,2636674.0
2025-06-18 11:06:57.112346,140.56,1709033.0,2636674.0
2025-06-18 11:06:57.159103,140.56,1709033.0,2636674.0
2025-06-18 11:06:57.655225,140.56,1708694.0,2636411.0
2025-06-18 11:06:58.335155,140.61,1708694.0,2636411.0
2025-06-18 11:06:58.516003,140.61,1708694.0,2636411.0
2025-06-18 11:06:58.746671,140.61,1707459.0,2638504.0
2025-06-18 11:06:59.659522,140.61,1707459.0,2638504.0
2025-06-18 11:06:59.747447,140.61,1707459.0,2637690.0
2025-06-18 11:07:00.746864,140.61,1707524.0,2637972.0
2025-06-18 11:07:00.814888,140.61,1707524.0,2637972.0
2025-06-18 11:07:01.162587,140.61,1707524.0,2637972.0
2025-06-18 11:07:02.047518,140.61,1707894.0,2636185.0
2025-06-18 11:07:02.159362,140.61,1707894.0,2636185.0
2025-06-18 11:07:02.285839,140.61,1707894.0,2636185.0
2025-06-18 11:07:03.152422,140.61,1707804.0,2635585.0
2025-06-18 11:07:03.156882,140.56,1707804.0,2635585.0
2025-06-18 11:07:05.078070,140.61,1707801.0,2635362.0
2025-06-18 11:07:05.079377,140.61,1707801.0,2635362.0
2025-06-18 11:07:05.251805,140.61,1708904.0,2634891.0
2025-06-18 11:07:06.160666,140.61,1708904.0,2634891.0
2025-06-18 11:07:06.251982,140.61,1706488.0,2637619.0
2025-06-18 11:07:07.158074,140.55,1706488.0,2637619.0
2025-06-18 11:07:07.253275,140.56,1694020.0,2645541.0
2025-06-18 11:07:10.482668,140.56,1694020.0,2645541.0
2025-06-18 11:07:10.489174,140.58,1703304.0,2641550.0
2025-06-18 11:07:10.529911,140.58,1703304.0,2641550.0
2025-06-18 11:07:10.534662,140.58,1703175.0,2644736.0
2025-06-18 11:07:10.573909,140.55,1703175.0,2644736.0
2025-06-18 11:07:10.580026,140.55,1702631.0,2646891.0
2025-06-18 11:07:11.163204,140.55,1702631.0,2646891.0
2025-06-18 11:07:11.259305,140.55,1702481.0,2651252.0
2025-06-18 11:07:12.165982,140.5,1702481.0,2651252.0
2025-06-18 11:07:12.257520,140.5,1696075.0,2656221.0
2025-06-18 11:07:13.160479,140.47,1696075.0,2656221.0
2025-06-18 11:07:13.258507,140.47,1697531.0,2656133.0
2025-06-18 11:07:14.258824,140.47,1698827.0,2654625.0
2025-06-18 11:07:15.161209,140.47,1698827.0,2654625.0
2025-06-18 11:07:15.261914,140.47,1700167.0,2649005.0
2025-06-18 11:07:16.259736,140.47,1697738.0,2649337.0
2025-06-18 11:07:17.161869,140.47,1697738.0,2649337.0
2025-06-18 11:07:17.365637,140.47,1694352.0,2650320.0
2025-06-18 11:07:18.163902,140.54,1694352.0,2650320.0
2025-06-18 11:07:18.458307,140.54,1699088.0,2649272.0
2025-06-18 11:07:19.360676,140.47,1696093.0,2651405.0
2025-06-18 11:07:20.159849,140.47,1696093.0,2651405.0
2025-06-18 11:07:20.359724,140.47,1696095.0,2651395.0
2025-06-18 11:07:21.165353,140.47,1696095.0,2651395.0
2025-06-18 11:07:21.359379,140.47,1696063.0,2650448.0
2025-06-18 11:07:22.198695,140.47,1696063.0,2650448.0
2025-06-18 11:07:22.459237,140.47,1695326.0,2665235.0
2025-06-18 11:07:23.460916,140.47,1695040.0,2666935.0
2025-06-18 11:07:24.161507,140.53,1695040.0,2666935.0
2025-06-18 11:07:24.460904,140.53,1701904.0,2666333.0
2025-06-18 11:07:25.560997,140.53,1698654.0,2670470.0
2025-06-18 11:07:26.218503,140.5,1698654.0,2670470.0
2025-06-18 11:07:26.661819,140.5,1699423.0,2665014.0
2025-06-18 11:07:27.169520,140.46,1699423.0,2665014.0
2025-06-18 11:07:27.763358,140.5,1699426.0,2670545.0
2025-06-18 11:07:28.165154,140.46,1699426.0,2670545.0
2025-06-18 11:07:28.761640,140.5,1699576.0,2670951.0
2025-06-18 11:07:29.170121,140.5,1699576.0,2670951.0
2025-06-18 11:07:29.775790,140.5,1699413.0,2671594.0
2025-06-18 11:07:30.192243,140.5,1699413.0,2671594.0
2025-06-18 11:07:30.863221,140.5,1699575.0,2671654.0
2025-06-18 11:07:31.862050,140.5,1698167.0,2672141.0
2025-06-18 11:07:32.176758,140.46,1698167.0,2672141.0
2025-06-18 11:07:32.862453,140.46,1695570.0,2673067.0
2025-06-18 11:07:33.764175,140.47,1697707.0,2672396.0
2025-06-18 11:07:34.165033,140.47,1697707.0,2672396.0
2025-06-18 11:07:34.764165,140.47,1698927.0,2671960.0
2025-06-18 11:07:35.162803,140.47,1698927.0,2671960.0
2025-06-18 11:07:35.765570,140.47,1698615.0,2672287.0
2025-06-18 11:07:36.766757,140.47,1697898.0,2672141.0
2025-06-18 11:07:37.164186,140.46,1697898.0,2672141.0
2025-06-18 11:07:37.767719,140.46,1697274.0,2672341.0
2025-06-18 11:07:38.164706,140.46,1697274.0,2672341.0
2025-06-18 11:07:38.768401,140.45,1633019.0,2688351.0
2025-06-18 11:07:39.204970,140.46,1633019.0,2688351.0
2025-06-18 11:07:39.769343,140.46,1682958.0,2682829.0
2025-06-18 11:07:40.199149,140.47,1682958.0,2682829.0
2025-06-18 11:07:40.870191,140.47,1686348.0,2675313.0
2025-06-18 11:07:41.167516,140.49,1686348.0,2675313.0
2025-06-18 11:07:41.976459,140.44,1686382.0,2678338.0
2025-06-18 11:07:42.168755,140.44,1686382.0,2678338.0
2025-06-18 11:07:42.972531,140.42,1685875.0,2680352.0
2025-06-18 11:07:43.168461,140.42,1685875.0,2680352.0
2025-06-18 11:07:44.789036,140.47,1692135.0,2672313.0
2025-06-18 11:07:44.791848,140.47,1692135.0,2672313.0
2025-06-18 11:07:45.183985,140.47,1692599.0,2679343.0
2025-06-18 11:07:46.170727,140.47,1692599.0,2679343.0
2025-06-18 11:07:46.272397,140.47,1690064.0,2682263.0
2025-06-18 11:07:47.173326,140.42,1690064.0,2682263.0
2025-06-18 11:07:47.273848,140.42,1679940.0,2692170.0
2025-06-18 11:07:48.166864,140.44,1679940.0,2692170.0
2025-06-18 11:07:48.274294,140.44,1683150.0,2685456.0
2025-06-18 11:07:49.274113,140.44,1683977.0,2684825.0
2025-06-18 11:07:50.376963,140.44,1683878.0,2684774.0
2025-06-18 11:07:51.373967,140.44,1686558.0,2684578.0
2025-06-18 11:07:52.172474,140.41,1686558.0,2684578.0
2025-06-18 11:07:52.480084,140.41,1686568.0,2684666.0
2025-06-18 11:07:53.166692,140.47,1686568.0,2684666.0
2025-06-18 11:07:53.477643,140.41,1688445.0,2684106.0
2025-06-18 11:07:54.164555,140.41,1688445.0,2684106.0
2025-06-18 11:07:55.123801,140.41,1688996.0,2684691.0
2025-06-18 11:07:55.573875,140.41,1688977.0,2684516.0
2025-06-18 11:07:56.573250,140.41,1688573.0,2684856.0
2025-06-18 11:07:57.166327,140.41,1688573.0,2684856.0
2025-06-18 11:07:57.574254,140.41,1689088.0,2684799.0
2025-06-18 11:07:58.686096,140.47,1690005.0,2684079.0
2025-06-18 11:07:59.168671,140.47,1690005.0,2684079.0
2025-06-18 11:07:59.576844,140.47,1689955.0,2684716.0
2025-06-18 11:08:00.435039,140.48,1689955.0,2684716.0
2025-06-18 11:08:00.575327,140.48,1689579.0,2684396.0
2025-06-18 11:08:02.195087,140.44,1689579.0,2684396.0
2025-06-18 11:08:02.276965,140.44,1689165.0,2684879.0
2025-06-18 11:08:03.279587,140.44,1689132.0,2685799.0
2025-06-18 11:08:04.284259,140.44,1687064.0,2689917.0
2025-06-18 11:08:05.184723,140.47,1687064.0,2689917.0
2025-06-18 11:08:05.489791,140.44,1687183.0,2687533.0
2025-06-18 11:08:06.173565,140.44,1687183.0,2687533.0
2025-06-18 11:08:06.713072,140.44,1687837.0,2686038.0
2025-06-18 11:08:07.179696,140.44,1687837.0,2686038.0
2025-06-18 11:08:07.605505,140.44,1687659.0,2684715.0
2025-06-18 11:08:08.180211,140.44,1687659.0,2684715.0
2025-06-18 11:08:08.685811,140.44,1687936.0,2685611.0
2025-06-18 11:08:09.791539,140.44,1689506.0,2680793.0
2025-06-18 11:08:10.786591,140.44,1689952.0,2680763.0
2025-06-18 11:08:12.248964,140.44,1687474.0,2680462.0
2025-06-18 11:08:12.253831,140.44,1687474.0,2680462.0
2025-06-18 11:08:12.787368,140.44,1688183.0,2680596.0
2025-06-18 11:08:13.176565,140.47,1688183.0,2680596.0
2025-06-18 11:08:13.789854,140.47,1690137.0,2680731.0
2025-06-18 11:08:14.185764,140.47,1690137.0,2680731.0
2025-06-18 11:08:15.171289,140.47,1691332.0,2680618.0
2025-06-18 11:08:15.693013,140.47,1691130.0,2680618.0
2025-06-18 11:08:16.791767,140.47,1691047.0,2681284.0
2025-06-18 11:08:20.440905,140.47,1691047.0,2681284.0
2025-06-18 11:08:20.489368,140.47,1689148.0,2681254.0
2025-06-18 11:08:20.526615,140.47,1698258.0,2680603.0
2025-06-18 11:08:20.535369,140.47,1688169.0,2682750.0
2025-06-18 11:08:21.093817,140.47,1687690.0,2683802.0
2025-06-18 11:08:21.177784,140.47,1687690.0,2683802.0
2025-06-18 11:08:22.170326,140.44,1687690.0,2683802.0
2025-06-18 11:08:22.196916,140.44,1690776.0,2681263.0
2025-06-18 11:08:23.176443,140.47,1690776.0,2681263.0
2025-06-18 11:08:23.295758,140.47,1691660.0,2681128.0
2025-06-18 11:08:24.400659,140.47,1691201.0,2681503.0
2025-06-18 11:08:25.505132,140.47,1691201.0,2681441.0
2025-06-18 11:08:26.506439,140.47,1691201.0,2681731.0
2025-06-18 11:08:27.169853,140.44,1691201.0,2681731.0
2025-06-18 11:08:27.512540,140.44,1691212.0,2681028.0
2025-06-18 11:08:28.514854,140.44,1690738.0,2680960.0
2025-06-18 11:08:29.169492,140.47,1690738.0,2680960.0
2025-06-18 11:08:29.511525,140.47,1690859.0,2680860.0
2025-06-18 11:08:30.512555,140.47,1691200.0,2681510.0
2025-06-18 11:08:31.402606,140.47,1691351.0,2681314.0
2025-06-18 11:08:32.169932,140.44,1691351.0,2681314.0
2025-06-18 11:08:32.407377,140.44,1691867.0,2681505.0
2025-06-18 11:08:33.177566,140.44,1691867.0,2681505.0
2025-06-18 11:08:33.514476,140.44,1691373.0,2680934.0
2025-06-18 11:08:34.171424,140.44,1691373.0,2680934.0
2025-06-18 11:08:34.606752,140.44,1691373.0,2680751.0
2025-06-18 11:08:35.166270,140.44,1691373.0,2680751.0
2025-06-18 11:08:35.707203,140.44,1691353.0,2680900.0
2025-06-18 11:08:36.708337,140.44,1692079.0,2681481.0
2025-06-18 11:08:37.174560,140.44,1692079.0,2681481.0
2025-06-18 11:08:37.708342,140.44,1691839.0,2681263.0
2025-06-18 11:08:38.707811,140.44,1691839.0,2681419.0
2025-06-18 11:08:39.708470,140.44,1691699.0,2682210.0
2025-06-18 11:08:40.806636,140.44,1692243.0,2682040.0
2025-06-18 11:08:41.908379,140.44,1692414.0,2682034.0
2025-06-18 11:08:42.181884,140.44,1692414.0,2682034.0
2025-06-18 11:08:42.909680,140.44,1691522.0,2681490.0
2025-06-18 11:08:44.019456,140.47,1691532.0,2682190.0
2025-06-18 11:08:44.181808,140.47,1691532.0,2682190.0
2025-06-18 11:08:45.021620,140.47,1692021.0,2682112.0
2025-06-18 11:08:45.176813,140.47,1692021.0,2682112.0
2025-06-18 11:08:46.108843,140.47,1692252.0,2682112.0
2025-06-18 11:08:47.173442,140.44,1692252.0,2682112.0
2025-06-18 11:08:47.210048,140.44,1692306.0,2681961.0
2025-06-18 11:08:48.171237,140.47,1692306.0,2681961.0
2025-06-18 11:08:48.210149,140.47,1692931.0,2680650.0
2025-06-18 11:08:49.209941,140.44,1692069.0,2680959.0
2025-06-18 11:08:50.170963,140.44,1692069.0,2680959.0
2025-06-18 11:08:50.210212,140.44,1691851.0,2681144.0
2025-06-18 11:08:51.212534,140.47,1691851.0,2681144.0
2025-06-18 11:08:51.310841,140.47,1693729.0,2681008.0
2025-06-18 11:08:52.174511,140.44,1693729.0,2681008.0
2025-06-18 11:08:52.411020,140.44,1691800.0,2681455.0
2025-06-18 11:08:53.413094,140.44,1692000.0,2681759.0
2025-06-18 11:08:54.413662,140.44,1691805.0,2681759.0
2025-06-18 11:08:55.413230,140.44,1684411.0,2682488.0
2025-06-18 11:08:56.175477,140.41,1684411.0,2682488.0
2025-06-18 11:08:56.415280,140.41,1684843.0,2682275.0
2025-06-18 11:08:57.171641,140.41,1684843.0,2682275.0
2025-06-18 11:08:57.314869,140.41,1684980.0,2682731.0
2025-06-18 11:08:58.415408,140.46,1684707.0,2683837.0
2025-06-18 11:08:59.177229,140.46,1684707.0,2683837.0
2025-06-18 11:08:59.522097,140.46,1684500.0,2685382.0
2025-06-18 11:09:00.613956,140.46,1684500.0,2685369.0
2025-06-18 11:09:02.211578,140.41,1684500.0,2685369.0
2025-06-18 11:09:03.917933,140.41,1679676.0,2689369.0
2025-06-18 11:09:04.179474,140.41,1679676.0,2689369.0
2025-06-18 11:09:06.175191,140.46,1679676.0,2689369.0
2025-06-18 11:09:08.176465,140.41,1679676.0,2689369.0
2025-06-18 11:09:08.919405,140.41,1679832.0,2689370.0
2025-06-18 11:09:10.180793,140.41,1679832.0,2689370.0
2025-06-18 11:09:12.171669,140.41,1679832.0,2689370.0
2025-06-18 11:09:14.347667,140.41,1679832.0,2689370.0
2025-06-18 11:09:14.624769,140.41,1676612.0,2672592.0
2025-06-18 11:09:16.171727,140.47,1676612.0,2672592.0
2025-06-18 11:09:18.872395,140.41,1676612.0,2672592.0
2025-06-18 11:09:20.198284,140.47,1676612.0,2672592.0
2025-06-18 11:09:20.325069,140.47,1673875.0,2674560.0
2025-06-18 11:09:22.168536,140.41,1673875.0,2674560.0
2025-06-18 11:09:24.175402,140.47,1673875.0,2674560.0
2025-06-18 11:09:25.628240,140.47,1674465.0,2673020.0
2025-06-18 11:09:26.181622,140.47,1674465.0,2673020.0
2025-06-18 11:09:28.183974,140.41,1674465.0,2673020.0
2025-06-18 11:09:30.181981,140.41,1674465.0,2673020.0
2025-06-18 11:09:30.931519,140.41,1676496.0,2674059.0
2025-06-18 11:09:32.182330,140.41,1676496.0,2674059.0
2025-06-18 11:09:34.177498,140.41,1676496.0,2674059.0
2025-06-18 11:09:36.175594,140.47,1676496.0,2674059.0
2025-06-18 11:09:36.238107,140.47,1680292.0,2673928.0
2025-06-18 11:09:38.206936,140.47,1680292.0,2673928.0
2025-06-18 11:09:41.538836,140.41,1656614.0,2673924.0
2025-06-18 11:09:42.182237,140.41,1656614.0,2673924.0
2025-06-18 11:09:44.192496,140.47,1656614.0,2673924.0
2025-06-18 11:09:46.839521,140.47,1657394.0,2673550.0
2025-06-18 11:09:47.136731,140.47,1657394.0,2673550.0
2025-06-18 11:09:48.176687,140.41,1657394.0,2673550.0
2025-06-18 11:09:48.250001,140.41,1657394.0,2673550.0
2025-06-18 11:09:49.100161,140.41,1657394.0,2673550.0
2025-06-18 11:09:50.024165,140.41,1657394.0,2673550.0
2025-06-18 11:09:50.172991,140.47,1657394.0,2673550.0
2025-06-18 11:09:50.861804,140.47,1657394.0,2673550.0
2025-06-18 11:09:51.636197,140.47,1657394.0,2673550.0
2025-06-18 11:09:52.152396,140.41,1681447.0,2675549.0
2025-06-18 11:09:52.177164,140.41,1681447.0,2675549.0
2025-06-18 11:09:52.625357,140.41,1681447.0,2675549.0
2025-06-18 11:09:53.232387,140.41,1681447.0,2675549.0
2025-06-18 11:09:54.089612,140.41,1681447.0,2675549.0
2025-06-18 11:09:54.204837,140.41,1681447.0,2675549.0
2025-06-18 11:09:54.461562,140.41,1681447.0,2675549.0
2025-06-18 11:09:55.335404,140.41,1681447.0,2675549.0
2025-06-18 11:09:56.175738,140.47,1681447.0,2675549.0
2025-06-18 11:09:56.586265,140.47,1681447.0,2675549.0
2025-06-18 11:09:57.553078,140.47,1683452.0,2671187.0
2025-06-18 11:09:57.562082,140.47,1683452.0,2671187.0
2025-06-18 11:09:58.180455,140.47,1683452.0,2671187.0
2025-06-18 11:09:58.966244,140.47,1683452.0,2671187.0
2025-06-18 11:10:00.118829,140.47,1683452.0,2671187.0
2025-06-18 11:10:00.175256,140.42,1683452.0,2671187.0
2025-06-18 11:10:01.246870,140.42,1683452.0,2671187.0
2025-06-18 11:10:01.551493,140.42,1683816.0,2674590.0
2025-06-18 11:10:02.171814,140.42,1683816.0,2674590.0
2025-06-18 11:10:02.652765,140.42,1684767.0,2673316.0
2025-06-18 11:10:02.715700,140.42,1684767.0,2673316.0
2025-06-18 11:10:03.661147,140.47,1687017.0,2669421.0
2025-06-18 11:10:04.170483,140.47,1687017.0,2669421.0
2025-06-18 11:10:04.749433,140.47,1688554.0,2667879.0
2025-06-18 11:10:05.850251,140.48,1702076.0,2651291.0
2025-06-18 11:10:06.174454,140.48,1702076.0,2651291.0
2025-06-18 11:10:06.960612,140.45,1699024.0,2652252.0
2025-06-18 11:10:07.177178,140.45,1699024.0,2652252.0
2025-06-18 11:10:09.451720,140.45,1699445.0,2653182.0
2025-06-18 11:10:09.510140,140.45,1699679.0,2652425.0
2025-06-18 11:10:10.052652,140.45,1699212.0,2652746.0
2025-06-18 11:10:11.051679,140.56,1729265.0,2617582.0
2025-06-18 11:10:11.187208,140.56,1729265.0,2617582.0
2025-06-18 11:10:12.062027,140.56,1727900.0,2621794.0
2025-06-18 11:10:12.173722,140.56,1727900.0,2621794.0
2025-06-18 11:10:13.055353,140.56,1728458.0,2623690.0
2025-06-18 11:10:13.178431,140.56,1728458.0,2623690.0
2025-06-18 11:10:14.057265,140.56,1729099.0,2624957.0
2025-06-18 11:10:15.159405,140.56,1729628.0,2625240.0
2025-06-18 11:10:16.268910,140.56,1729943.0,2625567.0
2025-06-18 11:10:17.183650,140.59,1729943.0,2625567.0
2025-06-18 11:10:17.253280,140.59,1729745.0,2624596.0
2025-06-18 11:10:18.171604,140.62,1729745.0,2624596.0
2025-06-18 11:10:18.353695,140.62,1729643.0,2626942.0
2025-06-18 11:10:19.454935,140.56,1724965.0,2624738.0
2025-06-18 11:10:20.173015,140.56,1724965.0,2624738.0
2025-06-18 11:10:20.454904,140.62,1725648.0,2626024.0
2025-06-18 11:10:21.187595,140.62,1725648.0,2626024.0
2025-06-18 11:10:21.455633,140.62,1725543.0,2626259.0
2025-06-18 11:10:22.177068,140.56,1725543.0,2626259.0
2025-06-18 11:10:22.357488,140.56,1725448.0,2625948.0
2025-06-18 11:10:23.356668,140.56,1726670.0,2624764.0
2025-06-18 11:10:24.182854,140.56,1726670.0,2624764.0
2025-06-18 11:10:24.355210,140.56,1726616.0,2623474.0
2025-06-18 11:10:25.178552,140.59,1726616.0,2623474.0
2025-06-18 11:10:25.355776,140.59,1730068.0,2621791.0
2025-06-18 11:10:26.359597,140.59,1729236.0,2621667.0
2025-06-18 11:10:27.182889,140.59,1729236.0,2621667.0
2025-06-18 11:10:27.255990,140.59,1727153.0,2623785.0
2025-06-18 11:10:28.257981,140.59,1727306.0,2623633.0
2025-06-18 11:10:29.176037,140.59,1727306.0,2623633.0
2025-06-18 11:10:29.258225,140.59,1727351.0,2623996.0
2025-06-18 11:10:30.260003,140.59,1730394.0,2621804.0
2025-06-18 11:10:31.263369,140.59,1729671.0,2627862.0
2025-06-18 11:10:32.176267,140.62,1729671.0,2627862.0
2025-06-18 11:10:32.261433,140.62,1730737.0,2628050.0
2025-06-18 11:10:33.265868,140.62,1731575.0,2628385.0
2025-06-18 11:10:34.179820,140.61,1731575.0,2628385.0
2025-06-18 11:10:34.266346,140.61,1729457.0,2631560.0
2025-06-18 11:10:35.265784,140.61,1730048.0,2629652.0
2025-06-18 11:10:36.171649,140.62,1730048.0,2629652.0
2025-06-18 11:10:36.265547,140.62,1730692.0,2628470.0
2025-06-18 11:10:37.173939,140.61,1730692.0,2628470.0
2025-06-18 11:10:37.265345,140.61,1731183.0,2620229.0
2025-06-18 11:10:38.174712,140.59,1731183.0,2620229.0
2025-06-18 11:10:38.178586,140.59,1732014.0,2628653.0
2025-06-18 11:10:39.870318,140.59,1731941.0,2630058.0
2025-06-18 11:10:40.873088,140.59,1732146.0,2630136.0
2025-06-18 11:10:41.870358,140.59,1731882.0,2630664.0
2025-06-18 11:10:42.178784,140.59,1731882.0,2630664.0
2025-06-18 11:10:42.871881,140.62,1733379.0,2619449.0
2025-06-18 11:10:43.174902,140.62,1733379.0,2619449.0
2025-06-18 11:10:43.871693,140.59,1733821.0,2619346.0
2025-06-18 11:10:44.173326,140.59,1733821.0,2619346.0
2025-06-18 11:10:44.872268,140.59,1730895.0,2614832.0
2025-06-18 11:10:45.172656,140.59,1730895.0,2614832.0
2025-06-18 11:10:45.970861,140.59,1750866.0,2614051.0
2025-06-18 11:10:47.070434,140.59,1749102.0,2616516.0
2025-06-18 11:10:47.173300,140.59,1749102.0,2616516.0
2025-06-18 11:10:48.206589,140.65,1749102.0,2616516.0
2025-06-18 11:10:48.212959,140.65,1748859.0,2615226.0
2025-06-18 11:10:49.174313,140.59,1748859.0,2615226.0
2025-06-18 11:10:49.180337,140.59,1748268.0,2611008.0
2025-06-18 11:10:50.272706,140.59,1749156.0,2618140.0
2025-06-18 11:10:51.374948,140.59,1747786.0,2613800.0
2025-06-18 11:10:52.179391,140.59,1747786.0,2613800.0
2025-06-18 11:10:52.377129,140.59,1747606.0,2614932.0
2025-06-18 11:10:53.475639,140.59,1748690.0,2608978.0
2025-06-18 11:10:54.478589,140.59,1748497.0,2613922.0
2025-06-18 11:10:55.176800,140.64,1748497.0,2613922.0
2025-06-18 11:10:55.479254,140.64,1749600.0,2613359.0
2025-06-18 11:10:56.172372,140.64,1749600.0,2613359.0
2025-06-18 11:10:56.550657,140.64,1750517.0,2613609.0
2025-06-18 11:10:57.170744,140.61,1750517.0,2613609.0
2025-06-18 11:10:57.483032,140.61,1751137.0,2614621.0
2025-06-18 11:10:58.175964,140.59,1751137.0,2614621.0
2025-06-18 11:10:58.484335,140.59,1739082.0,2633995.0
2025-06-18 11:10:59.385349,140.59,1739810.0,2637713.0
2025-06-18 11:11:00.172651,140.59,1739810.0,2637713.0
2025-06-18 11:11:00.388396,140.59,1740210.0,2628031.0
2025-06-18 11:11:02.204629,140.56,1740210.0,2628031.0
2025-06-18 11:11:04.176848,140.6,1740210.0,2628031.0
2025-06-18 11:11:06.181921,140.6,1740210.0,2628031.0
2025-06-18 11:11:06.391454,140.6,1741570.0,2630033.0
2025-06-18 11:11:08.188029,140.6,1741570.0,2630033.0
2025-06-18 11:11:10.178933,140.6,1741570.0,2630033.0
2025-06-18 11:11:11.804318,140.55,1721542.0,2647784.0
2025-06-18 11:11:12.183018,140.52,1721542.0,2647784.0
2025-06-18 11:11:14.197411,140.52,1721542.0,2647784.0
2025-06-18 11:11:17.207302,140.48,1722642.0,2641884.0
2025-06-18 11:11:18.193652,140.48,1722642.0,2641884.0
2025-06-18 11:11:20.184477,140.48,1722642.0,2641884.0
2025-06-18 11:11:22.300568,140.45,1721338.0,2652338.0
2025-06-18 11:11:24.181211,140.48,1721338.0,2652338.0
2025-06-18 11:11:26.186738,140.45,1721338.0,2652338.0
2025-06-18 11:11:27.407851,140.45,1718662.0,2643175.0
2025-06-18 11:11:28.200407,140.46,1718662.0,2643175.0
2025-06-18 11:11:30.180043,140.52,1718662.0,2643175.0
2025-06-18 11:11:32.188987,140.46,1718662.0,2643175.0
2025-06-18 11:11:32.604384,140.52,1721327.0,2642453.0
2025-06-18 11:11:34.181599,140.54,1721327.0,2642453.0
2025-06-18 11:11:36.182875,140.49,1721327.0,2642453.0
2025-06-18 11:11:37.519738,140.49,1727522.0,2638658.0
2025-06-18 11:11:38.188419,140.49,1727522.0,2638658.0
2025-06-18 11:11:40.179684,140.48,1727522.0,2638658.0
2025-06-18 11:11:42.190860,140.48,1727522.0,2638658.0
2025-06-18 11:11:42.610612,140.48,1728111.0,2640958.0
2025-06-18 11:11:44.204554,140.56,1728111.0,2640958.0
2025-06-18 11:11:46.180033,140.55,1728111.0,2640958.0
2025-06-18 11:11:47.712952,140.49,1724167.0,2643394.0
2025-06-18 11:11:48.205054,140.49,1724167.0,2643394.0
2025-06-18 11:11:50.196792,140.56,1724167.0,2643394.0
2025-06-18 11:11:52.221018,140.5,1724167.0,2643394.0
2025-06-18 11:11:52.718548,140.57,1731769.0,2636298.0
2025-06-18 11:11:54.203966,140.49,1731769.0,2636298.0
2025-06-18 11:11:56.196176,140.58,1731769.0,2636298.0
2025-06-18 11:11:57.827506,140.5,1729954.0,2640012.0
2025-06-18 11:11:58.422846,140.5,1729954.0,2640012.0
2025-06-18 11:12:02.331542,140.51,1729954.0,2640012.0
2025-06-18 11:12:02.338267,140.51,1730086.0,2640145.0
2025-06-18 11:12:03.326962,140.51,1730253.0,2638075.0
2025-06-18 11:12:04.425287,140.51,1730098.0,2638319.0
2025-06-18 11:12:05.425990,140.51,1729681.0,2639606.0
2025-06-18 11:12:06.537166,140.51,1730800.0,2638456.0
2025-06-18 11:12:07.177917,140.51,1730800.0,2638456.0
2025-06-18 11:12:07.625762,140.51,1730321.0,2639266.0
2025-06-18 11:12:08.627917,140.51,1730225.0,2639068.0
2025-06-18 11:12:10.166838,140.51,1730477.0,2639068.0
2025-06-18 11:12:10.544809,140.51,1731132.0,2639344.0
2025-06-18 11:12:11.175845,140.57,1731132.0,2639344.0
2025-06-18 11:12:11.633187,140.57,1731646.0,2636163.0
2025-06-18 11:12:12.184714,140.51,1731646.0,2636163.0
2025-06-18 11:12:12.732100,140.51,1731921.0,2636068.0
2025-06-18 11:12:13.732608,140.51,1730533.0,2636848.0
2025-06-18 11:12:14.735056,140.51,1731019.0,2636297.0
2025-06-18 11:12:15.177239,140.51,1731019.0,2636297.0
2025-06-18 11:12:15.734806,140.51,1728305.0,2647168.0
2025-06-18 11:12:16.736458,140.57,1730144.0,2635422.0
2025-06-18 11:12:17.178467,140.53,1730144.0,2635422.0
2025-06-18 11:12:17.844299,140.57,1730103.0,2636202.0
2025-06-18 11:12:18.210652,140.53,1730103.0,2636202.0
2025-06-18 11:12:18.937437,140.53,1732561.0,2635450.0
2025-06-18 11:12:20.038696,140.53,1732892.0,2636435.0
2025-06-18 11:12:21.040617,140.57,1733388.0,2636219.0
2025-06-18 11:12:21.177722,140.57,1733388.0,2636219.0
2025-06-18 11:12:22.144551,140.53,1734084.0,2636212.0
2025-06-18 11:12:22.177793,140.53,1734084.0,2636212.0
2025-06-18 11:12:23.251879,140.53,1734010.0,2633462.0
2025-06-18 11:12:24.179456,140.57,1734010.0,2633462.0
2025-06-18 11:12:24.341066,140.57,1734417.0,2636162.0
2025-06-18 11:12:25.175739,140.54,1734417.0,2636162.0
2025-06-18 11:12:25.444246,140.51,1731797.0,2636502.0
2025-06-18 11:12:26.179434,140.51,1731797.0,2636502.0
2025-06-18 11:12:26.445360,140.51,1729584.0,2636312.0
2025-06-18 11:12:27.179982,140.51,1729584.0,2636312.0
2025-06-18 11:12:27.554372,140.51,1729329.0,2637878.0
2025-06-18 11:12:28.179051,140.56,1729329.0,2637878.0
2025-06-18 11:12:28.653258,140.56,1727724.0,2642807.0
2025-06-18 11:12:29.748364,140.47,1731613.0,2641237.0
2025-06-18 11:12:30.185605,140.47,1731613.0,2641237.0
2025-06-18 11:12:30.849593,140.47,1729269.0,2647634.0
2025-06-18 11:12:31.850760,140.51,1727589.0,2649433.0
2025-06-18 11:12:32.205643,140.51,1727589.0,2649433.0
2025-06-18 11:12:32.950876,140.51,1728027.0,2650597.0
2025-06-18 11:12:33.179547,140.51,1728027.0,2650597.0
2025-06-18 11:12:34.050632,140.51,1729564.0,2643661.0
2025-06-18 11:12:35.154593,140.51,1731508.0,2641871.0
2025-06-18 11:12:36.200340,140.51,1731508.0,2641871.0
2025-06-18 11:12:36.254139,140.51,1732342.0,2642545.0
2025-06-18 11:12:37.158438,140.51,1720673.0,2652167.0
2025-06-18 11:12:37.179232,140.51,1720673.0,2652167.0
2025-06-18 11:12:38.254561,140.51,1721349.0,2650462.0
2025-06-18 11:12:39.179234,140.47,1721349.0,2650462.0
2025-06-18 11:12:39.355007,140.47,1713818.0,2646385.0
2025-06-18 11:12:40.353697,140.51,1711544.0,2646583.0
2025-06-18 11:12:41.218836,140.53,1711544.0,2646583.0
2025-06-18 11:12:41.456366,140.48,1718690.0,2640564.0
2025-06-18 11:12:42.178718,140.48,1718690.0,2640564.0
2025-06-18 11:12:42.458117,140.48,1713583.0,2642717.0
2025-06-18 11:12:43.560656,140.48,1714292.0,2642338.0
2025-06-18 11:12:44.660499,140.51,1716631.0,2644403.0
2025-06-18 11:12:45.179304,140.51,1716631.0,2644403.0
2025-06-18 11:12:45.664758,140.51,1718016.0,2643152.0
2025-06-18 11:12:46.858896,140.51,1719275.0,2647269.0
2025-06-18 11:12:47.179525,140.47,1719275.0,2647269.0
2025-06-18 11:12:47.560910,140.47,1719275.0,2647269.0
2025-06-18 11:12:47.861308,140.47,1711468.0,2649156.0
2025-06-18 11:12:48.178521,140.47,1711468.0,2649156.0
2025-06-18 11:12:48.626098,140.47,1711468.0,2649156.0
2025-06-18 11:12:48.861369,140.47,1713502.0,2647778.0
2025-06-18 11:12:49.531974,140.47,1713502.0,2647778.0
2025-06-18 11:12:49.963189,140.47,1719989.0,2640115.0
2025-06-18 11:12:50.183929,140.47,1719989.0,2640115.0
2025-06-18 11:12:50.446912,140.47,1719989.0,2640115.0
2025-06-18 11:12:51.062852,140.47,1719521.0,2641958.0
2025-06-18 11:12:51.303748,140.47,1719521.0,2641958.0
2025-06-18 11:12:52.062309,140.47,1719146.0,2641850.0
2025-06-18 11:12:52.069226,140.47,1719146.0,2641850.0
2025-06-18 11:12:52.177935,140.47,1719146.0,2641850.0
2025-06-18 11:12:53.071654,140.47,1719146.0,2641850.0
2025-06-18 11:12:53.165616,140.47,1720095.0,2641840.0
2025-06-18 11:12:53.179937,140.47,1720095.0,2641840.0
2025-06-18 11:12:53.632871,140.47,1720095.0,2641840.0
2025-06-18 11:12:54.042269,140.47,1720095.0,2641840.0
2025-06-18 11:12:54.265649,140.47,1720110.0,2642012.0
2025-06-18 11:12:54.532193,140.47,1720110.0,2642012.0
2025-06-18 11:12:55.366876,140.47,1716888.0,2647669.0
2025-06-18 11:12:55.766619,140.47,1716888.0,2647669.0
2025-06-18 11:12:56.468885,140.47,1717768.0,2647576.0
2025-06-18 11:12:57.008892,140.47,1717768.0,2647576.0
2025-06-18 11:12:57.184460,140.47,1717768.0,2647576.0
2025-06-18 11:12:57.468745,140.47,1717648.0,2646815.0
2025-06-18 11:12:57.882474,140.47,1717648.0,2646815.0
2025-06-18 11:12:58.185051,140.47,1717648.0,2646815.0
2025-06-18 11:12:58.569084,140.47,1718800.0,2646262.0
2025-06-18 11:12:59.188111,140.51,1718800.0,2646262.0
2025-06-18 11:12:59.287167,140.51,1718800.0,2646262.0
2025-06-18 11:12:59.669493,140.51,1719769.0,2645959.0
2025-06-18 11:13:00.399717,140.51,1719769.0,2645959.0
2025-06-18 11:13:00.771852,140.47,1718745.0,2646506.0
2025-06-18 11:13:01.572113,140.47,1718745.0,2646506.0
2025-06-18 11:13:02.172989,140.46,1717146.0,2642766.0
2025-06-18 11:13:02.179975,140.46,1717146.0,2642766.0
2025-06-18 11:13:03.033127,140.46,1717146.0,2642766.0
2025-06-18 11:13:03.207516,140.47,1718115.0,2640221.0
2025-06-18 11:13:03.211461,140.47,1718115.0,2640221.0
2025-06-18 11:13:04.272135,140.47,1720229.0,2642050.0
2025-06-18 11:13:05.181652,140.46,1720229.0,2642050.0
2025-06-18 11:13:05.272846,140.46,1715273.0,2655016.0
2025-06-18 11:13:06.181845,140.45,1715273.0,2655016.0
2025-06-18 11:13:06.274659,140.45,1716739.0,2654174.0
2025-06-18 11:13:07.181655,140.45,1716739.0,2654174.0
2025-06-18 11:13:07.375207,140.45,1716527.0,2657885.0
2025-06-18 11:13:08.180555,140.46,1716527.0,2657885.0
2025-06-18 11:13:08.377260,140.46,1716012.0,2658135.0
2025-06-18 11:13:09.376779,140.46,1715805.0,2657901.0
2025-06-18 11:13:10.377515,140.45,1715273.0,2657826.0
2025-06-18 11:13:11.181961,140.45,1715273.0,2657826.0
2025-06-18 11:13:11.378309,140.45,1715992.0,2656909.0
2025-06-18 11:13:12.184715,140.45,1715992.0,2656909.0
2025-06-18 11:13:12.377731,140.45,1715322.0,2658170.0
2025-06-18 11:13:13.379375,140.45,1715562.0,2658610.0
2025-06-18 11:13:14.479590,140.45,1707483.0,2665375.0
2025-06-18 11:13:15.186299,140.46,1707483.0,2665375.0
2025-06-18 11:13:15.580121,140.46,1706821.0,2664317.0
2025-06-18 11:13:16.181059,140.45,1706821.0,2664317.0
2025-06-18 11:13:16.680361,140.45,1706693.0,2664876.0
2025-06-18 11:13:17.185392,140.45,1706693.0,2664876.0
2025-06-18 11:13:17.579338,140.45,1706611.0,2665400.0
2025-06-18 11:13:18.681925,140.45,1709404.0,2664158.0
2025-06-18 11:13:19.184236,140.45,1709404.0,2664158.0
2025-06-18 11:13:19.680902,140.45,1709684.0,2665265.0
2025-06-18 11:13:20.185142,140.44,1709684.0,2665265.0
2025-06-18 11:13:20.683045,140.44,1707350.0,2664298.0
2025-06-18 11:13:21.783248,140.44,1708175.0,2664087.0
2025-06-18 11:13:22.182682,140.44,1708175.0,2664087.0
2025-06-18 11:13:22.682755,140.46,1707295.0,2663964.0
2025-06-18 11:13:23.182288,140.46,1707295.0,2663964.0
2025-06-18 11:13:23.684278,140.46,1707501.0,2663964.0
2025-06-18 11:13:24.683474,140.44,1707512.0,2663680.0
2025-06-18 11:13:25.185023,140.44,1707512.0,2663680.0
2025-06-18 11:13:25.685126,140.44,1707512.0,2660314.0
2025-06-18 11:13:26.685198,140.44,1707687.0,2659893.0
2025-06-18 11:13:27.182954,140.44,1707687.0,2659893.0
2025-06-18 11:13:27.686468,140.44,1707544.0,2660303.0
2025-06-18 11:13:28.686601,140.44,1706878.0,2664235.0
2025-06-18 11:13:29.690777,140.44,1707583.0,2664235.0
2025-06-18 11:13:30.789070,140.44,1707593.0,2664454.0
2025-06-18 11:13:31.888775,140.44,1707654.0,2664148.0
2025-06-18 11:13:32.183109,140.44,1707654.0,2664148.0
2025-06-18 11:13:32.888719,140.42,1707515.0,2663678.0
2025-06-18 11:13:33.189017,140.42,1707515.0,2663678.0
2025-06-18 11:13:33.989503,140.46,1709463.0,2662379.0
2025-06-18 11:13:34.185294,140.46,1709463.0,2662379.0
2025-06-18 11:13:34.994641,140.46,1711108.0,2656281.0
2025-06-18 11:13:36.183891,140.46,1711108.0,2656281.0
2025-06-18 11:13:36.493366,140.46,1719257.0,2649497.0
2025-06-18 11:13:37.184731,140.46,1719257.0,2649497.0
2025-06-18 11:13:37.493567,140.46,1719163.0,2650027.0
2025-06-18 11:13:38.183163,140.46,1719163.0,2650027.0
2025-06-18 11:13:38.593015,140.46,1718638.0,2650319.0
2025-06-18 11:13:39.592571,140.46,1713510.0,2650045.0
2025-06-18 11:13:40.694761,140.46,1710908.0,2649915.0
2025-06-18 11:13:41.795241,140.46,1710918.0,2649916.0
2025-06-18 11:13:42.185388,140.46,1710918.0,2649916.0
2025-06-18 11:13:42.795849,140.46,1711012.0,2650250.0
2025-06-18 11:13:43.697306,140.46,1710832.0,2650471.0
2025-06-18 11:13:44.796913,140.46,1710505.0,2649764.0
2025-06-18 11:13:45.796833,140.46,1711215.0,2643740.0
2025-06-18 11:13:46.184913,140.53,1711215.0,2643740.0
2025-06-18 11:13:46.796819,140.55,1717562.0,2644725.0
2025-06-18 11:13:47.193465,140.53,1717562.0,2644725.0
2025-06-18 11:13:47.697418,140.56,1715564.0,2641136.0
2025-06-18 11:13:48.184237,140.56,1715564.0,2641136.0
2025-06-18 11:13:48.797657,140.56,1730833.0,2632758.0
2025-06-18 11:13:49.895950,140.56,1732070.0,2632973.0
2025-06-18 11:13:51.002456,140.56,1731634.0,2636693.0
2025-06-18 11:13:52.001555,140.53,1734505.0,2636684.0
2025-06-18 11:13:52.186160,140.53,1734505.0,2636684.0
2025-06-18 11:13:53.000508,140.53,1735355.0,2630013.0
2025-06-18 11:13:53.899156,140.53,1736447.0,2630675.0
2025-06-18 11:13:54.900045,140.53,1742792.0,2636120.0
2025-06-18 11:13:56.004406,140.53,1744421.0,2635592.0
2025-06-18 11:13:56.184600,140.53,1744421.0,2635592.0
2025-06-18 11:13:57.002716,140.53,1744921.0,2635895.0
2025-06-18 11:13:57.187097,140.53,1744921.0,2635895.0
2025-06-18 11:13:57.908244,140.57,1739582.0,2636356.0
2025-06-18 11:13:58.186383,140.57,1739582.0,2636356.0
2025-06-18 11:13:58.903319,140.57,1744623.0,2631217.0
2025-06-18 11:14:00.009611,140.53,1738215.0,2631235.0
2025-06-18 11:14:00.185715,140.53,1738215.0,2631235.0
2025-06-18 11:14:02.190571,140.53,1738215.0,2631235.0
2025-06-18 11:14:04.210695,140.53,1738558.0,2631130.0
2025-06-18 11:14:06.190451,140.57,1738558.0,2631130.0
2025-06-18 11:14:08.193841,140.57,1738558.0,2631130.0
2025-06-18 11:14:09.213569,140.57,1754123.0,2625053.0
2025-06-18 11:14:12.190324,140.57,1754123.0,2625053.0
2025-06-18 11:14:14.216231,140.57,1758922.0,2624423.0
2025-06-18 11:14:16.202092,140.6,1758922.0,2624423.0
2025-06-18 11:14:18.195020,140.6,1758922.0,2624423.0
2025-06-18 11:14:19.216782,140.6,1759265.0,2619838.0
2025-06-18 11:14:22.239475,140.6,1759265.0,2619838.0
2025-06-18 11:14:23.923862,140.73,1786181.0,2566338.0
2025-06-18 11:14:24.198453,140.73,1786181.0,2566338.0
2025-06-18 11:14:26.192072,140.69,1786181.0,2566338.0
2025-06-18 11:14:28.192701,140.8,1786181.0,2566338.0
2025-06-18 11:14:29.327670,140.71,1781220.0,2577951.0
2025-06-18 11:14:30.193279,140.78,1781220.0,2577951.0
2025-06-18 11:14:32.204332,140.78,1781220.0,2577951.0
2025-06-18 11:14:34.201169,140.8,1781220.0,2577951.0
2025-06-18 11:14:34.537350,140.8,1788713.0,2576283.0
2025-06-18 11:14:36.196018,140.8,1788713.0,2576283.0
2025-06-18 11:14:38.196400,140.78,1788713.0,2576283.0
2025-06-18 11:14:39.629647,140.78,1789680.0,2575459.0
2025-06-18 11:14:40.192698,140.8,1789680.0,2575459.0
2025-06-18 11:14:42.190795,140.78,1789680.0,2575459.0
2025-06-18 11:14:44.191210,140.78,1789680.0,2575459.0
2025-06-18 11:14:44.735794,140.78,1794147.0,2573270.0
2025-06-18 11:14:46.196460,140.78,1794147.0,2573270.0
2025-06-18 11:14:48.197100,140.73,1794147.0,2573270.0
2025-06-18 11:14:50.193600,140.73,1794147.0,2573270.0
2025-06-18 11:14:50.342889,140.73,1792093.0,2573712.0
2025-06-18 11:14:52.215081,140.73,1792093.0,2573712.0
2025-06-18 11:14:55.846265,140.78,1791249.0,2573010.0
2025-06-18 11:14:56.195512,140.78,1791249.0,2573010.0
2025-06-18 11:14:58.212809,140.73,1791249.0,2573010.0
2025-06-18 11:15:00.193003,140.78,1791249.0,2573010.0
2025-06-18 11:15:01.153969,140.78,1793317.0,2575403.0
2025-06-18 11:15:02.198287,140.73,1793317.0,2575403.0
2025-06-18 11:15:04.196037,140.73,1793317.0,2575403.0
2025-06-18 11:15:06.956913,140.79,1793317.0,2575403.0
2025-06-18 11:15:06.963531,140.79,1793105.0,2566215.0
2025-06-18 11:15:08.194772,140.79,1793105.0,2566215.0
2025-06-18 11:15:11.663033,140.79,1791969.0,2571661.0
2025-06-18 11:15:12.197186,140.73,1791969.0,2571661.0
2025-06-18 11:15:14.207370,140.73,1791969.0,2571661.0
2025-06-18 11:15:16.204889,140.77,1791969.0,2571661.0
2025-06-18 11:15:16.661088,140.77,1782937.0,2584790.0
2025-06-18 11:15:18.199034,140.73,1782937.0,2584790.0
2025-06-18 11:15:21.669884,140.73,1784522.0,2583642.0
2025-06-18 11:15:22.197365,140.73,1784522.0,2583642.0
2025-06-18 11:15:24.198881,140.77,1784522.0,2583642.0
2025-06-18 11:15:26.199025,140.73,1784522.0,2583642.0
2025-06-18 11:15:26.672059,140.77,1783880.0,2584601.0
2025-06-18 11:15:28.205119,140.73,1783880.0,2584601.0
2025-06-18 11:15:30.198132,140.73,1783880.0,2584601.0
2025-06-18 11:15:32.198740,140.73,1783880.0,2584601.0
2025-06-18 11:15:32.367977,140.73,1774290.0,2581518.0
2025-06-18 11:15:34.214066,140.73,1774290.0,2581518.0
2025-06-18 11:15:36.196849,140.77,1774290.0,2581518.0
2025-06-18 11:15:37.777652,140.73,1775623.0,2580418.0
2025-06-18 11:15:38.212156,140.73,1775623.0,2580418.0
2025-06-18 11:15:40.197384,140.77,1775623.0,2580418.0
2025-06-18 11:15:42.198739,140.73,1775623.0,2580418.0
2025-06-18 11:15:42.980138,140.73,1775215.0,2578236.0
2025-06-18 11:15:44.203377,140.77,1775215.0,2578236.0
2025-06-18 11:15:46.216077,140.79,1775215.0,2578236.0
2025-06-18 11:15:48.067541,140.79,1775215.0,2578236.0
2025-06-18 11:15:48.181339,140.8,1778565.0,2576189.0
2025-06-18 11:15:48.200698,140.8,1778565.0,2576189.0
2025-06-18 11:15:49.093421,140.8,1778565.0,2576189.0
2025-06-18 11:15:50.201655,140.8,1778565.0,2576189.0
2025-06-18 11:15:50.936175,140.8,1778565.0,2576189.0
2025-06-18 11:15:51.778167,140.8,1778565.0,2576189.0
2025-06-18 11:15:52.199318,140.75,1778565.0,2576189.0
2025-06-18 11:15:52.562605,140.75,1778565.0,2576189.0
2025-06-18 11:15:53.565156,140.75,1778565.0,2576189.0
2025-06-18 11:15:53.688008,140.75,1778825.0,2576764.0
2025-06-18 11:15:54.125054,140.75,1778825.0,2576764.0
2025-06-18 11:15:54.199938,140.75,1778825.0,2576764.0
2025-06-18 11:15:54.534654,140.75,1778825.0,2576764.0
2025-06-18 11:15:55.029302,140.75,1778825.0,2576764.0
2025-06-18 11:15:56.202538,140.77,1778825.0,2576764.0
2025-06-18 11:15:56.290661,140.77,1778825.0,2576764.0
2025-06-18 11:15:57.546859,140.77,1778825.0,2576764.0
2025-06-18 11:15:58.244100,140.8,1778825.0,2576764.0
2025-06-18 11:15:58.408319,140.8,1778825.0,2576764.0
2025-06-18 11:15:58.886512,140.8,1783401.0,2577353.0
2025-06-18 11:16:00.106361,140.8,1783401.0,2577353.0
2025-06-18 11:16:00.196593,140.8,1783401.0,2577353.0
2025-06-18 11:16:01.247845,140.8,1783401.0,2577353.0
2025-06-18 11:16:02.202347,140.77,1783401.0,2577353.0
2025-06-18 11:16:02.385597,140.77,1783401.0,2577353.0
2025-06-18 11:16:03.881605,140.77,1783401.0,2577353.0
2025-06-18 11:16:04.199240,140.79,1783401.0,2577353.0
2025-06-18 11:16:04.289200,140.79,1785071.0,2573546.0
2025-06-18 11:16:06.199725,140.8,1785071.0,2573546.0
2025-06-18 11:16:08.728990,140.8,1785071.0,2573546.0
2025-06-18 11:16:09.492951,140.8,1786727.0,2576530.0
2025-06-18 11:16:10.444242,140.8,1786727.0,2576530.0
2025-06-18 11:16:12.204332,140.73,1786727.0,2576530.0
2025-06-18 11:16:14.200189,140.75,1786727.0,2576530.0
2025-06-18 11:16:15.000098,140.75,1780828.0,2583553.0
2025-06-18 11:16:16.212634,140.75,1780828.0,2583553.0
2025-06-18 11:16:18.207038,140.7,1780828.0,2583553.0
2025-06-18 11:16:20.207209,140.75,1780828.0,2583553.0
2025-06-18 11:16:20.295616,140.75,1782516.0,2583481.0
2025-06-18 11:16:22.210882,140.7,1782516.0,2583481.0
2025-06-18 11:16:24.207264,140.75,1782516.0,2583481.0
2025-06-18 11:16:25.301282,140.75,1781781.0,2583977.0
2025-06-18 11:16:28.207098,140.7,1781781.0,2583977.0
2025-06-18 11:16:30.230503,140.75,1781781.0,2583977.0
2025-06-18 11:16:30.232842,140.75,1782743.0,2583905.0
2025-06-18 11:16:32.206118,140.7,1782743.0,2583905.0
2025-06-18 11:16:34.216903,140.75,1782743.0,2583905.0
2025-06-18 11:16:35.412192,140.7,1781501.0,2584050.0
2025-06-18 11:16:36.335082,140.7,1781501.0,2584050.0
2025-06-18 11:16:38.237975,140.7,1781501.0,2584050.0
2025-06-18 11:16:40.329893,140.7,1781501.0,2584050.0
2025-06-18 11:16:40.813927,140.75,1781704.0,2584055.0
2025-06-18 11:16:42.211867,140.7,1781704.0,2584055.0
2025-06-18 11:16:45.918435,140.7,1781152.0,2587276.0
2025-06-18 11:16:48.220066,140.7,1781152.0,2587276.0
2025-06-18 11:16:50.208105,140.7,1781152.0,2587276.0
2025-06-18 11:16:50.927783,140.7,1791511.0,2587676.0
2025-06-18 11:16:52.218265,140.7,1791511.0,2587676.0
2025-06-18 11:16:54.206577,140.75,1791511.0,2587676.0
2025-06-18 11:16:56.022596,140.75,1788841.0,2591005.0
2025-06-18 11:16:56.208656,140.75,1788841.0,2591005.0
2025-06-18 11:16:58.209596,140.74,1788841.0,2591005.0
2025-06-18 11:17:01.330059,140.7,1788475.0,2586559.0
2025-06-18 11:17:02.212432,140.7,1788475.0,2586559.0
2025-06-18 11:17:04.214170,140.7,1788475.0,2586559.0
2025-06-18 11:17:06.212421,140.74,1788475.0,2586559.0
2025-06-18 11:17:06.328163,140.74,1788382.0,2587042.0
2025-06-18 11:17:08.208630,140.7,1788382.0,2587042.0
2025-06-18 11:17:10.214015,140.74,1788382.0,2587042.0
2025-06-18 11:17:11.430196,140.74,1788055.0,2587062.0
2025-06-18 11:17:12.212536,140.7,1788055.0,2587062.0
2025-06-18 11:17:14.211612,140.74,1788055.0,2587062.0
2025-06-18 11:17:16.535324,140.74,1789540.0,2587047.0
2025-06-18 11:17:18.247884,140.74,1789540.0,2587047.0
2025-06-18 11:17:21.738752,140.74,1792076.0,2590438.0
2025-06-18 11:17:22.213183,140.72,1792076.0,2590438.0
2025-06-18 11:17:24.211897,140.72,1792076.0,2590438.0
2025-06-18 11:17:26.211870,140.74,1792076.0,2590438.0
2025-06-18 11:17:26.946052,140.74,1792828.0,2590940.0
2025-06-18 11:17:28.210714,140.74,1792828.0,2590940.0
2025-06-18 11:17:30.212104,140.74,1792828.0,2590940.0
2025-06-18 11:17:32.050199,140.74,1789900.0,2594170.0
2025-06-18 11:17:34.211556,140.72,1789900.0,2594170.0
2025-06-18 11:17:36.212881,140.7,1789900.0,2594170.0
2025-06-18 11:17:36.849984,140.7,1791078.0,2594053.0
2025-06-18 11:17:38.214303,140.74,1791078.0,2594053.0
2025-06-18 11:17:40.214826,140.74,1791078.0,2594053.0
2025-06-18 11:17:42.152536,140.74,1790306.0,2588672.0
2025-06-18 11:17:42.213011,140.74,1790306.0,2588672.0
2025-06-18 11:17:46.217828,140.72,1790306.0,2588672.0
2025-06-18 11:17:46.954960,140.74,1786322.0,2598843.0
2025-06-18 11:17:48.212725,140.74,1786322.0,2598843.0
2025-06-18 11:17:50.216790,140.74,1786322.0,2598843.0
2025-06-18 11:17:51.757418,140.73,1786095.0,2598811.0
2025-06-18 11:17:52.211605,140.74,1786095.0,2598811.0
2025-06-18 11:17:56.210834,140.73,1786095.0,2598811.0
2025-06-18 11:17:56.462879,140.73,1780395.0,2605670.0
2025-06-18 11:17:58.210147,140.7,1780395.0,2605670.0
2025-06-18 11:18:00.962833,140.7,1779723.0,2610356.0
2025-06-18 11:18:02.247209,140.7,1779723.0,2610356.0
2025-06-18 11:18:04.215380,140.69,1779723.0,2610356.0
2025-06-18 11:18:05.768230,140.7,1773860.0,2620694.0
2025-06-18 11:18:06.217003,140.67,1773860.0,2620694.0
2025-06-18 11:18:08.235365,140.67,1773860.0,2620694.0
2025-06-18 11:18:10.491517,140.63,1773860.0,2620694.0
2025-06-18 11:18:10.519755,140.61,1748966.0,2636899.0
2025-06-18 11:18:13.241087,140.51,1748966.0,2636899.0
2025-06-18 11:18:16.182823,140.51,1739944.0,2647243.0
2025-06-18 11:18:17.207655,140.55,1739944.0,2647243.0
2025-06-18 11:18:19.214610,140.51,1739944.0,2647243.0
2025-06-18 11:18:22.082227,140.51,1743727.0,2634064.0
2025-06-18 11:18:23.209367,140.55,1743727.0,2634064.0
2025-06-18 11:18:25.213990,140.5,1743727.0,2634064.0
2025-06-18 11:18:27.210858,140.51,1743727.0,2634064.0
2025-06-18 11:18:27.382223,140.51,1744626.0,2640757.0
2025-06-18 11:18:29.228181,140.55,1744626.0,2640757.0
2025-06-18 11:18:31.212508,140.55,1744626.0,2640757.0
2025-06-18 11:18:32.486389,140.55,1742049.0,2640065.0
2025-06-18 11:18:33.241211,140.55,1742049.0,2640065.0
2025-06-18 11:18:35.216305,140.51,1742049.0,2640065.0
2025-06-18 11:18:37.218465,140.59,1742049.0,2640065.0
2025-06-18 11:18:37.595397,140.59,1748860.0,2635473.0
2025-06-18 11:18:39.213402,140.61,1748860.0,2635473.0
2025-06-18 11:18:41.212495,140.55,1748860.0,2635473.0
2025-06-18 11:18:42.598043,140.55,1745243.0,2637982.0
2025-06-18 11:18:43.216284,140.55,1745243.0,2637982.0
2025-06-18 11:18:45.209358,140.55,1745243.0,2637982.0
2025-06-18 11:18:47.233067,140.55,1745243.0,2637982.0
2025-06-18 11:18:47.288547,140.55,1744587.0,2632922.0
2025-06-18 11:18:48.506336,140.55,1744587.0,2632922.0
2025-06-18 11:18:49.549235,140.55,1744587.0,2632922.0
2025-06-18 11:18:50.458966,140.55,1744587.0,2632922.0
2025-06-18 11:18:51.210886,140.55,1744587.0,2632922.0
2025-06-18 11:18:51.401706,140.55,1744587.0,2632922.0
2025-06-18 11:18:51.892898,140.55,1744057.0,2633835.0
2025-06-18 11:18:52.248729,140.55,1744057.0,2633835.0
2025-06-18 11:18:53.036076,140.55,1744057.0,2633835.0
2025-06-18 11:18:53.213958,140.55,1744057.0,2633835.0
2025-06-18 11:18:54.046284,140.55,1744057.0,2633835.0
2025-06-18 11:18:55.032573,140.55,1744057.0,2633835.0
2025-06-18 11:18:55.211725,140.58,1744057.0,2633835.0
2025-06-18 11:18:55.515941,140.58,1744057.0,2633835.0
2025-06-18 11:18:56.695524,140.55,1745400.0,2635823.0
2025-06-18 11:18:56.779022,140.55,1745400.0,2635823.0
2025-06-18 11:18:57.215288,140.58,1745400.0,2635823.0
2025-06-18 11:18:58.029729,140.58,1745400.0,2635823.0
2025-06-18 11:18:59.214456,140.54,1745400.0,2635823.0
2025-06-18 11:19:00.282610,140.54,1745400.0,2635823.0
2025-06-18 11:19:01.217124,140.54,1745400.0,2635823.0
2025-06-18 11:19:01.296743,140.54,1751991.0,2636346.0
2025-06-18 11:19:01.561877,140.54,1751991.0,2636346.0
2025-06-18 11:19:02.710207,140.54,1751991.0,2636346.0
2025-06-18 11:19:03.216797,140.52,1751991.0,2636346.0
2025-06-18 11:19:04.185140,140.52,1751991.0,2636346.0
2025-06-18 11:19:05.218098,140.58,1751991.0,2636346.0
2025-06-18 11:19:06.899809,140.58,1754379.0,2634718.0
2025-06-18 11:19:07.218703,140.53,1754379.0,2634718.0
2025-06-18 11:19:12.107204,140.53,1752621.0,2638948.0
2025-06-18 11:19:13.223481,140.53,1752621.0,2638948.0
2025-06-18 11:19:15.213451,140.57,1752621.0,2638948.0
2025-06-18 11:19:17.218897,140.58,1761256.0,2633410.0
2025-06-18 11:19:17.220062,140.58,1761256.0,2633410.0
2025-06-18 11:19:19.215835,140.53,1761256.0,2633410.0
2025-06-18 11:19:21.215674,140.58,1761256.0,2633410.0
2025-06-18 11:19:22.411694,140.53,1759314.0,2637471.0
2025-06-18 11:19:23.217932,140.53,1759314.0,2637471.0
2025-06-18 11:19:25.216779,140.53,1759314.0,2637471.0
2025-06-18 11:19:27.217631,140.53,1759314.0,2637471.0
2025-06-18 11:19:27.516418,140.53,1756224.0,2631506.0
2025-06-18 11:19:31.218538,140.58,1756224.0,2631506.0
2025-06-18 11:19:32.516199,140.52,1754991.0,2634004.0
2025-06-18 11:19:33.217781,140.57,1754991.0,2634004.0
2025-06-18 11:19:35.223233,140.57,1754991.0,2634004.0
2025-06-18 11:19:37.220202,140.51,1754991.0,2634004.0
2025-06-18 11:19:37.420729,140.51,1756143.0,2632736.0
2025-06-18 11:19:39.227650,140.51,1756143.0,2632736.0
2025-06-18 11:19:42.319062,140.53,1758285.0,2639045.0
2025-06-18 11:19:43.259373,140.53,1758285.0,2639045.0
2025-06-18 11:19:45.217199,140.57,1758285.0,2639045.0
2025-06-18 11:19:47.224640,140.53,1758285.0,2639045.0
2025-06-18 11:19:47.257769,140.53,1760046.0,2638333.0
2025-06-18 11:19:51.258097,140.57,1760046.0,2638333.0
2025-06-18 11:19:52.526607,140.54,1737069.0,2636271.0
2025-06-18 11:19:53.229112,140.58,1737069.0,2636271.0
2025-06-18 11:19:55.224965,140.54,1737069.0,2636271.0
2025-06-18 11:19:57.219038,140.54,1737069.0,2636271.0
2025-06-18 11:19:57.933733,140.54,1756348.0,2637509.0
2025-06-18 11:20:00.484518,140.58,1756348.0,2637509.0
2025-06-18 11:20:02.935278,140.54,1758809.0,2634427.0
2025-06-18 11:20:03.219866,140.54,1758809.0,2634427.0
2025-06-18 11:20:05.224995,140.59,1758809.0,2634427.0
2025-06-18 11:20:07.217177,140.54,1758809.0,2634427.0
2025-06-18 11:20:07.848057,140.58,1762361.0,2635287.0
2025-06-18 11:20:08.217404,140.58,1762361.0,2635287.0
2025-06-18 11:20:12.217050,140.54,1762361.0,2635287.0
2025-06-18 11:20:12.445155,140.58,1762410.0,2635493.0
2025-06-18 11:20:13.220967,140.58,1762410.0,2635493.0
2025-06-18 11:20:17.050550,140.56,1739443.0,2636981.0
2025-06-18 11:20:17.218695,140.56,1739443.0,2636981.0
2025-06-18 11:20:20.218772,140.58,1739443.0,2636981.0
2025-06-18 11:20:21.858825,140.58,1765443.0,2632131.0
2025-06-18 11:20:22.216640,140.56,1765443.0,2632131.0
2025-06-18 11:20:23.250007,140.59,1765443.0,2632131.0
2025-06-18 11:20:27.162580,140.56,1764425.0,2635605.0
2025-06-18 11:20:27.218328,140.56,1764425.0,2635605.0
2025-06-18 11:20:28.215545,140.56,1764425.0,2635605.0
2025-06-18 11:20:29.223909,140.56,1764425.0,2635605.0
2025-06-18 11:20:30.224093,140.54,1764425.0,2635605.0
2025-06-18 11:20:31.218487,140.54,1764425.0,2635605.0
2025-06-18 11:20:32.060925,140.54,1763949.0,2635283.0
2025-06-18 11:20:32.221906,140.54,1763949.0,2635283.0
2025-06-18 11:20:34.221334,140.54,1763949.0,2635283.0
2025-06-18 11:20:37.071373,140.54,1763348.0,2637875.0
2025-06-18 11:20:37.218232,140.54,1763348.0,2637875.0
2025-06-18 11:20:38.217530,140.58,1763348.0,2637875.0
2025-06-18 11:20:41.217716,140.59,1763348.0,2637875.0
2025-06-18 11:20:41.866967,140.56,1766201.0,2635984.0
2025-06-18 11:20:42.219425,140.56,1766201.0,2635984.0
2025-06-18 11:20:43.237973,140.59,1766201.0,2635984.0
2025-06-18 11:20:45.219605,140.59,1766201.0,2635984.0
2025-06-18 11:20:46.772895,140.59,1763684.0,2636590.0
2025-06-18 11:20:47.294884,140.56,1763684.0,2636590.0
2025-06-18 11:20:48.216957,140.59,1763684.0,2636590.0
2025-06-18 11:20:51.773673,140.59,1764238.0,2638730.0
2025-06-18 11:20:52.214166,140.56,1764238.0,2638730.0
2025-06-18 11:20:53.221950,140.59,1764238.0,2638730.0
2025-06-18 11:20:54.223173,140.59,1764238.0,2638730.0
2025-06-18 11:20:55.219084,140.59,1764238.0,2638730.0
2025-06-18 11:20:56.255455,140.59,1764238.0,2638730.0
2025-06-18 11:20:56.876652,140.59,1771147.0,2633805.0
2025-06-18 11:20:57.224333,140.59,1771147.0,2633805.0
2025-06-18 11:21:00.220214,140.56,1771147.0,2633805.0
2025-06-18 11:21:01.575916,140.56,1770472.0,2635104.0
2025-06-18 11:21:02.216285,140.59,1770472.0,2635104.0
2025-06-18 11:21:03.239024,140.6,1770472.0,2635104.0
2025-06-18 11:21:05.220217,140.62,1770472.0,2635104.0
2025-06-18 11:21:06.380629,140.62,1772567.0,2630675.0
2025-06-18 11:21:07.216825,140.59,1772567.0,2630675.0
2025-06-18 11:21:10.217297,140.59,1772567.0,2630675.0
2025-06-18 11:21:11.220185,140.59,1772567.0,2630675.0
2025-06-18 11:21:11.391998,140.59,1765505.0,2638400.0
2025-06-18 11:21:12.217948,140.59,1765505.0,2638400.0
2025-06-18 11:21:15.991807,140.54,1764281.0,2637192.0
2025-06-18 11:21:16.219306,140.54,1764281.0,2637192.0
2025-06-18 11:21:17.261906,140.54,1764281.0,2637192.0
2025-06-18 11:21:20.218997,140.54,1764281.0,2637192.0
2025-06-18 11:21:20.690997,140.54,1765369.0,2635003.0
2025-06-18 11:21:21.228953,140.59,1765369.0,2635003.0
2025-06-18 11:21:22.220438,140.55,1765369.0,2635003.0
2025-06-18 11:21:23.217796,140.55,1765369.0,2635003.0
2025-06-18 11:21:25.789675,140.55,1770583.0,2630836.0
2025-06-18 11:21:27.228752,140.55,1770583.0,2630836.0
2025-06-18 11:21:29.219529,140.55,1770583.0,2630836.0
2025-06-18 11:21:30.894362,140.55,1767913.0,2635644.0
2025-06-18 11:21:32.217995,140.56,1767913.0,2635644.0
2025-06-18 11:21:33.219573,140.59,1767913.0,2635644.0
2025-06-18 11:21:35.895935,140.59,1768357.0,2635301.0
2025-06-18 11:21:37.222335,140.56,1768357.0,2635301.0
2025-06-18 11:21:39.247151,140.59,1768357.0,2635301.0
2025-06-18 11:21:40.502227,140.59,1769601.0,2636160.0
2025-06-18 11:21:41.219836,140.59,1769601.0,2636160.0
2025-06-18 11:21:42.223785,140.56,1769601.0,2636160.0
2025-06-18 11:21:43.225638,140.59,1769601.0,2636160.0
2025-06-18 11:21:45.116533,140.56,1771276.0,2637120.0
2025-06-18 11:21:45.222416,140.56,1771276.0,2637120.0
2025-06-18 11:21:46.234798,140.56,1771276.0,2637120.0
2025-06-18 11:21:47.235741,140.58,1771276.0,2637120.0
2025-06-18 11:21:48.224598,140.53,1771276.0,2637120.0
2025-06-18 11:21:49.051564,140.53,1771276.0,2637120.0
2025-06-18 11:21:49.226343,140.55,1771276.0,2637120.0
2025-06-18 11:21:49.806273,140.55,1752961.0,2651609.0
2025-06-18 11:21:50.141483,140.55,1752961.0,2651609.0
2025-06-18 11:21:51.055252,140.55,1752961.0,2651609.0
2025-06-18 11:21:52.595940,140.53,1752961.0,2651609.0
2025-06-18 11:21:52.848198,140.53,1752961.0,2651609.0
2025-06-18 11:21:53.253744,140.53,1752961.0,2651609.0
2025-06-18 11:21:53.641782,140.53,1752961.0,2651609.0
2025-06-18 11:21:54.655262,140.53,1752961.0,2651609.0
2025-06-18 11:21:54.811411,140.53,1753958.0,2650379.0
2025-06-18 11:21:55.211439,140.53,1753958.0,2650379.0
2025-06-18 11:21:55.242311,140.51,1753958.0,2650379.0
2025-06-18 11:21:55.642738,140.51,1753958.0,2650379.0
2025-06-18 11:21:56.111326,140.51,1753958.0,2650379.0
2025-06-18 11:21:57.232106,140.51,1753958.0,2650379.0
2025-06-18 11:21:57.362304,140.51,1753958.0,2650379.0
2025-06-18 11:21:58.225735,140.51,1753958.0,2650379.0
2025-06-18 11:21:58.699529,140.51,1753958.0,2650379.0
2025-06-18 11:21:59.259303,140.55,1753958.0,2650379.0
2025-06-18 11:21:59.503007,140.55,1753958.0,2650379.0
2025-06-18 11:22:00.224638,140.55,1751649.0,2649025.0
2025-06-18 11:22:00.884613,140.55,1751649.0,2649025.0
2025-06-18 11:22:02.012608,140.55,1751649.0,2649025.0
2025-06-18 11:22:02.226185,140.55,1751649.0,2649025.0
2025-06-18 11:22:03.391818,140.55,1751649.0,2649025.0
2025-06-18 11:22:05.223682,140.55,1751649.0,2649025.0
2025-06-18 11:22:05.230291,140.55,1750898.0,2648556.0
2025-06-18 11:22:06.224281,140.55,1750898.0,2648556.0
2025-06-18 11:22:07.222397,140.55,1750898.0,2648556.0
2025-06-18 11:22:09.221687,140.55,1750898.0,2648556.0
2025-06-18 11:22:09.919960,140.55,1750243.0,2651411.0
2025-06-18 11:22:12.221095,140.51,1750243.0,2651411.0
2025-06-18 11:22:13.227907,140.55,1750243.0,2651411.0
2025-06-18 11:22:14.220921,140.51,1750243.0,2651411.0
2025-06-18 11:22:15.022523,140.51,1751631.0,2651210.0
2025-06-18 11:22:15.225257,140.51,1751631.0,2651210.0
2025-06-18 11:22:16.232036,140.55,1751631.0,2651210.0
2025-06-18 11:22:17.223534,140.51,1751631.0,2651210.0
2025-06-18 11:22:19.359644,140.51,1751631.0,2651210.0
2025-06-18 11:22:20.034377,140.51,1751442.0,2650708.0
2025-06-18 11:22:20.227352,140.55,1751442.0,2650708.0
2025-06-18 11:22:21.222895,140.55,1751442.0,2650708.0
2025-06-18 11:22:22.251192,140.55,1751442.0,2650708.0
2025-06-18 11:22:25.030726,140.55,1753443.0,2650421.0
2025-06-18 11:22:26.233067,140.56,1753443.0,2650421.0
2025-06-18 11:22:27.269222,140.52,1753443.0,2650421.0
2025-06-18 11:22:29.220894,140.51,1753443.0,2650421.0
2025-06-18 11:22:29.834083,140.51,1753689.0,2648365.0
2025-06-18 11:22:31.227087,140.56,1753689.0,2648365.0
2025-06-18 11:22:32.249031,140.51,1753689.0,2648365.0
2025-06-18 11:22:33.228349,140.51,1753689.0,2648365.0
2025-06-18 11:22:34.247809,140.55,1753689.0,2648365.0
2025-06-18 11:22:34.732831,140.55,1751092.0,2651622.0
2025-06-18 11:22:35.222986,140.55,1751092.0,2651622.0
2025-06-18 11:22:36.227386,140.55,1751092.0,2651622.0
2025-06-18 11:22:37.222424,140.51,1751092.0,2651622.0
2025-06-18 11:22:39.836026,140.55,1751984.0,2651400.0
2025-06-18 11:22:40.352406,140.55,1751984.0,2651400.0
2025-06-18 11:22:41.226889,140.51,1751984.0,2651400.0
2025-06-18 11:22:42.223876,140.51,1751984.0,2651400.0
2025-06-18 11:22:43.222345,140.55,1751984.0,2651400.0
2025-06-18 11:22:45.189614,140.56,1757754.0,2648068.0
2025-06-18 11:22:45.246204,140.51,1757754.0,2648068.0
2025-06-18 11:22:47.224109,140.51,1757754.0,2648068.0
2025-06-18 11:22:48.231721,140.56,1757754.0,2648068.0
2025-06-18 11:22:49.221311,140.53,1757754.0,2648068.0
2025-06-18 11:22:50.229482,140.56,1757754.0,2648068.0
2025-06-18 11:22:50.346094,140.56,1763801.0,2649916.0
2025-06-18 11:22:51.226997,140.56,1763801.0,2649916.0
2025-06-18 11:22:52.257246,140.53,1763801.0,2649916.0
2025-06-18 11:22:53.227577,140.56,1763801.0,2649916.0
2025-06-18 11:22:55.227011,140.56,1763801.0,2649916.0
2025-06-18 11:22:55.257956,140.53,1765081.0,2649123.0
2025-06-18 11:22:56.231012,140.53,1765081.0,2649123.0
2025-06-18 11:22:57.222843,140.53,1765081.0,2649123.0
2025-06-18 11:22:59.951755,140.53,1765965.0,2649752.0
2025-06-18 11:23:01.222738,140.56,1765965.0,2649752.0
2025-06-18 11:23:02.236988,140.53,1765965.0,2649752.0
2025-06-18 11:23:03.236005,140.56,1765965.0,2649752.0
2025-06-18 11:23:04.755653,140.56,1758032.0,2650705.0
2025-06-18 11:23:07.227283,140.53,1758032.0,2650705.0
2025-06-18 11:23:08.229279,140.56,1758032.0,2650705.0
2025-06-18 11:23:09.853480,140.56,1754105.0,2652312.0
2025-06-18 11:23:11.235409,140.56,1754105.0,2652312.0
2025-06-18 11:23:12.572820,140.53,1754105.0,2652312.0
2025-06-18 11:23:13.237415,140.52,1754105.0,2652312.0
2025-06-18 11:23:14.567110,140.52,1749608.0,2652144.0
2025-06-18 11:23:17.235140,140.52,1749608.0,2652144.0
2025-06-18 11:23:19.965713,140.49,1720816.0,2662335.0
2025-06-18 11:23:20.231286,140.49,1720816.0,2662335.0
2025-06-18 11:23:23.238844,140.52,1720816.0,2662335.0
2025-06-18 11:23:25.234899,140.49,1720816.0,2662335.0
2025-06-18 11:23:25.465476,140.49,1724377.0,2660211.0
2025-06-18 11:23:27.231592,140.49,1724377.0,2660211.0
2025-06-18 11:23:30.772416,140.49,1729294.0,2662981.0
2025-06-18 11:23:31.278778,140.49,1729294.0,2662981.0
2025-06-18 11:23:33.233689,140.49,1729294.0,2662981.0
2025-06-18 11:23:35.230741,140.49,1729294.0,2662981.0
2025-06-18 11:23:36.077221,140.49,1730218.0,2662385.0
2025-06-18 11:23:37.236595,140.48,1730218.0,2662385.0
2025-06-18 11:23:40.979233,140.46,1743943.0,2661012.0
2025-06-18 11:23:41.246039,140.46,1743943.0,2661012.0
2025-06-18 11:23:43.236901,140.46,1743943.0,2661012.0
2025-06-18 11:23:45.233637,140.49,1743943.0,2661012.0
2025-06-18 11:23:45.880186,140.49,1744390.0,2660130.0
2025-06-18 11:23:47.233999,140.46,1744390.0,2660130.0
2025-06-18 11:23:49.350542,140.46,1744390.0,2660130.0
2025-06-18 11:23:50.783911,140.46,1743789.0,2660303.0
2025-06-18 11:23:51.241229,140.46,1743789.0,2660303.0
2025-06-18 11:23:53.236726,140.46,1743789.0,2660303.0
2025-06-18 11:23:55.238126,140.46,1743789.0,2660303.0
2025-06-18 11:23:55.485784,140.46,1740013.0,2671660.0
2025-06-18 11:23:57.243852,140.46,1740013.0,2671660.0
2025-06-18 11:23:59.238404,140.45,1740013.0,2671660.0
2025-06-18 11:24:00.590350,140.46,1740398.0,2670241.0
2025-06-18 11:24:01.236366,140.46,1740398.0,2670241.0
2025-06-18 11:24:03.237821,140.46,1740398.0,2670241.0
2025-06-18 11:24:05.393682,140.46,1736904.0,2667844.0
2025-06-18 11:24:07.243040,140.45,1736904.0,2667844.0
2025-06-18 11:24:09.240062,140.49,1736904.0,2667844.0
2025-06-18 11:24:10.296873,140.49,1741988.0,2662143.0
2025-06-18 11:24:11.245864,140.49,1741988.0,2662143.0
2025-06-18 11:24:13.235083,140.46,1741988.0,2662143.0
2025-06-18 11:24:17.076385,140.46,1744451.0,2662542.0
2025-06-18 11:24:17.359960,140.45,1744451.0,2662542.0
2025-06-18 11:24:19.276252,140.45,1744451.0,2662542.0
2025-06-18 11:24:20.204985,140.45,1742962.0,2663148.0
2025-06-18 11:24:21.260677,140.46,1742962.0,2663148.0
2025-06-18 11:24:23.237444,140.45,1742962.0,2663148.0
2025-06-18 11:24:25.234691,140.45,1742962.0,2663148.0
2025-06-18 11:24:25.300948,140.45,1741471.0,2663216.0
2025-06-18 11:24:27.235203,140.45,1741471.0,2663216.0
2025-06-18 11:24:29.247837,140.45,1741471.0,2663216.0
2025-06-18 11:24:30.622452,140.46,1740652.0,2662718.0
2025-06-18 11:24:31.262848,140.46,1740652.0,2662718.0
2025-06-18 11:24:33.279653,140.45,1740652.0,2662718.0
2025-06-18 11:24:35.407045,140.45,1741120.0,2662388.0
2025-06-18 11:24:37.261711,140.45,1741120.0,2662388.0
2025-06-18 11:24:39.268294,140.45,1741120.0,2662388.0
2025-06-18 11:24:40.311402,140.45,1745890.0,2656698.0
2025-06-18 11:24:41.233979,140.49,1745890.0,2656698.0
2025-06-18 11:24:43.236122,140.46,1745890.0,2656698.0
2025-06-18 11:24:45.110652,140.5,1748933.0,2654370.0
2025-06-18 11:24:45.230818,140.5,1748933.0,2654370.0
2025-06-18 11:24:47.241544,140.45,1748933.0,2654370.0
2025-06-18 11:24:49.450726,140.5,1748933.0,2654370.0
2025-06-18 11:24:49.487572,140.5,1748933.0,2654370.0
2025-06-18 11:24:50.414017,140.46,1750792.0,2655025.0
2025-06-18 11:24:50.561161,140.46,1750792.0,2655025.0
2025-06-18 11:24:51.253046,140.46,1750792.0,2655025.0
2025-06-18 11:24:51.481695,140.46,1750792.0,2655025.0
2025-06-18 11:24:52.409397,140.46,1750792.0,2655025.0
2025-06-18 11:24:53.235292,140.46,1750792.0,2655025.0
2025-06-18 11:24:53.262896,140.46,1750792.0,2655025.0
2025-06-18 11:24:54.044739,140.46,1750792.0,2655025.0
2025-06-18 11:24:55.064631,140.46,1750792.0,2655025.0
2025-06-18 11:24:55.308436,140.46,1749143.0,2653218.0
2025-06-18 11:24:55.639381,140.46,1749143.0,2653218.0
2025-06-18 11:24:56.053156,140.46,1749143.0,2653218.0
2025-06-18 11:24:57.232175,140.49,1749143.0,2653218.0
2025-06-18 11:24:57.783074,140.49,1749143.0,2653218.0
2025-06-18 11:24:59.028578,140.49,1749143.0,2653218.0
2025-06-18 11:25:00.037679,140.5,1756739.0,2653420.0
2025-06-18 11:25:01.232435,140.5,1756739.0,2653420.0
2025-06-18 11:25:01.295239,140.5,1756739.0,2653420.0
2025-06-18 11:25:01.723764,140.49,1757211.0,2653420.0
2025-06-18 11:25:02.244336,140.46,1757211.0,2653420.0
2025-06-18 11:25:02.416823,140.46,1757211.0,2653420.0
2025-06-18 11:25:02.726222,140.46,1756060.0,2655343.0
2025-06-18 11:25:03.548695,140.46,1756060.0,2655343.0
2025-06-18 11:25:03.727911,140.46,1755857.0,2656031.0
2025-06-18 11:25:04.630064,140.46,1755513.0,2655507.0
2025-06-18 11:25:05.018053,140.46,1755513.0,2655507.0
2025-06-18 11:25:05.235461,140.46,1755513.0,2655507.0
2025-06-18 11:25:05.525817,140.46,1755386.0,2658113.0
2025-06-18 11:25:06.426937,140.46,1755587.0,2658796.0
2025-06-18 11:25:07.227258,140.46,1755587.0,2658796.0
2025-06-18 11:25:07.328160,140.46,1748478.0,2662525.0
2025-06-18 11:25:08.237527,140.46,1747939.0,2662107.0
2025-06-18 11:25:09.225146,140.49,1747939.0,2662107.0
2025-06-18 11:25:09.233406,140.49,1751485.0,2657843.0
2025-06-18 11:25:10.233812,140.49,1752824.0,2657156.0
2025-06-18 11:25:11.261552,140.49,1752527.0,2657099.0
2025-06-18 11:25:12.030319,140.46,1749504.0,2657958.0
2025-06-18 11:25:12.227668,140.46,1749504.0,2657958.0
2025-06-18 11:25:12.962925,140.46,1749912.0,2653595.0
2025-06-18 11:25:13.254694,140.49,1749912.0,2653595.0
2025-06-18 11:25:13.833274,140.49,1748486.0,2660547.0
2025-06-18 11:25:14.230070,140.49,1748486.0,2660547.0
2025-06-18 11:25:14.832960,140.49,1749092.0,2659497.0
2025-06-18 11:25:15.733865,140.49,1749394.0,2657371.0
2025-06-18 11:25:16.646695,140.49,1748746.0,2659863.0
2025-06-18 11:25:17.225925,140.46,1748746.0,2659863.0
2025-06-18 11:25:17.534699,140.46,1748272.0,2655409.0
2025-06-18 11:25:18.229070,140.49,1748272.0,2655409.0
2025-06-18 11:25:18.433939,140.49,1748383.0,2654751.0
2025-06-18 11:25:19.335242,140.49,1748682.0,2657920.0
2025-06-18 11:25:20.238472,140.49,1748833.0,2657839.0
2025-06-18 11:25:21.334997,140.49,1748981.0,2657975.0
2025-06-18 11:25:22.230473,140.47,1748981.0,2657975.0
2025-06-18 11:25:23.358901,140.47,1748691.0,2654262.0
2025-06-18 11:25:23.363387,140.47,1748691.0,2654262.0
2025-06-18 11:25:24.159524,140.47,1748686.0,2654108.0
2025-06-18 11:25:25.148451,140.47,1748754.0,2653909.0
2025-06-18 11:25:26.147165,140.47,1748821.0,2653909.0
2025-06-18 11:25:27.144530,140.47,1749279.0,2653727.0
2025-06-18 11:25:27.227860,140.47,1749279.0,2653727.0
2025-06-18 11:25:28.147732,140.47,1749422.0,2653421.0
2025-06-18 11:25:29.155995,140.47,1749780.0,2653019.0
2025-06-18 11:25:30.222043,140.47,1748385.0,2656848.0
2025-06-18 11:25:31.152089,140.47,1748385.0,2653676.0
2025-06-18 11:25:32.151160,140.47,1748450.0,2653721.0
2025-06-18 11:25:32.233287,140.47,1748450.0,2653721.0
2025-06-18 11:25:33.148271,140.47,1748447.0,2653721.0
2025-06-18 11:25:34.150419,140.49,1748445.0,2654013.0
2025-06-18 11:25:34.229396,140.49,1748445.0,2654013.0
2025-06-18 11:25:35.048217,140.49,1748279.0,2653942.0
2025-06-18 11:25:36.150765,140.49,1746146.0,2653938.0
2025-06-18 11:25:36.229752,140.49,1746146.0,2653938.0
2025-06-18 11:25:37.168819,140.49,1745511.0,2655617.0
2025-06-18 11:25:39.853966,140.49,1746927.0,2655976.0
2025-06-18 11:25:39.906518,140.49,1747071.0,2656440.0
2025-06-18 11:25:40.153803,140.47,1747473.0,2656430.0
2025-06-18 11:25:40.227151,140.47,1747473.0,2656430.0
2025-06-18 11:25:41.045291,140.47,1747045.0,2656443.0
2025-06-18 11:25:42.157982,140.47,1747012.0,2656443.0
2025-06-18 11:25:42.227704,140.47,1747012.0,2656443.0
2025-06-18 11:25:43.249610,140.47,1746908.0,2651925.0
2025-06-18 11:25:44.228682,140.49,1746908.0,2651925.0
2025-06-18 11:25:44.347036,140.49,1750695.0,2657180.0
2025-06-18 11:25:45.446246,140.49,1748281.0,2658283.0
2025-06-18 11:25:46.231788,140.47,1748281.0,2658283.0
2025-06-18 11:25:46.547095,140.47,1748045.0,2658836.0
2025-06-18 11:25:47.227067,140.49,1748045.0,2658836.0
2025-06-18 11:25:47.664512,140.49,1747220.0,2659517.0
2025-06-18 11:25:48.750569,140.49,1750500.0,2659145.0
2025-06-18 11:25:49.749002,140.49,1752675.0,2654280.0
2025-06-18 11:25:50.852068,140.49,1752093.0,2657866.0
2025-06-18 11:25:51.225135,140.49,1752093.0,2657866.0
2025-06-18 11:25:51.850696,140.49,1751957.0,2658385.0
2025-06-18 11:25:52.239464,140.47,1751957.0,2658385.0
2025-06-18 11:25:52.849436,140.47,1751384.0,2658289.0
2025-06-18 11:25:53.954267,140.49,1751839.0,2657479.0
2025-06-18 11:25:54.228916,140.49,1751839.0,2657479.0
2025-06-18 11:25:54.949248,140.49,1752900.0,2660386.0
2025-06-18 11:25:56.056721,140.49,1752077.0,2660386.0
2025-06-18 11:25:57.144494,140.47,1751981.0,2659680.0
2025-06-18 11:25:57.242974,140.47,1751981.0,2659680.0
2025-06-18 11:25:58.054286,140.47,1752132.0,2660229.0
2025-06-18 11:25:59.188387,140.47,1752014.0,2660427.0
2025-06-18 11:26:00.159954,140.47,1750067.0,2660427.0
2025-06-18 11:26:01.236006,140.46,1750067.0,2660427.0
2025-06-18 11:26:01.552927,140.46,1749277.0,2660856.0
2025-06-18 11:26:03.254029,140.49,1749277.0,2660856.0
2025-06-18 11:26:05.255923,140.46,1749277.0,2660856.0
2025-06-18 11:26:06.857854,140.46,1751050.0,2661441.0
2025-06-18 11:26:07.237726,140.46,1751050.0,2661441.0
2025-06-18 11:26:11.401945,140.49,1751050.0,2661441.0
2025-06-18 11:26:11.687634,140.46,1750767.0,2661746.0
2025-06-18 11:26:13.236618,140.46,1750767.0,2661746.0
2025-06-18 11:26:15.251882,140.49,1750767.0,2661746.0
2025-06-18 11:26:16.566088,140.49,1747891.0,2661317.0
2025-06-18 11:26:17.231976,140.46,1747891.0,2661317.0
2025-06-18 11:26:21.292797,140.46,1747891.0,2661317.0
2025-06-18 11:26:21.467818,140.46,1747722.0,2663506.0
2025-06-18 11:26:23.271188,140.45,1747722.0,2663506.0
2025-06-18 11:26:26.270562,140.45,1746630.0,2664952.0
2025-06-18 11:26:27.239089,140.45,1746630.0,2664952.0
2025-06-18 11:26:29.260786,140.49,1746630.0,2664952.0
2025-06-18 11:26:31.237496,140.49,1746630.0,2664952.0
2025-06-18 11:26:31.271239,140.49,1748652.0,2660102.0
2025-06-18 11:26:33.248335,140.46,1748652.0,2660102.0
2025-06-18 11:26:35.233419,140.49,1748652.0,2660102.0
2025-06-18 11:26:36.078564,140.49,1749259.0,2660898.0
2025-06-18 11:26:37.255838,140.46,1749259.0,2660898.0
2025-06-18 11:26:39.245925,140.46,1749259.0,2660898.0
2025-06-18 11:26:41.187476,140.46,1747592.0,2662637.0
2025-06-18 11:26:41.246236,140.46,1747592.0,2662637.0
2025-06-18 11:26:43.258822,140.49,1747592.0,2662637.0
2025-06-18 11:26:46.481386,140.49,1744385.0,2671569.0
2025-06-18 11:26:47.241998,140.46,1744385.0,2671569.0
2025-06-18 11:26:51.237474,140.46,1744385.0,2671569.0
2025-06-18 11:26:51.384806,140.46,1746107.0,2663343.0
2025-06-18 11:26:53.241971,140.47,1746107.0,2663343.0
2025-06-18 11:26:55.239664,140.49,1746107.0,2663343.0
2025-06-18 11:26:56.291819,140.46,1747753.0,2663071.0
2025-06-18 11:26:57.236641,140.46,1747753.0,2663071.0
2025-06-18 11:26:59.249525,140.49,1747753.0,2663071.0
2025-06-18 11:27:01.242254,140.46,1747753.0,2663071.0
2025-06-18 11:27:01.495551,140.46,1750098.0,2661664.0
2025-06-18 11:27:03.239286,140.46,1750098.0,2661664.0
2025-06-18 11:27:05.249561,140.43,1750098.0,2661664.0
2025-06-18 11:27:06.498869,140.38,1713288.0,2690312.0
2025-06-18 11:27:07.267587,140.36,1713288.0,2690312.0
2025-06-18 11:27:09.276913,140.38,1713288.0,2690312.0
2025-06-18 11:27:11.256143,140.34,1713288.0,2690312.0
2025-06-18 11:27:11.501736,140.34,1718204.0,2693144.0
2025-06-18 11:27:13.242713,140.33,1718204.0,2693144.0
2025-06-18 11:27:15.260745,140.38,1718204.0,2693144.0
2025-06-18 11:27:16.505372,140.38,1724173.0,2686850.0
2025-06-18 11:27:17.254904,140.35,1724173.0,2686850.0
2025-06-18 11:27:20.475139,140.34,1724173.0,2686850.0
2025-06-18 11:27:21.242285,140.38,1724173.0,2686850.0
2025-06-18 11:27:21.308127,140.38,1722574.0,2690822.0
2025-06-18 11:27:23.289472,140.33,1722574.0,2690822.0
2025-06-18 11:27:25.288619,140.33,1722574.0,2690822.0
2025-06-18 11:27:26.214570,140.33,1719353.0,2692452.0
2025-06-18 11:27:27.295144,140.33,1719353.0,2692452.0
2025-06-18 11:27:29.294872,140.39,1719353.0,2692452.0
2025-06-18 11:27:31.111209,140.4,1720435.0,2671877.0
2025-06-18 11:27:31.290442,140.4,1720435.0,2671877.0
2025-06-18 11:27:33.258834,140.39,1720435.0,2671877.0
2025-06-18 11:27:36.514517,140.33,1716251.0,2686326.0
2025-06-18 11:27:37.254231,140.33,1716251.0,2686326.0
2025-06-18 11:27:39.244099,140.39,1716251.0,2686326.0
2025-06-18 11:27:41.253344,140.39,1716251.0,2686326.0
2025-06-18 11:27:41.519281,140.39,1712104.0,2688141.0
2025-06-18 11:27:43.248645,140.39,1712104.0,2688141.0
2025-06-18 11:27:47.243364,140.33,1712104.0,2688141.0
2025-06-18 11:27:47.520954,140.33,1714676.0,2689554.0
2025-06-18 11:27:49.916749,140.33,1714676.0,2689554.0
2025-06-18 11:27:51.001060,140.33,1714676.0,2689554.0
2025-06-18 11:27:51.238229,140.39,1714676.0,2689554.0
2025-06-18 11:27:51.917492,140.39,1714676.0,2689554.0
2025-06-18 11:27:52.846102,140.39,1714676.0,2689554.0
2025-06-18 11:27:53.243835,140.33,1714676.0,2689554.0
2025-06-18 11:27:53.421105,140.33,1721243.0,2689696.0
2025-06-18 11:27:53.761871,140.33,1721243.0,2689696.0
2025-06-18 11:27:54.488057,140.33,1721243.0,2689696.0
2025-06-18 11:27:55.246205,140.39,1721243.0,2689696.0
2025-06-18 11:27:55.505093,140.39,1721243.0,2689696.0
2025-06-18 11:27:56.070609,140.39,1721243.0,2689696.0
2025-06-18 11:27:57.245200,140.33,1721243.0,2689696.0
2025-06-18 11:27:57.337730,140.33,1721243.0,2689696.0
2025-06-18 11:27:58.255929,140.33,1721243.0,2689696.0
2025-06-18 11:27:58.528488,140.33,1694851.0,2687956.0
2025-06-18 11:27:59.241881,140.33,1694851.0,2687956.0
2025-06-18 11:27:59.455103,140.33,1694851.0,2687956.0
2025-06-18 11:28:00.317168,140.33,1694851.0,2687956.0
2025-06-18 11:28:01.236713,140.39,1694851.0,2687956.0
2025-06-18 11:28:01.719580,140.39,1694851.0,2687956.0
2025-06-18 11:28:01.927213,140.39,1719885.0,2691194.0
2025-06-18 11:28:02.238368,140.33,1719885.0,2691194.0
2025-06-18 11:28:02.853438,140.33,1719885.0,2691194.0
2025-06-18 11:28:03.025220,140.39,1727183.0,2686317.0
2025-06-18 11:28:03.235734,140.39,1727183.0,2686317.0
2025-06-18 11:28:03.966716,140.39,1727183.0,2686317.0
2025-06-18 11:28:04.028407,140.39,1728921.0,2686144.0
2025-06-18 11:28:05.028124,140.39,1729382.0,2685850.0
2025-06-18 11:28:05.236771,140.39,1729382.0,2685850.0
2025-06-18 11:28:05.606995,140.39,1729382.0,2685850.0
2025-06-18 11:28:06.032419,140.39,1715619.0,2689991.0
2025-06-18 11:28:06.237573,140.34,1715619.0,2689991.0
