timestamp,ltp,bid_qty,ask_qty
2025-06-18 11:01:36.656075,992.9,172350.0,227401.0
2025-06-18 11:01:39.040482,992.9,172429.0,227329.0
2025-06-18 11:01:40.130499,992.9,172429.0,227329.0
2025-06-18 11:01:41.138513,992.95,172429.0,227329.0
2025-06-18 11:01:44.178225,992.95,172698.0,226937.0
2025-06-18 11:01:46.148899,992.65,172698.0,226937.0
2025-06-18 11:01:49.349436,993.0,172545.0,227028.0
2025-06-18 11:01:50.136346,993.0,172545.0,227028.0
2025-06-18 11:01:55.050552,993.0,172148.0,226536.0
2025-06-18 11:01:57.155030,992.9,172148.0,226536.0
2025-06-18 11:01:59.146621,992.55,172148.0,226536.0
2025-06-18 11:02:00.363425,992.85,170946.0,227264.0
2025-06-18 11:02:01.178873,992.85,170946.0,227264.0
2025-06-18 11:02:05.206030,992.75,170946.0,227264.0
2025-06-18 11:02:05.472561,992.75,170997.0,227521.0
2025-06-18 11:02:07.147144,992.75,170997.0,227521.0
2025-06-18 11:02:09.146216,992.75,170997.0,227521.0
2025-06-18 11:02:10.766021,992.75,170910.0,228120.0
2025-06-18 11:02:12.141943,992.75,170910.0,228120.0
2025-06-18 11:02:14.144946,992.75,170910.0,228120.0
2025-06-18 11:02:15.169255,992.75,170910.0,228120.0
2025-06-18 11:02:16.368958,992.75,171728.0,228142.0
2025-06-18 11:02:21.480973,992.75,171769.0,228141.0
2025-06-18 11:02:22.147044,992.75,171769.0,228141.0
2025-06-18 11:02:25.145292,992.75,171769.0,228141.0
2025-06-18 11:02:28.142236,992.75,171769.0,228141.0
2025-06-18 11:02:31.579134,992.8,171871.0,227607.0
2025-06-18 11:02:32.153112,992.75,171871.0,227607.0
2025-06-18 11:02:37.081391,992.75,171649.0,224334.0
2025-06-18 11:02:39.198919,992.75,171649.0,224334.0
2025-06-18 11:02:41.147280,992.75,171649.0,224334.0
2025-06-18 11:02:42.383733,992.75,171359.0,224134.0
2025-06-18 11:02:45.179806,992.75,171359.0,224134.0
2025-06-18 11:02:47.159676,992.75,171359.0,224134.0
2025-06-18 11:02:47.588555,992.75,171144.0,227671.0
2025-06-18 11:02:51.233087,992.75,171144.0,227671.0
2025-06-18 11:02:52.892466,992.75,170622.0,227630.0
2025-06-18 11:02:54.148241,992.75,170622.0,227630.0
2025-06-18 11:02:55.152976,992.75,170622.0,227630.0
2025-06-18 11:02:58.201822,992.75,170712.0,227749.0
2025-06-18 11:03:00.150613,992.75,170712.0,227749.0
2025-06-18 11:03:01.149888,992.75,170712.0,227749.0
2025-06-18 11:03:03.298730,992.75,170633.0,227650.0
2025-06-18 11:03:04.150187,992.75,170633.0,227650.0
2025-06-18 11:03:08.151681,992.75,170633.0,227650.0
2025-06-18 11:03:08.703619,992.75,170648.0,227649.0
2025-06-18 11:03:12.146668,992.85,170648.0,227649.0
2025-06-18 11:03:13.905799,992.85,170382.0,227166.0
2025-06-18 11:03:17.156292,992.8,170382.0,227166.0
2025-06-18 11:03:19.105837,992.8,170410.0,227283.0
2025-06-18 11:03:22.170751,992.8,170410.0,227283.0
2025-06-18 11:03:24.153395,992.8,170410.0,227283.0
2025-06-18 11:03:24.407845,992.8,172096.0,224717.0
2025-06-18 11:03:29.511290,993.0,171605.0,225376.0
2025-06-18 11:03:30.146846,993.0,171605.0,225376.0
2025-06-18 11:03:33.153677,993.0,171605.0,225376.0
2025-06-18 11:03:35.117340,992.7,171437.0,225548.0
2025-06-18 11:03:35.154281,992.7,171437.0,225548.0
2025-06-18 11:03:39.155103,993.0,171437.0,225548.0
2025-06-18 11:03:40.531819,992.8,171305.0,225563.0
2025-06-18 11:03:41.174030,992.8,171305.0,225563.0
2025-06-18 11:03:43.170350,992.8,171305.0,225563.0
2025-06-18 11:03:45.169830,992.7,171305.0,225563.0
2025-06-18 11:03:45.519521,992.7,171339.0,225708.0
2025-06-18 11:03:46.056538,992.7,171339.0,225708.0
2025-06-18 11:03:47.078548,992.7,171339.0,225708.0
2025-06-18 11:03:48.925735,992.7,171339.0,225708.0
2025-06-18 11:03:49.770114,992.7,171339.0,225708.0
2025-06-18 11:03:50.563394,992.7,171339.0,225708.0
2025-06-18 11:03:51.621311,992.7,171339.0,225708.0
2025-06-18 11:03:52.204836,992.7,171339.0,225708.0
2025-06-18 11:03:53.081315,992.7,171339.0,225708.0
2025-06-18 11:03:54.456429,992.7,171339.0,225708.0
2025-06-18 11:03:55.136833,993.0,171237.0,226067.0
2025-06-18 11:03:55.172950,993.0,171237.0,226067.0
2025-06-18 11:03:55.729460,993.0,171237.0,226067.0
2025-06-18 11:03:56.592748,993.0,171237.0,226067.0
2025-06-18 11:04:00.505757,993.0,171237.0,226067.0
2025-06-18 11:04:00.546461,993.0,171237.0,226067.0
2025-06-18 11:04:00.550258,993.0,171348.0,225421.0
2025-06-18 11:04:00.582507,993.0,171348.0,225421.0
2025-06-18 11:04:01.186475,993.0,171348.0,225421.0
2025-06-18 11:04:01.925642,993.0,171348.0,225421.0
2025-06-18 11:04:03.216885,993.0,171348.0,225421.0
2025-06-18 11:04:05.533381,993.0,171492.0,225066.0
2025-06-18 11:04:10.649156,992.7,171303.0,225271.0
2025-06-18 11:04:11.163927,992.7,171303.0,225271.0
2025-06-18 11:04:13.160312,993.0,171303.0,225271.0
2025-06-18 11:04:15.647385,993.0,169509.0,226392.0
2025-06-18 11:04:19.190974,992.85,169509.0,226392.0
2025-06-18 11:04:21.189052,992.9,169509.0,226392.0
2025-06-18 11:04:21.190049,992.9,170242.0,227119.0
2025-06-18 11:04:26.259006,992.9,170341.0,227095.0
2025-06-18 11:04:27.162529,992.8,170341.0,227095.0
2025-06-18 11:04:30.152954,992.9,170341.0,227095.0
2025-06-18 11:04:31.361410,992.9,170398.0,226617.0
2025-06-18 11:04:35.167998,992.9,170398.0,226617.0
2025-06-18 11:04:36.266574,992.9,170702.0,226316.0
2025-06-18 11:04:38.152747,992.9,170702.0,226316.0
2025-06-18 11:04:41.157058,992.9,170702.0,226316.0
2025-06-18 11:04:41.169909,992.9,170633.0,225809.0
2025-06-18 11:04:43.181802,992.85,170633.0,225809.0
2025-06-18 11:04:45.206484,993.0,170633.0,225809.0
2025-06-18 11:04:46.180683,993.0,172651.0,222295.0
2025-06-18 11:04:49.162808,993.4,172651.0,222295.0
2025-06-18 11:04:51.073625,993.15,173505.0,222149.0
2025-06-18 11:04:52.189964,993.15,173505.0,222149.0
2025-06-18 11:04:55.875879,993.4,173635.0,221941.0
2025-06-18 11:04:56.149874,993.4,173635.0,221941.0
2025-06-18 11:05:00.578765,993.5,173686.0,221248.0
2025-06-18 11:05:01.184463,993.5,173686.0,221248.0
2025-06-18 11:05:05.171207,993.5,173686.0,221248.0
2025-06-18 11:05:05.208320,993.5,174009.0,220989.0
2025-06-18 11:05:06.160208,993.5,174009.0,220989.0
2025-06-18 11:05:11.165675,993.5,174009.0,220989.0
2025-06-18 11:05:13.166802,993.5,174009.0,220989.0
2025-06-18 11:05:15.784785,993.5,173413.0,221987.0
2025-06-18 11:05:17.181312,993.5,173413.0,221987.0
2025-06-18 11:05:21.088225,993.5,173835.0,221546.0
2025-06-18 11:05:21.189093,993.5,173835.0,221546.0
2025-06-18 11:05:25.997062,993.5,173365.0,221124.0
2025-06-18 11:05:30.795606,993.4,173694.0,221330.0
2025-06-18 11:05:32.173739,993.4,173694.0,221330.0
2025-06-18 11:05:36.099490,993.5,173925.0,221872.0
2025-06-18 11:05:37.176474,993.5,173925.0,221872.0
2025-06-18 11:05:39.282004,993.4,173925.0,221872.0
2025-06-18 11:05:41.598727,993.4,172587.0,223069.0
2025-06-18 11:05:46.411997,993.4,172786.0,222550.0
2025-06-18 11:05:51.179958,993.35,172786.0,222550.0
2025-06-18 11:05:51.514951,993.35,172764.0,223349.0
2025-06-18 11:05:53.167477,993.35,172764.0,223349.0
2025-06-18 11:05:55.204998,993.3,172764.0,223349.0
2025-06-18 11:05:56.813694,993.3,172238.0,223386.0
2025-06-18 11:06:01.171751,993.3,172238.0,223386.0
2025-06-18 11:06:01.513348,993.2,172081.0,224304.0
2025-06-18 11:06:03.166693,993.2,172081.0,224304.0
2025-06-18 11:06:05.163767,993.2,172081.0,224304.0
2025-06-18 11:06:06.216626,993.2,172471.0,224851.0
2025-06-18 11:06:11.216809,993.2,172403.0,224710.0
2025-06-18 11:06:12.169279,993.2,172403.0,224710.0
2025-06-18 11:06:15.193784,993.2,172403.0,224710.0
2025-06-18 11:06:16.221517,993.0,171992.0,224741.0
2025-06-18 11:06:17.177342,993.0,171992.0,224741.0
2025-06-18 11:06:21.225290,993.2,172040.0,224925.0
2025-06-18 11:06:22.162150,993.2,172040.0,224925.0
2025-06-18 11:06:23.175648,993.2,172040.0,224925.0
2025-06-18 11:06:25.181371,993.2,172040.0,224925.0
2025-06-18 11:06:26.226212,993.2,172085.0,224708.0
2025-06-18 11:06:29.177192,993.0,172085.0,224708.0
2025-06-18 11:06:30.931625,993.2,171804.0,225329.0
2025-06-18 11:06:31.196495,993.2,171804.0,225329.0
2025-06-18 11:06:35.190057,993.2,171804.0,225329.0
2025-06-18 11:06:35.640588,993.2,172134.0,224679.0
2025-06-18 11:06:40.644211,993.3,172382.0,224524.0
2025-06-18 11:06:41.168702,993.3,172382.0,224524.0
2025-06-18 11:06:45.165164,993.25,172382.0,224524.0
2025-06-18 11:06:45.648833,993.25,172217.0,224543.0
2025-06-18 11:06:46.762101,993.25,172217.0,224543.0
2025-06-18 11:06:47.624906,993.25,172217.0,224543.0
2025-06-18 11:06:48.558712,993.25,172217.0,224543.0
2025-06-18 11:06:49.761985,993.25,172217.0,224543.0
2025-06-18 11:06:49.804600,993.25,172217.0,224543.0
2025-06-18 11:06:50.316048,993.25,172217.0,224543.0
2025-06-18 11:06:50.649327,993.25,172526.0,224313.0
2025-06-18 11:06:51.058749,993.25,172526.0,224313.0
2025-06-18 11:06:51.162134,993.25,172526.0,224313.0
2025-06-18 11:06:52.049372,993.25,172526.0,224313.0
2025-06-18 11:06:53.555158,993.25,172526.0,224313.0
2025-06-18 11:06:54.760134,993.25,172526.0,224313.0
2025-06-18 11:06:55.174535,993.25,172526.0,224313.0
2025-06-18 11:06:55.560958,993.25,174570.0,224244.0
2025-06-18 11:06:56.270853,993.25,174570.0,224244.0
2025-06-18 11:06:57.115975,993.25,174570.0,224244.0
2025-06-18 11:06:57.165847,993.25,174570.0,224244.0
2025-06-18 11:06:58.548353,993.25,174570.0,224244.0
2025-06-18 11:06:59.164948,993.25,174570.0,224244.0
2025-06-18 11:06:59.670437,993.25,174570.0,224244.0
2025-06-18 11:07:00.451052,993.25,174545.0,224564.0
2025-06-18 11:07:00.833326,993.25,174545.0,224564.0
2025-06-18 11:07:01.167497,993.25,174545.0,224564.0
2025-06-18 11:07:02.292627,993.25,174545.0,224564.0
2025-06-18 11:07:05.085247,993.25,174545.0,224564.0
2025-06-18 11:07:05.252245,993.25,174604.0,224521.0
2025-06-18 11:07:10.487384,993.25,174604.0,224521.0
2025-06-18 11:07:10.665085,993.25,174308.0,224708.0
2025-06-18 11:07:11.167773,993.25,174308.0,224708.0
2025-06-18 11:07:14.165224,993.25,174308.0,224708.0
2025-06-18 11:07:16.359199,993.3,174296.0,224591.0
2025-06-18 11:07:17.175251,993.3,174296.0,224591.0
2025-06-18 11:07:20.165915,993.25,174296.0,224591.0
2025-06-18 11:07:21.582767,993.25,174297.0,224633.0
2025-06-18 11:07:23.171011,993.25,174297.0,224633.0
2025-06-18 11:07:26.465124,993.25,174948.0,224493.0
2025-06-18 11:07:31.181718,993.3,174948.0,224493.0
2025-06-18 11:07:31.466894,993.3,174986.0,224044.0
2025-06-18 11:07:33.178173,993.3,174986.0,224044.0
2025-06-18 11:07:35.166090,993.3,174986.0,224044.0
2025-06-18 11:07:39.211295,993.25,174986.0,224044.0
2025-06-18 11:07:41.474760,993.25,174373.0,224710.0
2025-06-18 11:07:42.172549,993.25,174373.0,224710.0
2025-06-18 11:07:46.875277,993.25,174471.0,224779.0
2025-06-18 11:07:50.180036,993.25,174471.0,224779.0
2025-06-18 11:07:51.873519,993.25,174539.0,225148.0
2025-06-18 11:07:53.174507,993.25,174539.0,225148.0
2025-06-18 11:07:56.184018,993.25,174539.0,225148.0
2025-06-18 11:07:56.876028,993.25,174642.0,224602.0
2025-06-18 11:08:00.475442,993.25,174642.0,224602.0
2025-06-18 11:08:01.878059,993.25,174323.0,224003.0
2025-06-18 11:08:05.185084,993.3,174323.0,224003.0
2025-06-18 11:08:07.283603,993.3,174426.0,223686.0
2025-06-18 11:08:09.242059,993.3,174426.0,223686.0
2025-06-18 11:08:10.221754,993.3,174426.0,223686.0
2025-06-18 11:08:12.691596,993.25,174280.0,223315.0
2025-06-18 11:08:13.178104,993.25,174280.0,223315.0
2025-06-18 11:08:14.219754,993.25,174280.0,223315.0
2025-06-18 11:08:20.493072,993.25,174112.0,224202.0
2025-06-18 11:08:20.531249,993.25,174112.0,224202.0
2025-06-18 11:08:21.182046,993.0,174112.0,224202.0
2025-06-18 11:08:23.097072,993.2,174395.0,224588.0
2025-06-18 11:08:23.184230,993.2,174395.0,224588.0
2025-06-18 11:08:26.172832,993.2,174395.0,224588.0
2025-06-18 11:08:28.807546,993.2,174440.0,224830.0
2025-06-18 11:08:30.182190,993.2,174440.0,224830.0
2025-06-18 11:08:34.306419,993.2,174446.0,225628.0
2025-06-18 11:08:38.181771,993.2,174446.0,225628.0
2025-06-18 11:08:39.608464,993.2,174928.0,225979.0
2025-06-18 11:08:40.191922,993.2,174928.0,225979.0
2025-06-18 11:08:44.711246,993.2,174410.0,225979.0
2025-06-18 11:08:46.206775,993.2,174410.0,225979.0
2025-06-18 11:08:50.020844,993.2,174845.0,225874.0
2025-06-18 11:08:50.178820,993.2,174845.0,225874.0
2025-06-18 11:08:55.168906,993.0,174845.0,225874.0
2025-06-18 11:08:55.211292,993.0,174248.0,226106.0
2025-06-18 11:09:00.215005,993.2,174263.0,226058.0
2025-06-18 11:09:01.167869,993.2,174263.0,226058.0
2025-06-18 11:09:04.190744,993.2,174263.0,226058.0
2025-06-18 11:09:05.117999,993.2,174865.0,226071.0
2025-06-18 11:09:06.179477,993.2,174865.0,226071.0
2025-06-18 11:09:10.182979,993.2,174865.0,226071.0
2025-06-18 11:09:10.223238,993.2,174893.0,225804.0
2025-06-18 11:09:14.307175,993.2,174893.0,225804.0
2025-06-18 11:09:16.224331,993.2,174917.0,225387.0
2025-06-18 11:09:17.173180,993.25,174917.0,225387.0
2025-06-18 11:09:20.200481,993.25,174917.0,225387.0
2025-06-18 11:09:21.726755,993.25,176092.0,224023.0
2025-06-18 11:09:22.171602,993.25,176092.0,224023.0
2025-06-18 11:09:27.030599,993.25,175899.0,224476.0
2025-06-18 11:09:30.190222,993.05,175899.0,224476.0
2025-06-18 11:09:32.232343,993.05,175484.0,225395.0
2025-06-18 11:09:37.538047,993.05,175302.0,225313.0
2025-06-18 11:09:40.176622,993.15,175302.0,225313.0
2025-06-18 11:09:42.942769,993.15,175512.0,225464.0
2025-06-18 11:09:44.210989,993.15,175512.0,225464.0
2025-06-18 11:09:47.184966,993.15,175512.0,225464.0
2025-06-18 11:09:48.147833,993.15,175724.0,225474.0
2025-06-18 11:09:48.249157,993.15,175724.0,225474.0
2025-06-18 11:09:49.142209,993.15,175724.0,225474.0
2025-06-18 11:09:50.064214,993.15,175724.0,225474.0
2025-06-18 11:09:50.176149,993.15,175724.0,225474.0
2025-06-18 11:09:50.870982,993.15,175724.0,225474.0
2025-06-18 11:09:51.642258,993.15,175724.0,225474.0
2025-06-18 11:09:52.639616,993.15,175724.0,225474.0
2025-06-18 11:09:53.231744,993.15,175724.0,225474.0
2025-06-18 11:09:53.648675,993.15,175891.0,225152.0
2025-06-18 11:09:54.130711,993.15,175891.0,225152.0
2025-06-18 11:09:55.343315,993.15,175891.0,225152.0
2025-06-18 11:09:56.179636,993.25,175891.0,225152.0
2025-06-18 11:09:56.592238,993.25,175891.0,225152.0
2025-06-18 11:09:57.592608,993.25,175891.0,225152.0
2025-06-18 11:09:58.184642,993.25,175891.0,225152.0
2025-06-18 11:09:58.747232,993.25,175588.0,224806.0
2025-06-18 11:09:58.985021,993.25,175588.0,224806.0
2025-06-18 11:10:00.128487,993.25,175588.0,224806.0
2025-06-18 11:10:00.178108,993.25,175588.0,224806.0
2025-06-18 11:10:01.256551,993.25,175588.0,224806.0
2025-06-18 11:10:02.724830,993.25,175588.0,224806.0
2025-06-18 11:10:03.216679,993.25,175588.0,224806.0
2025-06-18 11:10:03.847292,993.25,175703.0,224612.0
2025-06-18 11:10:09.508880,993.25,175969.0,224421.0
2025-06-18 11:10:11.188795,993.25,175969.0,224421.0
2025-06-18 11:10:13.181463,993.25,175969.0,224421.0
2025-06-18 11:10:14.455032,993.25,175970.0,224086.0
2025-06-18 11:10:16.180618,993.25,175970.0,224086.0
2025-06-18 11:10:19.176199,993.25,175970.0,224086.0
2025-06-18 11:10:19.558762,993.25,175693.0,224157.0
2025-06-18 11:10:20.179466,993.25,175693.0,224157.0
2025-06-18 11:10:24.759508,993.25,175758.0,223999.0
2025-06-18 11:10:28.188022,993.25,175758.0,223999.0
2025-06-18 11:10:30.363165,993.2,175344.0,224201.0
2025-06-18 11:10:31.189824,993.15,175344.0,224201.0
2025-06-18 11:10:34.188941,993.2,175344.0,224201.0
2025-06-18 11:10:35.967890,993.15,173723.0,225708.0
2025-06-18 11:10:37.178700,993.15,173723.0,225708.0
2025-06-18 11:10:41.470709,993.15,175103.0,225954.0
2025-06-18 11:10:45.174548,993.05,175103.0,225954.0
2025-06-18 11:10:46.774040,992.35,171739.0,229319.0
2025-06-18 11:10:47.175483,992.35,171739.0,229319.0
2025-06-18 11:10:51.884830,992.35,169857.0,230388.0
2025-06-18 11:10:57.083815,992.35,170657.0,231273.0
2025-06-18 11:11:01.169403,991.95,170657.0,231273.0
2025-06-18 11:11:02.286969,992.05,168263.0,232162.0
2025-06-18 11:11:04.179548,991.65,168263.0,232162.0
2025-06-18 11:11:07.795698,991.65,168168.0,232616.0
2025-06-18 11:11:08.190082,991.65,168168.0,232616.0
2025-06-18 11:11:10.182173,992.05,168168.0,232616.0
2025-06-18 11:11:13.203939,992.05,167799.0,232204.0
2025-06-18 11:11:14.199021,991.65,167799.0,232204.0
2025-06-18 11:11:18.199449,991.9,167799.0,232204.0
2025-06-18 11:11:18.503470,991.9,166813.0,233104.0
2025-06-18 11:11:20.189510,991.9,166813.0,233104.0
2025-06-18 11:11:22.189460,991.85,166813.0,233104.0
2025-06-18 11:11:23.714552,991.65,166929.0,233043.0
2025-06-18 11:11:25.193766,991.65,166929.0,233043.0
2025-06-18 11:11:28.802479,991.65,166978.0,232870.0
2025-06-18 11:11:30.182288,991.9,166978.0,232870.0
2025-06-18 11:11:33.807594,991.9,166759.0,232694.0
2025-06-18 11:11:38.713088,991.9,166765.0,232718.0
2025-06-18 11:11:40.183086,991.9,166765.0,232718.0
2025-06-18 11:11:43.812753,991.9,166872.0,232322.0
2025-06-18 11:11:44.211691,991.9,166872.0,232322.0
2025-06-18 11:11:48.212120,991.9,166872.0,232322.0
2025-06-18 11:11:48.915665,991.9,166670.0,232155.0
2025-06-18 11:11:50.218729,991.9,166670.0,232155.0
2025-06-18 11:11:52.222733,991.9,166670.0,232155.0
2025-06-18 11:11:54.044960,991.9,166903.0,232066.0
2025-06-18 11:11:58.441284,991.9,166903.0,232066.0
2025-06-18 11:11:59.126522,991.9,167542.0,232071.0
2025-06-18 11:12:00.188306,991.9,167542.0,232071.0
2025-06-18 11:12:02.337419,992.35,167542.0,232071.0
2025-06-18 11:12:03.729338,991.8,170310.0,229130.0
2025-06-18 11:12:04.186253,991.8,170310.0,229130.0
2025-06-18 11:12:07.179371,992.6,170310.0,229130.0
2025-06-18 11:12:10.194045,992.7,170310.0,229130.0
2025-06-18 11:12:13.639138,992.7,171274.0,228756.0
2025-06-18 11:12:16.188401,992.7,171274.0,228756.0
2025-06-18 11:12:19.041482,992.7,170179.0,229473.0
2025-06-18 11:12:20.182959,992.55,170179.0,229473.0
2025-06-18 11:12:24.042672,992.6,170099.0,229324.0
2025-06-18 11:12:24.190442,992.6,170099.0,229324.0
2025-06-18 11:12:26.187759,992.6,170099.0,229324.0
2025-06-18 11:12:28.950898,992.6,169939.0,229168.0
2025-06-18 11:12:30.196784,992.55,169939.0,229168.0
2025-06-18 11:12:34.160675,992.45,170238.0,229650.0
2025-06-18 11:12:34.187841,992.45,170238.0,229650.0
2025-06-18 11:12:36.206842,992.35,170238.0,229650.0
2025-06-18 11:12:38.194291,992.3,170238.0,229650.0
2025-06-18 11:12:39.457847,992.3,168255.0,231410.0
2025-06-18 11:12:40.189864,992.0,168255.0,231410.0
2025-06-18 11:12:44.461816,992.0,168096.0,232099.0
2025-06-18 11:12:46.185850,992.0,168096.0,232099.0
2025-06-18 11:12:47.596874,992.0,168096.0,232099.0
2025-06-18 11:12:48.631640,992.0,168096.0,232099.0
2025-06-18 11:12:49.544307,992.0,168096.0,232099.0
2025-06-18 11:12:49.567869,992.15,168996.0,231548.0
2025-06-18 11:12:50.190482,992.15,168996.0,231548.0
2025-06-18 11:12:50.456451,992.15,168996.0,231548.0
2025-06-18 11:12:51.342233,992.15,168996.0,231548.0
2025-06-18 11:12:52.087996,992.15,168996.0,231548.0
2025-06-18 11:12:53.108911,992.15,168996.0,231548.0
2025-06-18 11:12:54.050211,992.15,168996.0,231548.0
2025-06-18 11:12:55.167469,992.15,168721.0,231374.0
2025-06-18 11:12:55.765167,992.15,168721.0,231374.0
2025-06-18 11:12:57.054267,992.15,168721.0,231374.0
2025-06-18 11:12:57.886434,992.15,168721.0,231374.0
2025-06-18 11:12:58.192656,992.05,168721.0,231374.0
2025-06-18 11:12:59.295155,992.05,168721.0,231374.0
2025-06-18 11:13:00.196719,992.15,168721.0,231374.0
2025-06-18 11:13:00.403826,992.15,168721.0,231374.0
2025-06-18 11:13:00.672625,992.15,168680.0,231437.0
2025-06-18 11:13:01.582180,992.15,168680.0,231437.0
2025-06-18 11:13:01.582601,992.15,168659.0,231299.0
2025-06-18 11:13:02.570524,992.15,168692.0,231299.0
2025-06-18 11:13:03.043627,992.15,168692.0,231299.0
2025-06-18 11:13:03.684210,992.15,168672.0,231299.0
2025-06-18 11:13:04.181723,992.15,168672.0,231299.0
2025-06-18 11:13:04.772291,992.15,168666.0,231472.0
2025-06-18 11:13:05.773616,992.15,168678.0,231472.0
2025-06-18 11:13:06.875424,992.15,168654.0,231379.0
2025-06-18 11:13:07.876042,992.15,168758.0,231301.0
2025-06-18 11:13:08.180768,992.15,168758.0,231301.0
2025-06-18 11:13:08.877026,992.15,168738.0,231302.0
2025-06-18 11:13:09.876600,992.15,168735.0,231259.0
2025-06-18 11:13:10.180973,992.15,168735.0,231259.0
2025-06-18 11:13:10.877878,992.0,167121.0,232903.0
2025-06-18 11:13:11.182316,992.0,167121.0,232903.0
2025-06-18 11:13:11.877267,992.0,167157.0,232612.0
2025-06-18 11:13:12.879046,992.0,167210.0,232775.0
2025-06-18 11:13:13.978228,992.0,167286.0,232683.0
2025-06-18 11:13:15.079331,992.0,167327.0,232683.0
2025-06-18 11:13:16.187128,992.0,167446.0,232691.0
2025-06-18 11:13:17.188958,992.0,167485.0,232983.0
2025-06-18 11:13:18.195135,992.0,167321.0,232868.0
2025-06-18 11:13:19.281137,991.95,167596.0,232515.0
2025-06-18 11:13:20.185719,991.95,167596.0,232515.0
2025-06-18 11:13:20.280868,991.95,167614.0,232658.0
2025-06-18 11:13:21.281846,991.95,167638.0,231695.0
2025-06-18 11:13:22.196942,991.95,167723.0,231524.0
2025-06-18 11:13:23.282099,991.95,167245.0,231950.0
2025-06-18 11:13:24.183924,991.35,167245.0,231950.0
2025-06-18 11:13:24.284354,991.35,165956.0,231927.0
2025-06-18 11:13:25.284725,991.35,166736.0,233147.0
2025-06-18 11:13:26.182988,991.9,166736.0,233147.0
2025-06-18 11:13:26.283442,991.9,167052.0,231951.0
2025-06-18 11:13:27.189439,991.9,167034.0,232626.0
2025-06-18 11:13:28.286071,991.9,167034.0,232844.0
2025-06-18 11:13:29.286334,991.9,166973.0,232625.0
2025-06-18 11:13:30.188172,991.9,166973.0,232625.0
2025-06-18 11:13:30.400832,991.9,167156.0,232720.0
2025-06-18 11:13:31.399948,991.9,166976.0,232643.0
2025-06-18 11:13:32.290784,991.9,166920.0,232438.0
2025-06-18 11:13:33.189217,991.9,166920.0,232438.0
2025-06-18 11:13:33.391122,991.9,166740.0,231972.0
2025-06-18 11:13:34.590196,991.9,167202.0,230554.0
2025-06-18 11:13:35.184245,992.1,167202.0,230554.0
2025-06-18 11:13:35.590534,992.1,167477.0,231851.0
2025-06-18 11:13:36.592430,992.1,167634.0,231906.0
2025-06-18 11:13:37.592550,992.1,167333.0,232048.0
2025-06-18 11:13:38.594551,992.1,167552.0,230943.0
2025-06-18 11:13:39.594272,992.15,168563.0,230113.0
2025-06-18 11:13:40.184235,992.15,168563.0,230113.0
2025-06-18 11:13:40.695840,992.25,168528.0,230712.0
2025-06-18 11:13:41.188042,992.25,168528.0,230712.0
2025-06-18 11:13:41.796363,992.25,168535.0,230757.0
2025-06-18 11:13:42.796843,992.25,167960.0,230773.0
2025-06-18 11:13:43.797469,992.25,167966.0,230772.0
2025-06-18 11:13:44.797722,992.25,168005.0,230772.0
2025-06-18 11:13:46.185380,992.25,168005.0,230772.0
2025-06-18 11:13:46.297401,992.25,168005.0,230882.0
2025-06-18 11:13:47.799306,992.25,167818.0,230882.0
2025-06-18 11:13:48.798801,992.3,167892.0,230835.0
2025-06-18 11:13:49.184116,992.3,167892.0,230835.0
2025-06-18 11:13:49.897081,992.3,167768.0,231042.0
2025-06-18 11:13:50.184269,992.3,167768.0,231042.0
2025-06-18 11:13:51.003362,992.3,167768.0,230953.0
2025-06-18 11:13:52.003583,992.3,168037.0,230816.0
2025-06-18 11:13:53.002138,992.3,168454.0,229780.0
2025-06-18 11:13:54.000669,992.3,169275.0,229981.0
2025-06-18 11:13:55.003498,992.3,169291.0,229875.0
2025-06-18 11:13:56.099872,992.4,169775.0,228565.0
2025-06-18 11:13:56.185224,992.4,169775.0,228565.0
2025-06-18 11:13:57.101172,992.4,169958.0,229257.0
2025-06-18 11:13:57.187356,992.4,169958.0,229257.0
2025-06-18 11:13:58.101790,992.4,169666.0,228655.0
2025-06-18 11:13:59.004484,992.4,169781.0,229330.0
2025-06-18 11:14:00.102087,992.5,169257.0,228842.0
2025-06-18 11:14:00.186612,992.5,169257.0,228842.0
2025-06-18 11:14:02.008308,992.5,169877.0,229771.0
2025-06-18 11:14:02.904948,992.5,169947.0,229680.0
2025-06-18 11:14:04.010441,992.5,169982.0,229728.0
2025-06-18 11:14:05.015100,992.5,171251.0,228070.0
2025-06-18 11:14:05.185495,992.5,171251.0,228070.0
2025-06-18 11:14:06.016738,992.5,172498.0,227985.0
2025-06-18 11:14:07.108905,992.5,172485.0,228114.0
2025-06-18 11:14:07.187415,992.7,172485.0,228114.0
2025-06-18 11:14:08.013682,992.7,172399.0,227496.0
2025-06-18 11:14:09.112016,992.7,172396.0,227897.0
2025-06-18 11:14:10.189588,992.45,172396.0,227897.0
2025-06-18 11:14:10.228434,992.45,171315.0,228405.0
2025-06-18 11:14:11.312282,992.45,171224.0,229094.0
2025-06-18 11:14:12.413036,992.6,171149.0,229084.0
2025-06-18 11:14:13.223853,992.6,171149.0,229084.0
2025-06-18 11:14:13.412929,992.6,171041.0,228313.0
2025-06-18 11:14:14.190863,992.6,171041.0,228313.0
2025-06-18 11:14:14.526444,992.6,171404.0,228664.0
2025-06-18 11:14:15.550913,992.6,171397.0,228664.0
2025-06-18 11:14:16.540445,992.6,171397.0,228768.0
2025-06-18 11:14:17.525351,992.6,171336.0,228719.0
2025-06-18 11:14:18.527854,992.6,171353.0,228719.0
2025-06-18 11:14:19.615734,992.6,171377.0,228678.0
2025-06-18 11:14:20.187162,992.6,171377.0,228678.0
2025-06-18 11:14:20.717122,992.6,171436.0,228678.0
2025-06-18 11:14:21.818493,992.6,171448.0,228334.0
2025-06-18 11:14:22.237297,992.6,171448.0,228334.0
2025-06-18 11:14:22.818829,992.6,171652.0,227659.0
2025-06-18 11:14:23.922766,992.6,171774.0,227586.0
2025-06-18 11:14:25.030711,992.6,171926.0,228238.0
2025-06-18 11:14:25.189156,992.6,171926.0,228238.0
2025-06-18 11:14:26.119878,992.7,173051.0,224465.0
2025-06-18 11:14:26.188353,992.7,173051.0,224465.0
2025-06-18 11:14:27.229135,992.7,173490.0,225726.0
2025-06-18 11:14:28.321016,992.7,173558.0,224764.0
2025-06-18 11:14:29.190592,992.65,173558.0,224764.0
2025-06-18 11:14:29.323831,992.95,173292.0,225368.0
2025-06-18 11:14:30.190021,992.95,173292.0,225368.0
2025-06-18 11:14:30.424203,992.95,173366.0,225302.0
2025-06-18 11:14:31.427026,992.95,173256.0,225308.0
2025-06-18 11:14:32.545126,992.95,173297.0,225307.0
2025-06-18 11:14:33.559745,992.95,173735.0,225253.0
2025-06-18 11:14:34.627650,992.95,173707.0,225231.0
2025-06-18 11:14:35.729326,992.95,173689.0,225320.0
2025-06-18 11:14:36.192165,993.0,173689.0,225320.0
2025-06-18 11:14:36.828922,993.0,173732.0,225231.0
2025-06-18 11:14:37.929521,993.0,173751.0,225181.0
2025-06-18 11:14:38.190123,993.0,173751.0,225181.0
2025-06-18 11:14:39.543731,993.0,173845.0,224974.0
2025-06-18 11:14:40.188417,993.0,173845.0,224974.0
2025-06-18 11:14:40.632941,993.0,173824.0,225051.0
2025-06-18 11:14:41.731738,993.0,173464.0,225051.0
2025-06-18 11:14:42.833861,993.0,173440.0,224956.0
2025-06-18 11:14:43.834953,993.0,173327.0,225260.0
2025-06-18 11:14:44.832926,993.0,173400.0,225259.0
2025-06-18 11:14:45.836414,993.0,173435.0,225188.0
2025-06-18 11:14:46.191939,993.0,173435.0,225188.0
2025-06-18 11:14:46.838092,993.0,173454.0,225208.0
2025-06-18 11:14:47.838946,993.0,173140.0,225220.0
2025-06-18 11:14:48.839281,993.0,173174.0,225313.0
2025-06-18 11:14:49.940660,993.0,173452.0,224988.0
2025-06-18 11:14:50.190481,993.0,173452.0,224988.0
2025-06-18 11:14:51.055184,993.0,173464.0,224989.0
2025-06-18 11:14:52.545174,993.0,173464.0,224988.0
2025-06-18 11:14:54.551932,993.0,173959.0,224497.0
2025-06-18 11:14:55.188728,993.0,173959.0,224497.0
2025-06-18 11:14:55.551022,993.0,174033.0,224687.0
2025-06-18 11:14:56.193137,993.0,174033.0,224687.0
2025-06-18 11:14:56.552536,993.0,173738.0,224785.0
2025-06-18 11:14:57.650232,993.0,173748.0,225102.0
2025-06-18 11:14:58.210812,992.85,173748.0,225102.0
2025-06-18 11:14:58.647719,992.85,173926.0,225201.0
2025-06-18 11:14:59.748205,993.0,174024.0,224753.0
2025-06-18 11:15:00.190041,993.0,174024.0,224753.0
2025-06-18 11:15:00.851217,993.0,174058.0,224753.0
2025-06-18 11:15:02.453618,993.0,174105.0,224821.0
2025-06-18 11:15:04.198851,993.0,174105.0,224821.0
2025-06-18 11:15:07.754222,992.85,173904.0,225921.0
2025-06-18 11:15:08.197963,992.85,173904.0,225921.0
2025-06-18 11:15:10.514165,992.95,173904.0,225921.0
2025-06-18 11:15:12.200359,992.95,173904.0,225921.0
2025-06-18 11:15:12.960640,992.95,173919.0,225775.0
2025-06-18 11:15:14.209946,992.95,173919.0,225775.0
2025-06-18 11:15:17.959995,992.95,173891.0,225873.0
2025-06-18 11:15:20.203121,992.85,173891.0,225873.0
2025-06-18 11:15:22.864336,992.65,173961.0,225805.0
2025-06-18 11:15:23.195611,992.65,173961.0,225805.0
2025-06-18 11:15:28.171535,992.65,173465.0,226329.0
2025-06-18 11:15:28.209729,992.65,173465.0,226329.0
2025-06-18 11:15:31.196700,992.95,173465.0,226329.0
2025-06-18 11:15:32.202462,993.0,173465.0,226329.0
2025-06-18 11:15:33.771357,993.0,173742.0,226647.0
2025-06-18 11:15:39.193359,993.0,173983.0,226516.0
2025-06-18 11:15:40.201159,993.0,173983.0,226516.0
2025-06-18 11:15:42.231309,993.0,173983.0,226516.0
2025-06-18 11:15:44.184310,992.95,173574.0,226429.0
2025-06-18 11:15:44.206687,992.95,173574.0,226429.0
2025-06-18 11:15:47.196819,992.95,173574.0,226429.0
2025-06-18 11:15:48.078651,992.95,173574.0,226429.0
2025-06-18 11:15:48.205475,992.95,173574.0,226429.0
2025-06-18 11:15:49.102762,992.95,173574.0,226429.0
2025-06-18 11:15:49.703730,992.95,173749.0,226328.0
2025-06-18 11:15:50.005484,992.95,173749.0,226328.0
2025-06-18 11:15:50.207297,992.95,173749.0,226328.0
2025-06-18 11:15:50.946641,992.95,173749.0,226328.0
2025-06-18 11:15:51.786724,992.95,173749.0,226328.0
2025-06-18 11:15:52.202462,992.95,173749.0,226328.0
2025-06-18 11:15:52.572532,992.95,173749.0,226328.0
2025-06-18 11:15:53.578663,992.95,173749.0,226328.0
2025-06-18 11:15:54.137901,992.95,173749.0,226328.0
2025-06-18 11:15:55.042785,992.95,173749.0,226328.0
2025-06-18 11:15:55.087253,992.95,173829.0,225290.0
2025-06-18 11:15:55.405105,992.95,173829.0,225290.0
2025-06-18 11:15:56.205217,993.0,173829.0,225290.0
2025-06-18 11:15:56.304624,993.0,173829.0,225290.0
2025-06-18 11:15:57.557112,993.0,173829.0,225290.0
2025-06-18 11:15:58.426760,993.0,173829.0,225290.0
2025-06-18 11:16:00.127672,993.0,173829.0,225290.0
2025-06-18 11:16:00.199860,992.85,173829.0,225290.0
2025-06-18 11:16:00.285499,992.85,174064.0,225907.0
2025-06-18 11:16:01.253727,992.85,174064.0,225907.0
2025-06-18 11:16:02.405668,992.85,174064.0,225907.0
2025-06-18 11:16:03.884833,992.85,174064.0,225907.0
2025-06-18 11:16:04.200915,993.0,174064.0,225907.0
2025-06-18 11:16:05.590995,993.0,173535.0,226008.0
2025-06-18 11:16:06.204648,993.0,173535.0,226008.0
2025-06-18 11:16:08.732362,992.85,173535.0,226008.0
2025-06-18 11:16:10.795870,992.85,172153.0,226878.0
2025-06-18 11:16:14.202780,992.05,172153.0,226878.0
2025-06-18 11:16:16.397512,992.05,170096.0,231420.0
2025-06-18 11:16:20.208625,992.35,170096.0,231420.0
2025-06-18 11:16:21.501031,992.3,172058.0,227373.0
2025-06-18 11:16:22.215083,992.3,172058.0,227373.0
2025-06-18 11:16:26.206466,992.45,172058.0,227373.0
2025-06-18 11:16:26.624248,992.45,172256.0,229221.0
2025-06-18 11:16:30.232377,992.45,172256.0,229221.0
2025-06-18 11:16:31.510484,992.45,171673.0,228931.0
2025-06-18 11:16:32.208479,992.45,171673.0,228931.0
2025-06-18 11:16:34.235746,992.45,171673.0,228931.0
2025-06-18 11:16:36.813697,992.55,171095.0,229541.0
2025-06-18 11:16:37.200178,992.55,171095.0,229541.0
2025-06-18 11:16:38.240403,992.45,171095.0,229541.0
2025-06-18 11:16:40.330982,992.55,171095.0,229541.0
2025-06-18 11:16:42.016555,992.55,171415.0,229284.0
2025-06-18 11:16:42.213488,992.55,171415.0,229284.0
2025-06-18 11:16:46.209671,992.55,171415.0,229284.0
2025-06-18 11:16:47.217473,992.55,171490.0,228888.0
2025-06-18 11:16:50.211595,992.55,171490.0,228888.0
2025-06-18 11:16:52.225850,992.55,171604.0,228824.0
2025-06-18 11:16:55.208000,992.3,171604.0,228824.0
2025-06-18 11:16:57.425874,992.3,169309.0,231613.0
2025-06-18 11:17:02.215107,992.15,169309.0,231613.0
2025-06-18 11:17:04.215450,992.15,169309.0,231613.0
2025-06-18 11:17:07.635119,992.15,169707.0,230262.0
2025-06-18 11:17:08.242967,992.15,169707.0,230262.0
2025-06-18 11:17:10.217012,992.1,169707.0,230262.0
2025-06-18 11:17:12.734434,992.1,169711.0,231325.0
2025-06-18 11:17:13.204952,992.1,169711.0,231325.0
2025-06-18 11:17:17.833867,992.1,169746.0,231728.0
2025-06-18 11:17:20.216950,992.05,169746.0,231728.0
2025-06-18 11:17:22.215045,992.05,169746.0,231728.0
2025-06-18 11:17:23.041059,992.05,170549.0,230661.0
2025-06-18 11:17:26.214212,992.2,170549.0,230661.0
2025-06-18 11:17:28.146334,992.2,169694.0,231159.0
2025-06-18 11:17:30.215255,992.15,169694.0,231159.0
2025-06-18 11:17:32.215981,992.2,169694.0,231159.0
2025-06-18 11:17:33.245763,992.2,169666.0,231115.0
2025-06-18 11:17:36.216892,991.85,169666.0,231115.0
2025-06-18 11:17:38.251264,992.15,169593.0,231944.0
2025-06-18 11:17:40.217967,992.15,169593.0,231944.0
2025-06-18 11:17:43.454516,992.15,169748.0,231898.0
2025-06-18 11:17:46.220525,991.95,169748.0,231898.0
2025-06-18 11:17:48.216437,991.95,169748.0,231898.0
2025-06-18 11:17:48.255321,991.95,169140.0,233658.0
2025-06-18 11:17:50.220286,991.9,169140.0,233658.0
2025-06-18 11:17:52.214475,991.95,169140.0,233658.0
2025-06-18 11:17:52.968190,991.95,169189.0,233023.0
2025-06-18 11:17:56.212599,991.55,169189.0,233023.0
2025-06-18 11:17:57.568681,991.95,169208.0,232593.0
2025-06-18 11:17:58.213099,991.95,169208.0,232593.0
2025-06-18 11:18:00.239641,991.95,169208.0,232593.0
2025-06-18 11:18:02.167179,991.95,168939.0,232593.0
2025-06-18 11:18:04.219832,991.9,168939.0,232593.0
2025-06-18 11:18:06.220723,991.8,168939.0,232593.0
2025-06-18 11:18:06.967680,991.8,169506.0,232832.0
2025-06-18 11:18:10.493523,991.8,169506.0,232832.0
2025-06-18 11:18:14.207730,991.35,169506.0,232832.0
2025-06-18 11:18:17.212114,991.3,169506.0,232832.0
2025-06-18 11:18:17.773983,991.3,165476.0,235071.0
2025-06-18 11:18:20.213380,991.3,165476.0,235071.0
2025-06-18 11:18:23.479479,991.3,164651.0,238020.0
2025-06-18 11:18:28.591869,991.1,164608.0,234535.0
2025-06-18 11:18:29.235528,991.1,164608.0,234535.0
2025-06-18 11:18:33.786841,991.1,164977.0,235689.0
2025-06-18 11:18:38.890190,991.1,164591.0,236887.0
2025-06-18 11:18:41.215868,991.2,164591.0,236887.0
2025-06-18 11:18:43.787359,991.2,164558.0,237103.0
2025-06-18 11:18:47.236670,991.2,164558.0,237103.0
2025-06-18 11:18:48.390445,991.2,164593.0,237068.0
2025-06-18 11:18:48.504742,991.2,164593.0,237068.0
2025-06-18 11:18:49.596670,991.2,164593.0,237068.0
2025-06-18 11:18:50.474489,991.2,164593.0,237068.0
2025-06-18 11:18:51.214464,991.2,164593.0,237068.0
2025-06-18 11:18:51.410199,991.2,164593.0,237068.0
2025-06-18 11:18:52.261831,991.2,164593.0,237068.0
2025-06-18 11:18:53.046714,991.2,164593.0,237068.0
2025-06-18 11:18:53.102633,991.2,164062.0,237460.0
2025-06-18 11:18:53.217661,991.2,164062.0,237460.0
2025-06-18 11:18:54.062084,991.2,164062.0,237460.0
2025-06-18 11:18:55.042443,991.2,164062.0,237460.0
2025-06-18 11:18:56.792394,991.2,164062.0,237460.0
2025-06-18 11:18:57.219139,991.2,164062.0,237460.0
2025-06-18 11:18:57.893223,991.2,164121.0,237121.0
2025-06-18 11:18:58.067612,991.2,164121.0,237121.0
2025-06-18 11:19:00.319677,991.2,164121.0,237121.0
2025-06-18 11:19:01.222016,991.2,164121.0,237121.0
2025-06-18 11:19:01.572341,991.2,164121.0,237121.0
2025-06-18 11:19:02.695950,991.2,164519.0,236991.0
2025-06-18 11:19:02.716651,991.2,164519.0,236991.0
2025-06-18 11:19:04.189455,991.2,164519.0,236991.0
2025-06-18 11:19:05.221101,991.2,164519.0,236991.0
2025-06-18 11:19:08.300158,991.2,164732.0,237066.0
2025-06-18 11:19:11.215225,991.05,164732.0,237066.0
2025-06-18 11:19:13.302493,991.05,164951.0,237559.0
2025-06-18 11:19:17.222485,991.1,164951.0,237559.0
2025-06-18 11:19:18.508709,991.05,166077.0,235607.0
2025-06-18 11:19:19.219995,991.05,166077.0,235607.0
2025-06-18 11:19:21.219731,991.05,166077.0,235607.0
2025-06-18 11:19:23.909880,991.05,165359.0,236454.0
2025-06-18 11:19:27.222947,991.25,165359.0,236454.0
2025-06-18 11:19:28.811488,991.25,165556.0,237116.0
2025-06-18 11:19:31.220558,991.4,165556.0,237116.0
2025-06-18 11:19:33.816774,991.4,165756.0,236788.0
2025-06-18 11:19:38.619675,991.4,165911.0,236404.0
2025-06-18 11:19:39.230107,991.4,165911.0,236404.0
2025-06-18 11:19:41.219480,991.4,165911.0,236404.0
2025-06-18 11:19:43.632284,991.4,166181.0,236457.0
2025-06-18 11:19:48.628413,991.4,167110.0,235390.0
2025-06-18 11:19:49.281561,991.4,167110.0,235390.0
2025-06-18 11:19:51.260495,991.55,167110.0,235390.0
2025-06-18 11:19:53.930539,991.55,166134.0,235270.0
2025-06-18 11:19:57.220766,991.55,166134.0,235270.0
2025-06-18 11:20:00.485651,991.55,166134.0,235270.0
2025-06-18 11:20:00.487043,991.55,166136.0,235174.0
2025-06-18 11:20:01.230487,991.15,166136.0,235174.0
2025-06-18 11:20:04.237553,991.15,165981.0,236068.0
2025-06-18 11:20:09.045902,991.15,166350.0,236070.0
2025-06-18 11:20:10.219546,991.4,166350.0,236070.0
2025-06-18 11:20:13.549170,991.4,166325.0,236168.0
2025-06-18 11:20:18.250956,991.4,166026.0,236229.0
2025-06-18 11:20:20.221949,991.5,166026.0,236229.0
2025-06-18 11:20:23.258567,991.5,166229.0,235199.0
2025-06-18 11:20:28.459229,991.5,166112.0,235263.0
2025-06-18 11:20:29.225930,991.55,166112.0,235263.0
2025-06-18 11:20:30.225648,991.55,166112.0,235263.0
2025-06-18 11:20:33.461150,991.55,165952.0,236766.0
2025-06-18 11:20:38.221153,991.4,165952.0,236766.0
2025-06-18 11:20:38.266334,991.4,166103.0,236262.0
2025-06-18 11:20:40.229323,991.4,166103.0,236262.0
2025-06-18 11:20:42.221430,991.4,166103.0,236262.0
2025-06-18 11:20:43.184159,991.4,166223.0,236336.0
2025-06-18 11:20:47.296236,991.4,166223.0,236336.0
2025-06-18 11:20:48.070934,991.4,166356.0,236113.0
2025-06-18 11:20:50.226434,991.4,166356.0,236113.0
2025-06-18 11:20:53.074522,991.4,166352.0,236225.0
2025-06-18 11:20:56.260083,991.4,166352.0,236225.0
2025-06-18 11:20:58.176571,991.4,166524.0,236254.0
2025-06-18 11:21:00.223636,991.4,166524.0,236254.0
2025-06-18 11:21:02.217705,991.4,166524.0,236254.0
2025-06-18 11:21:02.778088,991.4,165921.0,236406.0
2025-06-18 11:21:05.224276,991.4,165921.0,236406.0
2025-06-18 11:21:07.679913,991.4,165983.0,236331.0
2025-06-18 11:21:10.219860,991.4,165983.0,236331.0
2025-06-18 11:21:12.485905,991.4,165994.0,236499.0
2025-06-18 11:21:13.252694,991.4,165994.0,236499.0
2025-06-18 11:21:16.233850,991.45,165994.0,236499.0
2025-06-18 11:21:17.195449,991.45,166095.0,236288.0
2025-06-18 11:21:19.220338,991.1,166095.0,236288.0
2025-06-18 11:21:21.990261,991.1,165832.0,236526.0
2025-06-18 11:21:23.219421,991.35,165832.0,236526.0
2025-06-18 11:21:25.227292,991.4,165832.0,236526.0
2025-06-18 11:21:27.096947,991.4,165691.0,236716.0
2025-06-18 11:21:29.220618,991.4,165691.0,236716.0
2025-06-18 11:21:30.221517,991.4,165691.0,236716.0
2025-06-18 11:21:32.194058,991.4,165861.0,236871.0
2025-06-18 11:21:32.219638,991.4,165861.0,236871.0
2025-06-18 11:21:37.197252,991.4,165949.0,236871.0
2025-06-18 11:21:38.229507,991.4,165949.0,236871.0
2025-06-18 11:21:40.223699,991.4,165949.0,236871.0
2025-06-18 11:21:41.636817,991.4,166086.0,236909.0
2025-06-18 11:21:44.226690,991.4,166086.0,236909.0
2025-06-18 11:21:46.237347,991.4,166086.0,236909.0
2025-06-18 11:21:46.304491,991.4,166058.0,236732.0
2025-06-18 11:21:49.087719,991.4,166058.0,236732.0
2025-06-18 11:21:50.221947,991.4,166058.0,236732.0
2025-06-18 11:21:50.229330,991.4,166058.0,236732.0
2025-06-18 11:21:51.091922,991.4,166058.0,236732.0
2025-06-18 11:21:51.200501,991.4,165838.0,236721.0
2025-06-18 11:21:52.591054,991.4,165838.0,236721.0
2025-06-18 11:21:52.856598,991.4,165838.0,236721.0
2025-06-18 11:21:53.664827,991.4,165838.0,236721.0
2025-06-18 11:21:54.226112,991.25,165838.0,236721.0
2025-06-18 11:21:54.671344,991.25,165838.0,236721.0
2025-06-18 11:21:55.222752,991.25,165838.0,236721.0
2025-06-18 11:21:56.127716,991.25,165838.0,236721.0
2025-06-18 11:21:56.213157,991.3,165836.0,236720.0
2025-06-18 11:21:56.221783,991.3,165836.0,236720.0
2025-06-18 11:21:56.486896,991.3,165836.0,236720.0
2025-06-18 11:21:57.370419,991.3,165836.0,236720.0
2025-06-18 11:21:58.706259,991.3,165836.0,236720.0
2025-06-18 11:21:59.514042,991.3,165836.0,236720.0
2025-06-18 11:22:00.227941,991.3,165836.0,236720.0
2025-06-18 11:22:00.914266,991.3,165836.0,236720.0
2025-06-18 11:22:01.314754,991.3,165959.0,236737.0
2025-06-18 11:22:02.024143,991.3,165959.0,236737.0
2025-06-18 11:22:02.227869,991.0,165959.0,236737.0
2025-06-18 11:22:03.398433,991.0,165959.0,236737.0
2025-06-18 11:22:05.229711,991.0,165959.0,236737.0
2025-06-18 11:22:06.129426,991.0,165939.0,236781.0
2025-06-18 11:22:10.223771,991.3,165939.0,236781.0
2025-06-18 11:22:11.307846,991.3,165779.0,236983.0
2025-06-18 11:22:12.227788,991.3,165779.0,236983.0
2025-06-18 11:22:16.325296,991.2,165814.0,236823.0
2025-06-18 11:22:17.255044,991.2,165814.0,236823.0
2025-06-18 11:22:20.231071,991.2,165814.0,236823.0
2025-06-18 11:22:21.329184,991.2,165782.0,236777.0
2025-06-18 11:22:26.239289,991.2,165969.0,236860.0
2025-06-18 11:22:30.227551,991.3,165969.0,236860.0
2025-06-18 11:22:31.033191,991.3,165778.0,236246.0
2025-06-18 11:22:36.032016,991.3,165465.0,236906.0
2025-06-18 11:22:38.256811,991.3,165465.0,236906.0
2025-06-18 11:22:40.352989,991.3,165465.0,236906.0
2025-06-18 11:22:46.233300,991.3,165465.0,236906.0
2025-06-18 11:22:46.343029,991.3,165638.0,236547.0
2025-06-18 11:22:47.227262,991.3,165638.0,236547.0
2025-06-18 11:22:50.231680,991.3,165638.0,236547.0
2025-06-18 11:22:51.663434,991.3,165610.0,236766.0
2025-06-18 11:22:53.234374,991.3,165610.0,236766.0
2025-06-18 11:22:55.236563,991.2,165610.0,236766.0
2025-06-18 11:22:56.453277,991.2,165716.0,236591.0
2025-06-18 11:23:00.238391,991.3,165716.0,236591.0
2025-06-18 11:23:01.055012,991.3,164845.0,236335.0
2025-06-18 11:23:01.258893,991.2,164845.0,236335.0
2025-06-18 11:23:04.229013,991.4,164845.0,236335.0
2025-06-18 11:23:06.060661,991.4,164662.0,236047.0
2025-06-18 11:23:10.230191,991.4,164662.0,236047.0
2025-06-18 11:23:11.060671,991.4,164501.0,236458.0
2025-06-18 11:23:11.237306,991.4,164501.0,236458.0
2025-06-18 11:23:15.237101,990.8,164501.0,236458.0
2025-06-18 11:23:15.859602,991.15,161359.0,237211.0
2025-06-18 11:23:18.236879,991.15,161359.0,237211.0
2025-06-18 11:23:21.365081,991.15,162295.0,237977.0
2025-06-18 11:23:26.867935,991.05,162866.0,238602.0
2025-06-18 11:23:27.238273,991.05,162866.0,238602.0
2025-06-18 11:23:29.256093,991.1,162866.0,238602.0
2025-06-18 11:23:31.282411,991.05,162866.0,238602.0
2025-06-18 11:23:32.193584,991.05,162779.0,238230.0
2025-06-18 11:23:35.235249,991.1,162779.0,238230.0
2025-06-18 11:23:37.240217,991.2,162779.0,238230.0
2025-06-18 11:23:37.383564,991.2,163476.0,237382.0
2025-06-18 11:23:41.249075,991.2,163476.0,237382.0
2025-06-18 11:23:42.280035,991.2,163803.0,237315.0
2025-06-18 11:23:43.239720,991.15,163803.0,237315.0
2025-06-18 11:23:45.238292,991.15,163803.0,237315.0
2025-06-18 11:23:47.207544,990.7,162551.0,237575.0
2025-06-18 11:23:47.250228,990.7,162551.0,237575.0
2025-06-18 11:23:51.244040,991.05,162551.0,237575.0
2025-06-18 11:23:51.985776,991.05,163053.0,237813.0
2025-06-18 11:23:55.241905,991.1,163053.0,237813.0
2025-06-18 11:23:56.695923,991.05,162561.0,237715.0
2025-06-18 11:23:58.254856,991.05,162561.0,237715.0
2025-06-18 11:24:01.240233,991.1,162561.0,237715.0
2025-06-18 11:24:01.797567,991.1,162660.0,238334.0
2025-06-18 11:24:03.240578,991.1,162660.0,238334.0
2025-06-18 11:24:06.270353,991.1,162660.0,238334.0
2025-06-18 11:24:06.702852,991.1,163033.0,238141.0
2025-06-18 11:24:11.249390,991.1,163033.0,238141.0
2025-06-18 11:24:11.598411,991.1,163268.0,237963.0
2025-06-18 11:24:13.239500,990.8,163268.0,237963.0
2025-06-18 11:24:17.289594,990.8,161665.0,239834.0
2025-06-18 11:24:21.275023,990.95,161665.0,239834.0
2025-06-18 11:24:21.499328,990.95,162235.0,239453.0
2025-06-18 11:24:26.721831,990.3,159381.0,240168.0
2025-06-18 11:24:27.256859,990.6,159381.0,240168.0
2025-06-18 11:24:29.250469,990.65,159381.0,240168.0
2025-06-18 11:24:36.610152,990.65,159982.0,239883.0
2025-06-18 11:24:41.238754,990.25,159982.0,239883.0
2025-06-18 11:24:41.508598,990.25,160242.0,239838.0
2025-06-18 11:24:43.236915,990.65,160242.0,239838.0
2025-06-18 11:24:46.510122,990.65,160377.0,239642.0
2025-06-18 11:24:49.527032,990.65,160377.0,239642.0
2025-06-18 11:24:50.604289,990.65,160377.0,239642.0
2025-06-18 11:24:51.518143,990.65,160377.0,239642.0
2025-06-18 11:24:52.230669,990.85,160377.0,239642.0
2025-06-18 11:24:52.447423,990.85,160377.0,239642.0
2025-06-18 11:24:53.273446,990.85,160377.0,239642.0
2025-06-18 11:24:54.051529,990.85,160377.0,239642.0
2025-06-18 11:24:55.095973,990.85,160377.0,239642.0
2025-06-18 11:24:56.062098,990.85,160377.0,239642.0
2025-06-18 11:24:56.420408,990.85,162337.0,238626.0
2025-06-18 11:24:56.532069,990.85,162337.0,238626.0
2025-06-18 11:24:57.792040,990.85,162337.0,238626.0
2025-06-18 11:24:59.039954,990.85,162337.0,238626.0
2025-06-18 11:25:01.221553,990.75,161648.0,239034.0
2025-06-18 11:25:01.236238,990.75,161648.0,239034.0
2025-06-18 11:25:01.294504,990.75,161648.0,239034.0
2025-06-18 11:25:02.423455,990.75,161648.0,239034.0
2025-06-18 11:25:03.240654,990.8,161648.0,239034.0
2025-06-18 11:25:03.558775,990.8,161648.0,239034.0
2025-06-18 11:25:05.024104,990.8,161648.0,239034.0
2025-06-18 11:25:06.430864,990.8,161592.0,238957.0
2025-06-18 11:25:10.228124,990.8,161592.0,238957.0
2025-06-18 11:25:12.008509,990.8,161511.0,238546.0
2025-06-18 11:25:13.260758,990.2,161511.0,238546.0
2025-06-18 11:25:17.333652,990.2,161484.0,238398.0
2025-06-18 11:25:19.234344,990.8,161484.0,238398.0
2025-06-18 11:25:21.232959,990.8,161484.0,238398.0
2025-06-18 11:25:22.720839,990.8,161865.0,239351.0
2025-06-18 11:25:27.238155,990.85,161865.0,239351.0
2025-06-18 11:25:27.804750,990.85,162467.0,239005.0
2025-06-18 11:25:31.238217,990.85,162467.0,239005.0
2025-06-18 11:25:32.544871,990.85,162459.0,239018.0
2025-06-18 11:25:33.238935,990.45,162459.0,239018.0
2025-06-18 11:25:37.241635,990.75,162459.0,239018.0
2025-06-18 11:25:37.652922,990.75,161083.0,238834.0
2025-06-18 11:25:41.230663,990.75,161083.0,238834.0
2025-06-18 11:25:42.346751,990.75,162107.0,239032.0
2025-06-18 11:25:43.237044,990.5,162107.0,239032.0
2025-06-18 11:25:45.235207,990.75,162107.0,239032.0
2025-06-18 11:25:47.159600,990.75,161716.0,238933.0
2025-06-18 11:25:51.237668,990.85,161716.0,238933.0
2025-06-18 11:25:52.449768,990.85,161015.0,239436.0
2025-06-18 11:25:53.242921,990.75,161015.0,239436.0
2025-06-18 11:25:55.247207,990.8,161015.0,239436.0
2025-06-18 11:25:57.662798,990.8,162073.0,239330.0
2025-06-18 11:26:01.248953,990.85,162073.0,239330.0
2025-06-18 11:26:02.952403,990.95,164054.0,238886.0
2025-06-18 11:26:03.260241,990.95,164054.0,238886.0
2025-06-18 11:26:05.258597,990.95,164054.0,238886.0
2025-06-18 11:26:08.091431,990.95,164184.0,238903.0
2025-06-18 11:26:08.248032,990.95,164184.0,238903.0
2025-06-18 11:26:12.245407,990.95,164184.0,238903.0
2025-06-18 11:26:12.864543,990.95,164332.0,238765.0
2025-06-18 11:26:17.233683,990.95,164332.0,238765.0
2025-06-18 11:26:17.768867,990.95,164233.0,238880.0
2025-06-18 11:26:21.294861,990.95,164233.0,238880.0
2025-06-18 11:26:22.682435,990.95,164470.0,238718.0
2025-06-18 11:26:23.272958,990.95,164470.0,238718.0
2025-06-18 11:26:27.470099,990.95,164856.0,238047.0
2025-06-18 11:26:31.240023,990.95,164856.0,238047.0
2025-06-18 11:26:32.574683,990.95,165040.0,237859.0
2025-06-18 11:26:35.267463,990.9,165040.0,237859.0
2025-06-18 11:26:37.278679,990.9,165091.0,238800.0
2025-06-18 11:26:38.240278,990.9,165091.0,238800.0
2025-06-18 11:26:39.276881,990.9,165091.0,238800.0
2025-06-18 11:26:42.236706,990.75,165091.0,238800.0
2025-06-18 11:26:47.692084,990.9,165188.0,239250.0
2025-06-18 11:26:49.246140,990.9,165188.0,239250.0
2025-06-18 11:26:51.239051,990.9,165188.0,239250.0
2025-06-18 11:26:52.586454,990.9,165948.0,239386.0
2025-06-18 11:26:53.247149,990.9,165948.0,239386.0
2025-06-18 11:26:57.589575,990.9,165921.0,239014.0
2025-06-18 11:26:58.249869,990.9,165921.0,239014.0
2025-06-18 11:27:01.245281,990.9,165921.0,239014.0
2025-06-18 11:27:02.898202,990.9,165879.0,239127.0
2025-06-18 11:27:03.242210,990.9,165879.0,239127.0
2025-06-18 11:27:05.260104,990.95,165879.0,239127.0
2025-06-18 11:27:07.797054,990.95,165996.0,239846.0
2025-06-18 11:27:12.233655,990.9,165996.0,239846.0
2025-06-18 11:27:12.803504,990.9,165868.0,240012.0
2025-06-18 11:27:13.246260,990.9,165868.0,240012.0
2025-06-18 11:27:17.257005,990.9,165868.0,240012.0
2025-06-18 11:27:17.731369,990.9,166043.0,239918.0
2025-06-18 11:27:20.479496,990.9,166043.0,239918.0
2025-06-18 11:27:21.260991,990.9,166043.0,239918.0
2025-06-18 11:27:22.511142,990.9,166041.0,239919.0
2025-06-18 11:27:24.261605,991.25,166041.0,239919.0
2025-06-18 11:27:27.303415,991.05,166041.0,239919.0
2025-06-18 11:27:27.408474,991.05,168292.0,236116.0
2025-06-18 11:27:32.265699,991.55,168292.0,236116.0
2025-06-18 11:27:32.513363,991.55,169788.0,234367.0
2025-06-18 11:27:35.262722,991.75,169788.0,234367.0
2025-06-18 11:27:37.815696,991.75,169608.0,234205.0
2025-06-18 11:27:39.246042,991.75,169608.0,234205.0
2025-06-18 11:27:42.248295,991.8,169608.0,234205.0
2025-06-18 11:27:42.816172,991.8,169195.0,235006.0
2025-06-18 11:27:47.245219,991.7,169195.0,235006.0
2025-06-18 11:27:49.123993,991.7,169342.0,235059.0
2025-06-18 11:27:49.915932,991.7,169342.0,235059.0
2025-06-18 11:27:51.006760,991.7,169342.0,235059.0
2025-06-18 11:27:51.244021,991.7,169342.0,235059.0
2025-06-18 11:27:51.925692,991.7,169342.0,235059.0
2025-06-18 11:27:52.855206,991.7,169342.0,235059.0
2025-06-18 11:27:53.766541,991.7,169342.0,235059.0
2025-06-18 11:27:54.495852,991.7,169342.0,235059.0
2025-06-18 11:27:54.722884,991.75,169504.0,234962.0
2025-06-18 11:27:55.248383,991.75,169504.0,234962.0
2025-06-18 11:27:55.515132,991.75,169504.0,234962.0
2025-06-18 11:27:56.069405,991.75,169504.0,234962.0
2025-06-18 11:27:57.348725,991.75,169504.0,234962.0
2025-06-18 11:27:58.259186,991.75,169504.0,234962.0
2025-06-18 11:27:58.268279,991.75,169504.0,234962.0
2025-06-18 11:27:59.463162,991.75,169504.0,234962.0
2025-06-18 11:27:59.734047,991.8,169531.0,234121.0
2025-06-18 11:28:00.323040,991.8,169531.0,234121.0
2025-06-18 11:28:01.242254,991.8,169531.0,234121.0
2025-06-18 11:28:01.731503,991.8,169531.0,234121.0
2025-06-18 11:28:01.828658,991.8,169483.0,234747.0
2025-06-18 11:28:02.237403,991.8,169483.0,234747.0
2025-06-18 11:28:02.856756,991.8,169483.0,234747.0
2025-06-18 11:28:02.925315,991.8,169963.0,234636.0
2025-06-18 11:28:03.927093,991.8,169913.0,234630.0
2025-06-18 11:28:03.980623,991.8,169913.0,234630.0
2025-06-18 11:28:04.929297,991.8,169920.0,234630.0
2025-06-18 11:28:05.606705,991.8,169920.0,234630.0
2025-06-18 11:28:05.933070,991.8,169707.0,234639.0
2025-06-18 11:28:06.931396,991.8,169771.0,234689.0
2025-06-18 11:28:07.930945,991.8,169725.0,235373.0
2025-06-18 11:28:10.482214,991.8,169801.0,235391.0
2025-06-18 11:28:10.486558,991.8,169801.0,235391.0
2025-06-18 11:28:10.521544,991.8,168883.0,234045.0
2025-06-18 11:28:10.522724,991.8,168883.0,234045.0
2025-06-18 11:28:11.136927,991.8,169438.0,235135.0
2025-06-18 11:28:12.233361,991.8,169531.0,235021.0
2025-06-18 11:28:13.239101,991.8,169640.0,235009.0
2025-06-18 11:28:14.245725,991.9,169640.0,235009.0
2025-06-18 11:28:14.332363,991.9,169985.0,234820.0
2025-06-18 11:28:15.243467,991.9,169880.0,234746.0
2025-06-18 11:28:16.136714,991.9,169898.0,234673.0
2025-06-18 11:28:17.239221,991.8,169898.0,234673.0
2025-06-18 11:28:17.247187,991.8,169340.0,235518.0
2025-06-18 11:28:18.347176,991.8,169457.0,235245.0
2025-06-18 11:28:19.240697,991.9,169457.0,235245.0
2025-06-18 11:28:19.346797,991.9,170062.0,235100.0
2025-06-18 11:28:20.243399,991.9,170062.0,235100.0
2025-06-18 11:28:20.347570,991.9,170062.0,235217.0
2025-06-18 11:28:21.339928,991.9,170104.0,235149.0
2025-06-18 11:28:22.738539,991.9,170228.0,235149.0
2025-06-18 11:28:23.251521,991.9,170181.0,235254.0
2025-06-18 11:28:24.245200,991.9,170235.0,235106.0
2025-06-18 11:28:25.343408,991.9,170132.0,235206.0
2025-06-18 11:28:26.255986,991.9,170132.0,235206.0
2025-06-18 11:28:26.441675,991.9,170193.0,235102.0
2025-06-18 11:28:27.239903,991.9,170193.0,235102.0
2025-06-18 11:28:27.440569,991.9,170493.0,235000.0
2025-06-18 11:28:28.237616,991.7,170493.0,235000.0
2025-06-18 11:28:28.542596,991.7,170120.0,235031.0
2025-06-18 11:28:29.242551,991.7,170120.0,235031.0
2025-06-18 11:28:29.646490,991.8,169981.0,235664.0
2025-06-18 11:28:30.241151,991.8,169981.0,235664.0
2025-06-18 11:28:30.541237,991.8,169877.0,235664.0
2025-06-18 11:28:31.543516,991.8,169869.0,235664.0
2025-06-18 11:28:32.544141,991.8,169876.0,235664.0
2025-06-18 11:28:33.656284,991.8,169840.0,235641.0
2025-06-18 11:28:34.761823,991.8,169894.0,235598.0
2025-06-18 11:28:35.239247,991.8,169894.0,235598.0
2025-06-18 11:28:36.045720,991.8,169894.0,235621.0
2025-06-18 11:28:36.244888,991.8,169894.0,235621.0
2025-06-18 11:28:37.046831,991.8,169933.0,235394.0
2025-06-18 11:28:38.155649,991.8,169930.0,235396.0
2025-06-18 11:28:39.153153,991.7,169499.0,235467.0
2025-06-18 11:28:39.243579,991.7,169499.0,235467.0
2025-06-18 11:28:40.154056,991.8,169528.0,235553.0
2025-06-18 11:28:40.240562,991.8,169528.0,235553.0
2025-06-18 11:28:41.156656,991.8,169573.0,235553.0
2025-06-18 11:28:42.053014,991.7,169471.0,235552.0
2025-06-18 11:28:42.243484,991.7,169471.0,235552.0
2025-06-18 11:28:43.053640,991.7,169650.0,235645.0
2025-06-18 11:28:44.054618,991.7,169663.0,235654.0
2025-06-18 11:28:45.159985,991.7,169365.0,235435.0
2025-06-18 11:28:46.162642,991.7,170091.0,235583.0
2025-06-18 11:28:47.055395,991.7,170103.0,235617.0
2025-06-18 11:28:47.957084,991.7,170059.0,235617.0
2025-06-18 11:28:48.957751,991.7,170098.0,235583.0
2025-06-18 11:28:49.961472,991.8,170190.0,235437.0
2025-06-18 11:28:50.241253,991.8,170190.0,235437.0
2025-06-18 11:28:50.960419,991.8,170205.0,235462.0
2025-06-18 11:28:51.961295,991.9,170317.0,235314.0
2025-06-18 11:28:52.241306,991.9,170317.0,235314.0
2025-06-18 11:28:52.961634,991.8,170179.0,235733.0
2025-06-18 11:28:53.239637,991.8,170179.0,235733.0
2025-06-18 11:28:53.864725,991.9,170367.0,235383.0
2025-06-18 11:28:54.239109,991.9,170367.0,235383.0
2025-06-18 11:28:54.964484,991.8,169758.0,234505.0
2025-06-18 11:28:55.245137,991.8,169758.0,234505.0
2025-06-18 11:28:56.064808,991.8,169892.0,235867.0
2025-06-18 11:28:57.064728,991.8,169875.0,235867.0
2025-06-18 11:28:58.670675,991.8,169875.0,235676.0
2025-06-18 11:28:59.766260,991.8,169639.0,235776.0
2025-06-18 11:29:00.863465,991.8,169641.0,235790.0
2025-06-18 11:29:03.866382,991.8,169832.0,236369.0
2025-06-18 11:29:08.773232,991.8,170001.0,235999.0
2025-06-18 11:29:09.279564,991.6,170001.0,235999.0
2025-06-18 11:29:11.271331,991.6,170001.0,235999.0
2025-06-18 11:29:13.969801,991.6,167872.0,238021.0
2025-06-18 11:29:17.255961,991.55,167872.0,238021.0
2025-06-18 11:29:19.261398,991.55,167872.0,238021.0
2025-06-18 11:29:19.373968,991.55,167901.0,237551.0
2025-06-18 11:29:21.256123,991.55,167901.0,237551.0
2025-06-18 11:29:23.254986,991.4,167901.0,237551.0
2025-06-18 11:29:24.694618,991.4,167134.0,237554.0
2025-06-18 11:29:27.250953,991.4,167134.0,237554.0
2025-06-18 11:29:29.982233,991.3,166876.0,238830.0
2025-06-18 11:29:31.248475,991.3,166876.0,238830.0
2025-06-18 11:29:35.261759,991.0,166876.0,238830.0
2025-06-18 11:29:35.288270,991.0,166442.0,239222.0
2025-06-18 11:29:37.247518,991.1,166442.0,239222.0
2025-06-18 11:29:40.718665,991.05,166598.0,238957.0
2025-06-18 11:29:41.263257,991.05,166598.0,238957.0
2025-06-18 11:29:43.252282,990.7,166598.0,238957.0
2025-06-18 11:29:45.807054,990.7,163779.0,239415.0
2025-06-18 11:29:51.251653,991.05,163779.0,239415.0
2025-06-18 11:29:59.252775,990.95,163779.0,239415.0
2025-06-18 11:30:00.709975,991.0,165934.0,239684.0
2025-06-18 11:30:01.251106,991.0,165934.0,239684.0
2025-06-18 11:30:05.813296,991.0,165813.0,240521.0
2025-06-18 11:30:07.256586,990.7,165813.0,240521.0
2025-06-18 11:30:11.312918,990.7,164283.0,242258.0
2025-06-18 11:30:13.259456,989.9,164283.0,242258.0
2025-06-18 11:30:16.256817,989.9,164283.0,242258.0
2025-06-18 11:30:16.725440,990.25,158295.0,243156.0
2025-06-18 11:30:19.258319,990.25,158295.0,243156.0
2025-06-18 11:30:22.251815,990.1,158295.0,243156.0
2025-06-18 11:30:27.823663,990.1,159781.0,245111.0
2025-06-18 11:30:28.253247,990.1,159781.0,245111.0
2025-06-18 11:30:31.271219,990.3,159781.0,245111.0
2025-06-18 11:30:32.923492,990.3,160160.0,245069.0
2025-06-18 11:30:35.270777,990.1,160160.0,245069.0
2025-06-18 11:30:38.124658,990.1,160143.0,245187.0
2025-06-18 11:30:42.263518,990.1,160143.0,245187.0
2025-06-18 11:30:43.430361,990.1,164670.0,240676.0
2025-06-18 11:30:44.252225,990.8,164670.0,240676.0
2025-06-18 11:30:45.278711,990.9,164670.0,240676.0
2025-06-18 11:30:47.290549,991.05,164670.0,240676.0
2025-06-18 11:30:48.839123,991.05,166526.0,239369.0
2025-06-18 11:30:50.349281,991.05,166526.0,239369.0
2025-06-18 11:30:51.436717,991.05,166526.0,239369.0
2025-06-18 11:30:52.256946,991.1,166526.0,239369.0
2025-06-18 11:30:52.374218,991.1,166526.0,239369.0
2025-06-18 11:30:53.263244,991.1,166526.0,239369.0
2025-06-18 11:30:53.302567,991.1,166526.0,239369.0
2025-06-18 11:30:53.937994,991.1,166540.0,240229.0
2025-06-18 11:30:54.169789,991.1,166540.0,240229.0
2025-06-18 11:30:55.266208,991.1,166540.0,240229.0
2025-06-18 11:30:55.989132,991.1,166540.0,240229.0
2025-06-18 11:30:56.553381,991.1,166540.0,240229.0
2025-06-18 11:30:57.458096,991.1,166540.0,240229.0
2025-06-18 11:30:58.756849,991.1,166540.0,240229.0
2025-06-18 11:30:59.044468,990.95,165301.0,242251.0
2025-06-18 11:30:59.297315,990.95,165301.0,242251.0
2025-06-18 11:30:59.964621,990.95,165301.0,242251.0
2025-06-18 11:31:00.837212,990.95,165301.0,242251.0
2025-06-18 11:31:01.256283,990.95,165301.0,242251.0
2025-06-18 11:31:01.648728,990.95,165296.0,242094.0
2025-06-18 11:31:02.291339,990.95,165296.0,242094.0
2025-06-18 11:31:02.745888,990.95,165325.0,242162.0
2025-06-18 11:31:03.361295,990.95,165325.0,242162.0
2025-06-18 11:31:03.849065,990.95,166120.0,241518.0
2025-06-18 11:31:04.498697,990.95,166120.0,241518.0
2025-06-18 11:31:04.945201,990.95,166410.0,241792.0
2025-06-18 11:31:05.952092,990.95,166510.0,241747.0
2025-06-18 11:31:05.978700,990.95,166510.0,241747.0
2025-06-18 11:31:07.048266,990.95,166429.0,241773.0
2025-06-18 11:31:08.157127,991.1,167107.0,241662.0
2025-06-18 11:31:08.258740,991.1,167107.0,241662.0
2025-06-18 11:31:09.259836,991.1,167138.0,241689.0
2025-06-18 11:31:10.252381,991.1,167138.0,241689.0
2025-06-18 11:31:10.352609,991.1,167302.0,241188.0
2025-06-18 11:31:11.298985,991.1,167314.0,241289.0
2025-06-18 11:31:12.354677,991.1,167291.0,241109.0
2025-06-18 11:31:13.457146,991.1,167284.0,241262.0
2025-06-18 11:31:14.556580,991.1,167375.0,241153.0
2025-06-18 11:31:15.670429,991.1,167383.0,241262.0
2025-06-18 11:31:16.758459,991.1,167383.0,241074.0
2025-06-18 11:31:17.762604,991.1,167353.0,240676.0
2025-06-18 11:31:18.264774,991.1,167353.0,240676.0
2025-06-18 11:31:18.761142,991.1,167377.0,240687.0
2025-06-18 11:31:19.762768,990.65,165720.0,240670.0
2025-06-18 11:31:20.263266,990.65,165720.0,240670.0
2025-06-18 11:31:20.763416,990.65,165639.0,239830.0
2025-06-18 11:31:21.668094,990.65,166246.0,240683.0
2025-06-18 11:31:22.764741,990.65,166093.0,241454.0
2025-06-18 11:31:23.764093,990.65,166218.0,241602.0
2025-06-18 11:31:24.868917,990.65,166013.0,241742.0
2025-06-18 11:31:25.866319,990.65,165990.0,241742.0
2025-06-18 11:31:26.865629,990.65,166291.0,241742.0
2025-06-18 11:31:27.866478,990.65,166269.0,241742.0
2025-06-18 11:31:29.491650,991.1,165860.0,241550.0
2025-06-18 11:31:30.280828,991.1,165860.0,241550.0
2025-06-18 11:31:30.566765,991.1,165783.0,241687.0
2025-06-18 11:31:31.670391,991.1,165837.0,241687.0
2025-06-18 11:31:32.670246,991.1,165855.0,241687.0
2025-06-18 11:31:33.772400,991.15,165911.0,241756.0
2025-06-18 11:31:34.264332,991.15,165911.0,241756.0
2025-06-18 11:31:34.871910,991.15,166018.0,241780.0
2025-06-18 11:31:35.973868,991.2,166382.0,241587.0
2025-06-18 11:31:36.257509,991.2,166382.0,241587.0
2025-06-18 11:31:37.072512,991.2,166436.0,241518.0
2025-06-18 11:31:38.875309,991.2,166824.0,241358.0
2025-06-18 11:31:40.076697,991.3,167790.0,241468.0
2025-06-18 11:31:40.258319,991.3,167790.0,241468.0
2025-06-18 11:31:41.076459,991.3,167787.0,241417.0
2025-06-18 11:31:41.257163,991.3,167787.0,241417.0
2025-06-18 11:31:42.077169,991.2,166913.0,241370.0
2025-06-18 11:31:42.281541,991.2,166913.0,241370.0
2025-06-18 11:31:42.979276,991.2,167107.0,241477.0
2025-06-18 11:31:43.980799,991.2,167120.0,241476.0
2025-06-18 11:31:44.980894,991.2,167187.0,241429.0
2025-06-18 11:31:45.259384,991.2,167187.0,241429.0
2025-06-18 11:31:46.082204,991.2,166684.0,242241.0
2025-06-18 11:31:46.266613,991.2,166684.0,242241.0
2025-06-18 11:31:47.189706,991.2,166682.0,242175.0
2025-06-18 11:31:48.221994,991.2,166504.0,242175.0
2025-06-18 11:31:49.293757,991.2,166660.0,241918.0
2025-06-18 11:31:50.386266,991.2,166620.0,241961.0
2025-06-18 11:31:51.484953,991.2,166565.0,241982.0
2025-06-18 11:31:52.488947,991.2,166629.0,241958.0
2025-06-18 11:31:53.487414,991.2,166579.0,241956.0
2025-06-18 11:31:55.086829,991.2,166640.0,242066.0
2025-06-18 11:31:56.087656,991.1,166633.0,241992.0
2025-06-18 11:31:56.412484,991.1,166633.0,241992.0
2025-06-18 11:31:57.089320,991.15,167224.0,241542.0
2025-06-18 11:31:57.409965,991.15,167224.0,241542.0
2025-06-18 11:31:58.095412,991.15,165443.0,241606.0
2025-06-18 11:31:59.091505,991.15,165052.0,242345.0
2025-06-18 11:32:00.097841,991.0,164278.0,242403.0
2025-06-18 11:32:00.285723,991.0,164278.0,242403.0
2025-06-18 11:32:05.501104,991.0,164193.0,242964.0
2025-06-18 11:32:06.258382,990.65,164193.0,242964.0
2025-06-18 11:32:10.266314,990.55,164193.0,242964.0
2025-06-18 11:32:11.504225,990.55,159582.0,245129.0
2025-06-18 11:32:15.279517,990.4,159582.0,245129.0
2025-06-18 11:32:17.408706,990.4,159908.0,246471.0
2025-06-18 11:32:21.265226,990.4,159908.0,246471.0
2025-06-18 11:32:22.816251,990.4,160840.0,245833.0
2025-06-18 11:32:24.272654,990.05,160840.0,245833.0
2025-06-18 11:32:28.622427,990.05,159643.0,246777.0
2025-06-18 11:32:30.263719,990.4,159643.0,246777.0
2025-06-18 11:32:33.266561,989.9,159643.0,246777.0
2025-06-18 11:32:34.325096,989.9,161404.0,245771.0
2025-06-18 11:32:39.261862,990.45,161404.0,245771.0
2025-06-18 11:32:40.228464,990.4,161696.0,245325.0
2025-06-18 11:32:42.266196,990.4,161696.0,245325.0
2025-06-18 11:32:45.833414,990.4,161515.0,245267.0
2025-06-18 11:32:48.274760,990.45,161515.0,245267.0
2025-06-18 11:32:51.035683,990.3,163470.0,243697.0
2025-06-18 11:32:51.264978,990.3,163470.0,243697.0
2025-06-18 11:32:56.140907,990.85,163485.0,244718.0
2025-06-18 11:32:57.281634,990.9,163485.0,244718.0
2025-06-18 11:33:00.270025,990.4,163485.0,244718.0
2025-06-18 11:33:01.258299,990.4,163485.0,244718.0
2025-06-18 11:33:02.243838,990.4,159465.0,246556.0
2025-06-18 11:33:03.241737,990.4,159475.0,247171.0
2025-06-18 11:33:04.263449,990.45,159475.0,247171.0
2025-06-18 11:33:04.337473,990.45,159484.0,246966.0
2025-06-18 11:33:05.439918,990.45,159506.0,246899.0
2025-06-18 11:33:06.539294,990.45,159484.0,246900.0
2025-06-18 11:33:07.540349,990.45,159585.0,246802.0
2025-06-18 11:33:08.540708,990.45,159798.0,246793.0
2025-06-18 11:33:09.541599,990.4,159001.0,246922.0
2025-06-18 11:33:10.260365,990.4,159001.0,246922.0
2025-06-18 11:33:10.541071,990.4,159058.0,246940.0
2025-06-18 11:33:11.644946,990.4,159197.0,247137.0
2025-06-18 11:33:12.743283,990.4,159198.0,247078.0
2025-06-18 11:33:13.259767,990.4,159198.0,247078.0
2025-06-18 11:33:13.844441,990.4,160236.0,247089.0
2025-06-18 11:33:14.746023,990.4,159353.0,246704.0
2025-06-18 11:33:15.262225,990.4,159353.0,246704.0
2025-06-18 11:33:15.946581,990.45,161200.0,245000.0
2025-06-18 11:33:16.264552,990.45,161200.0,245000.0
2025-06-18 11:33:17.045851,990.45,160382.0,245339.0
2025-06-18 11:33:18.047368,990.45,160516.0,245339.0
2025-06-18 11:33:19.047281,990.45,160537.0,245340.0
2025-06-18 11:33:19.951060,990.45,160569.0,245287.0
2025-06-18 11:33:20.263608,990.45,160569.0,245287.0
2025-06-18 11:33:21.149930,990.5,161695.0,245105.0
2025-06-18 11:33:21.269895,990.5,161695.0,245105.0
2025-06-18 11:33:22.161817,990.5,161692.0,245150.0
2025-06-18 11:33:23.155822,990.5,161666.0,245147.0
2025-06-18 11:33:24.155563,990.25,161810.0,245146.0
2025-06-18 11:33:24.258997,990.25,161810.0,245146.0
2025-06-18 11:33:25.250451,990.25,160483.0,245884.0
2025-06-18 11:33:26.350106,990.25,160275.0,246243.0
2025-06-18 11:33:27.274139,990.25,160275.0,246243.0
2025-06-18 11:33:27.449289,990.25,157817.0,248813.0
2025-06-18 11:33:28.272676,990.15,157817.0,248813.0
2025-06-18 11:33:28.550978,990.15,158108.0,247434.0
2025-06-18 11:33:29.655582,990.15,158775.0,247884.0
2025-06-18 11:33:30.663397,990.15,158050.0,247989.0
2025-06-18 11:33:31.551336,990.15,158076.0,248014.0
2025-06-18 11:33:32.657025,990.15,158338.0,248406.0
2025-06-18 11:33:33.653850,990.1,157422.0,249026.0
2025-06-18 11:33:34.343650,990.1,157422.0,249026.0
2025-06-18 11:33:34.655068,990.1,157784.0,249855.0
2025-06-18 11:33:35.656798,990.1,157924.0,249303.0
2025-06-18 11:33:36.553156,990.1,157664.0,249001.0
2025-06-18 11:33:37.655352,990.1,157779.0,248923.0
2025-06-18 11:33:38.756934,990.1,157604.0,249717.0
2025-06-18 11:33:39.267088,990.0,157604.0,249717.0
2025-06-18 11:33:39.856021,990.0,157408.0,249622.0
2025-06-18 11:33:40.258185,990.0,157408.0,249622.0
2025-06-18 11:33:40.955841,990.0,157419.0,249494.0
2025-06-18 11:33:42.063201,990.0,157630.0,249346.0
2025-06-18 11:33:42.957906,990.0,157655.0,249294.0
2025-06-18 11:33:43.959730,990.0,157553.0,249356.0
2025-06-18 11:33:44.968242,990.0,157531.0,249158.0
2025-06-18 11:33:45.263406,990.0,157531.0,249158.0
2025-06-18 11:33:46.061171,990.0,157308.0,248995.0
2025-06-18 11:33:47.170243,990.0,157318.0,249125.0
2025-06-18 11:33:48.271095,990.0,157456.0,249124.0
2025-06-18 11:33:49.270192,990.0,157339.0,249305.0
2025-06-18 11:33:50.274633,989.5,157339.0,249305.0
2025-06-18 11:33:50.304499,989.5,159055.0,246683.0
2025-06-18 11:33:51.121677,989.5,159055.0,246683.0
2025-06-18 11:33:51.276505,989.5,159122.0,248515.0
2025-06-18 11:33:52.240981,989.5,159122.0,248515.0
2025-06-18 11:33:52.274542,989.5,158997.0,247463.0
2025-06-18 11:33:53.191948,989.5,158997.0,247463.0
2025-06-18 11:33:53.270034,989.5,158980.0,247463.0
2025-06-18 11:33:54.109436,989.5,158980.0,247463.0
2025-06-18 11:33:54.186505,990.0,159683.0,246794.0
2025-06-18 11:33:54.296781,990.0,159683.0,246794.0
2025-06-18 11:33:54.982316,990.0,159683.0,246794.0
2025-06-18 11:33:55.179501,990.0,159587.0,247363.0
2025-06-18 11:33:55.797073,990.0,159587.0,247363.0
2025-06-18 11:33:56.184169,990.0,159938.0,247275.0
2025-06-18 11:33:56.265737,990.0,159938.0,247275.0
2025-06-18 11:33:56.900820,990.0,159938.0,247275.0
2025-06-18 11:33:57.272246,990.0,160038.0,247141.0
2025-06-18 11:33:57.475495,990.0,160038.0,247141.0
2025-06-18 11:33:58.272366,989.75,160038.0,247141.0
2025-06-18 11:33:58.291551,989.75,159821.0,247182.0
2025-06-18 11:33:58.374279,989.75,159821.0,247182.0
2025-06-18 11:33:59.283255,989.75,159831.0,247212.0
2025-06-18 11:33:59.740991,989.75,159831.0,247212.0
2025-06-18 11:34:00.270187,990.0,159831.0,247212.0
2025-06-18 11:34:00.278257,990.0,159988.0,247580.0
2025-06-18 11:34:00.888058,990.0,159988.0,247580.0
2025-06-18 11:34:01.676187,990.0,159765.0,247580.0
2025-06-18 11:34:01.759155,990.0,159765.0,247580.0
2025-06-18 11:34:02.783030,990.2,159588.0,247579.0
2025-06-18 11:34:03.146893,990.2,159588.0,247579.0
2025-06-18 11:34:03.275286,990.2,159588.0,247579.0
2025-06-18 11:34:03.874974,990.2,159633.0,247578.0
2025-06-18 11:34:04.283896,990.2,159633.0,247578.0
2025-06-18 11:34:04.978178,990.2,159637.0,247570.0
2025-06-18 11:34:05.510318,990.2,159637.0,247570.0
2025-06-18 11:34:05.549768,990.2,159637.0,247570.0
2025-06-18 11:34:05.876108,990.2,159456.0,247570.0
2025-06-18 11:34:06.892808,990.2,159456.0,247570.0
2025-06-18 11:34:06.977942,990.2,158874.0,247770.0
2025-06-18 11:34:08.097794,990.25,158830.0,247416.0
2025-06-18 11:34:08.269571,990.25,158830.0,247416.0
2025-06-18 11:34:09.078775,990.25,158835.0,247416.0
2025-06-18 11:34:10.182752,990.2,159064.0,247317.0
2025-06-18 11:34:10.278190,990.2,159064.0,247317.0
2025-06-18 11:34:11.310330,990.2,159206.0,247232.0
2025-06-18 11:34:12.277825,990.0,159206.0,247232.0
2025-06-18 11:34:12.293121,990.0,159179.0,247232.0
2025-06-18 11:34:13.383673,990.0,159156.0,247232.0
2025-06-18 11:34:14.484211,990.0,159236.0,247232.0
2025-06-18 11:34:15.583390,990.0,159236.0,247232.0
2025-06-18 11:34:16.586195,990.0,159215.0,247253.0
2025-06-18 11:34:17.583891,990.2,159237.0,247011.0
2025-06-18 11:34:18.278815,990.2,159237.0,247011.0
2025-06-18 11:34:18.688921,990.2,159070.0,247017.0
2025-06-18 11:34:19.270516,990.2,159070.0,247017.0
2025-06-18 11:34:19.801738,990.2,159289.0,247112.0
2025-06-18 11:34:20.296523,990.2,159289.0,247112.0
2025-06-18 11:34:20.888602,990.2,159289.0,247135.0
2025-06-18 11:34:21.987122,990.2,159383.0,247135.0
2025-06-18 11:34:22.990572,990.2,158736.0,247265.0
2025-06-18 11:34:23.307487,990.0,158736.0,247265.0
2025-06-18 11:34:24.092271,990.0,157706.0,248372.0
2025-06-18 11:34:24.288830,990.0,157706.0,248372.0
2025-06-18 11:34:25.095045,990.0,158439.0,247733.0
2025-06-18 11:34:26.206523,990.0,158681.0,247889.0
2025-06-18 11:34:27.095341,990.0,159158.0,247394.0
2025-06-18 11:34:28.096148,990.1,159567.0,246948.0
2025-06-18 11:34:28.269223,990.0,159567.0,246948.0
2025-06-18 11:34:29.197407,990.0,158868.0,247453.0
2025-06-18 11:34:29.274412,990.0,158868.0,247453.0
2025-06-18 11:34:30.295959,989.65,158868.0,247453.0
2025-06-18 11:34:30.308403,989.65,158617.0,247885.0
2025-06-18 11:34:31.400819,989.65,158694.0,247159.0
2025-06-18 11:34:33.397016,989.65,158694.0,247190.0
2025-06-18 11:34:34.395560,989.65,158722.0,247190.0
2025-06-18 11:34:35.496434,989.65,158701.0,247190.0
2025-06-18 11:34:38.099078,989.65,158701.0,247157.0
2025-06-18 11:34:38.268831,989.6,158701.0,247157.0
2025-06-18 11:34:39.206092,989.6,158648.0,246475.0
2025-06-18 11:34:40.271230,990.05,158648.0,246475.0
2025-06-18 11:34:40.303316,990.05,159285.0,246439.0
2025-06-18 11:34:41.400298,990.05,159229.0,246439.0
2025-06-18 11:34:42.499195,990.05,159307.0,246415.0
2025-06-18 11:34:43.271158,989.6,159307.0,246415.0
2025-06-18 11:34:44.103421,989.6,158019.0,247342.0
2025-06-18 11:34:44.271511,989.6,158019.0,247342.0
2025-06-18 11:34:45.237041,989.6,158058.0,247490.0
2025-06-18 11:34:46.337201,989.6,158764.0,247197.0
2025-06-18 11:34:47.276956,989.85,158764.0,247197.0
2025-06-18 11:34:47.405426,989.85,159070.0,246579.0
2025-06-18 11:34:48.267935,989.7,159070.0,246579.0
2025-06-18 11:34:48.406743,989.7,158730.0,246112.0
2025-06-18 11:34:49.406117,990.0,159207.0,247056.0
2025-06-18 11:34:50.268892,989.75,159207.0,247056.0
2025-06-18 11:34:50.507032,989.75,162608.0,245756.0
2025-06-18 11:34:51.610402,989.75,162349.0,246729.0
2025-06-18 11:34:52.716570,989.9,161583.0,246748.0
2025-06-18 11:34:53.282378,989.9,161583.0,246748.0
2025-06-18 11:34:53.741855,989.9,161970.0,246498.0
2025-06-18 11:34:54.812011,989.9,161913.0,247233.0
2025-06-18 11:34:55.814860,989.9,161969.0,247326.0
2025-06-18 11:34:56.812948,989.9,161907.0,247359.0
2025-06-18 11:35:00.440567,989.9,162017.0,247372.0
2025-06-18 11:35:00.445377,989.8,162017.0,247372.0
2025-06-18 11:35:00.485125,990.3,162956.0,246661.0
2025-06-18 11:35:00.490424,990.3,162956.0,246661.0
2025-06-18 11:35:00.496130,990.3,162522.0,246090.0
2025-06-18 11:35:00.519510,990.3,162522.0,246090.0
2025-06-18 11:35:01.515758,990.3,162016.0,246801.0
2025-06-18 11:35:05.278898,989.6,162016.0,246801.0
2025-06-18 11:35:09.290714,990.0,162016.0,246801.0
2025-06-18 11:35:11.290236,990.05,162016.0,246801.0
2025-06-18 11:35:13.018446,990.0,161223.0,248738.0
2025-06-18 11:35:13.301109,990.0,161223.0,248738.0
2025-06-18 11:35:17.319757,989.75,161223.0,248738.0
2025-06-18 11:35:18.622526,989.75,161481.0,247320.0
2025-06-18 11:35:19.334401,989.75,161481.0,247320.0
2025-06-18 11:35:21.290365,989.95,161481.0,247320.0
2025-06-18 11:35:24.334894,989.95,161481.0,247320.0
2025-06-18 11:35:24.335320,989.95,163168.0,246842.0
2025-06-18 11:35:27.301698,990.2,163168.0,246842.0
2025-06-18 11:35:30.236612,989.8,162875.0,246188.0
2025-06-18 11:35:31.287046,989.8,162875.0,246188.0
2025-06-18 11:35:33.283330,989.85,162875.0,246188.0
2025-06-18 11:35:35.830457,990.0,163553.0,246044.0
2025-06-18 11:35:36.285422,990.0,163553.0,246044.0
2025-06-18 11:35:39.281312,990.25,163553.0,246044.0
2025-06-18 11:35:41.935449,990.65,165793.0,243744.0
2025-06-18 11:35:42.321574,990.65,165793.0,243744.0
2025-06-18 11:35:45.278556,990.7,165793.0,243744.0
2025-06-18 11:35:47.940673,990.7,164850.0,244346.0
2025-06-18 11:35:48.280149,990.2,164850.0,244346.0
2025-06-18 11:35:51.272942,990.55,164850.0,244346.0
2025-06-18 11:35:53.542471,990.2,163827.0,244785.0
2025-06-18 11:35:54.275910,990.2,163827.0,244785.0
2025-06-18 11:35:57.293635,990.15,163827.0,244785.0
2025-06-18 11:35:59.253278,990.0,162641.0,246114.0
2025-06-18 11:36:00.282732,989.6,162641.0,246114.0
2025-06-18 11:36:01.650244,989.6,162889.0,246755.0
2025-06-18 11:36:02.274364,989.65,162889.0,246755.0
2025-06-18 11:36:02.751361,989.65,162734.0,246889.0
2025-06-18 11:36:03.276261,989.65,162734.0,246889.0
2025-06-18 11:36:03.850437,989.65,162769.0,247056.0
2025-06-18 11:36:04.948987,989.65,162776.0,247165.0
2025-06-18 11:36:06.951121,989.65,162842.0,247030.0
2025-06-18 11:36:07.950167,989.65,162915.0,246627.0
2025-06-18 11:36:09.591442,989.65,162915.0,246627.0
2025-06-18 11:36:09.623790,989.65,162887.0,246668.0
2025-06-18 11:36:10.156767,990.0,163115.0,247011.0
2025-06-18 11:36:10.279735,990.0,163115.0,247011.0
2025-06-18 11:36:11.159301,990.0,162825.0,246982.0
2025-06-18 11:36:12.261504,990.0,162701.0,246959.0
2025-06-18 11:36:13.161042,990.0,162701.0,246959.0
2025-06-18 11:36:14.267001,990.2,162863.0,246690.0
2025-06-18 11:36:14.283309,990.2,162863.0,246690.0
2025-06-18 11:36:15.273525,990.2,162863.0,246690.0
2025-06-18 11:36:15.363384,990.2,162815.0,246746.0
2025-06-18 11:36:16.273852,990.2,162815.0,246746.0
2025-06-18 11:36:16.457324,990.2,162848.0,246664.0
2025-06-18 11:36:17.458730,990.2,162829.0,246623.0
2025-06-18 11:36:18.558309,990.2,162829.0,246845.0
2025-06-18 11:36:19.457382,990.2,162822.0,246783.0
2025-06-18 11:36:20.284506,990.0,162822.0,246783.0
2025-06-18 11:36:20.556870,990.0,162294.0,246632.0
2025-06-18 11:36:21.280195,990.0,162294.0,246632.0
2025-06-18 11:36:21.557427,990.0,162249.0,246654.0
2025-06-18 11:36:22.284500,990.2,162249.0,246654.0
2025-06-18 11:36:22.663181,990.2,162299.0,246651.0
2025-06-18 11:36:23.277205,990.0,162299.0,246651.0
2025-06-18 11:36:23.764988,990.0,162239.0,246674.0
2025-06-18 11:36:24.770040,990.2,164678.0,243033.0
2025-06-18 11:36:25.280361,990.2,164678.0,243033.0
2025-06-18 11:36:25.860118,990.2,164531.0,243372.0
2025-06-18 11:36:26.961258,990.2,164279.0,243416.0
2025-06-18 11:36:28.060453,990.55,164341.0,243291.0
2025-06-18 11:36:28.273945,990.55,164341.0,243291.0
2025-06-18 11:36:29.175229,990.55,164541.0,243293.0
2025-06-18 11:36:30.265866,990.55,165072.0,242651.0
2025-06-18 11:36:30.276732,990.55,165072.0,242651.0
2025-06-18 11:36:31.282232,990.55,165072.0,242651.0
2025-06-18 11:36:31.360237,990.55,165118.0,243322.0
2025-06-18 11:36:32.282281,990.65,165118.0,243322.0
2025-06-18 11:36:32.360436,990.65,165158.0,243203.0
2025-06-18 11:36:33.463203,990.65,165079.0,243124.0
2025-06-18 11:36:34.563554,990.3,163833.0,244346.0
2025-06-18 11:36:35.286489,990.3,163833.0,244346.0
2025-06-18 11:36:35.668602,990.3,163841.0,244272.0
2025-06-18 11:36:36.668106,990.3,164022.0,244272.0
2025-06-18 11:36:37.765117,990.3,163522.0,244272.0
2025-06-18 11:36:38.276261,990.3,163522.0,244272.0
2025-06-18 11:36:38.862605,990.3,164114.0,244210.0
2025-06-18 11:36:39.866052,990.55,163958.0,243579.0
2025-06-18 11:36:40.277745,990.55,163958.0,243579.0
2025-06-18 11:36:40.766648,990.55,164152.0,243733.0
2025-06-18 11:36:41.966495,990.3,162645.0,245128.0
2025-06-18 11:36:42.280297,990.3,162645.0,245128.0
2025-06-18 11:36:43.069784,990.3,163102.0,244751.0
2025-06-18 11:36:44.167573,990.3,163583.0,244170.0
2025-06-18 11:36:45.173614,990.3,163639.0,244800.0
2025-06-18 11:36:46.068867,990.3,163563.0,244806.0
2025-06-18 11:36:46.280102,990.3,163563.0,244806.0
2025-06-18 11:36:47.273291,990.3,163916.0,243095.0
2025-06-18 11:36:48.267181,989.95,163967.0,243758.0
2025-06-18 11:36:48.284213,989.95,163967.0,243758.0
2025-06-18 11:36:49.178376,989.95,163665.0,243809.0
2025-06-18 11:36:50.270208,990.3,163999.0,244393.0
2025-06-18 11:36:50.285177,990.3,163999.0,244393.0
2025-06-18 11:36:51.181242,990.3,164034.0,244364.0
2025-06-18 11:36:51.358697,990.3,164034.0,244364.0
2025-06-18 11:36:52.270387,990.3,164232.0,244163.0
2025-06-18 11:36:52.276418,990.3,164232.0,244163.0
2025-06-18 11:36:52.469004,990.3,164232.0,244163.0
2025-06-18 11:36:53.271269,990.3,164216.0,244225.0
2025-06-18 11:36:53.403338,990.3,164216.0,244225.0
2025-06-18 11:36:54.277451,990.3,164216.0,244225.0
2025-06-18 11:36:54.357130,990.3,164216.0,244225.0
2025-06-18 11:36:54.369561,990.45,163791.0,244658.0
2025-06-18 11:36:55.251440,990.45,163791.0,244658.0
2025-06-18 11:36:55.276938,990.3,163791.0,244658.0
2025-06-18 11:36:55.477033,990.3,163991.0,244345.0
2025-06-18 11:36:56.045147,990.3,163991.0,244345.0
2025-06-18 11:36:56.282169,990.45,163991.0,244345.0
2025-06-18 11:36:56.480617,990.45,163960.0,244270.0
2025-06-18 11:36:57.105633,990.45,163960.0,244270.0
2025-06-18 11:36:57.587899,990.45,164822.0,244253.0
2025-06-18 11:36:57.681757,990.45,164822.0,244253.0
2025-06-18 11:36:58.088533,990.45,164822.0,244253.0
2025-06-18 11:36:58.282124,990.3,164822.0,244253.0
2025-06-18 11:36:58.568510,990.3,164822.0,244253.0
2025-06-18 11:36:58.673873,990.3,164645.0,244266.0
2025-06-18 11:36:58.937293,990.3,164645.0,244266.0
2025-06-18 11:36:59.674839,990.3,164402.0,243985.0
2025-06-18 11:36:59.825202,990.3,164402.0,243985.0
2025-06-18 11:37:00.293782,990.3,164402.0,243985.0
2025-06-18 11:37:00.773519,990.3,164206.0,244269.0
2025-06-18 11:37:01.085373,990.3,164206.0,244269.0
2025-06-18 11:37:03.364645,990.3,164206.0,244269.0
2025-06-18 11:37:04.499422,990.3,164206.0,244269.0
2025-06-18 11:37:04.983712,990.3,164684.0,244192.0
2025-06-18 11:37:05.704341,990.3,164684.0,244192.0
2025-06-18 11:37:07.103920,990.3,164684.0,244192.0
2025-06-18 11:37:07.285417,990.65,164684.0,244192.0
2025-06-18 11:37:09.285190,990.3,164684.0,244192.0
2025-06-18 11:37:10.183322,990.6,165186.0,243938.0
2025-06-18 11:37:12.283287,990.6,165186.0,243938.0
2025-06-18 11:37:15.387784,990.6,164957.0,243832.0
2025-06-18 11:37:19.296423,990.3,164957.0,243832.0
2025-06-18 11:37:20.294917,990.65,165266.0,243560.0
2025-06-18 11:37:22.285998,990.3,165266.0,243560.0
2025-06-18 11:37:23.330849,990.3,165266.0,243560.0
2025-06-18 11:37:25.190183,990.3,165319.0,243404.0
2025-06-18 11:37:27.288560,990.65,165319.0,243404.0
2025-06-18 11:37:29.286918,989.95,165319.0,243404.0
2025-06-18 11:37:30.196563,989.95,164803.0,244497.0
2025-06-18 11:37:33.290583,990.15,164803.0,244497.0
2025-06-18 11:37:35.292388,990.5,164803.0,244497.0
2025-06-18 11:37:35.598636,990.5,166237.0,240880.0
2025-06-18 11:37:37.532089,990.65,166237.0,240880.0
2025-06-18 11:37:40.288027,990.85,166237.0,240880.0
2025-06-18 11:37:41.330338,990.85,166496.0,242350.0
2025-06-18 11:37:46.515689,990.9,167055.0,241838.0
2025-06-18 11:37:47.294554,990.6,167055.0,241838.0
2025-06-18 11:37:49.298105,990.3,167055.0,241838.0
2025-06-18 11:37:52.011002,990.3,165959.0,243324.0
2025-06-18 11:37:54.286687,990.15,165959.0,243324.0
2025-06-18 11:37:57.315820,990.6,169354.0,240128.0
2025-06-18 11:37:58.294018,990.6,169354.0,240128.0
2025-06-18 11:38:01.284824,991.0,169354.0,240128.0
2025-06-18 11:38:01.718128,991.0,168289.0,240220.0
2025-06-18 11:38:02.814208,991.0,168979.0,238291.0
2025-06-18 11:38:03.814115,991.0,168872.0,239187.0
2025-06-18 11:38:04.292157,991.0,168872.0,239187.0
2025-06-18 11:38:04.814218,991.0,168887.0,239827.0
2025-06-18 11:38:05.814995,991.0,168853.0,239944.0
2025-06-18 11:38:08.288386,990.8,168853.0,239944.0
2025-06-18 11:38:08.517791,990.8,168641.0,240151.0
2025-06-18 11:38:09.521981,991.0,168450.0,239947.0
2025-06-18 11:38:10.286575,991.2,168450.0,239947.0
2025-06-18 11:38:10.625220,991.2,168289.0,240679.0
2025-06-18 11:38:11.519803,991.2,168174.0,240604.0
2025-06-18 11:38:12.771486,991.15,168660.0,240377.0
2025-06-18 11:38:13.287533,991.15,168660.0,240377.0
2025-06-18 11:38:13.826052,991.15,168649.0,240387.0
2025-06-18 11:38:14.823827,991.15,168680.0,240474.0
2025-06-18 11:38:16.523074,991.15,168704.0,240443.0
2025-06-18 11:38:17.645061,991.15,168641.0,240431.0
2025-06-18 11:38:18.283581,990.8,168641.0,240431.0
2025-06-18 11:38:18.729914,991.15,168611.0,240344.0
2025-06-18 11:38:19.289356,991.15,168611.0,240344.0
2025-06-18 11:38:19.733970,991.15,167860.0,240364.0
2025-06-18 11:38:20.281674,991.15,167860.0,240364.0
2025-06-18 11:38:20.750710,991.15,168010.0,240408.0
2025-06-18 11:38:21.289959,991.15,168010.0,240408.0
2025-06-18 11:38:21.629882,991.15,168801.0,240553.0
2025-06-18 11:38:22.737331,991.15,168801.0,240515.0
2025-06-18 11:38:23.742162,991.15,169165.0,241168.0
2025-06-18 11:38:24.294708,990.8,169165.0,241168.0
2025-06-18 11:38:24.828995,990.8,168960.0,241315.0
2025-06-18 11:38:25.929174,990.8,168604.0,241377.0
2025-06-18 11:38:26.296129,990.8,168604.0,241377.0
2025-06-18 11:38:26.929099,990.8,168635.0,240736.0
2025-06-18 11:38:27.932013,990.8,169087.0,239782.0
2025-06-18 11:38:28.286504,990.8,169087.0,239782.0
2025-06-18 11:38:29.033717,990.8,169035.0,240267.0
2025-06-18 11:38:30.134451,991.1,168877.0,240061.0
2025-06-18 11:38:30.287054,990.8,168877.0,240061.0
2025-06-18 11:38:31.304186,991.05,167612.0,240236.0
2025-06-18 11:38:31.310915,991.05,167612.0,240236.0
2025-06-18 11:38:32.244366,990.65,168268.0,240062.0
2025-06-18 11:38:32.285525,990.65,168268.0,240062.0
2025-06-18 11:38:33.246430,990.65,168313.0,240804.0
2025-06-18 11:38:34.335047,990.65,167701.0,241358.0
2025-06-18 11:38:35.286331,991.15,167701.0,241358.0
2025-06-18 11:38:35.435967,991.15,168013.0,240315.0
2025-06-18 11:38:36.538612,991.15,167974.0,241069.0
2025-06-18 11:38:37.539878,991.15,168170.0,240402.0
2025-06-18 11:38:38.287250,990.75,168170.0,240402.0
2025-06-18 11:38:38.640610,990.75,168230.0,240357.0
2025-06-18 11:38:39.750457,991.15,168197.0,240282.0
2025-06-18 11:38:40.330459,991.15,168197.0,240282.0
2025-06-18 11:38:40.763950,991.15,168202.0,240271.0
2025-06-18 11:38:41.844230,991.15,168202.0,240271.0
2025-06-18 11:38:42.841150,991.15,168202.0,240241.0
2025-06-18 11:38:43.288427,990.75,168202.0,240241.0
2025-06-18 11:38:43.842645,990.75,167948.0,240252.0
2025-06-18 11:38:44.287168,991.15,167948.0,240252.0
2025-06-18 11:38:44.943171,991.15,168571.0,240140.0
2025-06-18 11:38:46.043139,991.15,169736.0,240074.0
2025-06-18 11:38:46.291205,991.15,169736.0,240074.0
2025-06-18 11:38:47.149226,991.15,172886.0,237453.0
2025-06-18 11:38:48.144316,991.15,172746.0,237600.0
2025-06-18 11:38:49.273635,991.8,172621.0,237725.0
2025-06-18 11:38:49.295532,991.8,172621.0,237725.0
2025-06-18 11:38:50.286375,991.8,172621.0,237725.0
2025-06-18 11:38:50.344309,991.8,173075.0,237619.0
2025-06-18 11:38:51.443454,991.8,173052.0,237667.0
2025-06-18 11:38:52.290870,991.8,173052.0,237667.0
2025-06-18 11:38:52.548050,991.8,172652.0,237512.0
2025-06-18 11:38:53.286675,991.4,172652.0,237512.0
2025-06-18 11:38:53.650557,991.8,172293.0,237301.0
2025-06-18 11:38:54.290948,991.8,172293.0,237301.0
2025-06-18 11:38:54.771569,991.8,172300.0,237301.0
2025-06-18 11:38:55.850776,991.8,172302.0,237404.0
2025-06-18 11:38:57.516325,991.8,172283.0,237348.0
2025-06-18 11:38:57.953584,991.8,172185.0,237348.0
2025-06-18 11:38:58.292371,991.4,172185.0,237348.0
2025-06-18 11:38:59.053381,991.4,172182.0,237374.0
2025-06-18 11:39:00.160901,991.8,172196.0,237332.0
2025-06-18 11:39:00.286381,991.8,172196.0,237332.0
2025-06-18 11:39:02.303560,991.8,172196.0,237332.0
2025-06-18 11:39:05.303242,992.0,172196.0,237332.0
2025-06-18 11:39:05.794005,992.0,174654.0,231920.0
2025-06-18 11:39:07.287703,992.4,174654.0,231920.0
2025-06-18 11:39:09.295172,992.4,174654.0,231920.0
2025-06-18 11:39:11.467881,992.1,174507.0,232629.0
2025-06-18 11:39:13.295195,992.1,174507.0,232629.0
2025-06-18 11:39:14.297226,992.45,174507.0,232629.0
2025-06-18 11:39:17.525294,992.45,174342.0,233276.0
2025-06-18 11:39:18.299664,992.0,174342.0,233276.0
2025-06-18 11:39:21.293674,992.1,174342.0,233276.0
2025-06-18 11:39:22.571293,992.1,174185.0,233453.0
2025-06-18 11:39:24.306641,991.75,174185.0,233453.0
2025-06-18 11:39:27.294631,992.15,174185.0,233453.0
2025-06-18 11:39:27.786401,992.25,174334.0,233874.0
2025-06-18 11:39:28.302336,992.25,174334.0,233874.0
2025-06-18 11:39:30.296771,992.25,174334.0,233874.0
2025-06-18 11:39:32.877012,992.25,173731.0,234057.0
2025-06-18 11:39:35.296347,991.75,173731.0,234057.0
2025-06-18 11:39:36.300027,992.15,173731.0,234057.0
2025-06-18 11:39:38.295786,991.85,173731.0,234057.0
2025-06-18 11:39:38.380427,991.85,174896.0,233794.0
2025-06-18 11:39:40.295762,992.25,174896.0,233794.0
2025-06-18 11:39:43.483800,991.9,175194.0,232817.0
2025-06-18 11:39:44.306881,991.9,175194.0,232817.0
2025-06-18 11:39:46.298411,992.25,175194.0,232817.0
2025-06-18 11:39:48.296209,991.95,175194.0,232817.0
2025-06-18 11:39:48.685956,991.95,175213.0,232722.0
2025-06-18 11:39:50.304270,992.25,175213.0,232722.0
2025-06-18 11:39:51.777934,992.25,175213.0,232722.0
2025-06-18 11:39:52.303881,992.05,175213.0,232722.0
2025-06-18 11:39:53.302669,992.05,175213.0,232722.0
2025-06-18 11:39:54.190002,992.35,174760.0,232234.0
2025-06-18 11:39:54.234007,992.35,174760.0,232234.0
2025-06-18 11:39:55.195944,992.35,174760.0,232234.0
2025-06-18 11:39:55.292868,992.35,174760.0,232234.0
2025-06-18 11:39:56.057487,992.35,174760.0,232234.0
2025-06-18 11:39:57.941730,992.35,174760.0,232234.0
2025-06-18 11:39:58.298649,992.0,174760.0,232234.0
2025-06-18 11:39:58.513626,992.0,174760.0,232234.0
2025-06-18 11:39:59.413576,992.0,174760.0,232234.0
2025-06-18 11:39:59.592071,992.45,176119.0,231734.0
2025-06-18 11:39:59.784465,992.45,176119.0,231734.0
2025-06-18 11:40:00.299258,992.0,176119.0,231734.0
2025-06-18 11:40:00.678443,992.0,176119.0,231734.0
2025-06-18 11:40:01.937042,992.0,176119.0,231734.0
2025-06-18 11:40:02.303155,992.45,176119.0,231734.0
2025-06-18 11:40:02.805759,992.45,176119.0,231734.0
2025-06-18 11:40:04.208893,992.45,176119.0,231734.0
2025-06-18 11:40:04.303512,992.0,176119.0,231734.0
2025-06-18 11:40:04.599692,992.0,176028.0,231827.0
2025-06-18 11:40:05.354397,992.0,176028.0,231827.0
2025-06-18 11:40:06.487946,992.0,176028.0,231827.0
2025-06-18 11:40:07.994354,992.0,176028.0,231827.0
2025-06-18 11:40:08.299809,992.0,176028.0,231827.0
2025-06-18 11:40:09.799408,992.45,175754.0,233334.0
2025-06-18 11:40:10.302295,992.45,175754.0,233334.0
2025-06-18 11:40:14.304570,992.4,175754.0,233334.0
2025-06-18 11:40:14.699686,992.4,175540.0,233359.0
2025-06-18 11:40:16.306522,992.4,175540.0,233359.0
2025-06-18 11:40:18.302913,992.0,175540.0,233359.0
2025-06-18 11:40:20.105374,992.45,175818.0,233012.0
2025-06-18 11:40:20.304602,992.45,175818.0,233012.0
2025-06-18 11:40:22.302834,992.45,175818.0,233012.0
2025-06-18 11:40:24.308631,992.0,175818.0,233012.0
2025-06-18 11:40:25.507894,992.0,173226.0,233210.0
2025-06-18 11:40:27.297797,992.25,173226.0,233210.0
2025-06-18 11:40:28.303208,992.0,173226.0,233210.0
2025-06-18 11:40:30.332972,992.25,173226.0,233210.0
2025-06-18 11:40:31.217170,992.25,174087.0,234148.0
2025-06-18 11:40:32.341882,992.25,174087.0,234148.0
2025-06-18 11:40:34.333219,992.0,174087.0,234148.0
2025-06-18 11:40:36.303236,992.0,174087.0,234148.0
2025-06-18 11:40:36.620955,992.0,175474.0,232348.0
2025-06-18 11:40:38.303611,992.0,175474.0,232348.0
2025-06-18 11:40:40.314651,992.25,175474.0,232348.0
2025-06-18 11:40:41.929261,992.25,175356.0,233059.0
2025-06-18 11:40:45.298697,992.5,175356.0,233059.0
2025-06-18 11:40:46.304501,992.25,175356.0,233059.0
2025-06-18 11:40:47.424357,992.25,174632.0,232848.0
2025-06-18 11:40:48.319561,992.25,174632.0,232848.0
2025-06-18 11:40:50.328374,992.25,174632.0,232848.0
2025-06-18 11:40:52.526872,992.25,173918.0,233439.0
2025-06-18 11:40:55.298237,992.0,173918.0,233439.0
2025-06-18 11:40:57.302607,992.0,173918.0,233439.0
2025-06-18 11:40:58.032327,992.0,174525.0,233543.0
2025-06-18 11:40:58.305549,992.0,174525.0,233543.0
2025-06-18 11:41:00.304014,992.15,174525.0,233543.0
2025-06-18 11:41:01.538654,992.15,174115.0,234490.0
2025-06-18 11:41:02.635083,992.15,174168.0,233162.0
2025-06-18 11:41:03.300107,992.15,174168.0,233162.0
2025-06-18 11:41:03.634672,992.15,173977.0,233692.0
2025-06-18 11:41:04.635024,992.15,174158.0,234397.0
2025-06-18 11:41:05.740370,992.15,174158.0,234427.0
2025-06-18 11:41:06.835776,992.15,174210.0,234390.0
2025-06-18 11:41:07.935942,992.15,174128.0,234311.0
2025-06-18 11:41:08.301811,992.15,174128.0,234311.0
2025-06-18 11:41:09.039506,992.15,174142.0,234281.0
2025-06-18 11:41:09.298811,992.15,174142.0,234281.0
2025-06-18 11:41:10.137492,992.15,174035.0,234005.0
2025-06-18 11:41:11.139472,992.15,173767.0,234603.0
2025-06-18 11:41:11.306574,992.15,173767.0,234603.0
2025-06-18 11:41:12.169625,992.15,173809.0,234634.0
2025-06-18 11:41:13.138030,992.15,173776.0,234634.0
2025-06-18 11:41:13.300331,992.0,173776.0,234634.0
2025-06-18 11:41:14.137397,992.0,174052.0,234638.0
2025-06-18 11:41:15.141260,992.0,174045.0,234634.0
2025-06-18 11:41:16.251221,992.0,174016.0,234578.0
2025-06-18 11:41:17.339675,992.0,174134.0,234608.0
2025-06-18 11:41:18.305919,992.0,174134.0,234608.0
2025-06-18 11:41:18.441620,992.0,174199.0,234767.0
2025-06-18 11:41:19.440819,991.8,174011.0,234041.0
2025-06-18 11:41:20.300244,991.8,174011.0,234041.0
2025-06-18 11:41:20.543947,991.8,174289.0,234146.0
2025-06-18 11:41:21.303833,991.85,174289.0,234146.0
2025-06-18 11:41:21.542897,991.85,174459.0,234829.0
2025-06-18 11:41:22.670822,991.85,174489.0,234722.0
2025-06-18 11:41:23.298167,991.8,174489.0,234722.0
2025-06-18 11:41:23.777302,991.8,174614.0,234747.0
2025-06-18 11:41:24.300905,991.8,174614.0,234747.0
2025-06-18 11:41:24.781343,991.8,174602.0,234744.0
2025-06-18 11:41:25.776584,991.8,174602.0,234747.0
2025-06-18 11:41:27.656951,991.8,174602.0,234747.0
2025-06-18 11:41:28.298553,991.8,174602.0,234747.0
2025-06-18 11:41:28.780896,991.8,174730.0,234770.0
2025-06-18 11:41:29.852981,992.2,174078.0,234327.0
2025-06-18 11:41:30.298054,992.2,174078.0,234327.0
2025-06-18 11:41:30.853542,992.2,174993.0,234229.0
2025-06-18 11:41:31.761195,992.2,175226.0,234063.0
2025-06-18 11:41:32.298641,992.25,175226.0,234063.0
2025-06-18 11:41:32.763283,992.25,176034.0,231015.0
2025-06-18 11:41:33.303709,992.05,176034.0,231015.0
2025-06-18 11:41:33.850803,992.05,174490.0,232291.0
2025-06-18 11:41:34.851539,992.05,174502.0,232292.0
2025-06-18 11:41:35.852203,992.05,174519.0,232203.0
2025-06-18 11:41:36.763375,992.05,174471.0,232177.0
2025-06-18 11:41:37.771060,992.1,174453.0,232250.0
2025-06-18 11:41:38.297599,992.1,174453.0,232250.0
2025-06-18 11:41:38.766939,992.1,174479.0,232253.0
2025-06-18 11:41:39.856828,992.25,176101.0,231700.0
2025-06-18 11:41:40.306382,992.25,176101.0,231700.0
2025-06-18 11:41:40.859501,992.25,176062.0,231970.0
2025-06-18 11:41:41.958593,992.25,175851.0,231988.0
2025-06-18 11:41:43.061472,992.25,175892.0,232192.0
2025-06-18 11:41:44.167579,992.25,176051.0,232129.0
2025-06-18 11:41:45.297965,992.4,176051.0,232129.0
2025-06-18 11:41:45.559472,992.4,176141.0,232013.0
2025-06-18 11:41:46.304397,992.15,176141.0,232013.0
2025-06-18 11:41:46.560405,992.25,175501.0,232527.0
2025-06-18 11:41:47.301873,992.25,175501.0,232527.0
2025-06-18 11:41:47.560070,992.25,175638.0,232552.0
2025-06-18 11:41:48.560688,992.25,175698.0,232550.0
2025-06-18 11:41:49.671030,992.25,175630.0,232579.0
2025-06-18 11:41:50.775327,992.25,175630.0,232592.0
2025-06-18 11:41:51.774425,992.25,175539.0,232592.0
2025-06-18 11:41:52.679821,992.25,175579.0,232720.0
2025-06-18 11:41:53.305918,992.25,175579.0,232720.0
2025-06-18 11:41:53.679347,992.2,175085.0,233122.0
2025-06-18 11:41:54.306188,992.2,175085.0,233122.0
2025-06-18 11:41:54.776071,992.2,175217.0,233680.0
2025-06-18 11:41:55.868764,992.2,175243.0,233680.0
2025-06-18 11:41:56.968515,992.2,175280.0,233260.0
2025-06-18 11:41:57.970424,992.2,175186.0,233220.0
2025-06-18 11:41:58.303375,992.0,175186.0,233220.0
2025-06-18 11:41:58.970359,992.0,175187.0,233217.0
2025-06-18 11:41:59.971517,992.2,175270.0,233236.0
2025-06-18 11:42:00.305983,992.2,175270.0,233236.0
2025-06-18 11:42:04.975978,992.05,175495.0,233477.0
2025-06-18 11:42:06.351220,992.05,175495.0,233477.0
2025-06-18 11:42:08.312630,992.05,175495.0,233477.0
2025-06-18 11:42:10.455300,992.05,175431.0,233725.0
2025-06-18 11:42:10.462455,992.05,175431.0,233725.0
2025-06-18 11:42:14.313839,992.05,175431.0,233725.0
2025-06-18 11:42:15.185952,992.05,175134.0,233940.0
2025-06-18 11:42:18.339613,992.05,175134.0,233940.0
2025-06-18 11:42:20.299487,992.4,175371.0,233698.0
2025-06-18 11:42:20.326602,992.4,175371.0,233698.0
2025-06-18 11:42:24.330236,992.05,175371.0,233698.0
2025-06-18 11:42:25.491681,992.05,175670.0,233810.0
2025-06-18 11:42:28.372913,992.05,175670.0,233810.0
2025-06-18 11:42:30.341495,992.45,175670.0,233810.0
2025-06-18 11:42:30.693247,992.45,175620.0,233876.0
2025-06-18 11:42:32.321710,992.05,175620.0,233876.0
2025-06-18 11:42:34.322245,992.05,175620.0,233876.0
2025-06-18 11:42:35.601133,992.05,175338.0,233290.0
2025-06-18 11:42:38.340050,992.05,175338.0,233290.0
2025-06-18 11:42:40.323716,992.4,175338.0,233290.0
2025-06-18 11:42:41.103851,992.4,175514.0,233511.0
2025-06-18 11:42:45.314147,992.05,175514.0,233511.0
2025-06-18 11:42:48.318602,992.05,175514.0,233511.0
2025-06-18 11:42:50.320790,992.35,175514.0,233511.0
2025-06-18 11:42:52.484908,992.35,175514.0,233511.0
2025-06-18 11:42:53.348458,992.35,175514.0,233511.0
2025-06-18 11:42:54.564429,992.4,175514.0,233511.0
2025-06-18 11:42:54.572583,992.4,175514.0,233511.0
2025-06-18 11:42:55.521238,992.4,175514.0,233511.0
2025-06-18 11:42:56.353379,992.4,175514.0,233511.0
2025-06-18 11:42:56.398905,992.4,175514.0,233511.0
2025-06-18 11:42:57.227463,992.4,175514.0,233511.0
2025-06-18 11:42:57.615573,992.4,175590.0,234718.0
2025-06-18 11:42:58.311352,992.4,175590.0,234718.0
2025-06-18 11:42:58.340615,992.05,175590.0,234718.0
2025-06-18 11:42:58.882401,992.05,175590.0,234718.0
2025-06-18 11:42:59.303385,992.05,175590.0,234718.0
2025-06-18 11:43:00.163895,992.05,175590.0,234718.0
2025-06-18 11:43:00.318661,992.4,175590.0,234718.0
2025-06-18 11:43:01.046292,992.4,175590.0,234718.0
2025-06-18 11:43:02.332412,992.4,175590.0,234718.0
2025-06-18 11:43:02.617912,992.4,175429.0,234256.0
2025-06-18 11:43:03.173996,992.4,175429.0,234256.0
2025-06-18 11:43:04.339988,992.4,175429.0,234256.0
2025-06-18 11:43:04.584178,992.4,175429.0,234256.0
2025-06-18 11:43:05.771777,992.4,175429.0,234256.0
2025-06-18 11:43:06.875915,992.4,175429.0,234256.0
2025-06-18 11:43:07.820485,992.4,175564.0,234711.0
2025-06-18 11:43:08.408698,992.05,175564.0,234711.0
2025-06-18 11:43:08.449801,992.05,175564.0,234711.0
2025-06-18 11:43:10.342832,992.4,175564.0,234711.0
2025-06-18 11:43:12.359991,992.4,175564.0,234711.0
2025-06-18 11:43:13.022357,992.4,175356.0,234931.0
2025-06-18 11:43:14.362734,992.05,175356.0,234931.0
2025-06-18 11:43:16.330590,992.0,175356.0,234931.0
2025-06-18 11:43:18.363913,991.5,175356.0,234931.0
2025-06-18 11:43:18.724901,991.5,173388.0,236060.0
2025-06-18 11:43:22.323166,991.5,173388.0,236060.0
2025-06-18 11:43:23.925522,991.5,172895.0,235826.0
2025-06-18 11:43:24.351180,991.5,172895.0,235826.0
2025-06-18 11:43:26.348948,991.9,172895.0,235826.0
2025-06-18 11:43:28.372088,991.6,172895.0,235826.0
2025-06-18 11:43:28.930011,991.6,173612.0,236153.0
2025-06-18 11:43:30.356012,991.9,173612.0,236153.0
2025-06-18 11:43:34.356027,991.9,174504.0,234941.0
2025-06-18 11:43:36.332260,992.25,174504.0,234941.0
2025-06-18 11:43:38.356395,991.9,174504.0,234941.0
2025-06-18 11:43:39.563014,992.15,173691.0,236403.0
2025-06-18 11:43:40.498586,992.15,173691.0,236403.0
2025-06-18 11:43:42.878427,991.9,173691.0,236403.0
2025-06-18 11:43:44.390804,991.9,173691.0,236403.0
2025-06-18 11:43:45.045275,991.9,172114.0,235632.0
2025-06-18 11:43:46.552748,991.95,172114.0,235632.0
2025-06-18 11:43:49.929354,992.1,172114.0,235632.0
2025-06-18 11:43:50.321446,992.05,172114.0,235632.0
2025-06-18 11:43:50.546839,992.05,173878.0,236866.0
2025-06-18 11:43:54.316952,991.85,173878.0,236866.0
2025-06-18 11:43:55.852782,992.1,176291.0,234355.0
2025-06-18 11:43:56.313595,992.1,176291.0,234355.0
2025-06-18 11:43:58.346004,991.85,176291.0,234355.0
2025-06-18 11:44:00.314672,992.25,176291.0,234355.0
2025-06-18 11:44:00.955691,992.25,174892.0,235443.0
2025-06-18 11:44:02.163859,992.25,174896.0,234870.0
2025-06-18 11:44:03.854911,992.25,175047.0,234873.0
2025-06-18 11:44:04.313687,992.25,175047.0,234873.0
2025-06-18 11:44:04.856972,992.25,175845.0,235125.0
2025-06-18 11:44:05.860831,992.25,175857.0,235080.0
2025-06-18 11:44:06.865708,992.25,175857.0,234405.0
2025-06-18 11:44:08.280608,991.95,175852.0,234151.0
2025-06-18 11:44:08.311317,991.95,175852.0,234151.0
2025-06-18 11:44:09.369682,991.95,175875.0,234358.0
2025-06-18 11:44:10.311197,992.25,175875.0,234358.0
2025-06-18 11:44:10.463548,992.25,175845.0,234784.0
2025-06-18 11:44:11.307574,992.25,175845.0,234784.0
2025-06-18 11:44:11.462446,992.25,174890.0,235404.0
2025-06-18 11:44:12.313598,992.3,174890.0,235404.0
2025-06-18 11:44:12.666518,992.3,175567.0,234808.0
2025-06-18 11:44:13.308354,992.3,175567.0,234808.0
2025-06-18 11:44:13.666052,992.3,175781.0,234958.0
2025-06-18 11:44:15.178855,992.3,175826.0,234930.0
2025-06-18 11:44:15.669937,992.3,175862.0,234951.0
2025-06-18 11:44:16.669734,992.3,173402.0,234952.0
2025-06-18 11:44:17.674747,992.3,173397.0,234952.0
2025-06-18 11:44:18.317689,991.95,173397.0,234952.0
2025-06-18 11:44:18.675443,991.95,173406.0,234952.0
2025-06-18 11:44:19.677291,991.9,172123.0,235654.0
2025-06-18 11:44:20.312575,991.9,172123.0,235654.0
2025-06-18 11:44:20.680986,991.9,172124.0,235687.0
2025-06-18 11:44:21.786433,991.9,172265.0,235425.0
2025-06-18 11:44:23.381167,991.9,172317.0,235814.0
2025-06-18 11:44:24.378214,991.9,172317.0,235814.0
2025-06-18 11:44:25.340654,991.95,172317.0,235814.0
2025-06-18 11:44:25.379334,991.95,172344.0,235784.0
2025-06-18 11:44:26.374689,991.95,172356.0,235407.0
2025-06-18 11:44:27.284595,991.95,172398.0,235547.0
2025-06-18 11:44:28.310130,991.95,172398.0,235547.0
2025-06-18 11:44:28.376381,991.95,172606.0,235969.0
2025-06-18 11:44:29.307838,992.2,172606.0,235969.0
2025-06-18 11:44:29.477755,992.2,173253.0,234855.0
2025-06-18 11:44:30.311010,992.4,173253.0,234855.0
2025-06-18 11:44:30.577451,992.4,173192.0,235075.0
2025-06-18 11:44:31.677468,992.4,173594.0,235104.0
2025-06-18 11:44:32.787095,992.4,173917.0,234900.0
2025-06-18 11:44:33.789135,992.4,174028.0,234039.0
2025-06-18 11:44:34.977914,992.2,173450.0,234587.0
2025-06-18 11:44:35.310498,992.2,173450.0,234587.0
2025-06-18 11:44:35.978899,992.2,173842.0,234868.0
2025-06-18 11:44:37.080590,992.4,174363.0,234070.0
2025-06-18 11:44:37.314261,992.4,174363.0,234070.0
2025-06-18 11:44:38.081375,992.4,174270.0,233608.0
2025-06-18 11:44:39.187165,992.5,174012.0,234303.0
2025-06-18 11:44:39.315907,992.5,174012.0,234303.0
2025-06-18 11:44:40.290608,992.2,173928.0,235024.0
